2427 3872
433 245 499 271 TUR

149 289 308 322 sapientium
338 288 494 321 perhibebat
513 288 690 315 testimonium
710 287 791 312 omni-

146 334 279 367 potentiae
300 333 403 359 Domini
424 333 457 359 Vl
479 333 530 358 415
549 333 583 358 23
603 346 638 351 -
657 339 687 358 ex
706 332 791 357 diver-

145 378 182 404 sis
206 378 293 404 causis
318 377 512 403 concurrebant
531 377 565 403 ad
585 376 717 403 Christum
747 376 790 401 Vll

147 423 198 449 298
219 422 253 448 64
272 436 307 442 -
326 421 577 455 appropinquabant
596 421 629 447 ad
650 421 735 446 lesum
750 420 791 445 tri-

145 467 207 499 plici
226 466 260 492 de
279 473 357 493 causa
377 467 429 492 310
450 467 467 492 2
491 480 527 486 -
551 465 732 499 sequebantur
757 465 791 490 le-

146 518 206 538 sum
231 514 356 545 tanquam
383 518 449 537 oves
474 514 622 543 pastorem,
642 509 733 542 populi
753 516 792 535 re-

147 563 224 588 gem,
242 559 268 582 et
286 556 407 588 discipuli
427 556 563 581 doctorem
583 554 635 580 375
655 554 683 580 5t

200 615 235 620 —
254 603 359 626 secutae
377 603 438 626 sunt
457 599 599 625 Dominum
620 601 729 630 propter
748 598 790 623 de-

148 645 282 671 votionem
299 645 332 670 Vl
343 644 396 670 319
407 645 422 669 6
437 658 472 663 —
482 642 643 676 sequebatur
656 642 789 668 Christum

147 697 179 716 ex
198 690 371 715 admiratione
391 689 433 714 Vtt
448 688 500 713 573
514 688 543 713 31
562 701 597 706 -
610 689 717 713 50011130
731 689 791 712 sunt

147 734 280 761 Christum
300 740 348 766 per
366 732 443 765 plana
458 731 642 757 mandatorum
658 731 691 756 Vl
707 731 757 757 583
774 731 783 756 1

146 793 183 799 -
200 778 359 804 comitantur
378 776 521 803 Dominum
535 779 561 801 et
573 775 717 807 discipulos
733 775 791 801 eius

148 823 192 849 Vll
213 822 263 848 170
277 822 305 848 21
321 835 356 841 --
369 822 404 847 Ex
416 821 514 846 amoris
527 821 620 846 affectu
640 827 733 846 omnes
747 827 791 845 vo-

147 867 235 893 lebant
254 866 406 898 contingere
426 867 511 891 lesum
534 865 586 890 210
605 864 639 890 77
660 878 693 883 —
713 871 791 897 quae-

148 911 241 940 rebant
260 914 368 942 tangere
397 909 528 936 Christum
549 917 579 935 ex
599 909 651 935 fide
669 912 695 935 et
713 909 791 935 devo-

149 956 219 982 tione
239 955 289 981 147
311 955 353 981 46.
374 955 424 980 189
445 954 460 980 3

202 1014 237 1019 --
257 999 389 1025 habebant
401 999 532 1025 Christum
546 998 614 1024 sicut
627 1005 720 1024 verum
735 999 792 1024 Pro-

149 1046 256 1077 phetam
278 1044 321 1069 Vtt
342 1043 393 1069 542
413 1043 430 1068 7
448 1057 484 1062 -
504 1043 584 1075 Signa
608 1042 702 1069 Christi
723 1050 793 1068 corn-

148 1088 278 1122 pellebant
296 1087 401 1113 turbam
421 1088 455 1114 ad
481 1088 661 1118 credendum,
679 1088 714 1113 ad
733 1085 792 1113 con-

148 1134 291 1164 fitendum,
317 1133 351 1159 ad
376 1133 542 1166 sequendum
573 1133 604 1158 Vl
633 1133 685 1158 595
706 1140 732 1158 ν.
760 1133 792 1158 17

149 1193 183 1197 -
214 1177 392 1204 movebantur
420 1177 454 1203 ad
478 1178 564 1209 signa,
594 1180 622 1203 ut
640 1177 792 1209 crederent,

149 1222 281 1249 Christum
301 1229 359 1248 esse
378 1228 469 1254 regem
491 1222 652 1254 promissum
677 1222 704 1247 in
723 1222 793 1254 Lege

150 1267 194 1293 Vll
224 1267 275 1293 492
300 1266 334 1293 55
362 1281 397 1285 —
423 1265 583 1292 benedicunt
607 1266 739 1293 Christum
768 1270 794 1292 et

149 1311 256 1337 laudant
283 1318 345 1337 eum
371 1314 497 1344 tanquam
523 1318 614 1343 regem
643 1318 674 1337 ex
693 1311 793 1337 semine

148 1356 234 1382 David
253 1356 400 1382 secundum
420 1363 526 1382 carnem
547 1359 637 1388 natum
653 1355 703 1382 493
724 1356 757 1381 56

203 1414 239 1418 —
257 1400 383 1426 volebant
410 1401 503 1426 videre
532 1400 656 1426 miracula
682 1407 734 1426 non
763 1407 793 1426 ex

147 1445 204 1470 zelo
225 1445 299 1476 fidei,
318 1445 366 1470 sed
394 1452 424 1471 ex
453 1445 514 1470 dolo
537 1447 563 1470 et
590 1445 741 1470 curiositate
769 1447 794 1470 et

150 1489 326 1516 fraudulentia
356 1490 397 1515 Vll
424 1490 475 1515 298
495 1489 528 1515 64
548 1504 584 1508 —
602 1490 698 1516 dicitur
717 1496 794 1521 gene-

151 1534 217 1559 ratio
237 1540 351 1567 nequam
371 1538 397 1559 et
415 1534 534 1559 adultera
559 1537 668 1566 propter
688 1535 795 1560 infideli-

151 1581 230 1605 tatem
243 1581 269 1604 et
287 1578 461 1604 idololatriam
480 1577 543 1604 ibid.
557 1592 592 1598 --
604 1579 703 1605 alienae
721 1582 796 1605 erant

150 1629 166 1649 a
186 1623 296 1649 veritate
314 1626 340 1649 et
358 1622 420 1649 fidei
439 1622 616 1649 uniformitate
635 1624 686 1649 226
707 1624 741 1649 32

205 1891 294 1916 11113111
315 1904 350 1910 --
369 1894 454 1917 cessat
466 1898 514 1923 per
533 1891 618 1917 lucem
638 1892 681 1917 vti
696 1891 748 1917 545
761 1892 794 1917 22

151 1949 185 1954 --
204 1934 318 1961 Umbrae
337 1935 496 1961 assimilatur
521 1936 633 1961 exterior
661 1936 793 1962 simulatio

150 1980 183 2006 Vl
205 1980 255 2005 120
275 1977 302 2005 xi.
316 1980 331 2006 5
347 1994 379 1999 —
392 1987 462 2013 quae
476 1980 588 2012 pertinet
604 1980 639 2006 ad
652 1981 737 2013 legem
753 1988 794 2006 ve-

150 2026 248 2055 terem,
261 2024 358 2050 claudit
371 2024 509 2051 veritatem
522 2024 573 2051 sub
587 2025 679 2057 figuris
693 2025 745 2050 299
759 2025 793 2050 65

203 2069 297 2095 Uncrio
317 2083 350 2088 -
370 2069 449 2102 Apud
468 2069 601 2095 Hebraeos
614 2073 670 2095 erat
683 2070 792 2101 signum

150 2113 261 2139 laetitiae
280 2116 305 2139 et
323 2114 501 2140 exsultationis
522 2115 563 2140 Vtt
589 2115 636 2139 188
650 2114 684 2140 77
700 2129 734 2132 -
747 2115 795 2140 So-

152 2158 205 2184 lent
224 2158 285 2190 ungi
306 2158 401 2184 infirmi
421 2159 454 2185 ad
480 2159 617 2185 sanitatem
638 2162 663 2184 et
681 2166 795 2191 sponsae

151 2202 185 2228 ad
204 2203 328 2229 decorem
349 2204 380 2229 Vl
401 2204 453 2229 619
483 2205 498 2230 2
517 2218 553 2223 -
573 2205 600 2230 111
619 2204 701 2229 veteri
722 2206 796 2229 testa-

153 2250 240 2272 mento
260 2251 312 2273 tres
331 2255 461 2280 personae
486 2251 683 2275 consueverunt
701 2248 794 2281 inungi

153 2291 195 2317 Vll
218 2292 271 2317 227
291 2292 325 2318 34
664 2296 666 2298 ’

205 2350 241 2356 -
268 2337 436 2363 sacerdotalis
467 2341 492 2363 et
523 2338 619 2370 regalis
647 2340 797 2364 cessaverat

152 2383 272 2413 tempore
291 2382 347 2407 lesu
367 2381 462 2408 Christi
481 2382 524 2408 Vll
544 2382 578 2408 70
599 2382 614 2408 4
627 2397 662 2400 -
676 2383 796 2408 sacerdo-

153 2425 210 2451 talis
238 2428 264 2451 et
291 2426 388 2458 regalis
418 2426 617 2459 praefigurabat
643 2427 795 2453 unctionem

153 2470 252 2501 gratiae
271 2471 384 2503 Spiritus
408 2472 491 2497 sancti
519 2479 599 2504 super
618 2474 738 2498 naturam
758 2478 796 2497 as-

152 2518 267 2540 sumtam
287 2516 320 2541 97
340 2516 382 2541 36.
404 2516 454 2541 227
475 2516 509 2541 34

209 2573 240 2577 -
259 2560 359 2592 gratiae
385 2560 502 2592 disponit
527 2561 641 2586 animam
662 2560 696 2586 ad
715 2561 796 2587 susci-

152 2603 281 2636 piendum
310 2604 468 2631 documenta
495 2605 614 2631 veritatis
642 2612 655 2630 a
686 2606 797 2631 Doctore

152 2654 258 2674 summo
278 2649 320 2675 Vll
342 2649 356 2674 4
377 2650 410 2675 12
430 2663 465 2669 -
483 2651 569 2676 elevat
582 2650 608 2675 in
627 2650 795 2676 eminentiam

152 2692 295 2724 sapientiae
315 2693 366 2719 488
386 2693 419 2719 44
433 2708 468 2713 —
482 2694 594 2726 Spiritus
611 2694 692 2720 sancti
705 2695 797 2720 illumi·

153 2739 198 2762 nat
215 2737 352 2763 credentes
373 2738 404 2764 Vl
424 2738 475 2764 373
497 2739 511 2764 8
532 2753 567 2757 —
585 2739 663 2764 docet
682 2739 797 2765 dilectio-

154 2788 215 2807 nem
235 2782 281 2807 Dei
300 2785 326 2807 et
345 2783 456 2814 proximi
479 2783 521 2808 Vll
541 2784 593 2809 3l6
614 2784 647 2809 20

207 2840 242 2844 --
270 2826 308 2852 Ad
341 2831 478 2858 peccatum
508 2828 617 2853 mortale
644 2828 797 2854 inclinantes

154 2870 268 2902 perdunt
287 2871 435 2897 unctionem
456 2871 489 2897 Vl
508 2871 542 2897 79
563 2879 590 2897 v.
611 2873 620 2897 1

207 2915 364 2941 Unoumruu
383 2930 418 2933 ——
438 2917 548 2941 refertur
573 2916 606 2941 ad
636 2919 733 2942 tactum
763 2917 794 2942 Vl

155 2959 201 2984 121
220 2966 246 2984 ν.
265 2959 281 2984 7
300 2973 335 2978 —
355 2960 392 2985 De
410 2959 490 2991 spicis
510 2960 584 2985 nardi
604 2960 632 2986 111
649 2960 795 2992 pretiosum

156 3006 321 3035 unguentum
343 3003 393 3029 410
413 3004 428 3029 3

208 3061 243 3067 -
269 3048 356 3073 iudaei
386 3048 528 3080 unguentis
553 3048 629 3074 valde
657 3049 797 3076 odoriferis

156 3091 296 3118 utebantur
316 3093 348 3118 Vl
370 3092 416 3118 411
442 3093 457 3118 3

209 3151 244 3154 -
262 3144 293 3162 ex
313 3138 419 3168 myrrha
438 3140 464 3162 et
474 3136 538 3162 'aloe
557 3136 681 3163 servabat
699 3144 797 3170 corpus

156 3188 170 3206 a
191 3181 379 3213 putrefactione
399 3181 432 3206 Vl
453 3181 504 3206 502
525 3181 558 3206 62
578 3195 612 3200 -
626 3185 798 3208 conservatur

156 3225 337 3257 incorruptum
366 3225 391 3250 in
419 3225 551 3251 alabastro
573 3225 612 3250 Vll
638 3225 688 3251 183
709 3226 742 3251 65
761 3241 796 3245 -

155 3271 195 3294 051
213 3268 354 3300 pretiosius
372 3268 430 3293 oleo
451 3268 501 3293 187
521 3267 555 3293 77

209 3325 245 3331 -
263 3315 302 3337 051
319 3312 494 3342 contritionis,
509 3312 665 3342 devotionis,
678 3319 796 3344 compas-

157 3356 238 3382 sionis
256 3356 290 3381 Vl
311 3356 361 3381 412
382 3356 415 3381 10
434 3369 469 3375 -
497 3356 638 3388 Unguento
666 3356 796 3383 contritio-

264 3408 294 3435 S.
309 3409 412 3435 Bonav.
423 3422 458 3428 —
471 3409 547 3435 Tom.
560 3410 613 3435 Vll.

815 199 851 231 ΙΝ
875 197 1168 231 COMMENTARIOS
1192 199 1221 230 S.
1246 197 1473 231 SCRIPTURAE

883 300 917 304 —
936 293 988 311 non
1008 286 1147 311 comitatur
1170 285 1302 311 Christum
1331 286 1473 312 ascenden-

829 333 896 362 tem,
915 330 977 363 quia
998 337 1050 355 non
1070 330 1140 361 capit
1159 330 1281 355 sublimia
1304 331 1345 356 Vll
1366 331 1418 355 239
1437 330 1466 355 71

829 389 864 394 -
883 375 997 400 occurrit
1020 374 1124 400 Christo
1152 375 1332 405 descendenti,
1360 375 1421 408 quia
1448 376 1473 400 li-

830 419 922 445 benter
940 419 1107 451 amplectitur
1126 419 1220 445 Christi
1234 420 1342 445 humilia
1363 419 1424 445 ibid.
1440 434 1472 438 —

829 463 971 496 cupiebant
1001 463 1093 489 videre
1122 464 1302 495 expulsionem
1322 464 1473 494 daemonis,

829 515 897 542 quae
917 515 967 534 non
988 508 1074 539 potuit
1093 508 1147 533 fleri
1167 515 1181 533 a
1202 508 1339 539 discipulis
1359 507 1392 533 ib.
1411 508 1446 532 72

882 567 917 570 -
936 552 1130 578 concurrebant
1148 552 1182 577 ad
1202 552 1361 577 audiendam
1377 552 1474 577 doctri-

828 604 888 622 nam
908 596 1002 623 Christi
1023 603 1083 621 cum
1114 596 1322 628 promptitudine
1351 599 1376 621 et
1404 596 1473 621 ‹lesi-

828 641 903 667 derio
923 641 966 666 vti
990 641 1037 665 t90
1058 642 1073 665 6
1093 643 1246 666 —secutae
1259 644 1321 666 sunt
1339 640 1472 666 Christum

828 685 854 710 in
874 686 960 711 locum
981 685 1116 710 desertum
1141 685 1166 710 in
1192 684 1341 710 confinibus
1361 685 1474 710 Bethsai-

829 729 892 760 dae,
912 732 940 755 ut
958 730 1015 755 eius
1034 729 1182 755 doctrinam
1208 729 1372 761 exciperent,
1391 735 1471 762 quem

829 773 1017 800 desiderabant
1040 774 1087 799 221
1124 774 1155 798 18
1182 788 1216 791 —
1236 773 1371 799 irruebant
1394 774 1420 798 in
1440 774 1473 798 le-

829 826 903 850 sum,
924 821 952 844 111
970 818 1092 844 audirent
1111 825 1172 844 eum
1194 819 1244 844 113
1271 820 1286 844 2
1312 833 1347 836 -
1367 821 1395 843 111
1413 818 1473 843 51111-

830 864 910 896 ρ11005
928 866 954 889 01
973 864 1085 889 humiles
1099 871 1150 889 non
1165 863 1336 896 requirebant
1354 862 1472 895 subtilia,

829 908 876 934 sed
897 909 967 934 utilia
988 908 1040 934 114
1060 909 1075 933 6
1095 922 1130 927 -
1150 909 1175 933 111
1196 908 1271 934 turba
1292 909 1409 933 irruente
1426 907 1473 933 da-

831 956 872 979 tur
892 955 975 979 forma
989 953 1101 979 auditori
1116 952 1190 978 verbi
1206 953 1251 978 Dei
1268 953 1317 978 115
1332 953 1347 977 8
1363 967 1396 970 ---
1409 953 1473 978 Tur-

831 996 870 1023 bis
890 1004 940 1023 non
961 998 1027 1023 adeo
1052 999 1166 1029 perfecte
1191 997 1334 1029 explicatur
1359 996 1471 1023 verbum

831 1042 876 1068 Dei
896 1043 964 1068 sicut
983 1042 1113 1073 Apostolis
1135 1041 1183 1067 152
1203 1042 1246 1067 62.
1267 1043 1317 1066 188
1339 1042 1348 1066 1

884 1100 919 1105 -
938 1089 1011 1111 erant
1024 1086 1058 1111 de
1068 1094 1111 1112 sex
1123 1086 1187 1111 locis
1201 1086 1243 1112 Vll
1262 1086 1309 1111 147
1324 1085 1357 1111 47
1369 1100 1401 1104 ——-
1416 1093 1474 1118 pro-

832 1135 889 1164 pter
915 1131 1034 1157 auditum
1060 1131 1144 1156 divini
1173 1130 1248 1157 verbi
1276 1130 1373 1156 oblitae
1401 1134 1475 1156 erant

831 1177 976 1209 corporalis
995 1175 1047 1201 cibi
1067 1177 1118 1202 222
1139 1176 1167 1201 21
1192 1190 1226 1194 —-
1255 1179 1386 1201 saturatae
1414 1178 1474 1201 sunt

832 1222 857 1247 in
877 1221 981 1247 deserto
1001 1221 1136 1246 saturitate
1164 1220 1286 1246 iustitiae<
1304 1219 1356 1246 224
1386 1220 1420 1246 27
1440 1235 1474 1238 -

832 1273 846 1292 a
867 1266 978 1291 Domino
998 1265 1060 1291 nihil
1086 1265 1220 1297 spirituale
1248 1264 1408 1298 quaerebat,
1427 1264 1473 1290 sed

831 1311 968 1343 corporale
989 1311 1020 1336 Vt
1042 1310 1094 1336 325
1115 1309 1147 1335 42

885 1370 920 1374 —
940 1355 1074 1380 Processio
1093 1354 1231 1380 turbarum
1260 1361 1321 1380 cum
1341 1354 1422 1380 ramis
1440 1355 1472 1380 si-

832 1400 938 1433 gnificat
966 1399 1125 1432 obsequium
1154 1399 1302 1425 activorum
1328 1399 1360 1425 Vl
1387 1399 1438 1424 594
1458 1400 1474 1424 2

831 1458 867 1464 --
886 1445 911 1470 111
931 1445 1099 1477 processione
1117 1444 1222 1470 Domini
1241 1444 1396 1469 vestimenta
1416 1451 1474 1476 pro-

832 1492 951 1516 sternunt
976 1489 1001 1514 111
1027 1489 1083 1520 via,
1112 1495 1201 1514 ramos
1229 1489 1326 1521 ferunt,
1352 1489 1475 1514 Hosanna

833 1534 996 1567 proclamant
1015 1533 1049 1560 ib.
1068 1534 1094 1559 3.

887 1579 1018 1604 Tunanto
1036 1592 1072 1597 -—
1090 1580 1130 1604 est
1148 1577 1255 1603 vitanda
1270 1578 1312 1604 Vll
1327 1577 1379 1603 274
1392 1577 1422 1603 71
1440 1591 1476 1596 -

833 1623 930 1649 Oculus
949 1621 1070 1649 turbatus
1089 1630 1141 1648 non
1161 1624 1200 1648 est
1212 1622 1246 1648 ad
1260 1614 1405 1648 videndum
1420 1621 1476 1648 ido-

1135 1751 1190 1806 U

831 1892 871 1917 nis
900 1892 1062 1923 inunguntur
1086 1892 1168 1924 pedes
1194 1892 1314 1923 Domini,
1340 1895 1475 1924 unguento

831 1936 979 1961 devotionis
1007 1940 1102 1968 caput,
1128 1939 1263 1969 unguento
1283 1937 1475 1969 compassionis

831 1983 914 2006 totum
934 1987 1032 2012 corpus
1051 1980 1113 2007 ibid.

885 2038 918 2043 —-
938 2025 1033 2050 mentis
1052 2025 1145 2057 triplex
1169 2028 1207 2051 est
1234 2025 1274 2051 Vll
1296 2026 1347 2051 586
1376 2025 1410 2051 72
1439 2040 1474 2043 -

830 2069 935 2102 linguae
953 2070 1119 2102 quadruplex
1138 2073 1178 2096 est
1196 2069 1259 2096 ibid.

885 2128 919 2132 —-
938 2115 986 2141 Per
1005 2115 1169 2146 unguentum
1190 2115 1313 2148 myrrhae
1325 2114 1475 2146 intelligitur

831 2159 996 2184 mortificatio
1015 2159 1116 2190 carnis,
1143 2166 1190 2191 per
1210 2162 1376 2191 unguentum
1396 2159 1472 2184 nardi

832 2203 939 2229 devotio
958 2204 1053 2229 mentis
1072 2204 1105 2229 Vl
1126 2204 1178 2229 619
1199 2205 1214 2229 2
1237 2217 1274 2223 --
1294 2204 1377 2229 Homo
1397 2203 1474 2235 spiri-

832 2248 908 2274 tualis
926 2248 1027 2274 condiri
1047 2248 1127 2274 debet
1146 2252 1281 2280 unguento
1301 2247 1475 2274 mortificatio-

833 2294 873 2318 nis
892 2293 978 2319 carnis
996 2296 1022 2318 et
1041 2293 1190 2319 devotionis
1208 2293 1303 2318 mentis
1323 2291 1385 2318 ibid.

886 2352 921 2356 -—
940 2337 1160 2370 pretiosissimum
1186 2340 1242 2363 erat
1269 2337 1317 2362 soli
1343 2337 1397 2362 Deo
1417 2337 1476 2362 01Το-

833 2382 945 2408 rendum
976 2382 1007 2407 Vl
1035 2382 1080 2408 411
1115 2383 1130 2407 3
1156 2396 1191 2400 -
1220 2382 1298 2407 Maria
1324 2381 1476 2413 Magdalene

833 2426 925 2453 obtulit
945 2430 1108 2459 unguentum
1130 2427 1241 2452 Domino
1259 2425 1422 2452 recumbenti
1442 2426 1476 2451 ad

834 2471 986 2503 ungendum
1008 2472 1102 2504 pedes,
1122 2474 1147 2497 et
1162 2471 1293 2503 significat
1312 2475 1476 2503 unguentum

833 2516 1008 2548 contritionis;
1038 2516 1149 2542 Domino
1177 2516 1211 2542 ad
1237 2516 1386 2548 passionem
1406 2523 1476 2541 acce-

833 2561 903 2587 denti
926 2561 961 2587 ad
991 2561 1145 2593 ungendum
1174 2561 1257 2593 pedes
1285 2564 1311 2586 et
1338 2563 1432 2593 caput,
1451 2563 1477 2586 et

832 2605 963 2638 significat
994 2608 1157 2638 unguentum
1189 2606 1394 2638 compassionis;
1427 2605 1475 2631 Do-

834 2651 904 2676 mino
924 2650 1071 2682 resurgenti
1090 2650 1124 2676 ad
1144 2651 1292 2676 unctionem
1320 2650 1399 2676 totius
1418 2656 1473 2675 cor·

833 2695 918 2727 poris,
938 2698 964 2721 et
982 2695 1112 2727 significat
1132 2698 1297 2727 unguentum
1327 2695 1475 2721 devotionis

833 2740 884 2765 593
904 2747 930 2765 v.
945 2740 959 2765 3
973 2753 1009 2759 —
1023 2740 1116 2766 mentis
1135 2742 1196 2765 sunt
1208 2739 1293 2771 bona,
1312 2740 1402 2771 lingue
1421 2746 1476 2765 me-

832 2785 909 2816 liora,
929 2791 1024 2810 manus
1043 2788 1103 2810 sunt
1121 2784 1222 2816 optima
1242 2784 1286 2809 Vtt
1307 2784 1358 2809 587
1377 2784 1411 2809 72

886 2830 1038 2855 uinci-:mus
1057 2843 1092 2848 —
1111 2829 1193 2855 Patris
1211 2829 1307 2855 dicitur
1320 2829 1427 2861 proprie
1441 2829 1474 2855 de

832 2873 935 2900 Christo
956 2874 987 2898 Vt
1007 2873 1055 2899 251
1079 2873 1113 2899 35

886 2918 950 2943 Urno
968 2931 1004 2937 --
1023 2918 1126 2950 Aliquid
1147 2918 1235 2943 unitur
1254 2917 1327 2943 alteri
1346 2920 1392 2943 aut
1409 2917 1477 2942 sicut

833 2965 919 2987 motor
938 2965 1048 2993 tantum,
1061 2965 1105 2987 aut
1118 2962 1185 2988 sicut
1205 2965 1290 2987 motor
1303 2965 1328 2987 et
1346 2961 1474 2993 perfectio

834 3006 865 3031 Vl
885 3006 917 3031 37
938 3013 965 3039 q.
984 3007 999 3031 2

893 3063 920 3067 —
939 3050 1092 3076 immediate
1111 3049 1238 3075 Divinitas
1263 3050 1351 3075 unitur
1370 3050 1474 3082 corpori

832 3093 927 3120 Christi
955 3094 988 3119 Vl
1018 3094 1069 3119 389
1095 3095 1124 3120 31
1158 3093 1187 3119 2*
1215 3108 1250 3113 -
1279 3094 1327 3119 Ρο1·
1346 3094 1472 3119 rationem

833 3138 938 3163 uniendi
966 3138 1036 3164 Deus
1065 3141 1104 3163 est
1132 3138 1156 3162 in
1183 3137 1286 3164 Christo
1312 3138 1358 3163 261
1384 3138 1417 3162 69
1437 3151 1472 3156 -

832 3182 918 3207 Gratia
938 3182 1041 3207 unionis
1061 3185 1100 3207 est
1125 3182 1152 3207 in
1177 3182 1233 3207 5010
1252 3181 1356 3207 Christo
1377 3182 1418 3206 Vll
1439 3181 1472 3206 24

833 3226 866 3251 56
885 3240 921 3244 —-
948 3233 1053 3252 summa
1077 3226 1125 3252 fuit
1150 3226 1177 3251 in
1196 3226 1283 3252 carnis
1311 3225 1473 3251 assumtione

832 3270 865 3295 Vl
886 3270 936 3295 252
963 3270 996 3295 29
1016 3285 1049 3289 -
1070 3271 1117 3296 fuit
1144 3270 1279 3296 inconfusa
1307 3273 1333 3295 et
1360 3269 1472 3295 indivisa

831 3312 894 3339 ibid.
914 3327 948 3332 --
966 3314 1049 3345 Nemo
1068 3318 1107 3340 est
1125 3314 1223 3350 dignus
1241 3314 1273 3340 ad
1287 3313 1472 3345 explicandum

832 3357 986 3389 mysterium
1008 3358 1109 3384 unionis
1129 3358 1180 3384 258
1201 3358 1234 3383 56

1806 244 1856 269 UNl

1511 293 1575 311 neus
1593 286 1657 312 ibid.
1676 301 1711 306 —
1736 291 1775 312 est
1802 288 1906 313 occasio
1932 288 2109 320 impatientiae
2128 295 2153 316 et

1511 330 1604 355 ruinae
1623 331 1675 356 315
1697 332 1728 355 19

1564 388 1597 393 -—
1618 375 1725 406 spiritus
1744 376 1840 400 nullam
1862 376 1886 401 111
1911 376 2013 402 Christo
2042 378 2153 404 faciebat

1512 419 1738 451 inordinationem,
1753 420 1814 452 quia
1829 421 1954 446 voluntati
1969 426 2023 446 crat
2037 422 2153 448 subiecta

1511 463 1664 489 sensualitas
1677 467 1702 488 et
1716 465 1863 490 voluntarie
1877 465 1980 490 turbata
1997 467 2027 491 Vl
2050 467 2095 492 431
2120 468 2154 492 38

1566 507 1663 533 Tunius
1687 521 1722 526 —
1749 512 1789 533 est
1817 509 1967 534 aedificium
1997 511 2152 536 altissimum

1513 551 1554 576 Vll
1575 551 1625 576 377
1646 552 1680 577 57
1702 566 1734 570 -—-
1755 553 1802 577 Per
1822 553 1913 577 turrim
1936 554 2084 585 intelligitur
2113 563 2154 580 cu-

1513 595 1598 620 mulus
1617 596 1786 627 perfectionis
1806 598 1959 623 meritorum
1981 597 2042 624 ibid.

1565 654 1600 657 —
1620 640 1733 671 Superbi
1761 644 1787 666 et
1815 642 1872 666 elati
1893 643 2014 668 homines
2034 643 2156 669 volebant

1512 683 1605 709 turrim
1634 685 1773 710 aedificare
1803 686 1994 717 pertingentem
2016 694 2099 719 usque
2119 688 2152 713 ad

1511 728 1613 753 caelum
1635 729 1665 754 Vl
1681 729 1732 754 172
1753 736 1778 754 v.
1799 730 1815 755 5

1566 787 1599 791 —
1618 773 1787 805 spiritualiter
1807 774 1898 807 incipit
1916 782 1930 800 a
1945 776 2115 801 fundamento
2129 777 2157 801 ti-

1511 818 1593 843 moris
1621 821 1647 843 et
1675 819 1798 850 pervenit
1823 826 1908 852 usque
1936 820 1970 845 ad
1990 822 2094 846 culmen
2114 828 2154 846 sa-

1511 862 1625 894 pientiae
1643 862 1779 888 deiformis
1800 864 1841 889 Vll
1862 864 1913 889 377
1933 865 1967 890 57
1986 878 2021 883 -
2035 866 2155 897 spiritua-

1511 908 1548 932 les
1566 910 1627 933 sunt
1645 911 1747 939 septem
1768 907 1828 934 ibid.
1849 923 1884 927 —
1905 909 2010 934 TurrIrn
2031 910 2152 936 aedificat.

1510 952 1556 984 qni
1575 952 1700 984 proponit
1719 952 1753 978 ad
1773 953 1876 979 culmen
1895 953 1998 979 virtutis
2011 954 2155 980 ascendere

1511 995 1572 1022 ibid.

1569 1055 1603 1060 —
1638 1041 1731 1067 vineae
1762 1046 1801 1068 est
1832 1043 1965 1074 Scriptura
1998 1050 2071 1068 sacra
2111 1044 2154 1069 vn

1511 1086 1562 1111 503
1584 1086 1611 1110 tt

1565 1130 1673 1156 Tunrun
1701 1145 1735 1148 —
1764 1131 1811 1156 Per
1841 1135 1968 1157 turturem
2003 1132 2153 1164 solivagum

1512 1174 1663 1207 intelligitur
1691 1175 1743 1200 vita
1773 1176 1976 1208 contemplativa
2003 1176 2046 1201 Vll
2066 1176 2098 1202 57
2120 1176 2155 1201 54

1512 1233 1546 1237 ——
1566 1219 1681 1251 gemitus
1701 1219 1780 1245 habet
1798 1227 1847 1252 pro
1866 1224 1944 1246 cantu
1965 1219 2028 1246 ibid.
2053 1234 2088 1240 —-
2107 1221 2154 1246 Ge-

1513 1264 1592 1290 mitus
1605 1264 1712 1290 turturis
1731 1269 1770 1290 est
1783 1265 1881 1291 amoris
1893 1269 1919 1290 et
1931 1265 2079 1291 devotionis
2092 1264 2156 1291 ibid.

1565 1309 1703 1334 Txnxnuus
1721 1323 1757 1327 —
1777 1310 1844 1335 male
1862 1310 1930 1341 regit
1949 1314 1974 1335 et
1994 1316 2040 1342 per
2059 1310 2156 1335 iniusti-

1513 1353 1575 1378 tiam
1596 1353 1628 1379 Vl
1650 1353 1700 1378 187
1721 1361 1747 1379 v.
1769 1354 1801 1379 14

1566 1398 1653 1423 Tvnus
1683 1412 1718 1417 —
1743 1398 1927 1430 interpretatur
1959 1399 2079 1431 angustia
2113 1399 2154 1424 Vtt

1514 1441 1565 1467 147
1586 1442 1618 1467 48
1638 1456 1673 1461 -
1698 1442 1829 1474 significat
1854 1443 2009 1468 anxietatem
2030 1447 2056 1469 et
2074 1451 2156 1476 angu-

1513 1486 1589 1512 stiam
1608 1487 1766 1519 cupidorum
1796 1486 1857 1513 ibid.
1876 1501 1912 1507 --
1931 1495 1981 1513 non
2006 1491 2074 1514 esset
2096 1488 2156 1514 sub-

1514 1538 1605 1562 versa,
1625 1532 1687 1565 quia
1713 1532 1899 1565 poenituisset,
1924 1533 1945 1558 si
1974 1533 2084 1558 vidisset
2112 1533 2158 1558 mi-

1514 1576 1603 1601 racula
1627 1576 1678 1602 259
1705 1577 1739 1602 22
1758 1591 1793 1596 -
1818 1580 1858 1603 est
1886 1577 1970 1609 figura
1999 1577 2157 1609 poenitentis

1515 1620 1587 1654 ibid„
1608 1621 1642 1647 23

1566 1893 1661 1919 Unrrxs
1679 1907 1714 1911 ——
1733 1896 1772 1918 est
1797 1892 1956 1925 principium
1982 1899 2156 1918 numerorum

1512 1937 1556 1962 Vll
1577 1937 1628 1963 587
1649 1938 1665 1962 2

1567 1996 1602 1999 -
1621 1982 1768 2007 dilectionis
1794 1989 1856 2014 erga
1886 1982 1969 2007 Deum
1989 1984 2028 2007 est
2047 1988 2094 2014 per
2113 1981 2156 2007 ad-

1512 2026 1673 2052 haerentiam
1693 2026 1807 2052 caritatis
1826 2027 1868 2052 Vll
1890 2026 1939 2051 474
1954 2027 1987 2051 36
2001 2040 2036 2045 -
2049 2026 2155 2052 divinae

1511 2071 1638 2096 essentiae
1658 2071 1682 2096 in
1704 2071 1833 2096 infinitum
1853 2071 1954 2097 excedit
1973 2071 2097 2096 unitatem
2116 2078 2155 2096 ca-

1511 2115 1593 2140 ritatis
1612 2115 1679 2140 inter
1699 2115 1820 2140 homines
1840 2115 1872 2140 vt
1895 2115 1944 2140 476
1966 2116 1998 2141 42
2022 2115 2048 2140 1·

1574 2174 1607 2178 -
1627 2163 1667 2185 051
1680 2160 1862 2191 malignitatis,
1881 2160 2051 2192 carminatis,
2066 2160 2155 2185 carita-

1511 2204 1543 2230 tis
1563 2204 1593 2229 Vl
1614 2204 1665 2232 609
1688 2205 1696 2229 1
1713 2218 1747 2223 -
1767 2205 1880 2230 caritatis
1893 2208 1931 2230 est
1944 2205 2048 2236 triplex:
2069 2205 2154 2230 unitas

1511 2249 1624 2274 hominis
1643 2256 1703 2274 cum
1728 2249 1782 2274 Deo
1807 2256 1854 2281 per
1878 2249 2088 2275 conformitatem
2109 2256 2153 2274 vo-

1511 2294 1629 2324 luntatis,
1660 2294 1744 2319 unitas
1763 2293 1877 2319 hominis
1902 2301 1962 2319 cum
1982 2301 2011 2319 se
2027 2294 2085 2325 ipso
2105 2301 2152 2326 per

1511 2337 1686 2370 integritatem
1709 2338 1816 2369 mentis,
1845 2338 1930 2364 unitas
1958 2338 2071 2364 hominis
2091 2345 2151 2364 cum

1512 2382 1632 2414 proximo
1662 2389 1708 2414 per
1734 2383 1901 2408 concordiam
1931 2382 2045 2408 caritatis
2072 2382 2106 2409 ib.
2136 2384 2151 2408 3

1512 2441 1547 2446 -
1566 2427 1693 2452 Dominus
1711 2427 1847 2459 discipulis
1866 2427 1921 2453 suis
1939 2427 2100 2459 imprecatus
2113 2432 2152 2453 est

1513 2472 1637 2497 unitatem
1657 2479 1798 2504 supernam
1819 2471 1852 2497 ib.
1875 2472 1885 2496 1
1909 2487 1944 2489 -
1964 2471 2081 2497 Christus
2100 2479 2152 2497 cre-

1512 2516 1606 2542 dituris
1634 2517 1698 2548 petit
1724 2516 1849 2542 unitatem
1879 2516 2023 2542 dilectionis
2047 2520 2072 2541 et
2091 2516 2152 2541 fidei

1513 2560 1563 2587 474
1585 2561 1618 2586 35
1637 2575 1672 2580 -
1691 2560 1810 2587 Christus
1823 2568 1903 2593 super
1917 2561 2004 2587 omnia
2019 2568 2154 2586 commen-

1512 2606 1586 2632 davit
1604 2606 1741 2638 discipulis
1761 2606 1816 2632 suis
1836 2606 1960 2632 unitatem
1982 2606 2032 2631 429
2047 2606 2081 2632 25

1566 2664 1601 2670 -
1620 2650 1776 2676 concordiae
1796 2654 1821 2676 et
1841 2651 1913 2682 pacis
1931 2654 2051 2676 servatur
2071 2657 2085 2675 a
2099 2651 2152 2676 Deo

1513 2695 1539 2720 111
1559 2695 1660 2725 0100115,
1680 2695 1726 2720 sed
1755 2698 1842 2720 tamen
1867 2702 1928 2720 011111
1952 2702 2043 2720 eorum
2064 2695 2154 2720 sollici-

1513 2739 1604 2765 tudine
1624 2739 1666 2765 Vll
1688 2739 1734 2765 471
1759 2740 1792 2764 20
1806 2753 1840 2758 -
1853 2743 1892 2765 051
1911 2739 2013 2765 claritas
2032 2739 2156 2765 Christia-

1512 2791 1608 2809 norum
1630 2784 1680 2809 475
1701 2784 1734 2809 39
1753 2797 1789 2802 —
1808 2784 1916 2809 Perfecti
1935 2784 1959 2809 in
1975 2784 2072 2809 unitate
2091 2784 2156 2809 cari-

1513 2829 1571 2854 tatis
1590 2828 1716 2854 uniuntur
1735 2835 1783 2860 per
1802 2828 2000 2860 proportionem
2020 2828 2052 2854 ad
2074 2829 2155 2854 unita-

1513 2877 1564 2898 tem
1585 2872 1611 2897 in
1631 2872 1728 2898 divinis
1749 2871 1782 2898 ib.
1802 2873 1844 2902 38,
1865 2872 1898 2897 39

1564 2931 1600 2935 —
1619 2924 1680 2942 cum
1701 2917 1820 2948 proximo
1840 2915 1919 2941 debet
1938 2923 1995 2941 esse
2009 2916 2092 2941 unitas
2106 2923 2152 2941 vo-

1511 2962 1652 2992 luntatum,
1673 2968 1791 2993 morum,
1812 2961 1937 2986 virtutum
1959 2960 1990 2985 Vt
2011 2961 2062 2985 609
2083 2960 2097 2985 4
2117 2973 2156 2978 —-—

1512 3007 1623 3031 fraterna
1643 3010 1681 3030 est
1700 3004 1855 3030 cadentibus
1883 3005 1908 3029 in
1933 3004 2095 3034 remedium,
2115 3011 2154 3030 re—

1511 3048 1679 3081 surgentibus
1709 3049 1734 3073 in
1759 3049 1898 3079 auxilium,
1928 3048 2107 3080 pugnantibus
2125 3048 2151 3073 in

1511 3093 1687 3125 praesidium,
1707 3092 1868 3124 patientibus
1881 3093 1904 3117 in
1919 3092 2076 3122 subsidium,
2091 3099 2154 3124 pro—

1511 3136 1657 3163 ficientibus
1687 3137 1713 3161 in
1741 3137 1882 3167 ducatum,
1911 3135 2104 3168 postulantibus
2123 3136 2150 3161 in

1509 3181 1681 3212 suffragium,
1713 3180 1924 3212 exspectantibus
1957 3180 1982 3205 in
2013 3180 2150 3210 solatium,

1509 3223 1739 3257 perseverantibus
1759 3225 1783 3250 in
1799 3225 1920 3255 tutelam,
1934 3223 2150 3256 pervenientibus

1509 3269 1533 3294 in
1554 3269 1681 3300 gaudium
1702 3268 1735 3294 ib.
1754 3269 1770 3294 5
1791 3283 1823 3286 —
1843 3272 1882 3294 est
1901 3275 1979 3293 causa
1999 3268 2149 3294 salvationis

1510 3313 1551 3338 Vll
1563 3313 1608 3338 291
1624 3312 1655 3338 44
1666 3313 1738 3337 —ln
1750 3313 1830 3344 gloria
1841 3312 2074 3343 consummabitur,
2082 3312 2150 3338 sicut

1509 3356 1702 3388 imprecabatur
1721 3357 1848 3383 Dominus
1867 3357 2001 3388 discipulis
2020 3356 2052 3382 Vt
2067 3357 2112 3381 6tt
2132 3357 2146 3381 8

1992 3409 2040 3434 t07
