2476 3921
294 262 357 296 382
880 258 1072 291 COMMENT.
1098 258 1135 290 ΙΝ
1158 256 1397 290 EVANGELIUM
1421 256 1537 290 LUCAE
1562 256 1594 288 C.
1620 255 1681 288 XV.

1315 354 1397 388 quae
1420 345 1571 378 iustitiam
1603 344 1712 377 fecerit
1742 347 1773 376 et
1805 342 1956 376 iudicium
1983 342 2037 375 Dei
2061 342 2110 375 sui
2134 351 2196 375 non
2219 342 2272 375 de-

1316 398 1500 440 reliquerit3
1525 400 1636 439 rogant
1660 406 1709 429 me
1738 396 1853 429 iudicia
1883 395 2020 428 iustitiae
2050 399 2081 428 et
2108 395 2274 438 appropin-

1315 460 1415 493 quare
1438 451 1502 484 Deo
1526 451 1645 483 volunt.
1670 450 1774 491 Quare
1798 449 2024 487 ieiunavimus‚
2048 451 2081 482 et
2102 457 2165 481 non
2184 457 2272 490 aspe-

1316 504 1390 536 xisti
1409 507 1421 536 ?
1444 503 1683 536 Humiliavimus
1705 502 1826 540 animas
1840 505 1979 540 nostras,
1995 504 2027 534 et
2043 501 2167 534 nescisti
2184 504 2220 534 a?
2238 501 2273 533 Et

1316 557 1442 590 subdit:
1472 570 1487 585 α
1506 557 1600 595 Ecce,
1625 556 1655 588 in
1678 556 1728 589 die
1745 555 1852 588 ieiunii
1869 555 1965 588 vestri
1982 554 2142 587 invenitur
2162 555 2273 588 volun-
2441 589 2442 602 ¹

1316 614 1363 643 tas
1398 614 1502 643 vestra
1518 624 1533 639 n
1570 614 1628 643 etc.
1667 608 1846 642 publicani
1881 617 1955 641 vero
1986 608 2275 651 appropinquantes
2297 612 2443 667 {gffifgffgl

1316 667 1406 696 eraut
1428 673 1520 702 vere,
1545 666 1581 696 ut
1604 663 1751 696 audirent
1774 665 1806 694 et
1828 661 1936 694 audito
1958 670 1977 693 a
2000 660 2090 693 malis
2113 670 2170 703 per
2201 670 2275 703 poe-
2330 672 2386 687 rum.
2442 660 2443 697 l

1316 716 1478 749 nitentiam
1504 716 1741 758 resipiscerent,
1763 714 1938 748 secundum
1954 713 2141 746 dominicam
2157 714 2275 747 exhor-

1316 769 1464 802 tationem
1496 769 1642 802 Matthaei
1674 768 1836 811 quarto⁷:
1878 780 1893 796 «
1921 767 2143 806 Poenitentiam
2175 767 2274 810 agite,

377 349 515 385 Expressit)
534 348 655 375 Iudaicae
674 347 820 382 impietatis
838 346 995 374 describitur
1014 345 1168 381 tripliciter.

382 457 471 489 Circa
494 455 735 498 expressionem
758 457 863 487 autem
887 453 1067 496 impietatis
1090 452 1252 484 Iudaicae

294 509 355 542 tria
378 508 643 545 introducuntur,
668 506 785 539 scilicet
801 505 930 538 occasio
946 504 1125 547 impietatis
1141 503 1252 545 expri-

293 562 449 601 mendae,
473 560 641 603 expressio
665 560 736 592 iam
759 563 930 601 conceptae
952 562 984 591 et
1006 556 1177 589 simulatio
1198 565 1251 588 ae-

294 614 431 659 quitalis
454 613 610 646 iustitiae.

383 670 413 701 2.
439 667 539 709 (Vers.
568 667 619 706 1.).
645 666 748 698 Primo
768 665 864 707 igitur
881 668 1036 707 quantum
1052 663 1090 696 ad
1107 662 1251 696 occasio—

139 733 229 754 occasio
243 732 281 753 im·
294 732 368 754 nem
392 720 571 763 impietatis
594 719 828 761 exprimendae
851 718 984 751 dicitur:
1013 717 1117 749 Erant
1141 719 1251 748 autem

129 762 602 818 ..15:122‘132120.appropinquantes
625 773 655 805 ei
674 772 850 815 publicani
873 775 901 803 et
913 774 1123 813 peccatores;
1140 769 1171 801 in
1188 777 1252 810 quo

294 828 470 861 ostenditur
494 835 618 859 summa
642 826 741 868 pietas
764 825 879 858 Christi
911 824 950 856 ad
982 826 1162 865 peccatores
1194 831 1252 863 pu-

294 882 409 919 blicos,
426 890 467 913 ex
483 889 547 922 quo
565 879 720 912 Pharisaei
738 879 932 911 occasionem
949 876 1143 918 accipiebant
1159 875 1252 917 impie

294 934 469 973 iudicandi,
493 933 568 975 quia
592 941 660 965 mos
683 935 730 965 est
754 932 857 974 impiis
881 931 1072 972 impietatem
1090 938 1179 961 suam
1196 937 1252 961 au-

293 997 367 1031 gere
398 987 436 1020 de
466 987 542 1019 visis
572 985 722 1028 operibus
753 984 887 1026 pietatis.
917 983 1003 1016 Unde
1028 983 1058 1014 in
1084 982 1251 1015 Psalm01:

298 1054 313 1070 α
329 1039 499 1082 Dispersit,
523 1039 608 1071 dedit
632 1038 826 1080 pauperibus
843 1051 858 1065 n
887 1040 966 1074 etc.,
990 1040 1021 1068 et
1044 1035 1147 1067 statim
1177 1034 1252 1066 sub-

291 1095 357 1127 dit:
387 1106 402 1122 α
421 1094 566 1126 Peccator
590 1092 708 1124 videbit
723 1095 754 1124 et
771 1091 925 1124 irascetur
942 1103 972 1121 ».
990 1088 1180 1122 Ostendebat
1196 1097 1253 1120 au-

292 1152 356 1181 tem
380 1146 526 1179 Christus
549 1145 697 1187 pietatem
716 1152 858 1186 magnam
871 1170 878 1182 ,
895 1143 970 1186 quia
986 1142 1175 1184 suscipiebat
1188 1151 1252 1184 pu-

292 1200 456 1238 blicanos,
473 1198 527 1241 qui
545 1202 635 1231 erant
652 1197 768 1239 publici
786 1201 983 1239 peccatores;
1000 1196 1083 1228 uude
1100 1195 1207 1228 Glossa
1219 1195 1251 1227 ²:

296 1252 524 1290 «Publicani,
549 1251 603 1293 qui
629 1251 754 1293 publica
778 1250 940 1293 vectigalia
964 1250 1097 1292 exigunt
1113 1249 1162 1281 vel
1178 1257 1251 1281 con-

291 1307 430 1345 ducunt,
454 1308 486 1338 et
509 1306 563 1348 qui
589 1305 713 1338 lucrum
740 1304 856 1337 saeculi
888 1313 944 1346 per
975 1303 1099 1345 negotia
1130 1304 1251 1335 sectan-

295 1365 397 1399 tur»,
428 1362 460 1392 et
490 1359 566 1391 tales
598 1361 687 1391 erant
720 1357 828 1390 multis
860 1357 957 1390 lucris
980 1356 1105 1389 iniustis
1130 1355 1249 1388 intenti.

293 1413 473 1447 Huiusmodi
499 1416 603 1445 autem
628 1415 826 1454 peccatores,
858 1410 930 1443 licet
961 1409 1127 1442 videantur
1150 1409 1252 1450 repel-

291 1465 373 1499 lendi
397 1474 439 1498 ex
462 1464 598 1504 iustitia,
631 1463 849 1506 suscipiuntur
878 1467 981 1496 tamen
1005 1472 1047 1495 ex
1071 1462 1251 1494 misericor-

291 1519 363 1558 dia;
386 1518 425 1551 de
448 1527 511 1560 qua
528 1518 655 1556 confisi,
672 1521 768 1549 erant
792 1515 1099 1559 appropinquantes
1122 1514 1152 1547 ei
1182 1518 1251 1548 tan-

292 1581 388 1615 quam
412 1571 661 1604 clementissimo
686 1570 846 1608 Domino,
864 1568 1037 1602 secundum
1055 1567 1132 1600 illud
1150 1568 1249 1601 lacobi

291 1625 452 1669 quart0³z
490 1624 776 1667 «Appropinquate
807 1623 888 1661 Deo,
920 1625 952 1655 et
983 1621 1251 1664 appropinquabit

290 1679 380 1712 vobis
395 1692 425 1710 ι».
452 1677 744 1720 Appropinquate,
770 1676 917 1718 inquam,
942 1684 998 1717 per
1014 1675 1157 1708 devotam
1174 1684 1250 1716 sup-

290 1732 509 1774 plicationem;
539 1730 726 1763 Psalmus‘:
764 1742 780 1758 α
804 1728 1040 1770 Appropinquet
1071 1727 1250 1769 deprecatio

290 1794 359 1818 mea
376 1785 407 1817 in
424 1787 594 1825 conspectu
618 1786 691 1821 tuo,
712 1782 843 1814 Domine
859 1795 890 1813 n.
909 1781 1071 1822 Tanquam
1087 1781 1180 1813 etiam
1193 1790 1249 1822 pe-

290 1837 452 1870 ritissimo
467 1835 650 1878 mayistro;
667 1835 750 1867 unde
764 1833 890 1867 subdit:
907 1837 944 1865 ut
959 1833 1117 1866 audirent
1134 1832 1228 1865 illum
1238 1858 1248 1871 ,

289 1889 462 1924 secundum
487 1888 563 1921 illud
587 1888 751 1921 consilium
787 1887 941 1929 Sapientis
971 1886 1176 1919 Ecclesiastici
1201 1886 1250 1918 ul-

289 1944 408 1977 timo⁵:
438 1956 454 1972 a
470 1942 724 1984 Appropinquate
748 1941 785 1974 ad
811 1950 861 1973 me
884 1940 1000 1973 indocti
1024 1943 1055 1973 et
1079 1948 1250 1982 congrega-

288 1996 362 2029 mini
394 1996 426 2028 in
457 1995 586 2028 domum
617 1994 798 2036 disciplinae
819 2006 850 2033 »3
887 1993 980 2036 quia,
1016 1993 1098 2026 sicut
1133 1993 1250 2026 dicitur

287 2048 522 2083 Deuteronomii
546 2047 708 2090 trigesimo
734 2047 845 2086 tertio,
874 2060 888 2075 «ι
907 2046 961 2089 qui
994 2046 1250 2089 appropinquant

286 2103 419 2146 pedibus
442 2102 511 2135 eius
533 2101 687 2144 accipient
709 2101 748 2134 de
771 2101 914 2134 doctrina
937 2100 1005 2133 eius
1022 2114 1052 2132 u.

377 2156 407 2189 3.
432 2156 509 2189 Huic
533 2164 657 2188 summo
673 2154 793 2188 doctori
810 2154 935 2188 Christo
951 2154 1248 2196 appropinquabant

145 2217 257 2238 Simulatio
287 2213 318 2242 et
342 2208 501 2242 Pharisaei
533 2211 564 2241 et
587 2207 765 2250 publicani,
790 2207 844 2240 sed
868 2205 1051 2239 Pharisaei
1073 2205 1248 2245 simulate,

139 2243 265 2266 Pharisaeo-

172 2276 227 2292 rum.

288 2262 461 2296 secundum
483 2261 561 2294 illud
577 2261 724 2294 Ieremiae
748 2260 979 2293 duodecimo⁸:
1002 2273 1017 2288 «
1034 2259 1134 2301 Prope
1156 2268 1191 2292 es
1214 2262 1249 2291 tu

285 2316 334 2349 ori
366 2324 476 2349 eorum
500 2318 532 2348 et
555 2315 646 2357 longe
669 2323 688 2346 a
712 2313 843 2347 renibus
874 2322 985 2346 eorum
1002 2324 1033 2351 »3
1066 2312 1141 2354 quia
1171 2312 1249 2345 tales

286 2377 343 2412 per
366 2369 545 2402 simulatam
569 2366 722 2400 iustitiam
746 2366 893 2402 videntur
913 2365 1084 2408 proximi,
1109 2365 1163 2398 sed
1191 2374 1248 2407 per

287 2422 441 2455 occultam
465 2420 646 2463 superbiam
670 2422 746 2453 sunt
770 2419 960 2462 lonqinqui,
979 2418 1153 2451 secundum
1170 2418 1249 2451 illud

286 2475 382 2508 Isaiae
405 2474 667 2517 quinquagesimo
690 2477 822 2507 octavo:
853 2486 868 2502 κ
884 2473 930 2506 Me
954 2472 1069 2506 etenim
1093 2471 1132 2505 de
1149 2471 1199 2505 die
1215 2471 1247 2505 in

284 2527 367 2561 diem
392 2531 550 2570 quaerunt
566 2530 597 2561 et
614 2527 695 2560 scire
716 2527 782 2560 vias
798 2535 883 2560 meas
907 2526 1017 2559 volunt
1041 2525 1131 2568 quasi
1154 2534 1248 2568 gens,

355 2718 365 2735 ¹
386 2721 479 2747 Psalm.
499 2721 565 2751 ’1-11,
584 2721 610 2746 9.
630 2724 655 2746 et
678 2721 716 2745 Η).

355 2764 365 2779 ²
386 2766 487 2791 Scilicet
505 2764 687 2791 interlinearis
707 2765 854 2790 secundum
874 2765 987 2796 Bedam,
1007 2765 1040 2790 de
1060 2771 1112 2797 qua
1132 2764 1194 2790 vide
1207 2771 1249 2790 su-

284 2817 332 2842 pra
353 2817 414 2842 pag.
433 2810 483 2840 76,
502 2812 590 2835 notam
610 2810 635 2834 8.
654 2812 679 2834 et
698 2816 760 2841 pag.
781 2810 847 2841 ⁴29,
866 2813 954 2835 notam
969 2809 994 2834 4.
1007 2809 1056 2834 Pro
1070 2808 1180 2835 lucrum
1193 2815 1248 2834 sae-

285 2853 342 2880 culi
358 2854 411 2878 GH
430 2860 491 2879 cum
511 2856 580 2878 textu
599 2852 719 2884 originali
740 2852 819 2879 lucra
837 2852 949 2879 saeculi.

356 2895 368 2911 ⁸
387 2898 461 2923 vers.
481 2898 510 2928 8,
530 2900 589 2928 post
606 2904 686 2929 quem
706 2897 726 2921 B
745 2896 818 2923 addit
834 2903 884 2930 per
903 2896 1009 2930 qralc'ae
1028 2896 1199 2930 infusionem.
1212 2909 1248 2915 —

285 2941 413 2974 Superius
431 2944 490 2973 post
507 2941 586 2967 erant
604 2940 852 2974 appropinquantes
871 2940 929 2966 Vat.
949 2941 1023 2966 addit
1042 2940 1247 2974 Appropinqtuz-

285 2984 351 3012 banl
368 2984 460 3017 enim;
478 2985 499 3011 fl
520 2985 582 3017 legit
601 2984 633 3011 de
660 2992 714 3018 qua
742 2984 837 3020 confisi
855 2986 948 3017 erant,
968 2984 1151 3019 supplicantes
1169 2983 1195 3011 ei
1212 2991 1247 3011 ea*

285 3029 366 3056 corde
383 3032 407 3056 el
426 3036 539 3064 corpore
557 3028 875 3063 appropinquantesetc.

356 3073 368 3088 ⁴
388 3074 480 3100 Psalm.
501 3074 566 3107 ΜΒ,
581 3074 641 3099 ⁴69.
654 3087 689 3093 ——
702 3073 809 3100 interius
822 3081 870 3106 pro
880 3073 1045 3107 peritissimo
1060 3074 1118 3100 Vat.
1127 3072 1245 3107 parati-3-

284 3118 362 3151 simo,
376 3119 397 3144 ll
409 3119 470 3150 legit
479 3117 735 3152 appropinquabant
744 3117 825 3145 eliam
838 3117 864 3145 ei
874 3119 1006 3152 tanquam
1019 3117 1185 3152 peritissimo
1196 3121 1245 3152 etc.

356 3161 367 3176 ⁶
387 3163 461 3189 Vers.
482 3163 524 3188 31.
542 3177 578 3181 -
597 3163 720 3195 Sequitur
739 3162 814 3188 Deut.
834 3163 883 3195 33,
903 3163 928 3188 3.

355 3205 368 3220 ⁶
388 3206 461 3233 Vers.
481 3207 505 3233 2.
523 3220 560 3226 —
579 3206 697 3233 Subinde
715 3208 861 3239 alleguntur
880 3207 935 3233 lsai.
956 3207 1003 3238 58,
1023 3207 1048 3232 2.
1066 3210 1092 3233 et
1110 3207 1135 3232 3.

357 3248 367 3264 ⁷
388 3251 463 3277 Vers.
484 3251 532 3282 ⁴7,
551 3251 595 3277 ubi
615 3258 665 3283 pro
683 3250 911 3285 appropinquabit
936 3251 980 3283 (ita
1005 3251 1083 3277 etiam
1109 3251 1193 3283 Beda,
1217 3251 1245 3276 Β.

286 3295 397 3328 Albert.‚
411 3296 436 3321 S.
450 3296 558 3327 Thom.‚
572 3295 627 3322 Cat.
641 3302 720 3321 aurea
734 3295 760 3321 in
775 3295 861 3321 Matth.
876 3295 906 3328 4,
926 3302 951 3321 n.
967 3296 991 3321 6.
1006 3299 1031 3321 et
1044 3296 1179 3327 Lyranus;
1198 3296 1246 3321 cir.

285 3346 365 3371 supra
385 3346 445 3371 pag.
466 3339 532 3371 258,
551 3343 611 3366 nota
632 3340 685 3373 ⁴2.)
707 3340 766 3365 Vat.
791 3347 852 3365 cum
873 3339 984 3371 Vulgata
1010 3338 1244 3373 appropinquavit.

282 3396 319 3402 —
340 3384 463 3416 Sequitur
482 3384 563 3409 Eccle.
584 3383 612 3416 4,
633 3384 676 3409 2l7.

356 3425 367 3441 ⁸
387 3427 460 3454 Vers.
483 3428 523 3453 lo.
543 3431 569 3454 et
591 3428 630 3454 ll.
651 3427 709 3461 (cfr.
727 3435 807 3460 supra
825 3434 848 3454 c.
868 3428 893 3453 5.
912 3435 939 3454 n.
957 3427 1028 3462 76.)‚
1053 3431 1113 3460 post
1137 3434 1204 3461 quos
1227 3427 1244 3453 1.

1315 823 1581 865 appropinquabit
1611 822 1693 855 enim
1718 830 1850 864 regnum
1875 821 2034 853 caelorum
2051 832 2082 859 »;
2107 824 2138 853 et
2160 825 2197 853 ut
2219 830 2276 853 au-

1315 874 1429 907 diendo
1445 875 1625 914 obedirent,
1643 874 1816 908 secundum
1829 873 1907 906 illud
1925 873 2127 906 Ecclesiastae
2143 876 2275 915 quarto:

1322 940 1337 956 «
1353 928 1479 960 Custodi
1505 927 1614 969 pedem
1640 931 1747 966 tuum,
1772 927 1950 969 ingrediens
1966 926 1996 958 in
2014 926 2142 958 domum
2159 926 2229 965 Dei,
2245 930 2277 966 et

1316 981 1550 1023 appropinqua,
1576 984 1612 1013 ut
1635 981 1753 1013 audias.
1779 980 1876 1013 Multo
1899 980 1981 1012 enim
2007 979 2119 1012 melior
2139 982 2187 1012 est
2202 979 2275 1012 obe-

1315 1033 1432 1066 dientia
1454 1043 1549 1076 quam
1574 1034 1745 1067 stultorum
1770 1033 1914 1066 victimae
1930 1046 1961 1065 ».

1405 1087 1434 1119 [ι.
1460 1087 1561 1128 (Vers.
1587 1089 1642 1127 2.).
1668 1086 1810 1120 Secundo
1841 1089 1994 1128 quantum
2027 1085 2066 1118 ad
2094 1085 2441 1143 expressio-ssffggffiiocffi

1316 1149 1390 1172 nem
1414 1140 1595 1182 impietatis
1619 1144 1791 1182 conceptae
1808 1139 1934 1172 subdit:
1954 1140 1995 1171 Et
2009 1138 2277 1172 murmurabant
2290 1145 2374 1170 certae-

1316 1191 1498 1225 Pharisaei
1527 1197 1557 1225 et
1586 1192 1726 1225 scribae.
1759 1192 1988 1224 Murmuratio
2019 1194 2067 1224 est
2097 1191 2272 1231 oblocutio,

1315 1255 1397 1289 quae
1420 1255 1478 1279 nec
1501 1246 1630 1278 omnino
1653 1245 1853 1288 exprimitur,
1871 1254 1927 1278 nec
1951 1244 2080 1277 omnino
2104 1245 2274 1285 reticetur;

1315 1299 1490 1342 Sapientiae
1514 1298 1664 1341 prim0⁸:
1695 1312 1710 1327 «
1727 1298 1818 1331 Auris
1842 1298 1900 1331 zeli
1924 1298 2012 1330 audit
2035 1297 2158 1337 omnia,
2182 1301 2214 1331 et
2230 1301 2277 1331 tu-

1316 1353 1437 1385 multus
1469 1352 1758 1385 murmurationum
1782 1361 1845 1384 non
1869 1351 2090 1384 abscondetur.
2116 1351 2276 1384 Custodite

1315 1415 1390 1448 ergo
1414 1415 1470 1438 vos
1493 1415 1511 1438 a
1535 1405 1806 1444 murmuratione,
1830 1413 1912 1446 quae
1936 1404 2014 1437 nihil
2037 1404 2183 1446 prodest,
2207 1407 2239 1437 et
2257 1413 2277 1436 a

1314 1459 1506 1492 detractione
1530 1458 1648 1501 parcite
1672 1458 1815 1500 linguae,
1839 1458 1914 1500 quia
1936 1467 2042 1491 sermo
2065 1457 2222 1490 obscurus
2244 1457 2275 1490 in

1315 1521 1450 1545 vacuum
1475 1522 1537 1544 nou
1562 1512 1665 1545 ibit».
1692 1512 1728 1544 Et
1751 1511 1820 1553 ideo
1837 1511 1958 1553 primae
1974 1510 2013 1543 ad
2029 1510 2208 1544 Corinthios
2222 1510 2276 1544 de-

1315 1566 1414 1599 cimo:
1445 1579 1459 1594 «
1477 1566 1583 1608 Neque
1604 1565 1900 1603 murmuraveritis,
1917 1564 1999 1598 sicut
2014 1564 2142 1607 quidam
2166 1572 2275 1597 eorum

1313 1622 1598 1652 murmuraverunt
1611 1622 1643 1652 et
1655 1618 1820 1661 perierunt
1831 1619 1871 1651 ab
1887 1617 2134 1651 exterminatore
2147 1631 2177 1649 n.
2195 1617 2278 1650 Hanc

1313 1672 1597 1705 murmurationem
1622 1672 1687 1704 odit
1718 1672 1870 1704 Dominus
1901 1671 2056 1709 maxime,
2088 1670 2163 1712 quia
2192 1669 2279 1703 nihil

1311 1726 1462 1768 prodest,
1487 1734 1544 1758 nec
1568 1725 1627 1758 sibi
1651 1734 1708 1758 nec
1732 1725 1895 1767 proxim0;
1920 1724 2118 1757 Threnorum
2137 1723 2275 1756 tertio⁹z

1318 1792 1334 1807 «
1350 1778 1431 1820 Quid
1454 1779 1668 1811 murmuravit
1691 1778 1785 1811 homo
1815 1778 1942 1816 vivens,
1975 1777 2024 1810 vir
2055 1786 2114 1819 pro
2142 1776 2277 1818 peccatis

1314 1832 1380 1864 suis
1396 1835 1431 1864 »?
1466 1832 1556 1874 quasi
1590 1832 1692 1864 dicat:
1723 1831 1863 1870 frustra3
1896 1834 1927 1863 et
1958 1830 2033 1873 quia
2057 1829 2207 1873 procedit
2237 1838 2277 1862 επ

1314 1895 1370 1918 ονε
1393 1881 1559 1927 mali9n0‚
1584 1885 1668 1927 quod
1692 1894 1749 1918 nec
1772 1885 1868 1918 audet
1896 1887 2004 1927 aperte
2035 1892 2188 1926 arguere,
2219 1892 2277 1917 nec

1315 1943 1419 1971 tamen
1451 1941 1553 1980 potest
1584 1938 1687 1971 cordis
1718 1938 1870 1971 malitiam
1900 1937 2069 1971 occultare.
2101 1936 2186 1970 Unde
2217 1937 2277 1970 hoc

1314 1994 1404 2024 sonat
1427 1991 1531 2033 ipsum
1556 1991 1744 2024 vocabulum
1768 2000 2008 2030 murmurare,
2040 1990 2079 2023 de
2110 2000 2174 2033 quo
2201 1990 2276 2024 dicit

1315 2045 1451 2088 Hugutio
1465 2045 1509 2084 ¹⁰,
1534 2044 1619 2087 quod
1642 2044 1757 2078 dicitur
1774 2054 1792 2077 a
1808 2045 1930 2084 mut-io,
1954 2044 2076 2083 mutis,
2092 2044 2181 2087 quasi
2199 2044 2275 2077 velle

1315 2098 1404 2142 loqui
1426 2102 1458 2131 et
1480 2107 1546 2131 non
1578 2098 1712 2131 audere.
1745 2097 1804 2130 Sed
1835 2101 1941 2130 tamen
1971 2097 2075 2130 oritur
2106 2097 2275 2140 aliquando

1313 2161 1352 2184 ex
1368 2151 1583 2194 infirmitate,
1600 2154 1637 2184 ut
1652 2151 1865 2184 Numerorum
1882 2150 2048 2184 undecimo
2063 2151 2104 2183 ¹¹:
2126 2164 2141 2180 κ
2158 2150 2272 2184 Ortum

1312 2207 1360 2238 est
1384 2213 1532 2238 murmur
1556 2204 1682 2247 populi,
1707 2204 1797 2246 quasi
1814 2203 1987 2237 dolentium
2006 2213 2062 2246 pro
2078 2203 2185 2237 labore
2202 2212 2275 2237 con-

1312 2262 1362 2291 tra
1377 2258 1546 2291 Dominum
1560 2257 1772 2300 »;aliq11ando
1784 2267 1824 2289 ex
1837 2257 2032 2300 iynorantia
2044 2261 2072 2289 el
2088 2266 2213 2296 errore,
2227 2265 2275 2290 se-

1312 2312 1452 2345 cundum
1467 2311 1546 2345 illud
1558 2311 1679 2345 loannis
1692 2311 1842 2353 septimo:
1863 2324 1879 2339 α
1893 2311 2038 2343 Murmur
2055 2310 2190 2343 multum
2207 2312 2275 2343 erat

1312 2365 1343 2398 in
1369 2365 1472 2398 turba.
1498 2364 1630 2407 Quidam
1653 2364 1816 2403 dicebant,
1834 2363 1918 2406 quod
1935 2363 2054 2403 bonus;
2078 2363 2130 2396 alii
2147 2366 2273 2397 autem:

1313 2419 1397 2458 Non,
1421 2418 1476 2452 sed
1499 2417 1620 2451 seducit
1644 2417 1764 2451 turbas.
1790 2417 1885 2451 Nemo
1909 2420 2012 2450 tamen
2037 2416 2140 2459 palam
2165 2416 2274 2459 loque-

1311 2471 1468 2505 batur=de
1484 2462 1537 2504 illo
1554 2483 1584 2510 »;
1601 2470 1770 2513 aliquando
1787 2471 1879 2504 etiam
1896 2480 1936 2503 ex
1952 2470 2171 2512 maligynitate,
2182 2469 2271 2502 sicut

1312 2525 1548 2558 Deuteronomii
1583 2524 1687 2567 primo
1701 2524 1748 2556 ¹²:
1787 2537 1802 2553 «
1830 2523 1985 2557 lncreduli
2019 2523 2058 2556 ad
2096 2530 2273 2558 sermonem

1313 2719 1372 2745 Cor.
1394 2719 1439 2751 lo,
1460 2719 1502 2744 ⁴0.
1520 2732 1556 2737 —
1574 2718 1698 2750 August,
1718 2718 1833 2743 Enarrat.
1853 2717 1879 2742 in
1898 2718 1939 2743 Ps.
1963 2718 2019 2743 132.
2039 2724 2065 2743 n.
2091 2717 2141 2743 1l2:
2160 2717 2275 2742 Murmu-

1313 2766 1413 2788 ratores
1432 2769 1524 2788 omnes
1543 2762 1683 2793 magnifice
1701 2761 1824 2793 descripti
1844 2764 1905 2787 sunt
1922 2761 2039 2794 quodam
2061 2762 2117 2787 loco
2131 2761 2274 2793 Scriptura-

1313 2814 1372 2832 rum
1393 2807 1480 2839 [Eccli.
1500 2807 1548 2837 33,
1568 2805 1622 2839 5.]:
1643 2804 1807 2832 Praecorclia
1825 2804 1897 2839 fatui
1918 2805 1990 2832 sicut
2013 2807 2075 2832 rota
2100 2805 2183 2832 carri.
2204 2805 2273 2838 Quid

1312 2854 1368 2876 est:
1388 2850 1541 2876 Praecordia
1561 2850 1622 2876 fatui
1642 2849 1709 2876 sicut
1727 2853 1783 2875 rota
1802 2849 1891 2875 carri?
1910 2850 2026 2875 Foeuum
2049 2853 2135 2882 portat
2158 2853 2184 2875 et
2203 2857 2274 2876 mur-

1313 2899 1407 2920 murat.
1428 2895 1483 2920 Non
1503 2895 1572 2920 enim
1593 2897 1679 2927 potest
1697 2897 1752 2920 rota
1772 2894 1839 2920 carri
1861 2894 1997 2927 quiescere
2021 2901 2034 2920 a
2061 2901 2207 2920 murmure.
2232 2894 2275 2920 Sic

1312 2943 1372 2965 sunt
1392 2940 1464 2965 multi
1484 2940 1589 2970 fratres,
1609 2946 1661 2965 non
1681 2938 1798 2965 habitant
1817 2939 1842 2964 in
1861 2946 1943 2964 unum
1963 2937 2012 2965 nisi
2030 2946 2141 2971 corpore
2159 2943 2208 2965 etc.

1382 2981 1393 2996 ⁹
1414 2983 1487 3009 Vers.
1507 2984 1551 3009 39.
1564 2997 1598 3018 -Ι-
1611 2984 1677 3009 lnsra
1697 2983 1754 3009 Vnt.
1774 2990 1810 3009 ex
1829 2982 1909 3010 corde
1927 2982 2064 3017 maliyno,
2085 2982 2150 3017 quia
2168 2990 2224 3010 nec.

1383 3026 1405 3042 ¹⁰
1424 3028 1483 3061 Vel,
1498 3032 1525 3054 ut
1539 3028 1653 3055 nonnulli
1671 3028 1749 3054 codd.
1770 3028 1800 3060 (B
1810 3028 1842 3060 G)
1862 3027 1994 3060 scribunt,
2013 3027 2158 3061 Huquitio,
2172 3027 2206 3053 de
2219 3034 2274 3060 quo

1313 3074 1358 3098 cfr.
1378 3076 1441 3099 tom.
1455 3073 1471 3099 l.
1485 3073 1632 3105 Prolegom.
1646 3080 1708 3105 pag.
1723 3073 1855 3099 LXXXV.
1869 3080 1895 3099 n.
1908 3073 1951 3098 66.
1965 3075 1990 3098 et
2003 3075 2066 3098 tom.
2079 3072 2121 3098 lV.
2135 3079 2197 3104 pag.
2211 3073 2274 3104 825,

1311 3120 1370 3143 nota
1401 3118 1427 3143 9.
1447 3131 1484 3137 -
1502 3118 1530 3143 B.
1558 3117 1655 3143 Albert.
1681 3117 1707 3143 in
1732 3117 1794 3143 Luc.
1821 3118 1868 3148 49,
1893 3118 1927 3143 7:
1953 3116 2081 3143 Murmur
2112 3123 2209 3143 nomen
2233 3119 2273 3143 est

1311 3162 1430 3188 flctitium
1461 3162 1550 3195 (aliasz
1579 3162 1669 3188 ssctum
1689 3169 1703 3187 a
1722 3168 1803 3194 sono;
1828 3163 1874 3187 cfr.
1899 3161 2063 3194 Quintilian„
2083 3161 2145 3187 Vlll.
2164 3161 2280 3187 institut..

1311 3210 1375 3232 orat.
1394 3214 1417 3232 c.
1437 3207 1489 3239 6.);
1508 3207 1570 3239 quia
1589 3207 1634 3239 qui
1655 3210 1802 3232 murmurat
1821 3213 1942 3232 murmur
1962 3206 1986 3231 iu
2005 3205 2114 3232 auribus
2126 3209 2202 3232 sonat
2220 3205 2272 3232 sub

1310 3250 1410 3275 silentio
1421 3260 1427 3281 ς
1447 3253 1473 3275 et
1491 3253 1551 3276 sunt
1569 3253 1777 3275 murmuratores
1789 3249 1889 3275 occulte
1902 3249 1953 3275 sub
1966 3249 2083 3275 susurrio
2095 3249 2273 3276 detrahentes.

1309 3307 1346 3314 —-
1359 3294 1414 3320 Vat.
1429 3294 1523 3320 omittit
1535 3293 1567 3320 de
1580 3300 1632 3328 quo
1645 3293 1709 3321 dicit
1721 3293 1855 3327 Huqutio,
1869 3296 1895 3319 et
1908 3293 2014 3320 inferius
2028 3297 2088 3326 post
2103 3300 2158 3321 non
2170 3293 2273 3320 audere

1311 3337 1384 3365 addit
1402 3338 1492 3372 fateri.

1382 3382 1402 3397 ¹²
1423 3383 1497 3409 Vere.
1518 3383 1541 3408 l.
1559 3396 1596 3402 —
1614 3381 1732 3409 Subinde
1751 3374 1876 3414 allegatur
1896 3383 1964 3409 loau.
1983 3383 2015 3416 7,
2036 3383 2078 3409 l2.
2097 3389 2151 3416 seq.

1381 3425 1402 3441 ¹²
1423 3427 1496 3453 Vers.
1517 3427 1560 3453 26.
1579 3430 1605 3452 et
1624 3426 1666 3464 27.
1985 3438 1987 3440 ·

2313 1939 2370 1968 Quid
2384 1940 2412 1961 sit

2290 1972 2435 1989 murmurare.
