2476 3921
205 566 281 586 Aliter.

205 724 281 746 Aliter.

150 1306 281 1331 interrogant

159 1332 282 1353 cavillantes

160 1359 255 1380 dubium.

152 1625 281 1647 Notandum.

158 2513 199 2534 Res
216 2513 275 2534 ousio

147 2540 190 2561 veri
208 2540 240 2561 ica
250 2545 288 2566 pei·

147 2570 237 2592 quatuor
252 2566 287 2587 de-

174 2593 260 2619 scripta.

306 257 369 289 514

303 348 413 381 diebus
436 350 498 385 est,
523 346 645 379 steriles
668 354 686 377 a
709 344 791 377 bono
814 353 909 386 opere
926 347 1000 376 sunt
1015 357 1047 375 ».
1073 343 1108 376 Hi
1133 347 1265 385 possunt

303 400 429 442 intelligi
456 408 511 442 per
534 403 654 441 septem
677 398 767 430 viros
793 397 919 436 Sarae,
937 397 975 430 de
998 397 1115 439 quibus
1147 396 1264 429 dicitur

303 455 416 487 Tobiae
432 453 524 486 tertio
535 454 557 491 ¹,
570 452 653 495 quod
670 451 825 484 interfecti
842 451 972 484 fuerunt
988 460 1006 483 a
1018 450 1191 489 daemonio,
1209 459 1264 482 no—

262 504 264 507 ’
304 509 387 540 mine
409 506 594 545 Asmodaeo;
619 505 694 547 quia
717 504 892 546 Sapientiae
910 503 1002 537 tertio
1017 503 1156 536 dicitur:
1187 516 1203 532 α
1220 503 1264 536 Ab

302 562 410 603 iniquo
426 564 495 593 toro
511 568 617 593 semen
634 557 899 591 exterminabitur
912 570 942 589 ».
953 557 1061 589 -Vel
1077 565 1133 598 per
1144 560 1264 599 septem

303 615 386 647 viros
421 613 640 655 intelliguntur
679 615 797 653 septem
837 610 980 652 capitalia
1015 610 1111 649 vitia,
1147 609 1264 652 quibus

301 668 404 701 anima
428 667 539 706 servit,
563 666 601 699 de
625 665 743 708 quibus
774 665 874 697 Lucae
898 663 1110 697 undecimo2:
1139 676 1155 692 α
1171 664 1264 696 Assu-

302 721 359 753 mit
382 723 501 762 septem
527 719 657 762 spiritus
681 718 848 759 nequiores
872 726 905 750 se
921 730 951 748 n.
974 734 1018 739 -—
1042 716 1097 749 Vel
1121 716 1263 758 quinque

302 783 412 807 sensus
435 777 466 806 et
489 773 607 814 duplex
632 771 839 804 consideratio
866 770 1012 808 rationis,
1045 778 1127 811 quae
1150 769 1263 802 intelli-

301 831 421 869 guntur
444 835 501 868 per
524 825 696 858 mulierem
724 823 966 865 septemviram;
998 822 1037 855 de
1060 831 1124 864 qua
1146 821 1263 854 dicitur

302 880 423 913 loannis
453 878 610 922 quarto³z
640 891 655 906 «
672 878 755 910 Voca
787 877 890 909 virum
920 879 1011 909 tuum
1032 889 1062 907 ι).
1088 875 1147 917 Qui
1180 875 1263 908 enim

302 934 428 967 subiicit
451 942 484 966 se
515 932 660 965 sensibus
691 930 795 963 carnis
819 930 958 962 fructum
991 938 1053 961 non
1078 929 1178 971 parit;
1211 928 1263 961 Iob

303 988 450 1029 vigesimo
473 989 604 1028 quarto:
635 997 650 1013 α
668 984 753 1017 Pavit
770 983 923 1022 sterilem,
940 992 1022 1024 quae
1038 991 1101 1015 non
1118 982 1216 1024 parit,
1232 984 1263 1014 et

301 1041 413 1073 viduae
437 1049 499 1072 non
523 1039 602 1071 bene
625 1038 698 1070 fecit
715 1050 750 1076 »;
775 1037 865 1079 quia,
890 1036 971 1069 sicut
994 1035 1112 1068 dicitur
1143 1035 1182 1067 ad
1205 1034 1263 1067 Ga-

301 1095 378 1126 latas
402 1096 507 1130 sext0‚
537 1105 551 1120 α
569 1091 623 1133 qui
649 1090 782 1124 seminat
806 1090 836 1121 ιιι
860 1098 956 1122 carne
979 1088 1017 1121 de
1033 1097 1129 1121 earne
1152 1091 1183 1120 et
1198 1096 1263 1120 me-

301 1150 345 1179 tet
384 1145 619 1186 corruptionem
644 1155 681 1181 »;
717 1146 747 1175 et
786 1142 906 1184 primae
942 1141 1064 1173 Ioannis
1103 1139 1262 1173 secundo:

307 1212 321 1227 α
339 1198 463 1231 Transit
487 1196 636 1229 mundus·
653 1199 684 1227 et
708 1194 960 1236 concupiscentia
983 1193 1052 1225 eins
1066 1206 1098 1225 n.
1248 1230 1250 1232 ¹

390 1251 442 1283 39.
468 1250 569 1290 (Vers.
595 1248 672 1288 33).
698 1248 817 1289 Quarto
841 1249 995 1288 quantum
1017 1245 1056 1278 ad
1080 1244 1263 1282 cavillatio-

300 1314 372 1337 nem
405 1303 679 1336 Sadducaeorum
711 1299 992 1342 interroyantium
1023 1298 1164 1331 dubium
1188 1298 1264 1331 sub-

301 1358 404 1390 ditur:
440 1357 481 1389 In
515 1355 756 1387 resurrectione
779 1354 887 1396 er904
915 1352 1013 1385 cuius
1048 1361 1165 1385 corum
1199 1352 1264 1384 erit

303 1409 413 1443 uxor?
438 1409 606 1452 Siquidem
637 1411 757 1450 septem
786 1405 976 1439 habuerunt
999 1415 1073 1438 eam
1102 1415 1260 1444 uxorem,

300 1464 388 1507 quasi
420 1463 541 1496 dicant:
566 1471 628 1494 non
661 1461 759 1503 magis
783 1463 830 1493 est
860 1460 956 1493 unius
987 1468 1083 1501 quam
1111 1459 1260 1492 alterius:

301 1527 376 1560 ergo
392 1521 447 1550 aut
464 1516 625 1549 habebunt
648 1524 770 1554 omnes,
787 1517 842 1547 aut
858 1514 974 1546 nullus.
997 1513 1026 1545 Si
1043 1522 1119 1555 ergo
1136 1516 1261 1546 utrum-

302 1581 363 1614 que
387 1575 434 1604 est
458 1569 694 1608 inconveniens,
718 1572 828 1602 contra
851 1568 962 1610 Legem
990 1570 1038 1600 est
1069 1575 1187 1608 ponere
1211 1575 1261 1599 re-

302 1625 540 1658 surrectionem.
559 1642 602 1647 --
619 1623 665 1655 Ex
682 1632 746 1665 quo
762 1624 909 1664 apparet,
927 1620 1011 1663 quod
1034 1620 1085 1653 isti
1110 1620 1261 1653 errabant

303 1679 386 1711 circa
420 1677 685 1710 resurrectionem
720 1678 850 1717 propter
885 1674 1043 1707 carnalem
1067 1673 1261 1706 intellectum

302 1731 474 1773 spiritualis
493 1729 674 1770 Scripturae
690 1732 721 1761 et
745 1728 917 1770 spiritualis
933 1727 1068 1769 gloriae;
1093 1726 1177 1759 unde
1193 1736 1262 1760 car-

302 1784 381 1816 nalis
415 1781 618 1823 intelligentia
649 1784 756 1819 necat,
788 1780 864 1812 dum
896 1780 1076 1821 spirituales
1111 1779 1263 1821 depravat

302 1836 495 1879 Scripturas;
514 1838 642 1877 propter
666 1833 751 1876 quod
767 1832 923 1866 secundae
946 1832 985 1865 ad
1004 1832 1182 1866 Corinthios
1198 1836 1262 1866 ter-

302 1891 344 1923 tio
356 1890 383 1922 ⁵:
407 1902 422 1917 «
436 1889 552 1921 Littera
574 1887 701 1926 occidit,
719 1887 849 1929 spiritus
872 1889 978 1919 autem
996 1886 1174 1919 vivificat».
1193 1886 1263 1920 ideo

301 1943 421 1977 loannis
445 1946 550 1976 sexto:
572 1955 588 1971 «κ
605 1941 722 1981 Verba,
739 1949 820 1983 quae
844 1941 969 1973 locutus
986 1948 1055 1973 sum
1081 1939 1183 1979 vobis,
1200 1940 1263 1982 spi-

300 1998 380 2030 ritus
404 2001 435 2030 et
459 1996 522 2029 vita
545 1998 620 2028 sunt
636 2007 671 2033 »;
696 1998 825 2037 propter
842 1994 927 2037 quod
951 1993 1072 2036 primae
1095 1993 1133 2026 ad
1154 1993 1262 2027 Corin-

300 2050 382 2084 thios
405 2049 526 2083 decimo
542 2049 671 2091 quinto:
693 2061 708 2077 «
725 2048 787 2081 Hoc
810 2051 917 2080 autem
940 2046 1024 2085 dico,
1042 2046 1117 2088 quia
1141 2055 1215 2079 caro
1232 2050 1264 2079 et

300 2104 426 2146 sanguis
459 2111 591 2145 regnum
623 2101 678 2134 Dei
710 2110 772 2134 non
804 2099 1028 2143 possidebunt,
1058 2108 1162 2142 neque
1193 2109 1263 2133 cor-

300 2156 406 2199 ruptio
436 2154 705 2197 incorruptionem
722 2167 738 2183 »
753 2180 761 2194 ,
785 2153 817 2186 id
848 2156 906 2192 est,
935 2152 989 2195 qui
1021 2153 1190 2186 carnaliter
1214 2162 1263 2186 sa-

301 2210 400 2252 piunt.
426 2209 461 2242 Et
485 2209 563 2241 tales
586 2212 676 2241 erant
699 2208 732 2241 hi
756 2206 942 2246 Sadducaei,
967 2206 1038 2249 qui,
1062 2216 1124 2239 non
1149 2206 1263 2240 intelli-

300 2266 407 2305 gentes
430 2262 624 2295 nobilitatem
648 2261 778 2303 spiritus
802 2260 963 2293 rationalis
987 2269 1044 2293 nec
1067 2260 1262 2293 intellectum

300 2316 481 2358 scripturae
505 2314 679 2357 spiritualis
702 2323 759 2347 nec
783 2316 969 2355 potestatem
985 2313 1041 2346 Dei
1065 2313 1262 2355 omnipoten—

301 2370 354 2408 tis,
379 2378 442 2402 non
458 2369 611 2411 putabant
635 2367 900 2401 resurrectionem
916 2367 1068 2399 futuram.
1093 2366 1164 2400 ideo
1186 2366 1262 2399 dici-

302 2426 354 2455 tur
379 2422 524 2455 Matthaei
549 2421 699 2464 vigesimo
715 2420 896 2454 seciindo⁶:
927 2433 942 2449 «
959 2420 1096 2460 Erratis,
1121 2420 1262 2454 nescien-

302 2479 349 2508 tes
372 2476 568 2517 Scripturam
591 2483 695 2516 neque
718 2474 869 2507 virtutem
895 2474 996 2507 Dei».

390 2528 443 2560 ltO.
470 2528 570 2569 (Vers.
596 2527 673 2568 34).
703 2528 740 2559 Et
763 2527 812 2559 ait
835 2527 901 2560 illis
925 2527 1017 2559 Iesus
1033 2530 1092 2560 etc.
1118 2527 1190 2560 Post
1214 2526 1261 2559 in-

302 2581 501 2624 quisitionem
537 2589 702 2613 erroneam
738 2580 900 2622 subiungit
936 2580 987 2613 hic
1017 2580 1262 2622 responsionem

303 2753 448 2780 secundum
462 2753 559 2779 Bedam
569 2772 575 2783 ,
594 2752 641 2785 qui
660 2753 777 2785 sequitur
791 2753 908 2784 Hieron„
923 2753 958 2779 lll.
973 2753 1121 2780 Comment.
1135 2755 1160 2780 in
1174 2755 1260 2780 Mattii.

305 2799 351 2828 22,
371 2797 413 2823 24.
433 2804 519 2830 seqq.;
540 2797 648 2823 dicitur:
668 2797 754 2822 Potest
773 2800 860 2822 autem
881 2797 950 2829 fleri,
971 2801 998 2822 ut
1019 2798 1043 2823 in
1068 2802 1145 2830 gente
1165 2806 1258 2825 eorum

304 2843 353 2868 hoc
372 2841 513 2874 aliquando
532 2841 663 2867 acciderit.

375 2884 384 2899 ²
405 2885 478 2910 Vers.
499 2885 523 2910 8.
543 2892 599 2918 seq.
619 2888 678 2917 post
697 2892 776 2917 quem
798 2885 859 2917 Sap.
879 2886 909 2915 3,
932 2885 973 2910 46.

374 2928 384 2943 ¹
406 2929 480 2955 Vers.
505 2930 548 2954 26.
566 2943 601 2948 —
620 2930 669 2955 Pro
689 2928 785 2963 quibus
804 2928 897 2955 anima
915 2929 998 2956 servit
1012 2930 1071 2955 Vat.
1089 2929 1186 2964 quibus
1202 2937 1262 2964 pcc-

304 2975 379 3000 cator
392 2972 481 3000 servit.

374 3016 384 3031 ²³
405 3018 480 3043 Vers.
500 3018 546 3049 lt3;
566 3018 612 3043 cfr.
632 3018 657 3043 S.
671 3018 784 3049 Bonav.,
804 3017 949 3043 Comment.
963 3018 987 3043 in
1007 3019 1076 3043 loan.
1094 3025 1117 3044 c.
1132 3017 1156 3043 t.
1171 3025 1194 3043 n.
1216 3018 1262 3050 33,

304 3061 349 3087 ubi
368 3068 436 3094 quae
455 3061 495 3087 hic
515 3064 712 3094 proponuntur,
731 3061 812 3088 fusius
831 3062 991 3094 explicantur
1011 3061 1125 3096 (dupleoe
1147 3062 1262 3089 conside-

303 3105 374 3132 ratio
393 3105 517 3138 rationis,
538 3106 556 3131 i.
573 3113 596 3131 e.
615 3105 714 3132 mulier·
733 3109 772 3132 est
790 3113 852 3138 pars
871 3106 979 3132 inferior
991 3106 1112 3139 radonis,
1132 3106 1202 3133 vir...
1224 3109 1263 3132 cst

303 3156 364 3182 pars
391 3150 512 3182 superior
540 3150 610 3183 etc.).
634 3163 670 3169 —
695 3149 813 3176 Subinde
834 3151 978 3182 allegantur
1007 3150 1052 3176 lob
1068 3150 1119 3182 ⁴24,
1139 3151 1187 3182 2¹3
1207 3151 1263 3176 Gal.

304 3194 334 3225 6,
354 3194 379 3219 8.
398 3197 424 3219 et
443 3194 459 3219 l.
479 3194 546 3219 loan.
567 3195 598 3226 2,
618 3194 659 3219 47.
672 3207 708 3213 —
721 3194 848 3226 Superius
860 3201 909 3226 pro
922 3201 991 3229 quae
1010 3194 1199 3228 inteltiquntw·
1217 3194 1262 3228 [ita

303 3236 322 3264 C
336 3236 371 3271 D]
392 3237 449 3263 Vat.
468 3236 515 3270 qui
533 3236 732 3271 intellipuntur,
752 3240 777 3264 et
789 3245 838 3270 pro
850 3237 993 3265 mulierem
1009 3237 1216 3272 septemviram,·
1231 3237 1263 3264 de

302 3276 358 3316 ἶμια
378 3282 436 3308 Vnt.
452 3283 479 3309 et
499 3281 616 3316 quinque
634 3282 707 3308 viros
721 3281 793 3314 eius,
807 3281 838 3309 de
850 3281 955 3316 quibus.
969 3283 1029 3309 Post
1042 3281 1154 3315 dicitur,
1167 3286 1195 3309 ut
1207 3289 1263 3308 sen-

304 3333 349 3352 sus
364 3329 434 3351 recte
450 3326 620 3358 percipiatur,
637 3326 742 3352 videtur
758 3326 936 3358 supplendum
952 3333 1023 3352 esse:
1040 3326 1118 3352 simili
1131 3326 1212 3352 modo
1227 3329 1262 3352 ut.

374 3368 385 3384 ⁴
404 3369 488 3396 Codd.
506 3369 525 3396 C
536 3370 557 3395 D
568 3370 589 3395 H
607 3369 708 3396 addunt
725 3376 820 3396 eorum
840 3369 898 3403 (etr.
916 3370 944 3396 B.
963 3369 1086 3404 Albert.),
1105 3372 1131 3396 et
1149 3369 1271 3396 subinde

304 3421 352 3446 pro
371 3413 448 3441 cuius
467 3421 562 3441 eorum
581 3414 603 3440 D
621 3413 754 3440 substituit
772 3414 850 3441 cuius
869 3413 976 3441 horum.

887 255 1082 287 COMMENT.
1109 255 1146 288 IN
1169 254 1409 288 EVANGELIUM
1434 255 1551 288 LUCAE
1575 255 1606 287 C.
1632 255 1694 287 XX.

1328 343 1511 376 veridicam
1525 343 1547 375 ⁷.
1565 343 1655 376 Circa
1677 352 1772 385 quam
1790 342 2037 376 introducuntur
2061 347 2215 386 quatuor,
2232 344 2292 377 sci-

1330 396 1400 429 licet
1423 396 1575 429 veritatis
1598 396 1757 434 assertio,
1790 395 1985 429 assertionis
2009 396 2115 435 ratio,
2147 397 2291 429 rationis

1328 449 1538 491 confirmatio
1561 452 1593 482 et
1615 448 1882 491 confirmationis
1905 448 2067 481 laudatio.

1418 502 1520 534 Primo
1544 505 1699 544 quantum
1723 501 1762 534 ad
1794 501 1943 534 veritatis
1966 501 2181 535 assertionem
2201 502 2290 535 dicit:

1330 557 1369 588 Et
1392 556 1442 588 ait
1476 555 1543 588 illis
1566 556 1679 588 Iesus:
1705 554 1787 588 Filii
1809 554 1911 587 ltuius
1946 555 2074 588 saeculi
2099 555 2230 588 nubunt
2263 559 2294 588 et

1328 610 1516 642 traduntur
1531 609 1577 641 ad
1593 609 1747 652 nuptias,
1765 612 1894 651 propter
1911 607 2098 641 habendam
2113 609 2292 642 successio-

1327 673 1414 702 nem,
1433 663 1515 696 sicut
1538 663 1653 696 Tobiae
1668 666 1779 696 octavo
1791 662 1825 694 ⁸:
1845 675 1860 691 a
1876 663 1935 701 Tu,
1953 663 2100 702 Domine,
2124 663 2200 702 scis,
2217 662 2292 705 quia

1328 726 1390 749 non
1409 717 1557 750 luxuriae
1573 725 1669 749 causa
1691 716 1810 758 accipio
1826 725 1968 749 sororem
1984 725 2086 749 meam
2111 716 2291 758 coniugem,

1328 769 1382 802 sed
1406 769 1472 802 sola
1503 769 1696 811 posteritatis
1723 768 1904 807 dilectione,
1928 768 1960 801 ιιι
1993 777 2057 810 qua
2086 761 2292 802 benedIcatur

1327 826 1442 856 nom'en
1466 827 1557 856 tuum
1575 823 1607 855 in
1631 822 1757 856 saecula
1773 822 1973 856 saeculorum
1991 835 2021 854 ».
2047 822 2083 855 Et
2099 823 2159 855 hoc
2182 821 2292 855 matri-
2310 842 2311 845 =

1328 877 1483 916 monium,
1508 877 1580 910 licet
1603 880 1708 919 posset
1723 885 1792 910 esse
1815 876 1958 909 virorum
1983 876 2212 918 spiritualium,
2229 885 2291 921 non

1327 934 1375 962 est
1399 933 1502 962 tamen
1526 930 1584 962 nisi
1618 930 1648 962 in
1682 939 1776 963 carne
1800 929 1993 969 viventium;
2018 929 2103 962 unde
2132 928 2197 970 filii
2218 938 2291 962 sae-

1327 982 1396 1014 culi
1418 992 1480 1014 non
1505 986 1595 1015 sonat
1618 983 1648 1015 in
1674 982 1796 1015 vitium.
1822 982 1878 1015 Alii
1903 992 1979 1015 vero
2010 982 2137 1015 nubunt
2160 985 2290 1024 propter

1327 1035 1434 1068 solam
1458 1035 1679 1068 delectationis
1702 1036 1926 1078 expletionem,
1952 1035 1991 1068 de
2022 1035 2140 1078 quibus
2162 1035 2291 1069 Genesis

1328 1092 1419 1121 sexto
1433 1089 1463 1121 ⁹:
1494 1102 1509 1117 «
1526 1089 1673 1121 Videntes
1690 1089 1744 1121 filii
1762 1089 1817 1122 Dei
1842 1089 1922 1122 filias
1938 1089 2119 1128 hominum,
2143 1089 2228 1131 quod
2244 1098 2293 1122 es-

1327 1144 1398 1174 sent
1421 1142 1565 1183 pulcrae,
1595 1145 1788 1183 acceperunt
1819 1142 1878 1175 sibi
1910 1151 2031 1175 uxores
2063 1151 2105 1175 ex
2128 1142 2290 1181 omnibus,

1328 1203 1407 1237 quas
1439 1195 1652 1236 elegerant»;
1677 1198 1709 1227 et
1740 1204 1838 1237 supra
1860 1195 1981 1228 decimo
2013 1198 2145 1237 quarto:
2176 1196 2292 1229 «Uxo-

1328 1256 1395 1280 rem
1419 1247 1517 1286 duxi,
1549 1250 1580 1280 et
1604 1247 1673 1280 ideo
1704 1257 1766 1280 non
1799 1256 1928 1290 possum
1959 1248 2115 1281 venire».
2149 1248 2185 1281 Et
2215 1252 2291 1282 tunc

1326 1300 1391 1342 filii
1412 1300 1540 1333 saeculi
1565 1305 1655 1333 sonat
1679 1301 1710 1333 in
1736 1301 1862 1341 vitium,
1890 1302 1973 1335 sicut
1997 1306 2028 1335 et
2055 1311 2153 1344 supra
2171 1302 2292 1336 decimo

1327 1358 1435 1388 sexto:
1465 1367 1481 1383 «
1502 1354 1568 1387 Filii
1597 1354 1694 1387 huius
1718 1355 1834 1388 saeculi
1866 1355 2087 1397 prudentiores
2114 1358 2199 1397 sunt¹
2219 1355 2292 1389 filiis

1325 1408 1406 1442 lucis
1423 1422 1439 1437 »
1467 1411 1525 1441 etc.
1551 1408 1587 1440 Et
1622 1408 1654 1441 hi
1686 1412 1760 1441 sunt
1782 1408 1847 1450 filii
1869 1408 2027 1448 ancillae,
2051 1408 2090 1442 de
2113 1409 2230 1451 quibus
2253 1409 2292 1442 ad

1325 1462 1448 1495 Galatas
1472 1466 1604 1504 quarto:
1634 1475 1649 1491 α
1667 1462 1733 1495 Νοιι
1757 1462 1852 1495 heres
1875 1462 1935 1495 erit
1956 1462 2040 1495 filius
2063 1462 2195 1496 ancillae
2218 1471 2291 1496 cum

1325 1515 1391 1548 filio
1415 1515 1532 1549 liberae
1548 1529 1582 1554 ».,
1605 1515 1662 1548 Sed
1687 1519 1838 1549 neutrum
1864 1516 1979 1549 horum
2003 1516 2064 1548 erit
2086 1515 2119 1548 in
2146 1524 2291 1549 resurre-

1326 1569 1501 1608 ctionibus,
1526 1578 1584 1602 nec
1607 1569 1765 1602 successio
1788 1578 1845 1602 nec
1869 1569 2004 1602 carnalis
2027 1569 2202 1602 delectatio.

1415 1622 1468 1654 [ιι.
1501 1622 1603 1664 (Vers.
1636 1622 1713 1663 352).
1751 1622 1820 1655 Ideo
1855 1622 1982 1655 subdit:
2012 1622 2068 1655 Illi
2100 1632 2196 1661 vero,
2232 1622 2292 1666 qui

1325 1676 1422 1718 digni
1444 1674 1654 1708 habebuntur
1667 1675 1695 1694 ¹⁰
1717 1675 1849 1708 saeculo
1870 1675 1925 1708 illo
1941 1679 1970 1708 et
1986 1676 2227 1708 resurrectione
2250 1685 2290 1708 ea:

1325 1729 1485 1768 mortuis,
1509 1738 1611 1772 neque
1634 1728 1757 1761 nubent
1776 1738 1879 1772 neque
1894 1729 2014 1762 ducent
2030 1738 2172 1767 uxores;
2189 1737 2291 1772 neque

1325 1782 1467 1821 nubent,
1492 1782 1648 1824 quantum
1665 1782 1704 1815 ad
1719 1782 1868 1822 feminas,
1893 1792 1995 1826 neque
2011 1782 2130 1815 ducent
2145 1791 2289 1820 uxores,

1326 1839 1481 1878 quantum
1498 1835 1536 1868 ad
1554 1835 1648 1868 viros.
1673 1835 1800 1878 Diynos
1816 1836 2057 1868 resurrectione
2073 1839 2163 1868 vocat
2180 1835 2289 1868 iustos.
2306 1824 2443 1889 fffflgssgffiss

1328 1888 1483 1930 Loquitur
1506 1887 1589 1921 enim
1614 1887 1665 1921 hic
1688 1888 1865 1930 specialiter
1881 1888 1920 1921 de
1943 1887 2177 1921 resurrectione
2192 1887 2291 1920 iusto-

1327 1951 1416 1980 rum,
1440 1941 1495 1984 qui
1519 1950 1582 1974 non
1607 1944 1728 1974 tantum
1757 1945 1943 1984 resurgent,
1968 1950 2079 1974 verum
2111 1941 2205 1974 etiam
2233 1941 2291 1974 im-

1327 1995 1549 2034 mutabuntur,
1573 1995 1746 2028 secundum
1763 1995 1842 2028 illud
1857 1995 1978 2037 primae
1993 1994 2032 2027 ad
2045 1994 2223 2028 Corinthios
2238 1995 2291 2028 de-

1327 2048 1408 2081 cimo
1424 2048 1536 2091 quinto
1550 2049 1590 2080 ¹¹:
1613 2061 1629 2078 a
1645 2048 1761 2081 Omnes
1778 2048 1905 2091 quidem
1923 2056 2141 2090 resurgemus,
2159 2047 2212 2081 sed
2229 2057 2290 2081 non

1327 2111 1437 2135 omnes
1460 2102 1702 2135 immutabimur
1719 2115 1749 2134 ι).
1779 2115 1795 2131 α
1811 2102 1907 2135 Canet
1927 2101 2010 2135 enim
2035 2101 2126 2141 tuba,
2151 2105 2183 2134 et
2205 2110 2290 2134 mor-

1327 2155 1373 2189 tui
1398 2159 1567 2198 resurgent
1598 2155 1821 2198 incorrupti».
1847 2155 1932 2188 Licet
1955 2155 2052 2197 igitur
2084 2154 2157 2188 mali
2181 2164 2290 2188 resur-

1326 2212 1401 2251 gant
1417 2218 1490 2242 cum
1506 2209 1611 2251 bonis,
1636 2209 1718 2242 sicut
1733 2209 1849 2242 dicitur
1874 2208 1996 2241 loannis
2012 2207 2123 2250 quinto
2136 2208 2177 2240 ¹²³:
2199 2220 2215 2237 α
2232 2208 2290 2241 Ve-

1326 2262 1373 2294 nit
1396 2262 1491 2301 hora,
1516 2262 1548 2295 in
1579 2272 1644 2305 qua
1666 2271 1790 2302 omnes,
1819 2261 1875 2304 qui
1904 2261 1937 2294 iu
1960 2261 2173 2294 monumentis
2196 2264 2288 2301 sunt,

1328 2315 1458 2348 audient
1481 2324 1588 2349 vocem
1613 2315 1678 2348 Filii
1702 2315 1758 2348 Dei
1775 2327 1810 2354 »3
1835 2318 1940 2347 tamen
1963 2314 2002 2347 de
2033 2314 2123 2347 bonis
2146 2314 2288 2357 speciali-

1327 2371 1375 2401 ter
1399 2368 1556 2411 loquitur‚
1580 2368 1747 2411 quierunt
1769 2367 1880 2401 elevati
1905 2376 2003 2409 supra
2020 2370 2195 2410 tempuset
2211 2371 2290 2401 tem-

1326 2421 1450 2463 porales
1475 2425 1598 2461 motus,
1630 2431 1666 2454 ac
1689 2430 1746 2464 per
1769 2421 1830 2454 hoc
1861 2424 1893 2454 et
1916 2429 2014 2463 supra
2043 2420 2225 2464 coniugium
2258 2424 2290 2454 et

1326 2483 1451 2507 omnem
1475 2475 1632 2508 carnalem
1656 2477 1773 2507 actum.

1416 2528 1469 2561 42.
1503 2528 1606 2569 (Vers.
1635 2528 1711 2569 36.).
1746 2527 1888 2561 Secundo
1916 2531 2070 2570 quantum
2105 2527 2144 2560 ad
2179 2537 2289 2561 asser-

1327 2581 1425 2614 tionis
1460 2581 1625 2615 rationem
1653 2581 1776 2615 subdit:
1809 2580 1918 2625 Neque
1949 2581 2035 2614 enim
2071 2581 2164 2614 ultra
2200 2581 2288 2614 mori

1396 2754 1407 2769 Β
1427 2756 1501 2781 Vers.
1522 2756 1545 2780 6.
1566 2769 1600 2774 —
1619 2756 1676 2781 Duo
1695 2762 1769 2788 seqq.
1789 2755 1838 2781 loci
1861 2758 1921 2780 sunt
1940 2756 2009 2781 ioan.
2031 2753 2128 2788 estet.
2151 2759 2177 2781 et
2196 2755 2213 2781 l.
2227 2755 2285 2782 Cor.

1328 2799 1375 2830 15,
1404 2800 1451 2830 50,
1480 2798 1523 2825 ubi
1553 2807 1601 2831 pro
1630 2799 1862 2832 incorruptionem
1893 2800 1948 2825 Vat.
1971 2807 2031 2826 cum
2063 2800 2173 2831 Vulgata
2203 2799 2288 2826 incor-

1326 2843 1472 2877 ruptelam.

1397 2886 1408 2901 ⁰
1429 2887 1503 2913 Vers.
1524 2888 1566 2913 29.

1398 2930 1407 2945 ⁷
1427 2931 1478 2957 Csr.
1498 2938 1578 2963 supra
1598 2939 1622 2957 ιι.
1643 2931 1685 2957 34.
2134 2931 2145 2946 ⁸
2165 2932 2240 2958 Vers.
2260 2933 2285 2958 9.

1397 2974 1408 2989 ⁹
1428 2975 1501 3000 Vers.
1523 2976 1546 3000 2.
1561 2990 1594 2994 —
1609 2976 1759 3008 Sequuntur
1779 2976 1841 3002 Luc.
1857 2975 1903 3007 it,
1923 2977 1966 3002 20.
1979 2980 2004 3002 et
2020 2976 2064 3007 16,
2079 2977 2107 3008 8;
2121 2976 2175 3002 Gal.
2197 2976 2225 3007 4,
2244 2976 2286 3002 30.

1398 3017 1420 3033 ¹⁰
1438 3019 1520 3045 Codd.
1532 3019 1551 3045 C
1563 3019 1583 3044 D
1594 3020 1614 3045 H
1628 3018 1761 3046 habentur
1776 3019 1832 3053 (cfr.
1847 3020 1876 3046 B.
1889 3019 2006 3053 Albam),
2017 3023 2043 3046 et
2052 3019 2164 3046 subinde
2174 3021 2194 3046 Α
2204 3020 2223 3046 C
2235 3020 2256 3046 D
2266 3020 2286 3045 11

1327 3062 1367 3088 bis
1379 3070 1464 3097 neque
1483 3062 1601 3095 nubunt,
1615 3071 1700 3097 neque
1713 3063 1817 3090 ducunt
1829 3070 1941 3091 umores.
1960 3078 1995 3084 —
2012 3065 2133 3102 Hieron„
2153 3064 2190 3090 lli.
2211 3064 2288 3090 Com-

1326 3110 1399 3133 ment
1420 3107 1446 3133 ιιι
1466 3108 1554 3133 Matth.
1570 3109 1616 3139 22,
1637 3108 1685 3133 30:
1699 3108 1787 3134 Latina
1808 3109 1972 3135 consuetudo
1985 3110 2085 3134 Graeco
2105 3108 2222 3134 idiomati
2235 3115 2287 3134 non

1326 3151 1476 3182 respondet.
1500 3150 1608 3177 Nubere
1633 3151 1703 3177 enim
1729 3152 1837 3184 proprie
1863 3152 1986 3178 dicuntur
2018 3152 2156 3185 mulieres,
2185 3156 2209 3178 et
2237 3152 2288 3178 viri

1325 3201 1427 3221 uoeores
1447 3194 1543 3221 ducere
1562 3198 1612 3221 etc.
2180 3228 2184 3231 1

1397 3238 1417 3253 ¹¹
1439 3239 1514 3265 Vers.
1533 3239 1575 3265 5¹.
1595 3242 1621 3265 et
1640 3239 1681 3265 52.
1695 3253 1730 3259 —
1743 3240 1834 3266 Glossa
1853 3239 1997 3267 ordinaria
2017 3239 2058 3273 (ex
2080 3240 2161 3273 Beda)
2182 3240 2206 3266 ιιι
2225 3241 2286 3267 Luc.

1326 3283 1373 3314 20,
1393 3283 1442 3309 35:
1460 3282 1527 3309 Cum
1547 3290 1640 3309 omnes
1665 3283 1728 3309 boni
1746 3288 1772 3310 et
1791 3284 1851 3310 muli
1870 3284 1922 3310 sint
1946 3284 2119 3311 resurrecturi
2143 3288 2168 3310 et
2186 3284 2287 3318 absque

1325 3326 1574 3358 nuptiiswunsuri,
1594 3327 1721 3352 Dominus
1737 3330 1840 3359 tamen,
1859 3331 1888 3353 ut
1900 3327 1934 3353 ad
1953 3326 2071 3361 plor-iam
2090 3327 2287 3354 resurrectionis

1325 3370 1427 3403 incitet,
1446 3370 1479 3396 de
1499 3370 1561 3397 solis
1579 3371 1667 3397 electis
1686 3371 1789 3397 disserit
1807 3374 1857 3397 etc.

1398 3413 1419 3428 ¹²
1439 3410 1514 3440 vers.
1534 3415 1577 3440 28.

2311 510 2415 533 Veritatis
2423 507 2461 534 ass,

2342 537 2415 560 sertio.

2311 616 2370 638 Finis
2384 616 2404 638 1.
2418 623 2450 639 uu-

2324 643 2429 666 beatium.

2309 988 2368 1010 Finis
2381 988 2402 1010 2.

2311 2318 2440 2341 Notandum.
2456 2322 2458 2331 ¹

2307 2531 2438 2554 Assoi-tionis

2343 2558 2405 2581 ratio.
