<?xml version="1.0" encoding="UTF-8"?>
<!DOCTYPE html PUBLIC "-//W3C//DTD XHTML 1.0 Transitional//EN"
    "http://www.w3.org/TR/xhtml1/DTD/xhtml1-transitional.dtd">
<html xmlns="http://www.w3.org/1999/xhtml" xml:lang="en" lang="en">
 <head>
  <title>
</title>
<meta http-equiv="Content-Type" content="text/html;charset=utf-8" />
  <meta name='ocr-system' content='tesseract 3.04.00' />
  <meta name='ocr-capabilities' content='ocr_page ocr_carea ocr_par ocr_line ocrx_word'/>
</head>
<body>
  <div class='ocr_page' id='page_1' title='image "./doctorisseraphic07bona_0756.png"; bbox 0 0 2427 3872; ppageno 0'>
   <div class='ocr_carea' id='block_1_1' title="bbox 337 268 690 338">
    <p class='ocr_par' dir='ltr' id='par_1_1' title="bbox 337 268 690 338">
     <span class='ocr_line' id='line_1_1' title="bbox 337 268 406 301; baseline 0.014 -1"><span class='ocrx_word' id='word_1_1' title='bbox 337 270 357 300; x_wconf 88' lang='lat'><strong>7</strong></span> <span class='ocrx_word' id='word_1_2' title='bbox 364 268 406 301; x_wconf 89' lang='grc'>30</span> 
     </span>
     <span class='ocr_line' id='line_1_2' title="bbox 622 312 690 338; baseline 0 -1"><span class='ocrx_word' id='word_1_3' title='bbox 622 312 690 338; x_wconf 73' lang='lat' dir='ltr'>mm</span> 
     </span>
    </p>
   </div>
   <div class='ocr_carea' id='block_1_2' title="bbox 337 356 978 1053">
    <p class='ocr_par' dir='ltr' id='par_1_2' title="bbox 338 356 978 476">
     <span class='ocr_line' id='line_1_3' title="bbox 391 356 977 388; baseline -0.002 -6"><span class='ocrx_word' id='word_1_4' title='bbox 391 371 427 377; x_wconf 95' lang='lat'><strong>—</strong></span> <span class='ocrx_word' id='word_1_5' title='bbox 446 357 501 382; x_wconf 90' lang='lat' dir='ltr'>eius</span> <span class='ocrx_word' id='word_1_6' title='bbox 520 360 593 388; x_wconf 92' lang='lat' dir='ltr'>pater</span> <span class='ocrx_word' id='word_1_7' title='bbox 619 356 741 388; x_wconf 76' lang='lat' dir='ltr'>impetrat</span> <span class='ocrx_word' id='word_1_8' title='bbox 766 356 903 381; x_wconf 88' lang='lat' dir='ltr'>sanitatem</span> <span class='ocrx_word' id='word_1_9' title='bbox 928 363 977 388; x_wconf 89' lang='lat' dir='ltr'>pro</span> 
     </span>
     <span class='ocr_line' id='line_1_4' title="bbox 339 400 978 432; baseline -0.002 -5"><span class='ocrx_word' id='word_1_10' title='bbox 339 402 391 427; x_wconf 79' lang='lat' dir='ltr'>filio</span> <span class='ocrx_word' id='word_1_11' title='bbox 411 402 453 427; x_wconf 93' lang='lat' dir='ltr'>Vll</span> <span class='ocrx_word' id='word_1_12' title='bbox 473 401 524 426; x_wconf 89' lang='grc'>240</span> <span class='ocrx_word' id='word_1_13' title='bbox 543 400 578 426; x_wconf 90' lang='grc'>73</span> <span class='ocrx_word' id='word_1_14' title='bbox 597 414 632 419; x_wconf 93' lang='grc'><strong>-</strong></span> <span class='ocrx_word' id='word_1_15' title='bbox 652 407 699 432; x_wconf 92' lang='lat' dir='ltr'>per</span> <span class='ocrx_word' id='word_1_16' title='bbox 727 400 807 425; x_wconf 81' lang='lat' dir='ltr'>fldem</span> <span class='ocrx_word' id='word_1_17' title='bbox 832 400 913 432; x_wconf 89' lang='lat' dir='ltr'>patris</span> <span class='ocrx_word' id='word_1_18' title='bbox 932 400 978 426; x_wconf 89' lang='lat' dir='ltr'>du-</span> 
     </span>
     <span class='ocr_line' id='line_1_5' title="bbox 338 443 890 476; baseline -0.005 -4"><span class='ocrx_word' id='word_1_19' title='bbox 338 446 404 472; x_wconf 89' lang='lat' dir='ltr'>citur</span> <span class='ocrx_word' id='word_1_20' title='bbox 423 446 457 471; x_wconf 92' lang='lat' dir='ltr'>ad</span> <span class='ocrx_word' id='word_1_21' title='bbox 475 444 568 471; x_wconf 89' lang='lat' dir='ltr'>Christi</span> <span class='ocrx_word' id='word_1_22' title='bbox 589 443 763 476; x_wconf 68' lang='lat' dir='ltr'><strong>praesentiam</strong></span> <span class='ocrx_word' id='word_1_23' title='bbox 784 444 831 469; x_wconf 88' lang='grc'>241</span> <span class='ocrx_word' id='word_1_24' title='bbox 855 443 890 469; x_wconf 89' lang='grc'>78</span> 
     </span>
    </p>

    <p class='ocr_par' dir='ltr' id='par_1_3' title="bbox 337 489 978 738">
     <span class='ocr_line' id='line_1_6' title="bbox 389 489 976 521; baseline -0.003 -6"><span class='ocrx_word' id='word_1_25' title='bbox 389 505 425 508; x_wconf 91' lang='grc'><strong>-</strong></span> <span class='ocrx_word' id='word_1_26' title='bbox 443 490 541 515; x_wconf 92' lang='lat' dir='ltr'>invitus</span> <span class='ocrx_word' id='word_1_27' title='bbox 559 489 682 514; x_wconf 88' lang='lat' dir='ltr'>veniebat</span> <span class='ocrx_word' id='word_1_28' title='bbox 701 489 735 514; x_wconf 91' lang='lat' dir='ltr'>ad</span> <span class='ocrx_word' id='word_1_29' title='bbox 753 489 838 514; x_wconf 89' lang='lat' dir='ltr'>lucem</span> <span class='ocrx_word' id='word_1_30' title='bbox 852 492 976 521; x_wconf 82' lang='lat' dir='ltr'>tanquam</span> 
     </span>
     <span class='ocr_line' id='line_1_7' title="bbox 338 533 978 571; baseline -0.003 -11"><span class='ocrx_word' id='word_1_31' title='bbox 338 535 405 560; x_wconf 89' lang='lat' dir='ltr'>male</span> <span class='ocrx_word' id='word_1_32' title='bbox 423 541 505 571; x_wconf 83' lang='lat' dir='ltr'>agens</span> <span class='ocrx_word' id='word_1_33' title='bbox 524 534 568 559; x_wconf 92' lang='lat' dir='ltr'>Vll</span> <span class='ocrx_word' id='word_1_34' title='bbox 588 533 634 558; x_wconf 85' lang='grc'>241</span> <span class='ocrx_word' id='word_1_35' title='bbox 659 533 692 558; x_wconf 90' lang='grc'><strong>79</strong></span> <span class='ocrx_word' id='word_1_36' title='bbox 712 547 748 552; x_wconf 92' lang='grc'>-</span> <span class='ocrx_word' id='word_1_37' title='bbox 767 540 827 559; x_wconf 91' lang='lat' dir='ltr'>cum</span> <span class='ocrx_word' id='word_1_38' title='bbox 842 539 978 558; x_wconf 88' lang='lat' dir='ltr'>murmure</span> 
     </span>
     <span class='ocr_line' id='line_1_8' title="bbox 337 578 977 610; baseline -0.003 -5"><span class='ocrx_word' id='word_1_39' title='bbox 337 583 363 605; x_wconf 90' lang='lat' dir='ltr'>et</span> <span class='ocrx_word' id='word_1_40' title='bbox 381 580 490 610; x_wconf 85' lang='lat' dir='ltr'>strepitu</span> <span class='ocrx_word' id='word_1_41' title='bbox 516 578 639 604; x_wconf 88' lang='lat' dir='ltr'>clamoris</span> <span class='ocrx_word' id='word_1_42' title='bbox 667 578 781 609; x_wconf 80' lang='lat' dir='ltr'>procidit</span> <span class='ocrx_word' id='word_1_43' title='bbox 808 581 867 603; x_wconf 88' lang='lat' dir='ltr'>ante</span> <span class='ocrx_word' id='word_1_44' title='bbox 892 578 977 603; x_wconf 90' lang='lat' dir='ltr'>lesum</span> 
     </span>
     <span class='ocr_line' id='line_1_9' title="bbox 338 621 977 654; baseline -0.003 -5"><span class='ocrx_word' id='word_1_45' title='bbox 338 625 389 650; x_wconf 90' lang='grc'>202</span> <span class='ocrx_word' id='word_1_46' title='bbox 410 623 443 649; x_wconf 88' lang='grc'>49</span> <span class='ocrx_word' id='word_1_47' title='bbox 462 637 498 642; x_wconf 95' lang='grc'>-</span> <span class='ocrx_word' id='word_1_48' title='bbox 516 622 677 648; x_wconf 79' lang='lat' dir='ltr'>abhorrebat</span> <span class='ocrx_word' id='word_1_49' title='bbox 690 622 864 654; x_wconf 76' lang='lat' dir='ltr'><strong>praesentiam</strong></span> <span class='ocrx_word' id='word_1_50' title='bbox 883 621 977 648; x_wconf 80' lang='lat' dir='ltr'>Christi</span> 
     </span>
     <span class='ocr_line' id='line_1_10' title="bbox 337 666 978 698; baseline -0.005 -4"><span class='ocrx_word' id='word_1_51' title='bbox 337 671 363 694; x_wconf 90' lang='lat' dir='ltr'>et</span> <span class='ocrx_word' id='word_1_52' title='bbox 381 675 442 694; x_wconf 91' lang='lat' dir='ltr'>cum</span> <span class='ocrx_word' id='word_1_53' title='bbox 461 668 576 693; x_wconf 89' lang='lat' dir='ltr'>clamore</span> <span class='ocrx_word' id='word_1_54' title='bbox 595 666 777 693; x_wconf 87' lang='lat' dir='ltr'>manifestabat</span> <span class='ocrx_word' id='word_1_55' title='bbox 805 666 932 698; x_wconf 75' lang='lat' dir='ltr'>gemitum</span> <span class='ocrx_word' id='word_1_56' title='bbox 952 669 978 692; x_wconf 89' lang='lat' dir='ltr'>et</span> 
     </span>
     <span class='ocr_line' id='line_1_11' title="bbox 337 710 682 738; baseline -0.003 0"><span class='ocrx_word' id='word_1_57' title='bbox 337 713 455 738; x_wconf 88' lang='lat' dir='ltr'>dolorem</span> <span class='ocrx_word' id='word_1_58' title='bbox 476 713 501 737; x_wconf 92' lang='lat' dir='ltr'>in</span> <span class='ocrx_word' id='word_1_59' title='bbox 522 712 601 738; x_wconf 89' lang='lat' dir='ltr'>corde</span> <span class='ocrx_word' id='word_1_60' title='bbox 620 710 682 737; x_wconf 82' lang='lat' dir='ltr'>ibid.</span> 
     </span>
    </p>

    <p class='ocr_par' dir='ltr' id='par_1_4' title="bbox 338 755 978 1005">
     <span class='ocr_line' id='line_1_12' title="bbox 391 755 977 788; baseline -0.003 -6"><span class='ocrx_word' id='word_1_61' title='bbox 391 771 426 775; x_wconf 90' lang='lat'>-—</span> <span class='ocrx_word' id='word_1_62' title='bbox 444 764 496 782; x_wconf 93' lang='lat' dir='ltr'>non</span> <span class='ocrx_word' id='word_1_63' title='bbox 516 756 601 788; x_wconf 87' lang='lat' dir='ltr'>potuit</span> <span class='ocrx_word' id='word_1_64' title='bbox 614 755 717 781; x_wconf 85' lang='lat' dir='ltr'>liberari</span> <span class='ocrx_word' id='word_1_65' title='bbox 737 755 771 781; x_wconf 89' lang='lat' dir='ltr'>ab</span> <span class='ocrx_word' id='word_1_66' title='bbox 790 755 920 787; x_wconf 82' lang='lat' dir='ltr'>Apostolis</span> <span class='ocrx_word' id='word_1_67' title='bbox 935 755 977 780; x_wconf 89' lang='lat' dir='ltr'>Vll</span> 
     </span>
     <span class='ocr_line' id='line_1_13' title="bbox 339 799 978 831; baseline -0.005 -4"><span class='ocrx_word' id='word_1_68' title='bbox 339 801 390 827; x_wconf 88' lang='grc'>240</span> <span class='ocrx_word' id='word_1_69' title='bbox 409 801 444 826; x_wconf 89' lang='grc'>75</span> <span class='ocrx_word' id='word_1_70' title='bbox 462 814 498 819; x_wconf 90' lang='grc'><strong>-</strong></span> <span class='ocrx_word' id='word_1_71' title='bbox 516 800 640 826; x_wconf 89' lang='lat' dir='ltr'>liberatus</span> <span class='ocrx_word' id='word_1_72' title='bbox 667 800 713 825; x_wconf 89' lang='lat' dir='ltr'>fuit</span> <span class='ocrx_word' id='word_1_73' title='bbox 732 799 825 826; x_wconf 78' lang='lat' dir='ltr'>Christi</span> <span class='ocrx_word' id='word_1_74' title='bbox 846 799 910 824; x_wconf 90' lang='lat' dir='ltr'>mira</span> <span class='ocrx_word' id='word_1_75' title='bbox 930 806 978 831; x_wconf 87' lang='lat' dir='ltr'>po-</span> 
     </span>
     <span class='ocr_line' id='line_1_14' title="bbox 339 844 978 871; baseline -0.005 0"><span class='ocrx_word' id='word_1_76' title='bbox 339 846 416 871; x_wconf 88' lang='lat' dir='ltr'>tentia</span> <span class='ocrx_word' id='word_1_77' title='bbox 437 848 461 871; x_wconf 89' lang='lat' dir='ltr'>et</span> <span class='ocrx_word' id='word_1_78' title='bbox 475 845 624 871; x_wconf 88' lang='lat' dir='ltr'>fortitudine</span> <span class='ocrx_word' id='word_1_79' title='bbox 639 845 689 869; x_wconf 89' lang='grc'>206</span> <span class='ocrx_word' id='word_1_80' title='bbox 704 845 736 869; x_wconf 93' lang='grc'>62</span> <span class='ocrx_word' id='word_1_81' title='bbox 750 857 785 863; x_wconf 90' lang='grc'>-</span> <span class='ocrx_word' id='word_1_82' title='bbox 798 851 878 869; x_wconf 86' lang='lat' dir='ltr'>sanus</span> <span class='ocrx_word' id='word_1_83' title='bbox 895 844 978 868; x_wconf 87' lang='lat' dir='ltr'>factus</span> 
     </span>
     <span class='ocr_line' id='line_1_15' title="bbox 338 886 976 921; baseline -0.005 -6"><span class='ocrx_word' id='word_1_84' title='bbox 338 891 384 916; x_wconf 90' lang='lat' dir='ltr'>fuit</span> <span class='ocrx_word' id='word_1_85' title='bbox 402 897 416 915; x_wconf 92' lang='lat' dir='ltr'>a</span> <span class='ocrx_word' id='word_1_86' title='bbox 436 890 538 921; x_wconf 83' lang='lat' dir='ltr'>legione</span> <span class='ocrx_word' id='word_1_87' title='bbox 557 896 605 921; x_wconf 89' lang='lat' dir='ltr'>per</span> <span class='ocrx_word' id='word_1_88' title='bbox 623 888 716 915; x_wconf 78' lang='lat' dir='ltr'>Christi</span> <span class='ocrx_word' id='word_1_89' title='bbox 736 888 876 920; x_wconf 90' lang='lat' dir='ltr'>imperium</span> <span class='ocrx_word' id='word_1_90' title='bbox 890 886 925 913; x_wconf 84' lang='lat' dir='ltr'>ib.</span> <span class='ocrx_word' id='word_1_91' title='bbox 944 888 976 912; x_wconf 87' lang='lat'>63</span> 
     </span>
     <span class='ocr_line' id='line_1_16' title="bbox 338 932 977 965; baseline -0.006 -5"><span class='ocrx_word' id='word_1_92' title='bbox 338 949 373 954; x_wconf 97' lang='lat'>—</span> <span class='ocrx_word' id='word_1_93' title='bbox 392 934 515 960; x_wconf 88' lang='lat' dir='ltr'>liberatur</span> <span class='ocrx_word' id='word_1_94' title='bbox 533 941 547 959; x_wconf 91' lang='lat' dir='ltr'>a</span> <span class='ocrx_word' id='word_1_95' title='bbox 567 932 668 959; x_wconf 91' lang='lat' dir='ltr'>Christo</span> <span class='ocrx_word' id='word_1_96' title='bbox 696 940 744 965; x_wconf 91' lang='lat' dir='ltr'>per</span> <span class='ocrx_word' id='word_1_97' title='bbox 771 932 977 964; x_wconf 80' lang='lat' dir='ltr'>increpationem</span> 
     </span>
     <span class='ocr_line' id='line_1_17' title="bbox 338 979 443 1005; baseline -0.019 0"><span class='ocrx_word' id='word_1_98' title='bbox 338 979 385 1005; x_wconf 91' lang='grc'>241</span> <span class='ocrx_word' id='word_1_99' title='bbox 410 979 443 1003; x_wconf 83' lang='grc'>80</span> 
     </span>
    </p>

    <p class='ocr_par' dir='ltr' id='par_1_5' title="bbox 392 1020 978 1053">
     <span class='ocr_line' id='line_1_18' title="bbox 392 1020 978 1053; baseline -0.007 -5"><span class='ocrx_word' id='word_1_100' title='bbox 392 1036 424 1041; x_wconf 91' lang='lat'>—-</span> <span class='ocrx_word' id='word_1_101' title='bbox 444 1022 500 1048; x_wconf 87' lang='lat' dir='ltr'>eius</span> <span class='ocrx_word' id='word_1_102' title='bbox 525 1021 677 1047; x_wconf 89' lang='lat' dir='ltr'>liberatione</span> <span class='ocrx_word' id='word_1_103' title='bbox 702 1021 863 1053; x_wconf 82' lang='lat' dir='ltr'>significatur</span> <span class='ocrx_word' id='word_1_104' title='bbox 888 1020 978 1045; x_wconf 91' lang='lat' dir='ltr'>libera-</span> 
     </span>
    </p>
   </div>
   <div class='ocr_carea' id='block_1_3' title="bbox 339 1064 982 1099">
    <p class='ocr_par' dir='ltr' id='par_1_6' title="bbox 339 1064 982 1099">
     <span class='ocr_line' id='line_1_19' title="bbox 339 1064 982 1099; baseline -0.005 -7"><span class='ocrx_word' id='word_1_105' title='bbox 339 1067 374 1092; x_wconf 91' lang='lat' dir='ltr'>tio</span> <span class='ocrx_word' id='word_1_106' title='bbox 393 1066 538 1099; x_wconf 88' lang='lat' dir='ltr'>peccatoris</span> <span class='ocrx_word' id='word_1_107' title='bbox 557 1073 571 1090; x_wconf 91' lang='lat' dir='ltr'>a</span> <span class='ocrx_word' id='word_1_108' title='bbox 591 1068 699 1098; x_wconf 82' lang='lat' dir='ltr'>peccato</span> <span class='ocrx_word' id='word_1_109' title='bbox 719 1066 762 1090; x_wconf 82' lang='lat' dir='ltr'>Vll</span> <span class='ocrx_word' id='word_1_110' title='bbox 777 1064 828 1090; x_wconf 87' lang='grc'>242</span> <span class='ocrx_word' id='word_1_111' title='bbox 843 1065 871 1089; x_wconf 90' lang='grc'>81</span> <span class='ocrx_word' id='word_1_112' title='bbox 889 1077 925 1083; x_wconf 93' lang='lat'>—-</span> <span class='ocrx_word' id='word_1_113' title='bbox 938 1067 982 1092; x_wconf 78' lang='lat' dir='ltr'>est,</span> 
     </span>
    </p>
   </div>
   <div class='ocr_carea' id='block_1_4' title="bbox 337 1109 985 2779">
    <p class='ocr_par' dir='ltr' id='par_1_7' title="bbox 337 1109 978 1187">
     <span class='ocr_line' id='line_1_20' title="bbox 339 1109 978 1143; baseline -0.005 -7"><span class='ocrx_word' id='word_1_114' title='bbox 339 1112 423 1143; x_wconf 82' lang='lat' dir='ltr'>figura</span> <span class='ocrx_word' id='word_1_115' title='bbox 453 1110 581 1140; x_wconf 90' lang='lat' dir='ltr'>hominis,</span> <span class='ocrx_word' id='word_1_116' title='bbox 601 1109 647 1142; x_wconf 89' lang='lat' dir='ltr'>qui</span> <span class='ocrx_word' id='word_1_117' title='bbox 667 1109 816 1140; x_wconf 89' lang='lat' dir='ltr'>possidetur</span> <span class='ocrx_word' id='word_1_118' title='bbox 836 1115 850 1133; x_wconf 90' lang='lat' dir='ltr'>a</span> <span class='ocrx_word' id='word_1_119' title='bbox 869 1110 978 1140; x_wconf 88' lang='lat' dir='ltr'>peccato</span> 
     </span>
     <span class='ocr_line' id='line_1_21' title="bbox 337 1154 587 1187; baseline -0.008 -6"><span class='ocrx_word' id='word_1_120' title='bbox 337 1155 464 1187; x_wconf 85' lang='lat' dir='ltr'>spirituali</span> <span class='ocrx_word' id='word_1_121' title='bbox 483 1154 534 1180; x_wconf 88' lang='grc'>240</span> <span class='ocrx_word' id='word_1_122' title='bbox 553 1154 587 1179; x_wconf 85' lang='grc'>76</span> 
     </span>
    </p>

    <p class='ocr_par' dir='ltr' id='par_1_8' title="bbox 338 1197 979 1451">
     <span class='ocr_line' id='line_1_22' title="bbox 391 1197 979 1231; baseline -0.007 -6"><span class='ocrx_word' id='word_1_123' title='bbox 391 1214 426 1218; x_wconf 83' lang='lat'>--</span> <span class='ocrx_word' id='word_1_124' title='bbox 446 1199 549 1231; x_wconf 89' lang='lat' dir='ltr'>rogavit</span> <span class='ocrx_word' id='word_1_125' title='bbox 568 1199 663 1229; x_wconf 89' lang='lat' dir='ltr'>lesum,</span> <span class='ocrx_word' id='word_1_126' title='bbox 677 1201 705 1223; x_wconf 91' lang='lat' dir='ltr'>ut</span> <span class='ocrx_word' id='word_1_127' title='bbox 719 1204 779 1223; x_wconf 89' lang='lat' dir='ltr'>cum</span> <span class='ocrx_word' id='word_1_128' title='bbox 799 1197 842 1222; x_wconf 92' lang='lat' dir='ltr'>illo</span> <span class='ocrx_word' id='word_1_129' title='bbox 856 1199 937 1227; x_wconf 88' lang='lat' dir='ltr'>esset,</span> <span class='ocrx_word' id='word_1_130' title='bbox 951 1199 979 1222; x_wconf 90' lang='lat' dir='ltr'>ut</span> 
     </span>
     <span class='ocr_line' id='line_1_23' title="bbox 338 1240 979 1275; baseline -0.005 -6"><span class='ocrx_word' id='word_1_131' title='bbox 338 1244 449 1270; x_wconf 79' lang='lat' dir='ltr'>serviret</span> <span class='ocrx_word' id='word_1_132' title='bbox 467 1243 491 1268; x_wconf 92' lang='lat' dir='ltr'>ei</span> <span class='ocrx_word' id='word_1_133' title='bbox 511 1246 635 1275; x_wconf 77' lang='lat' dir='ltr'>tanquam</span> <span class='ocrx_word' id='word_1_134' title='bbox 655 1242 767 1267; x_wconf 89' lang='lat' dir='ltr'>Domino</span> <span class='ocrx_word' id='word_1_135' title='bbox 796 1245 821 1266; x_wconf 89' lang='lat' dir='ltr'>et</span> <span class='ocrx_word' id='word_1_136' title='bbox 850 1240 979 1266; x_wconf 83' lang='lat' dir='ltr'>Salvatori</span> 
     </span>
     <span class='ocr_line' id='line_1_24' title="bbox 339 1285 979 1317; baseline -0.006 -4"><span class='ocrx_word' id='word_1_137' title='bbox 339 1288 381 1314; x_wconf 90' lang='lat' dir='ltr'>Vll</span> <span class='ocrx_word' id='word_1_138' title='bbox 403 1287 453 1313; x_wconf 95' lang='grc'>207</span> <span class='ocrx_word' id='word_1_139' title='bbox 474 1287 508 1312; x_wconf 91' lang='grc'>65</span> <span class='ocrx_word' id='word_1_140' title='bbox 526 1302 561 1305; x_wconf 75' lang='lat'><em>-</em></span> <span class='ocrx_word' id='word_1_141' title='bbox 580 1285 686 1312; x_wconf 90' lang='lat' dir='ltr'>volebat</span> <span class='ocrx_word' id='word_1_142' title='bbox 704 1293 761 1311; x_wconf 87' lang='lat' dir='ltr'>esse</span> <span class='ocrx_word' id='word_1_143' title='bbox 779 1292 840 1311; x_wconf 90' lang='lat' dir='ltr'>cum</span> <span class='ocrx_word' id='word_1_144' title='bbox 861 1285 930 1317; x_wconf 89' lang='lat' dir='ltr'>lesu,</span> <span class='ocrx_word' id='word_1_145' title='bbox 952 1287 979 1310; x_wconf 87' lang='lat' dir='ltr'>ut</span> 
     </span>
     <span class='ocr_line' id='line_1_25' title="bbox 339 1328 977 1363; baseline -0.006 -5"><span class='ocrx_word' id='word_1_146' title='bbox 339 1336 407 1358; x_wconf 90' lang='lat' dir='ltr'>esset</span> <span class='ocrx_word' id='word_1_147' title='bbox 434 1331 565 1363; x_wconf 85' lang='lat' dir='ltr'>securior,</span> <span class='ocrx_word' id='word_1_148' title='bbox 594 1330 732 1363; x_wconf 75' lang='lat' dir='ltr'>perfectior</span> <span class='ocrx_word' id='word_1_149' title='bbox 754 1332 779 1355; x_wconf 91' lang='lat' dir='ltr'>et</span> <span class='ocrx_word' id='word_1_150' title='bbox 799 1329 897 1355; x_wconf 82' lang='lat' dir='ltr'>felicior</span> <span class='ocrx_word' id='word_1_151' title='bbox 916 1328 977 1355; x_wconf 74' lang='lat' dir='ltr'>z&#39;be’d.</span> 
     </span>
     <span class='ocr_line' id='line_1_26' title="bbox 338 1373 979 1404; baseline -0.005 -2"><span class='ocrx_word' id='word_1_152' title='bbox 338 1392 373 1395; x_wconf 97' lang='lat'><strong>—</strong></span> <span class='ocrx_word' id='word_1_153' title='bbox 393 1376 498 1402; x_wconf 77' lang='lat' dir='ltr'>volebat</span> <span class='ocrx_word' id='word_1_154' title='bbox 517 1382 578 1401; x_wconf 91' lang='lat' dir='ltr'>cum</span> <span class='ocrx_word' id='word_1_155' title='bbox 599 1376 654 1401; x_wconf 85' lang='lat' dir='ltr'>lesu</span> <span class='ocrx_word' id='word_1_156' title='bbox 669 1374 820 1400; x_wconf 81' lang='lat' dir='ltr'>cohabitare</span> <span class='ocrx_word' id='word_1_157' title='bbox 840 1374 865 1399; x_wconf 91' lang='lat' dir='ltr'>in</span> <span class='ocrx_word' id='word_1_158' title='bbox 886 1373 937 1404; x_wconf 80' lang='lat' dir='ltr'>via,</span> <span class='ocrx_word' id='word_1_159' title='bbox 951 1376 979 1399; x_wconf 90' lang='lat' dir='ltr'>ut</span> 
     </span>
     <span class='ocr_line' id='line_1_27' title="bbox 340 1418 729 1451; baseline -0.008 -4"><span class='ocrx_word' id='word_1_160' title='bbox 340 1421 501 1447; x_wconf 72' lang='lat' dir='ltr'>cohabitaret</span> <span class='ocrx_word' id='word_1_161' title='bbox 521 1421 546 1445; x_wconf 88' lang='grc'>111</span> <span class='ocrx_word' id='word_1_162' title='bbox 565 1419 648 1451; x_wconf 83' lang='lat' dir='ltr'>patria</span> <span class='ocrx_word' id='word_1_163' title='bbox 668 1418 729 1445; x_wconf 82' lang='lat' dir='ltr'>ibid.</span> 
     </span>
    </p>

    <p class='ocr_par' dir='ltr' id='par_1_9' title="bbox 338 1462 980 1713">
     <span class='ocr_line' id='line_1_28' title="bbox 392 1462 977 1494; baseline -0.005 -3"><span class='ocrx_word' id='word_1_164' title='bbox 392 1480 427 1484; x_wconf 89' lang='lat'>—</span> <span class='ocrx_word' id='word_1_165' title='bbox 445 1472 497 1491; x_wconf 91' lang='lat' dir='ltr'>non</span> <span class='ocrx_word' id='word_1_166' title='bbox 517 1464 565 1490; x_wconf 87' lang='lat' dir='ltr'>fuit</span> <span class='ocrx_word' id='word_1_167' title='bbox 591 1464 722 1489; x_wconf 86' lang='lat' dir='ltr'>admissus</span> <span class='ocrx_word' id='word_1_168' title='bbox 746 1463 781 1489; x_wconf 90' lang='lat' dir='ltr'>ad</span> <span class='ocrx_word' id='word_1_169' title='bbox 809 1462 977 1494; x_wconf 88' lang='lat' dir='ltr'>perfectionis</span> 
     </span>
     <span class='ocr_line' id='line_1_29' title="bbox 338 1507 980 1542; baseline -0.008 -6"><span class='ocrx_word' id='word_1_170' title='bbox 338 1510 523 1542; x_wconf 83' lang='lat' dir='ltr'>discipulatum</span> <span class='ocrx_word' id='word_1_171' title='bbox 533 1529 539 1540; x_wconf 88' lang='lat'>,</span> <span class='ocrx_word' id='word_1_172' title='bbox 552 1509 614 1541; x_wconf 89' lang='lat' dir='ltr'>quia</span> <span class='ocrx_word' id='word_1_173' title='bbox 629 1507 753 1533; x_wconf 77' lang='lat' dir='ltr'>movebat</span> <span class='ocrx_word' id='word_1_174' title='bbox 771 1514 832 1532; x_wconf 90' lang='lat' dir='ltr'>eum</span> <span class='ocrx_word' id='word_1_175' title='bbox 848 1508 889 1532; x_wconf 83' lang='lat' dir='ltr'>vel</span> <span class='ocrx_word' id='word_1_176' title='bbox 903 1507 980 1532; x_wconf 88' lang='lat' dir='ltr'>timor</span> 
     </span>
     <span class='ocr_line' id='line_1_30' title="bbox 340 1551 979 1586; baseline -0.005 -6"><span class='ocrx_word' id='word_1_177' title='bbox 340 1554 447 1580; x_wconf 89' lang='lat' dir='ltr'>humani</span> <span class='ocrx_word' id='word_1_178' title='bbox 476 1553 594 1586; x_wconf 88' lang='lat' dir='ltr'>periculi,</span> <span class='ocrx_word' id='word_1_179' title='bbox 614 1553 656 1578; x_wconf 87' lang='lat' dir='ltr'>vel</span> <span class='ocrx_word' id='word_1_180' title='bbox 685 1559 759 1577; x_wconf 89' lang='lat' dir='ltr'>amor</span> <span class='ocrx_word' id='word_1_181' title='bbox 788 1551 907 1577; x_wconf 80' lang='lat' dir='ltr'>beneficii</span> <span class='ocrx_word' id='word_1_182' title='bbox 936 1552 979 1577; x_wconf 89' lang='lat' dir='ltr'>Vll</span> 
     </span>
     <span class='ocr_line' id='line_1_31' title="bbox 339 1596 977 1624; baseline -0.005 0"><span class='ocrx_word' id='word_1_183' title='bbox 339 1600 391 1624; x_wconf 90' lang='grc'>208</span> <span class='ocrx_word' id='word_1_184' title='bbox 411 1599 445 1624; x_wconf 91' lang='grc'>67</span> <span class='ocrx_word' id='word_1_185' title='bbox 464 1612 499 1617; x_wconf 92' lang='grc'><strong>-</strong></span> <span class='ocrx_word' id='word_1_186' title='bbox 518 1598 635 1624; x_wconf 84' lang='lat' dir='ltr'>Christus</span> <span class='ocrx_word' id='word_1_187' title='bbox 658 1597 758 1622; x_wconf 77' lang='lat' dir='ltr'>dimisit</span> <span class='ocrx_word' id='word_1_188' title='bbox 777 1596 977 1621; x_wconf 91' lang='lat' dir='ltr'>daemoniacum</span> 
     </span>
     <span class='ocr_line' id='line_1_32' title="bbox 340 1640 980 1673; baseline -0.006 -4"><span class='ocrx_word' id='word_1_189' title='bbox 340 1643 366 1669; x_wconf 90' lang='lat' dir='ltr'>in</span> <span class='ocrx_word' id='word_1_190' title='bbox 390 1642 520 1673; x_wconf 90' lang='lat' dir='ltr'>libertate,</span> <span class='ocrx_word' id='word_1_191' title='bbox 540 1643 630 1668; x_wconf 85' lang='lat' dir='ltr'>nolens</span> <span class='ocrx_word' id='word_1_192' title='bbox 658 1642 680 1666; x_wconf 92' lang='lat' dir='ltr'>ei</span> <span class='ocrx_word' id='word_1_193' title='bbox 709 1641 780 1666; x_wconf 91' lang='lat' dir='ltr'>aliud</span> <span class='ocrx_word' id='word_1_194' title='bbox 808 1647 875 1666; x_wconf 90' lang='lat' dir='ltr'>onus</span> <span class='ocrx_word' id='word_1_195' title='bbox 894 1640 980 1672; x_wconf 83' lang='lat' dir='ltr'>impo-</span> 
     </span>
     <span class='ocr_line' id='line_1_33' title="bbox 341 1687 526 1713; baseline -0.011 0"><span class='ocrx_word' id='word_1_196' title='bbox 341 1695 402 1713; x_wconf 87' lang='lat' dir='ltr'>nere</span> <span class='ocrx_word' id='word_1_197' title='bbox 422 1687 473 1712; x_wconf 92' lang='grc'>207</span> <span class='ocrx_word' id='word_1_198' title='bbox 493 1687 526 1712; x_wconf 89' lang='grc'>66</span> 
     </span>
    </p>

    <p class='ocr_par' dir='ltr' id='par_1_10' title="bbox 340 1728 982 2023">
     <span class='ocr_line' id='line_1_34' title="bbox 393 1728 980 1757; baseline -0.007 0"><span class='ocrx_word' id='word_1_199' title='bbox 393 1746 427 1750; x_wconf 87' lang='lat'>-—</span> <span class='ocrx_word' id='word_1_200' title='bbox 447 1731 564 1757; x_wconf 90' lang='lat' dir='ltr'>Christus</span> <span class='ocrx_word' id='word_1_201' title='bbox 583 1730 652 1756; x_wconf 85' lang='lat' dir='ltr'>misit</span> <span class='ocrx_word' id='word_1_202' title='bbox 670 1729 871 1755; x_wconf 88' lang='lat' dir='ltr'>daemoniacum</span> <span class='ocrx_word' id='word_1_203' title='bbox 892 1728 918 1754; x_wconf 92' lang='lat' dir='ltr'>in</span> <span class='ocrx_word' id='word_1_204' title='bbox 936 1728 980 1754; x_wconf 89' lang='lat' dir='ltr'>do-</span> 
     </span>
     <span class='ocr_line' id='line_1_35' title="bbox 342 1773 981 1807; baseline -0.006 -6"><span class='ocrx_word' id='word_1_205' title='bbox 342 1783 415 1802; x_wconf 89' lang='lat' dir='ltr'>mum</span> <span class='ocrx_word' id='word_1_206' title='bbox 443 1783 518 1801; x_wconf 88' lang='lat' dir='ltr'>suam</span> <span class='ocrx_word' id='word_1_207' title='bbox 547 1775 580 1801; x_wconf 90' lang='lat' dir='ltr'>ad</span> <span class='ocrx_word' id='word_1_208' title='bbox 606 1774 720 1807; x_wconf 90' lang='lat' dir='ltr'>quietem</span> <span class='ocrx_word' id='word_1_209' title='bbox 751 1774 793 1799; x_wconf 90' lang='lat' dir='ltr'>Vll</span> <span class='ocrx_word' id='word_1_210' title='bbox 821 1773 871 1798; x_wconf 89' lang='grc'><strong>207</strong></span> <span class='ocrx_word' id='word_1_211' title='bbox 892 1773 925 1798; x_wconf 88' lang='grc'>66</span> <span class='ocrx_word' id='word_1_212' title='bbox 944 1786 981 1791; x_wconf 88' lang='grc'>-</span> 
     </span>
     <span class='ocr_line' id='line_1_36' title="bbox 342 1817 981 1851; baseline -0.006 -6"><span class='ocrx_word' id='word_1_213' title='bbox 342 1821 437 1846; x_wconf 83' lang='grc'>11115535</span> <span class='ocrx_word' id='word_1_214' title='bbox 457 1820 502 1845; x_wconf 85' lang='grc'>1311</span> <span class='ocrx_word' id='word_1_215' title='bbox 521 1820 554 1845; x_wconf 90' lang='lat' dir='ltr'>ad</span> <span class='ocrx_word' id='word_1_216' title='bbox 572 1819 779 1851; x_wconf 87' lang='lat' dir='ltr'>praedicandum</span> <span class='ocrx_word' id='word_1_217' title='bbox 800 1821 825 1843; x_wconf 88' lang='lat' dir='ltr'>ct</span> <span class='ocrx_word' id='word_1_218' title='bbox 843 1817 981 1849; x_wconf 86' lang='lat' dir='ltr'>divulgan-</span> 
     </span>
     <span class='ocr_line' id='line_1_37' title="bbox 341 1861 981 1891; baseline -0.006 -1"><span class='ocrx_word' id='word_1_219' title='bbox 341 1865 405 1891; x_wconf 89' lang='lat' dir='ltr'>dum</span> <span class='ocrx_word' id='word_1_220' title='bbox 434 1864 553 1890; x_wconf 84' lang='lat' dir='ltr'>divinum</span> <span class='ocrx_word' id='word_1_221' title='bbox 582 1863 741 1889; x_wconf 81' lang='lat' dir='ltr'>beneficium</span> <span class='ocrx_word' id='word_1_222' title='bbox 762 1863 813 1888; x_wconf 88' lang='grc'><strong>208</strong></span> <span class='ocrx_word' id='word_1_223' title='bbox 835 1862 866 1887; x_wconf 87' lang='grc'>69</span> <span class='ocrx_word' id='word_1_224' title='bbox 887 1875 921 1880; x_wconf 91' lang='lat'>--</span> <span class='ocrx_word' id='word_1_225' title='bbox 941 1861 981 1887; x_wconf 89' lang='lat' dir='ltr'>di-</span> 
     </span>
     <span class='ocr_line' id='line_1_38' title="bbox 341 1905 980 1940; baseline -0.006 -6"><span class='ocrx_word' id='word_1_226' title='bbox 341 1908 467 1940; x_wconf 75' lang='lat' dir='ltr'>vulgabat</span> <span class='ocrx_word' id='word_1_227' title='bbox 494 1911 519 1933; x_wconf 87' lang='lat' dir='ltr'>et</span> <span class='ocrx_word' id='word_1_228' title='bbox 547 1907 717 1939; x_wconf 87' lang='lat' dir='ltr'>praedicabat</span> <span class='ocrx_word' id='word_1_229' title='bbox 744 1906 902 1932; x_wconf 86' lang='lat' dir='ltr'>beneficium</span> <span class='ocrx_word' id='word_1_230' title='bbox 935 1905 980 1931; x_wconf 83' lang='lat' dir='ltr'>Dei</span> 
     </span>
     <span class='ocr_line' id='line_1_39' title="bbox 342 1950 982 1978; baseline -0.005 0"><span class='ocrx_word' id='word_1_231' title='bbox 342 1952 466 1978; x_wconf 88' lang='lat' dir='ltr'>omnibus</span> <span class='ocrx_word' id='word_1_232' title='bbox 484 1952 518 1978; x_wconf 80' lang='lat' dir='ltr'>ib.</span> <span class='ocrx_word' id='word_1_233' title='bbox 537 1952 571 1977; x_wconf 86' lang='lat'>70</span> <span class='ocrx_word' id='word_1_234' title='bbox 591 1966 627 1971; x_wconf 90' lang='lat'>—</span> <span class='ocrx_word' id='word_1_235' title='bbox 645 1959 692 1977; x_wconf 91' lang='lat' dir='ltr'>sua</span> <span class='ocrx_word' id='word_1_236' title='bbox 721 1951 884 1977; x_wconf 68' lang='lat' dir='ltr'>confessione</span> <span class='ocrx_word' id='word_1_237' title='bbox 910 1950 982 1975; x_wconf 91' lang='lat' dir='ltr'>elidit</span> 
     </span>
     <span class='ocr_line' id='line_1_40' title="bbox 340 1994 980 2023; baseline -0.006 0"><span class='ocrx_word' id='word_1_238' title='bbox 340 2004 456 2023; x_wconf 89' lang='lat' dir='ltr'>errorem</span> <span class='ocrx_word' id='word_1_239' title='bbox 478 1997 632 2022; x_wconf 87' lang='lat' dir='ltr'>ludaeorum</span> <span class='ocrx_word' id='word_1_240' title='bbox 652 1999 677 2021; x_wconf 87' lang='lat' dir='ltr'>et</span> <span class='ocrx_word' id='word_1_241' title='bbox 696 1995 852 2021; x_wconf 73' lang='lat' dir='ltr'>Arianorum</span> <span class='ocrx_word' id='word_1_242' title='bbox 876 1995 927 2020; x_wconf 90' lang='grc'>203</span> <span class='ocrx_word' id='word_1_243' title='bbox 948 1994 980 2019; x_wconf 92' lang='grc'>50</span> 
     </span>
    </p>

    <p class='ocr_par' dir='ltr' id='par_1_11' title="bbox 341 2038 982 2383">
     <span class='ocr_line' id='line_1_41' title="bbox 395 2038 980 2070; baseline -0.007 -3"><span class='ocrx_word' id='word_1_244' title='bbox 395 2042 526 2067; x_wconf 59' lang='lat' dir='ltr'>Dium-sio</span> <span class='ocrx_word' id='word_1_245' title='bbox 554 2055 589 2058; x_wconf 79' lang='lat'>—</span> <span class='ocrx_word' id='word_1_246' title='bbox 617 2043 722 2065; x_wconf 89' lang='lat' dir='ltr'>aeterna</span> <span class='ocrx_word' id='word_1_247' title='bbox 748 2042 786 2065; x_wconf 86' lang='lat' dir='ltr'>est</span> <span class='ocrx_word' id='word_1_248' title='bbox 811 2038 942 2070; x_wconf 84' lang='lat' dir='ltr'>separatio</span> <span class='ocrx_word' id='word_1_249' title='bbox 966 2045 980 2063; x_wconf 91' lang='lat' dir='ltr'>a</span> 
     </span>
     <span class='ocr_line' id='line_1_42' title="bbox 342 2085 980 2112; baseline -0.008 0"><span class='ocrx_word' id='word_1_250' title='bbox 342 2087 411 2112; x_wconf 91' lang='lat' dir='ltr'>fonte</span> <span class='ocrx_word' id='word_1_251' title='bbox 430 2086 499 2111; x_wconf 85' lang='lat' dir='ltr'>vitae</span> <span class='ocrx_word' id='word_1_252' title='bbox 518 2085 561 2110; x_wconf 91' lang='lat' dir='ltr'>Vll</span> <span class='ocrx_word' id='word_1_253' title='bbox 582 2085 634 2110; x_wconf 83' lang='lat'>467</span> <span class='ocrx_word' id='word_1_254' title='bbox 653 2085 681 2110; x_wconf 81' lang='grc'>51</span> <span class='ocrx_word' id='word_1_255' title='bbox 701 2098 735 2102; x_wconf 91' lang='lat'>——</span> <span class='ocrx_word' id='word_1_256' title='bbox 753 2087 858 2109; x_wconf 87' lang='lat' dir='ltr'>aeterna</span> <span class='ocrx_word' id='word_1_257' title='bbox 873 2089 925 2108; x_wconf 92' lang='lat' dir='ltr'>non</span> <span class='ocrx_word' id='word_1_258' title='bbox 941 2087 980 2108; x_wconf 84' lang='lat' dir='ltr'>est</span> 
     </span>
     <span class='ocr_line' id='line_1_43' title="bbox 341 2126 981 2161; baseline -0.006 -5"><span class='ocrx_word' id='word_1_259' title='bbox 341 2138 356 2156; x_wconf 90' lang='lat' dir='ltr'>a</span> <span class='ocrx_word' id='word_1_260' title='bbox 375 2133 481 2161; x_wconf 89' lang='lat' dir='ltr'>natura,</span> <span class='ocrx_word' id='word_1_261' title='bbox 499 2129 545 2155; x_wconf 86' lang='lat' dir='ltr'>sed</span> <span class='ocrx_word' id='word_1_262' title='bbox 559 2136 573 2154; x_wconf 86' lang='lat' dir='ltr'>a</span> <span class='ocrx_word' id='word_1_263' title='bbox 587 2129 721 2155; x_wconf 83' lang='lat' dir='ltr'>voluntate</span> <span class='ocrx_word' id='word_1_264' title='bbox 740 2134 865 2161; x_wconf 84' lang='lat' dir='ltr'>perversa</span> <span class='ocrx_word' id='word_1_265' title='bbox 883 2127 914 2153; x_wconf 90' lang='lat' dir='ltr'>Vl</span> <span class='ocrx_word' id='word_1_266' title='bbox 930 2126 981 2152; x_wconf 89' lang='grc'>117</span> 
     </span>
     <span class='ocr_line' id='line_1_44' title="bbox 342 2171 981 2205; baseline -0.008 -4"><span class='ocrx_word' id='word_1_267' title='bbox 342 2183 368 2201; x_wconf 85' lang='grc' dir='ltr'>ν.</span> <span class='ocrx_word' id='word_1_268' title='bbox 388 2174 421 2200; x_wconf 92' lang='grc'>14</span> <span class='ocrx_word' id='word_1_269' title='bbox 442 2189 474 2192; x_wconf 94' lang='grc'>-</span> <span class='ocrx_word' id='word_1_270' title='bbox 493 2181 545 2200; x_wconf 89' lang='lat' dir='ltr'>non</span> <span class='ocrx_word' id='word_1_271' title='bbox 565 2181 612 2205; x_wconf 87' lang='lat' dir='ltr'>per</span> <span class='ocrx_word' id='word_1_272' title='bbox 640 2172 774 2199; x_wconf 89' lang='lat' dir='ltr'>diabolum</span> <span class='ocrx_word' id='word_1_273' title='bbox 795 2175 847 2203; x_wconf 87' lang='lat' dir='ltr'>est,</span> <span class='ocrx_word' id='word_1_274' title='bbox 867 2171 913 2197; x_wconf 89' lang='lat' dir='ltr'>sed</span> <span class='ocrx_word' id='word_1_275' title='bbox 934 2178 981 2203; x_wconf 90' lang='lat' dir='ltr'>per</span> 
     </span>
     <span class='ocr_line' id='line_1_45' title="bbox 341 2216 982 2251; baseline -0.006 -6"><span class='ocrx_word' id='word_1_276' title='bbox 341 2220 476 2245; x_wconf 86' lang='lat' dir='ltr'>hominem</span> <span class='ocrx_word' id='word_1_277' title='bbox 501 2218 709 2251; x_wconf 79' lang='lat' dir='ltr'>acquiescentem</span> <span class='ocrx_word' id='word_1_278' title='bbox 735 2216 797 2243; x_wconf 79' lang='lat' dir='ltr'>ibid.</span> <span class='ocrx_word' id='word_1_279' title='bbox 817 2230 851 2234; x_wconf 92' lang='lat'>—</span> <span class='ocrx_word' id='word_1_280' title='bbox 870 2223 922 2241; x_wconf 91' lang='lat' dir='ltr'>non</span> <span class='ocrx_word' id='word_1_281' title='bbox 942 2219 982 2241; x_wconf 92' lang='lat' dir='ltr'>est</span> 
     </span>
     <span class='ocr_line' id='line_1_46' title="bbox 342 2260 981 2296; baseline -0.006 -7"><span class='ocrx_word' id='word_1_282' title='bbox 342 2270 373 2289; x_wconf 86' lang='lat' dir='ltr'>ex</span> <span class='ocrx_word' id='word_1_283' title='bbox 392 2266 465 2296; x_wconf 89' lang='lat' dir='ltr'>parte</span> <span class='ocrx_word' id='word_1_284' title='bbox 485 2263 546 2293; x_wconf 88' lang='lat' dir='ltr'>Dei,</span> <span class='ocrx_word' id='word_1_285' title='bbox 565 2262 611 2288; x_wconf 86' lang='lat' dir='ltr'>sed</span> <span class='ocrx_word' id='word_1_286' title='bbox 631 2269 662 2287; x_wconf 84' lang='lat' dir='ltr'>ex</span> <span class='ocrx_word' id='word_1_287' title='bbox 681 2264 755 2293; x_wconf 89' lang='lat' dir='ltr'>parte</span> <span class='ocrx_word' id='word_1_288' title='bbox 783 2261 900 2286; x_wconf 89' lang='lat' dir='ltr'>defectus</span> <span class='ocrx_word' id='word_1_289' title='bbox 920 2260 981 2286; x_wconf 78' lang='lat' dir='ltr'>fidei</span> 
     </span>
     <span class='ocr_line' id='line_1_47' title="bbox 342 2305 980 2339; baseline -0.006 -5"><span class='ocrx_word' id='word_1_290' title='bbox 342 2309 394 2334; x_wconf 83' lang='lat'>283</span> <span class='ocrx_word' id='word_1_291' title='bbox 423 2308 465 2339; x_wconf 87' lang='lat'>30,</span> <span class='ocrx_word' id='word_1_292' title='bbox 494 2308 522 2333; x_wconf 89' lang='grc'>31</span> <span class='ocrx_word' id='word_1_293' title='bbox 547 2321 582 2326; x_wconf 90' lang='grc'><strong>-</strong></span> <span class='ocrx_word' id='word_1_294' title='bbox 607 2307 695 2332; x_wconf 83' lang='grc' dir='ltr'>Ν31135</span> <span class='ocrx_word' id='word_1_295' title='bbox 724 2306 791 2338; x_wconf 86' lang='lat' dir='ltr'>perit</span> <span class='ocrx_word' id='word_1_296' title='bbox 818 2312 849 2331; x_wconf 85' lang='lat' dir='ltr'>ex</span> <span class='ocrx_word' id='word_1_297' title='bbox 878 2305 980 2330; x_wconf 88' lang='lat' dir='ltr'>defectu</span> 
     </span>
     <span class='ocr_line' id='line_1_48' title="bbox 341 2348 981 2383; baseline -0.006 -5"><span class='ocrx_word' id='word_1_298' title='bbox 341 2352 449 2383; x_wconf 84' lang='lat' dir='ltr'>Christi,</span> <span class='ocrx_word' id='word_1_299' title='bbox 467 2352 512 2377; x_wconf 91' lang='lat' dir='ltr'>sed</span> <span class='ocrx_word' id='word_1_300' title='bbox 530 2354 638 2383; x_wconf 89' lang='lat' dir='ltr'>propter</span> <span class='ocrx_word' id='word_1_301' title='bbox 652 2350 775 2376; x_wconf 88' lang='lat' dir='ltr'>malitiam</span> <span class='ocrx_word' id='word_1_302' title='bbox 790 2357 866 2375; x_wconf 88' lang='lat' dir='ltr'>suam</span> <span class='ocrx_word' id='word_1_303' title='bbox 881 2349 932 2374; x_wconf 90' lang='grc'>329</span> <span class='ocrx_word' id='word_1_304' title='bbox 947 2348 981 2374; x_wconf 86' lang='grc'>64</span> 
     </span>
    </p>

    <p class='ocr_par' dir='ltr' id='par_1_12' title="bbox 342 2394 984 2732">
     <span class='ocr_line' id='line_1_49' title="bbox 396 2394 982 2425; baseline -0.005 -3"><span class='ocrx_word' id='word_1_305' title='bbox 396 2411 431 2415; x_wconf 85' lang='lat'>——</span> <span class='ocrx_word' id='word_1_306' title='bbox 449 2396 532 2422; x_wconf 88' lang='lat' dir='ltr'>Causa</span> <span class='ocrx_word' id='word_1_307' title='bbox 552 2395 726 2421; x_wconf 78' lang='lat' dir='ltr'>damnationis</span> <span class='ocrx_word' id='word_1_308' title='bbox 739 2398 778 2420; x_wconf 87' lang='lat' dir='ltr'>est</span> <span class='ocrx_word' id='word_1_309' title='bbox 791 2394 908 2420; x_wconf 90' lang='lat' dir='ltr'>defectus</span> <span class='ocrx_word' id='word_1_310' title='bbox 921 2400 982 2425; x_wconf 89' lang='lat' dir='ltr'>ope·</span> 
     </span>
     <span class='ocr_line' id='line_1_50' title="bbox 342 2438 982 2467; baseline -0.006 0"><span class='ocrx_word' id='word_1_311' title='bbox 342 2441 378 2467; x_wconf 90' lang='lat' dir='ltr'>ris</span> <span class='ocrx_word' id='word_1_312' title='bbox 397 2440 459 2466; x_wconf 89' lang='lat' dir='ltr'>boni</span> <span class='ocrx_word' id='word_1_313' title='bbox 479 2441 512 2466; x_wconf 81' lang='lat' dir='ltr'>Vl</span> <span class='ocrx_word' id='word_1_314' title='bbox 532 2439 584 2465; x_wconf 88' lang='grc'>284</span> <span class='ocrx_word' id='word_1_315' title='bbox 598 2440 631 2465; x_wconf 88' lang='grc'>32</span> <span class='ocrx_word' id='word_1_316' title='bbox 645 2453 680 2458; x_wconf 88' lang='grc'>-</span> <span class='ocrx_word' id='word_1_317' title='bbox 693 2442 797 2465; x_wconf 86' lang='lat' dir='ltr'>aeterna</span> <span class='ocrx_word' id='word_1_318' title='bbox 817 2438 982 2464; x_wconf 84' lang='lat' dir='ltr'>concluditur</span> 
     </span>
     <span class='ocr_line' id='line_1_51' title="bbox 342 2483 981 2518; baseline -0.006 -7"><span class='ocrx_word' id='word_1_319' title='bbox 342 2493 373 2511; x_wconf 88' lang='lat' dir='ltr'>ex</span> <span class='ocrx_word' id='word_1_320' title='bbox 392 2485 507 2518; x_wconf 88' lang='lat' dir='ltr'>peccatis</span> <span class='ocrx_word' id='word_1_321' title='bbox 526 2484 640 2510; x_wconf 85' lang='lat' dir='ltr'>hominis</span> <span class='ocrx_word' id='word_1_322' title='bbox 658 2487 684 2509; x_wconf 89' lang='lat' dir='ltr'>ct</span> <span class='ocrx_word' id='word_1_323' title='bbox 702 2484 791 2510; x_wconf 86' lang='lat' dir='ltr'>divina</span> <span class='ocrx_word' id='word_1_324' title='bbox 815 2483 910 2508; x_wconf 88' lang='lat' dir='ltr'>iustitia</span> <span class='ocrx_word' id='word_1_325' title='bbox 931 2483 981 2507; x_wconf 88' lang='lat'>606</span> 
     </span>
     <span class='ocr_line' id='line_1_52' title="bbox 342 2526 982 2559; baseline -0.003 -5"><span class='ocrx_word' id='word_1_326' title='bbox 342 2537 370 2555; x_wconf 88' lang='lat' dir='ltr'>v.</span> <span class='ocrx_word' id='word_1_327' title='bbox 390 2530 404 2554; x_wconf 89' lang='lat'>8</span> <span class='ocrx_word' id='word_1_328' title='bbox 424 2543 459 2548; x_wconf 93' lang='lat'>——</span> <span class='ocrx_word' id='word_1_329' title='bbox 478 2532 565 2554; x_wconf 92' lang='lat' dir='ltr'>ortum</span> <span class='ocrx_word' id='word_1_330' title='bbox 585 2528 664 2554; x_wconf 86' lang='lat' dir='ltr'>habet</span> <span class='ocrx_word' id='word_1_331' title='bbox 689 2535 702 2553; x_wconf 89' lang='lat' dir='ltr'>a</span> <span class='ocrx_word' id='word_1_332' title='bbox 732 2527 855 2559; x_wconf 89' lang='lat' dir='ltr'>superbia</span> <span class='ocrx_word' id='word_1_333' title='bbox 877 2526 927 2552; x_wconf 91' lang='grc'>429</span> <span class='ocrx_word' id='word_1_334' title='bbox 948 2527 982 2552; x_wconf 92' lang='grc'>25</span> 
     </span>
     <span class='ocr_line' id='line_1_53' title="bbox 343 2574 982 2605; baseline -0.005 -6"><span class='ocrx_word' id='word_1_335' title='bbox 343 2589 378 2592; x_wconf 91' lang='grc'><strong>-</strong></span> <span class='ocrx_word' id='word_1_336' title='bbox 398 2574 471 2605; x_wconf 91' lang='lat' dir='ltr'>lmpii</span> <span class='ocrx_word' id='word_1_337' title='bbox 491 2574 648 2599; x_wconf 86' lang='lat' dir='ltr'>damnantur</span> <span class='ocrx_word' id='word_1_338' title='bbox 667 2575 775 2604; x_wconf 89' lang='lat' dir='ltr'>propter</span> <span class='ocrx_word' id='word_1_339' title='bbox 800 2574 982 2603; x_wconf 88' lang='lat' dir='ltr'>contemptum</span> 
     </span>
     <span class='ocr_line' id='line_1_54' title="bbox 343 2616 981 2644; baseline -0.006 0"><span class='ocrx_word' id='word_1_340' title='bbox 343 2619 448 2644; x_wconf 91' lang='lat' dir='ltr'>divinae</span> <span class='ocrx_word' id='word_1_341' title='bbox 468 2618 578 2643; x_wconf 87' lang='lat' dir='ltr'>iustitiae</span> <span class='ocrx_word' id='word_1_342' title='bbox 590 2620 616 2642; x_wconf 89' lang='lat' dir='ltr'>et</span> <span class='ocrx_word' id='word_1_343' title='bbox 629 2616 825 2642; x_wconf 87' lang='lat' dir='ltr'>misericordiae</span> <span class='ocrx_word' id='word_1_344' title='bbox 845 2616 895 2640; x_wconf 90' lang='grc'>190</span> <span class='ocrx_word' id='word_1_345' title='bbox 908 2622 934 2640; x_wconf 85' lang='lat' dir='ltr'>v.</span> <span class='ocrx_word' id='word_1_346' title='bbox 949 2616 981 2641; x_wconf 88' lang='grc'>23</span> 
     </span>
     <span class='ocr_line' id='line_1_55' title="bbox 343 2659 984 2693; baseline -0.005 -6"><span class='ocrx_word' id='word_1_347' title='bbox 343 2676 379 2681; x_wconf 95' lang='grc'><strong>-</strong></span> <span class='ocrx_word' id='word_1_348' title='bbox 399 2663 446 2687; x_wconf 74' lang='lat' dir='ltr'>l‘ro</span> <span class='ocrx_word' id='word_1_349' title='bbox 466 2662 590 2687; x_wconf 88' lang='lat' dir='ltr'>damnato</span> <span class='ocrx_word' id='word_1_350' title='bbox 620 2660 730 2686; x_wconf 89' lang='lat' dir='ltr'>habetur</span> <span class='ocrx_word' id='word_1_351' title='bbox 754 2660 800 2693; x_wconf 86' lang='lat' dir='ltr'>qui</span> <span class='ocrx_word' id='word_1_352' title='bbox 828 2667 882 2685; x_wconf 91' lang='lat' dir='ltr'>non</span> <span class='ocrx_word' id='word_1_353' title='bbox 901 2659 984 2685; x_wconf 88' lang='lat' dir='ltr'>credit</span> 
     </span>
     <span class='ocr_line' id='line_1_56' title="bbox 345 2704 728 2732; baseline -0.005 0"><span class='ocrx_word' id='word_1_354' title='bbox 345 2706 370 2732; x_wconf 90' lang='lat' dir='ltr'>in</span> <span class='ocrx_word' id='word_1_355' title='bbox 390 2706 496 2731; x_wconf 85' lang='lat' dir='ltr'>nomine</span> <span class='ocrx_word' id='word_1_356' title='bbox 514 2705 607 2731; x_wconf 88' lang='lat' dir='ltr'>Christi</span> <span class='ocrx_word' id='word_1_357' title='bbox 628 2706 679 2730; x_wconf 88' lang='grc'>283</span> <span class='ocrx_word' id='word_1_358' title='bbox 700 2704 728 2730; x_wconf 82' lang='grc'>31</span> 
     </span>
    </p>

    <p class='ocr_par' dir='ltr' id='par_1_13' title="bbox 398 2748 985 2779">
     <span class='ocr_line' id='line_1_57' title="bbox 398 2748 985 2779; baseline -0.005 -4"><span class='ocrx_word' id='word_1_359' title='bbox 398 2764 433 2769; x_wconf 95' lang='grc'><strong>-</strong></span> <span class='ocrx_word' id='word_1_360' title='bbox 453 2749 631 2775; x_wconf 84' lang='lat' dir='ltr'>Damnationis</span> <span class='ocrx_word' id='word_1_361' title='bbox 660 2749 759 2774; x_wconf 90' lang='lat' dir='ltr'>initium</span> <span class='ocrx_word' id='word_1_362' title='bbox 779 2751 816 2773; x_wconf 86' lang='lat' dir='ltr'>est</span> <span class='ocrx_word' id='word_1_363' title='bbox 836 2748 863 2773; x_wconf 91' lang='lat' dir='ltr'>in</span> <span class='ocrx_word' id='word_1_364' title='bbox 882 2754 985 2779; x_wconf 90' lang='lat' dir='ltr'>separa-</span> 
     </span>
    </p>
   </div>
   <div class='ocr_carea' id='block_1_5' title="bbox 345 2785 999 2825">
    <p class='ocr_par' dir='ltr' id='par_1_14' title="bbox 345 2785 999 2825">
     <span class='ocr_line' id='line_1_58' title="bbox 345 2785 999 2825; baseline -0.005 -5"><span class='ocrx_word' id='word_1_365' title='bbox 345 2795 415 2820; x_wconf 86' lang='lat' dir='ltr'>tione</span> <span class='ocrx_word' id='word_1_366' title='bbox 434 2795 537 2819; x_wconf 91' lang='lat' dir='ltr'>animae</span> <span class='ocrx_word' id='word_1_367' title='bbox 556 2797 581 2819; x_wconf 88' lang='lat' dir='ltr'>et</span> <span class='ocrx_word' id='word_1_368' title='bbox 600 2793 727 2825; x_wconf 83' lang='lat' dir='ltr'>corporis,</span> <span class='ocrx_word' id='word_1_369' title='bbox 747 2793 865 2818; x_wconf 88' lang='lat' dir='ltr'>medium</span> <span class='ocrx_word' id='word_1_370' title='bbox 887 2792 915 2817; x_wconf 89' lang='lat' dir='ltr'>in</span> <span class='ocrx_word' id='word_1_371' title='bbox 929 2785 999 2817; x_wconf 47' lang='lat' dir='ltr'>crus</span> 
     </span>
    </p>
   </div>
   <div class='ocr_carea' id='block_1_6' title="bbox 345 2836 986 3224">
    <p class='ocr_par' dir='ltr' id='par_1_15' title="bbox 345 2836 983 2909">
     <span class='ocr_line' id='line_1_59' title="bbox 345 2836 983 2870; baseline -0.005 -6"><span class='ocrx_word' id='word_1_372' title='bbox 345 2840 413 2864; x_wconf 90' lang='lat' dir='ltr'>ciatu</span> <span class='ocrx_word' id='word_1_373' title='bbox 432 2839 535 2864; x_wconf 89' lang='lat' dir='ltr'>animae</span> <span class='ocrx_word' id='word_1_374' title='bbox 563 2840 707 2870; x_wconf 84' lang='lat' dir='ltr'>separatae,</span> <span class='ocrx_word' id='word_1_375' title='bbox 737 2837 795 2862; x_wconf 89' lang='lat' dir='ltr'>ssnis</span> <span class='ocrx_word' id='word_1_376' title='bbox 817 2836 843 2862; x_wconf 92' lang='lat' dir='ltr'>in</span> <span class='ocrx_word' id='word_1_377' title='bbox 871 2843 983 2862; x_wconf 89' lang='lat' dir='ltr'>resurre-</span> 
     </span>
     <span class='ocr_line' id='line_1_60' title="bbox 345 2882 652 2909; baseline -0.003 -1"><span class='ocrx_word' id='word_1_378' title='bbox 345 2884 431 2909; x_wconf 89' lang='lat' dir='ltr'>ctione</span> <span class='ocrx_word' id='word_1_379' title='bbox 451 2883 482 2908; x_wconf 90' lang='lat' dir='ltr'>Vl</span> <span class='ocrx_word' id='word_1_380' title='bbox 505 2883 549 2908; x_wconf 90' lang='grc'>191</span> <span class='ocrx_word' id='word_1_381' title='bbox 574 2890 600 2908; x_wconf 86' lang='grc' dir='ltr'>ν.</span> <span class='ocrx_word' id='word_1_382' title='bbox 619 2882 652 2907; x_wconf 88' lang='grc'>26</span> 
     </span>
    </p>

    <p class='ocr_par' dir='ltr' id='par_1_16' title="bbox 345 2925 984 3042">
     <span class='ocr_line' id='line_1_61' title="bbox 398 2925 984 2957; baseline -0.003 -5"><span class='ocrx_word' id='word_1_383' title='bbox 398 2942 433 2945; x_wconf 89' lang='grc'><strong>-</strong></span> <span class='ocrx_word' id='word_1_384' title='bbox 453 2927 533 2952; x_wconf 87' lang='lat' dir='ltr'>Nemo</span> <span class='ocrx_word' id='word_1_385' title='bbox 561 2929 647 2957; x_wconf 88' lang='lat' dir='ltr'>potest</span> <span class='ocrx_word' id='word_1_386' title='bbox 673 2932 731 2952; x_wconf 89' lang='lat' dir='ltr'>esse</span> <span class='ocrx_word' id='word_1_387' title='bbox 758 2925 893 2957; x_wconf 87' lang='lat' dir='ltr'>praescius</span> <span class='ocrx_word' id='word_1_388' title='bbox 920 2931 984 2950; x_wconf 85' lang='lat' dir='ltr'>suae</span> 
     </span>
     <span class='ocr_line' id='line_1_62' title="bbox 345 2969 984 3001; baseline -0.005 -4"><span class='ocrx_word' id='word_1_389' title='bbox 345 2971 521 2997; x_wconf 84' lang='lat' dir='ltr'>damnationis</span> <span class='ocrx_word' id='word_1_390' title='bbox 541 2970 573 2996; x_wconf 94' lang='lat' dir='ltr'>Vl</span> <span class='ocrx_word' id='word_1_391' title='bbox 594 2971 645 2995; x_wconf 87' lang='grc'>362</span> <span class='ocrx_word' id='word_1_392' title='bbox 671 2970 698 2995; x_wconf 89' lang='grc'>41</span> <span class='ocrx_word' id='word_1_393' title='bbox 723 2984 758 2989; x_wconf 94' lang='grc'>-</span> <span class='ocrx_word' id='word_1_394' title='bbox 777 2970 905 2995; x_wconf 90' lang='lat' dir='ltr'>malorum</span> <span class='ocrx_word' id='word_1_395' title='bbox 920 2969 984 3001; x_wconf 87' lang='lat' dir='ltr'>ipsis</span> 
     </span>
     <span class='ocr_line' id='line_1_63' title="bbox 345 3015 655 3042; baseline -0.006 -1"><span class='ocrx_word' id='word_1_396' title='bbox 345 3019 385 3042; x_wconf 88' lang='lat' dir='ltr'>est</span> <span class='ocrx_word' id='word_1_397' title='bbox 402 3015 501 3041; x_wconf 83' lang='lat' dir='ltr'>occulta</span> <span class='ocrx_word' id='word_1_398' title='bbox 521 3015 556 3040; x_wconf 87' lang='grc'>76</span> <span class='ocrx_word' id='word_1_399' title='bbox 575 3022 600 3039; x_wconf 92' lang='lat' dir='ltr'>v.</span> <span class='ocrx_word' id='word_1_400' title='bbox 623 3015 655 3040; x_wconf 86' lang='grc'>12</span> 
     </span>
    </p>

    <p class='ocr_par' dir='ltr' id='par_1_17' title="bbox 347 3058 986 3224">
     <span class='ocr_line' id='line_1_64' title="bbox 399 3058 984 3084; baseline -0.002 0"><span class='ocrx_word' id='word_1_401' title='bbox 399 3074 434 3078; x_wconf 92' lang='grc'>-</span> <span class='ocrx_word' id='word_1_402' title='bbox 453 3059 573 3084; x_wconf 83' lang='grc'>03133311</span> <span class='ocrx_word' id='word_1_403' title='bbox 592 3058 778 3084; x_wconf 85' lang='lat' dir='ltr'>iudicabuntur</span> <span class='ocrx_word' id='word_1_404' title='bbox 808 3058 840 3084; x_wconf 88' lang='lat' dir='ltr'>Vl</span> <span class='ocrx_word' id='word_1_405' title='bbox 869 3058 920 3083; x_wconf 88' lang='grc'>312</span> <span class='ocrx_word' id='word_1_406' title='bbox 941 3058 984 3084; x_wconf 89' lang='grc'>53.</span> 
     </span>
     <span class='ocr_line' id='line_1_65' title="bbox 347 3102 985 3129; baseline -0.002 0"><span class='ocrx_word' id='word_1_407' title='bbox 347 3104 399 3129; x_wconf 89' lang='grc'>313</span> <span class='ocrx_word' id='word_1_408' title='bbox 414 3103 447 3129; x_wconf 85' lang='grc'>57</span> <span class='ocrx_word' id='word_1_409' title='bbox 461 3118 496 3121; x_wconf 91' lang='grc'><strong>-</strong></span> <span class='ocrx_word' id='word_1_410' title='bbox 509 3103 628 3128; x_wconf 89' lang='lat' dir='ltr'>Damnati</span> <span class='ocrx_word' id='word_1_411' title='bbox 642 3103 675 3128; x_wconf 92' lang='lat' dir='ltr'>ad</span> <span class='ocrx_word' id='word_1_412' title='bbox 689 3102 814 3128; x_wconf 88' lang='lat' dir='ltr'>iudicium</span> <span class='ocrx_word' id='word_1_413' title='bbox 829 3102 936 3128; x_wconf 84' lang='lat' dir='ltr'>exibunt</span> <span class='ocrx_word' id='word_1_414' title='bbox 951 3103 985 3128; x_wconf 91' lang='lat' dir='ltr'>de</span> 
     </span>
     <span class='ocr_line' id='line_1_66' title="bbox 347 3146 985 3173; baseline -0.002 0"><span class='ocrx_word' id='word_1_415' title='bbox 347 3148 446 3173; x_wconf 90' lang='lat' dir='ltr'>inferno</span> <span class='ocrx_word' id='word_1_416' title='bbox 467 3147 517 3172; x_wconf 87' lang='grc'>136</span> <span class='ocrx_word' id='word_1_417' title='bbox 537 3154 564 3172; x_wconf 90' lang='lat' dir='ltr'>v.</span> <span class='ocrx_word' id='word_1_418' title='bbox 583 3148 616 3172; x_wconf 85' lang='grc'>20</span> <span class='ocrx_word' id='word_1_419' title='bbox 634 3160 670 3166; x_wconf 90' lang='lat'>--</span> <span class='ocrx_word' id='word_1_420' title='bbox 689 3147 786 3173; x_wconf 89' lang='lat' dir='ltr'>ludicio</span> <span class='ocrx_word' id='word_1_421' title='bbox 810 3146 985 3172; x_wconf 82' lang='lat' dir='ltr'>damnationis</span> 
     </span>
     <span class='ocr_line' id='line_1_67' title="bbox 348 3191 986 3224; baseline -0.002 -6"><span class='ocrx_word' id='word_1_422' title='bbox 348 3193 468 3218; x_wconf 88' lang='lat' dir='ltr'>tollentur</span> <span class='ocrx_word' id='word_1_423' title='bbox 487 3191 607 3223; x_wconf 83' lang='lat' dir='ltr'>palmites</span> <span class='ocrx_word' id='word_1_424' title='bbox 626 3191 791 3222; x_wconf 78' lang='lat' dir='ltr'>infructuosi,</span> <span class='ocrx_word' id='word_1_425' title='bbox 803 3191 910 3224; x_wconf 87' lang='lat' dir='ltr'>quando</span> <span class='ocrx_word' id='word_1_426' title='bbox 923 3194 986 3217; x_wconf 89' lang='lat' dir='ltr'>tem-</span> 
     </span>
    </p>
   </div>
   <div class='ocr_carea' id='block_1_7' title="bbox 350 3235 1031 3268">
    <p class='ocr_par' dir='ltr' id='par_1_18' title="bbox 350 3235 1031 3268">
     <span class='ocr_line' id='line_1_68' title="bbox 350 3235 1031 3268; baseline 0.001 -7"><span class='ocrx_word' id='word_1_427' title='bbox 350 3243 398 3268; x_wconf 88' lang='lat' dir='ltr'>pus</span> <span class='ocrx_word' id='word_1_428' title='bbox 417 3236 535 3262; x_wconf 89' lang='lat' dir='ltr'>merendi</span> <span class='ocrx_word' id='word_1_429' title='bbox 549 3235 727 3267; x_wconf 84' lang='lat' dir='ltr'>praecluditur</span> <span class='ocrx_word' id='word_1_430' title='bbox 743 3235 872 3261; x_wconf 87' lang='lat' dir='ltr'>damnatis</span> <span class='ocrx_word' id='word_1_431' title='bbox 887 3235 937 3261; x_wconf 88' lang='grc'>450</span> <span class='ocrx_word' id='word_1_432' title='bbox 953 3235 985 3261; x_wconf 90' lang='grc'>17</span> <span class='ocrx_word' id='word_1_433' title='bbox 1027 3257 1031 3262; x_wconf 92' lang='grc'><em>.</em></span> 
     </span>
    </p>
   </div>
   <div class='ocr_carea' id='block_1_8' title="bbox 346 3279 986 3445">
    <p class='ocr_par' dir='ltr' id='par_1_19' title="bbox 346 3279 986 3312">
     <span class='ocr_line' id='line_1_69' title="bbox 346 3279 986 3312; baseline 0 -7"><span class='ocrx_word' id='word_1_434' title='bbox 346 3294 382 3298; x_wconf 92' lang='lat'>—-</span> <span class='ocrx_word' id='word_1_435' title='bbox 401 3280 449 3306; x_wconf 81' lang='lat' dir='ltr'>Per</span> <span class='ocrx_word' id='word_1_436' title='bbox 467 3283 599 3306; x_wconf 85' lang='lat' dir='ltr'>aeternam</span> <span class='ocrx_word' id='word_1_437' title='bbox 616 3279 811 3306; x_wconf 87' lang='lat' dir='ltr'>damnationem</span> <span class='ocrx_word' id='word_1_438' title='bbox 826 3280 921 3305; x_wconf 89' lang='lat' dir='ltr'>tollitur</span> <span class='ocrx_word' id='word_1_439' title='bbox 934 3281 986 3312; x_wconf 87' lang='lat' dir='ltr'>pal-</span> 
     </span>
    </p>

    <p class='ocr_par' dir='ltr' id='par_1_20' title="bbox 348 3323 986 3394">
     <span class='ocr_line' id='line_1_70' title="bbox 348 3323 943 3350; baseline 0 -1"><span class='ocrx_word' id='word_1_440' title='bbox 348 3330 404 3350; x_wconf 86' lang='lat' dir='ltr'>mes</span> <span class='ocrx_word' id='word_1_441' title='bbox 422 3324 520 3350; x_wconf 87' lang='lat' dir='ltr'>inutilis</span> <span class='ocrx_word' id='word_1_442' title='bbox 538 3324 572 3350; x_wconf 91' lang='lat' dir='ltr'>de</span> <span class='ocrx_word' id='word_1_443' title='bbox 591 3324 645 3349; x_wconf 91' lang='lat' dir='ltr'>vite</span> <span class='ocrx_word' id='word_1_444' title='bbox 663 3323 791 3349; x_wconf 86' lang='lat' dir='ltr'>Ecclesiae</span> <span class='ocrx_word' id='word_1_445' title='bbox 810 3323 861 3349; x_wconf 92' lang='grc'>604</span> <span class='ocrx_word' id='word_1_446' title='bbox 881 3331 908 3349; x_wconf 85' lang='lat' dir='ltr'>v.</span> <span class='ocrx_word' id='word_1_447' title='bbox 927 3325 943 3349; x_wconf 93' lang='grc'>2</span> 
     </span>
     <span class='ocr_line' id='line_1_71' title="bbox 401 3367 986 3394; baseline 0 -1"><span class='ocrx_word' id='word_1_448' title='bbox 401 3382 435 3386; x_wconf 94' lang='grc'>-</span> <span class='ocrx_word' id='word_1_449' title='bbox 454 3368 574 3394; x_wconf 87' lang='lat' dir='ltr'>Damnati</span> <span class='ocrx_word' id='word_1_450' title='bbox 593 3371 653 3394; x_wconf 89' lang='lat' dir='ltr'>sunt</span> <span class='ocrx_word' id='word_1_451' title='bbox 681 3368 706 3393; x_wconf 87' lang='lat' dir='ltr'>in</span> <span class='ocrx_word' id='word_1_452' title='bbox 736 3367 835 3393; x_wconf 91' lang='lat' dir='ltr'>inferno</span> <span class='ocrx_word' id='word_1_453' title='bbox 855 3367 910 3393; x_wconf 89' lang='lat' dir='ltr'>sine</span> <span class='ocrx_word' id='word_1_454' title='bbox 928 3375 986 3393; x_wconf 90' lang='lat' dir='ltr'>cor-</span> 
     </span>
    </p>

    <p class='ocr_par' dir='ltr' id='par_1_21' title="bbox 349 3411 986 3445">
     <span class='ocr_line' id='line_1_72' title="bbox 349 3411 986 3445; baseline 0 -7"><span class='ocrx_word' id='word_1_455' title='bbox 349 3412 458 3445; x_wconf 85' lang='lat' dir='ltr'>poribus</span> <span class='ocrx_word' id='word_1_456' title='bbox 477 3419 562 3445; x_wconf 87' lang='lat' dir='ltr'>usque</span> <span class='ocrx_word' id='word_1_457' title='bbox 581 3412 606 3438; x_wconf 92' lang='lat' dir='ltr'>in</span> <span class='ocrx_word' id='word_1_458' title='bbox 624 3413 695 3439; x_wconf 89' lang='lat' dir='ltr'>diem</span> <span class='ocrx_word' id='word_1_459' title='bbox 715 3411 803 3438; x_wconf 89' lang='lat' dir='ltr'>iudicii</span> <span class='ocrx_word' id='word_1_460' title='bbox 827 3414 853 3437; x_wconf 90' lang='lat' dir='ltr'>et</span> <span class='ocrx_word' id='word_1_461' title='bbox 870 3412 925 3438; x_wconf 86' lang='lat' dir='ltr'>sine</span> <span class='ocrx_word' id='word_1_462' title='bbox 943 3419 986 3438; x_wconf 88' lang='lat' dir='ltr'>or-</span> 
     </span>
    </p>
   </div>
   <div class='ocr_carea' id='block_1_9' title="bbox 996 1123 999 1746">
    <p class='ocr_par' dir='ltr' id='par_1_22' title="bbox 996 1123 999 1746">
     <span class='ocr_line' id='line_1_73' title="bbox 996 1123 999 1746; baseline 0 0"><span class='ocrx_word' id='word_1_463' title='bbox 996 1123 999 1746; x_wconf 95' lang='lat' dir='ltr'> </span> 
     </span>
    </p>
   </div>
   <div class='ocr_carea' id='block_1_10' title="bbox 1205 268 1471 301">
    <p class='ocr_par' dir='ltr' id='par_1_23' title="bbox 1205 268 1471 301">
     <span class='ocr_line' id='line_1_74' title="bbox 1205 268 1471 301; baseline 0.004 -1"><span class='ocrx_word' id='word_1_464' title='bbox 1205 268 1319 301; x_wconf 86' lang='lat' dir='ltr'>lNDEX</span> <span class='ocrx_word' id='word_1_465' title='bbox 1343 268 1471 301; x_wconf 83' lang='lat' dir='ltr'>RERUM</span> 
     </span>
    </p>
   </div>
   <div class='ocr_carea' id='block_1_11' title="bbox 1015 356 1663 3443">
    <p class='ocr_par' dir='ltr' id='par_1_24' title="bbox 1015 356 1654 567">
     <span class='ocr_line' id='line_1_75' title="bbox 1016 356 1654 388; baseline 0 -7"><span class='ocrx_word' id='word_1_466' title='bbox 1016 356 1090 387; x_wconf 74' lang='lat' dir='ltr'>ganis</span> <span class='ocrx_word' id='word_1_467' title='bbox 1109 357 1256 388; x_wconf 88' lang='lat' dir='ltr'>corporeis,</span> <span class='ocrx_word' id='word_1_468' title='bbox 1286 357 1345 383; x_wconf 87' lang='lat' dir='ltr'>licet</span> <span class='ocrx_word' id='word_1_469' title='bbox 1370 364 1421 382; x_wconf 92' lang='lat' dir='ltr'>non</span> <span class='ocrx_word' id='word_1_470' title='bbox 1450 357 1506 382; x_wconf 85' lang='lat' dir='ltr'>sine</span> <span class='ocrx_word' id='word_1_471' title='bbox 1530 356 1654 388; x_wconf 86' lang='lat' dir='ltr'>potentiis</span> 
     </span>
     <span class='ocr_line' id='line_1_76' title="bbox 1015 400 1654 435; baseline -0.002 -9"><span class='ocrx_word' id='word_1_472' title='bbox 1015 407 1176 432; x_wconf 83' lang='lat' dir='ltr'>organorum</span> <span class='ocrx_word' id='word_1_473' title='bbox 1196 401 1228 426; x_wconf 91' lang='lat' dir='ltr'>Vl</span> <span class='ocrx_word' id='word_1_474' title='bbox 1251 401 1296 426; x_wconf 89' lang='grc'>141</span> <span class='ocrx_word' id='word_1_475' title='bbox 1321 408 1348 426; x_wconf 89' lang='lat' dir='ltr'>v.</span> <span class='ocrx_word' id='word_1_476' title='bbox 1369 400 1400 426; x_wconf 85' lang='grc'>14</span> <span class='ocrx_word' id='word_1_477' title='bbox 1414 414 1450 420; x_wconf 89' lang='grc'>-</span> <span class='ocrx_word' id='word_1_478' title='bbox 1463 401 1512 435; x_wconf 81' lang='lat' dir='ltr'>Pro</span> <span class='ocrx_word' id='word_1_479' title='bbox 1525 400 1654 425; x_wconf 90' lang='lat' dir='ltr'>damnatis</span> 
     </span>
     <span class='ocr_line' id='line_1_77' title="bbox 1016 444 1653 477; baseline -0.003 -7"><span class='ocrx_word' id='word_1_480' title='bbox 1016 445 1172 470; x_wconf 86' lang='lat' dir='ltr'>reassumtio</span> <span class='ocrx_word' id='word_1_481' title='bbox 1191 445 1310 477; x_wconf 83' lang='lat' dir='ltr'>corporis</span> <span class='ocrx_word' id='word_1_482' title='bbox 1328 445 1377 470; x_wconf 90' lang='lat' dir='ltr'>erit</span> <span class='ocrx_word' id='word_1_483' title='bbox 1397 452 1463 470; x_wconf 89' lang='lat' dir='ltr'>nova</span> <span class='ocrx_word' id='word_1_484' title='bbox 1484 444 1653 470; x_wconf 83' lang='grc'>311110110138</span> 
     </span>
     <span class='ocr_line' id='line_1_78' title="bbox 1016 488 1654 520; baseline -0.002 -6"><span class='ocrx_word' id='word_1_485' title='bbox 1016 497 1043 514; x_wconf 90' lang='grc' dir='ltr'>ν.</span> <span class='ocrx_word' id='word_1_486' title='bbox 1062 490 1077 515; x_wconf 93' lang='grc'>2</span> <span class='ocrx_word' id='word_1_487' title='bbox 1095 503 1132 508; x_wconf 95' lang='grc'>-</span> <span class='ocrx_word' id='word_1_488' title='bbox 1151 490 1272 515; x_wconf 84' lang='lat' dir='ltr'>Memoria</span> <span class='ocrx_word' id='word_1_489' title='bbox 1293 489 1361 515; x_wconf 88' lang='lat' dir='ltr'>bona</span> <span class='ocrx_word' id='word_1_490' title='bbox 1381 489 1565 515; x_wconf 88' lang='lat' dir='ltr'>damnatorum</span> <span class='ocrx_word' id='word_1_491' title='bbox 1586 488 1654 520; x_wconf 90' lang='lat' dir='ltr'>peri-</span> 
     </span>
     <span class='ocr_line' id='line_1_79' title="bbox 1016 532 1618 567; baseline -0.005 -8"><span class='ocrx_word' id='word_1_492' title='bbox 1016 533 1054 559; x_wconf 90' lang='lat' dir='ltr'>bit</span> <span class='ocrx_word' id='word_1_493' title='bbox 1072 534 1159 567; x_wconf 88' lang='lat' dir='ltr'>quoad</span> <span class='ocrx_word' id='word_1_494' title='bbox 1180 534 1264 559; x_wconf 89' lang='lat' dir='ltr'>Deum</span> <span class='ocrx_word' id='word_1_495' title='bbox 1283 537 1308 559; x_wconf 90' lang='lat' dir='ltr'>et</span> <span class='ocrx_word' id='word_1_496' title='bbox 1328 533 1448 559; x_wconf 85' lang='lat' dir='ltr'>homines</span> <span class='ocrx_word' id='word_1_497' title='bbox 1469 533 1519 558; x_wconf 87' lang='grc'>136</span> <span class='ocrx_word' id='word_1_498' title='bbox 1538 539 1565 557; x_wconf 88' lang='grc' dir='ltr'>ν.</span> <span class='ocrx_word' id='word_1_499' title='bbox 1585 532 1618 556; x_wconf 92' lang='grc'>19</span> 
     </span>
    </p>

    <p class='ocr_par' dir='ltr' id='par_1_25' title="bbox 1015 575 1656 824">
     <span class='ocr_line' id='line_1_80' title="bbox 1067 575 1655 603; baseline -0.005 0"><span class='ocrx_word' id='word_1_500' title='bbox 1067 592 1103 596; x_wconf 84' lang='lat'><strong>—</strong></span> <span class='ocrx_word' id='word_1_501' title='bbox 1122 578 1208 603; x_wconf 85' lang='lat' dir='ltr'>Poena</span> <span class='ocrx_word' id='word_1_502' title='bbox 1237 577 1410 603; x_wconf 88' lang='lat' dir='ltr'>damnationis</span> <span class='ocrx_word' id='word_1_503' title='bbox 1439 580 1559 602; x_wconf 86' lang='lat' dir='ltr'>aeternae</span> <span class='ocrx_word' id='word_1_504' title='bbox 1577 575 1655 601; x_wconf 87' lang='lat' dir='ltr'>susti-</span> 
     </span>
     <span class='ocr_line' id='line_1_81' title="bbox 1015 619 1654 647; baseline -0.005 0"><span class='ocrx_word' id='word_1_505' title='bbox 1015 622 1100 647; x_wconf 89' lang='lat' dir='ltr'>nenda</span> <span class='ocrx_word' id='word_1_506' title='bbox 1120 625 1159 647; x_wconf 91' lang='lat' dir='ltr'>est</span> <span class='ocrx_word' id='word_1_507' title='bbox 1177 622 1202 647; x_wconf 88' lang='lat' dir='ltr'>in</span> <span class='ocrx_word' id='word_1_508' title='bbox 1223 622 1323 647; x_wconf 90' lang='lat' dir='ltr'>inferno</span> <span class='ocrx_word' id='word_1_509' title='bbox 1343 622 1375 646; x_wconf 89' lang='lat' dir='ltr'>Vl</span> <span class='ocrx_word' id='word_1_510' title='bbox 1390 621 1442 646; x_wconf 88' lang='grc'>547</span> <span class='ocrx_word' id='word_1_511' title='bbox 1458 620 1472 646; x_wconf 84' lang='grc'>4</span> <span class='ocrx_word' id='word_1_512' title='bbox 1485 635 1520 638; x_wconf 92' lang='grc'><strong>-</strong></span> <span class='ocrx_word' id='word_1_513' title='bbox 1534 619 1654 645; x_wconf 83' lang='grc'>03133311</span> 
     </span>
     <span class='ocr_line' id='line_1_82' title="bbox 1015 664 1656 698; baseline -0.005 -7"><span class='ocrx_word' id='word_1_514' title='bbox 1015 666 1176 698; x_wconf 88' lang='lat' dir='ltr'>repelluntur</span> <span class='ocrx_word' id='word_1_515' title='bbox 1195 666 1229 691; x_wconf 92' lang='lat' dir='ltr'>de</span> <span class='ocrx_word' id='word_1_516' title='bbox 1248 672 1327 691; x_wconf 89' lang='lat' dir='ltr'>manu</span> <span class='ocrx_word' id='word_1_517' title='bbox 1341 665 1537 691; x_wconf 86' lang='lat' dir='ltr'>misericordiae</span> <span class='ocrx_word' id='word_1_518' title='bbox 1556 664 1656 689; x_wconf 89' lang='lat' dir='ltr'>salvan-</span> 
     </span>
     <span class='ocr_line' id='line_1_83' title="bbox 1015 707 1655 741; baseline -0.005 -5"><span class='ocrx_word' id='word_1_519' title='bbox 1015 710 1056 741; x_wconf 89' lang='lat' dir='ltr'>tis,</span> <span class='ocrx_word' id='word_1_520' title='bbox 1075 717 1127 736; x_wconf 93' lang='lat' dir='ltr'>non</span> <span class='ocrx_word' id='word_1_521' title='bbox 1147 710 1180 736; x_wconf 87' lang='lat' dir='ltr'>de</span> <span class='ocrx_word' id='word_1_522' title='bbox 1199 717 1279 735; x_wconf 89' lang='lat' dir='ltr'>manu</span> <span class='ocrx_word' id='word_1_523' title='bbox 1308 710 1420 735; x_wconf 89' lang='lat' dir='ltr'>iustitiae</span> <span class='ocrx_word' id='word_1_524' title='bbox 1449 708 1580 741; x_wconf 84' lang='lat' dir='ltr'>punientis</span> <span class='ocrx_word' id='word_1_525' title='bbox 1605 707 1655 733; x_wconf 90' lang='grc'>194</span> 
     </span>
     <span class='ocr_line' id='line_1_84' title="bbox 1015 752 1654 786; baseline -0.003 -7"><span class='ocrx_word' id='word_1_526' title='bbox 1015 762 1042 780; x_wconf 82' lang='lat' dir='ltr'>v.</span> <span class='ocrx_word' id='word_1_527' title='bbox 1062 755 1095 779; x_wconf 93' lang='grc'>10</span> <span class='ocrx_word' id='word_1_528' title='bbox 1114 768 1149 774; x_wconf 90' lang='lat'>·-</span> <span class='ocrx_word' id='word_1_529' title='bbox 1169 754 1290 780; x_wconf 89' lang='lat' dir='ltr'>Damnati</span> <span class='ocrx_word' id='word_1_530' title='bbox 1317 754 1500 786; x_wconf 86' lang='lat' dir='ltr'>relinquuntur</span> <span class='ocrx_word' id='word_1_531' title='bbox 1524 752 1580 778; x_wconf 91' lang='lat' dir='ltr'>sine</span> <span class='ocrx_word' id='word_1_532' title='bbox 1606 752 1654 777; x_wconf 89' lang='lat' dir='ltr'>ulla</span> 
     </span>
     <span class='ocr_line' id='line_1_85' title="bbox 1016 798 1288 824; baseline -0.004 0"><span class='ocrx_word' id='word_1_533' title='bbox 1016 799 1163 824; x_wconf 78' lang='lat' dir='ltr'>visitatione</span> <span class='ocrx_word' id='word_1_534' title='bbox 1183 799 1234 824; x_wconf 88' lang='lat'>363</span> <span class='ocrx_word' id='word_1_535' title='bbox 1255 798 1288 823; x_wconf 93' lang='grc'>44</span> 
     </span>
    </p>

    <p class='ocr_par' dir='ltr' id='par_1_26' title="bbox 1016 842 1658 1141">
     <span class='ocr_line' id='line_1_86' title="bbox 1069 842 1658 874; baseline -0.003 -6"><span class='ocrx_word' id='word_1_536' title='bbox 1069 857 1102 861; x_wconf 87' lang='lat'>—</span> <span class='ocrx_word' id='word_1_537' title='bbox 1117 843 1238 868; x_wconf 89' lang='lat' dir='ltr'>Damnati</span> <span class='ocrx_word' id='word_1_538' title='bbox 1250 849 1298 874; x_wconf 91' lang='lat' dir='ltr'>per</span> <span class='ocrx_word' id='word_1_539' title='bbox 1311 842 1411 874; x_wconf 83' lang='lat' dir='ltr'>flagella</span> <span class='ocrx_word' id='word_1_540' title='bbox 1426 849 1478 867; x_wconf 89' lang='lat' dir='ltr'>non</span> <span class='ocrx_word' id='word_1_541' title='bbox 1496 844 1658 867; x_wconf 85' lang='grc'>5311161363-</span> 
     </span>
     <span class='ocr_line' id='line_1_87' title="bbox 1016 885 1657 919; baseline -0.006 -6"><span class='ocrx_word' id='word_1_542' title='bbox 1016 885 1083 919; x_wconf 82' lang='lat' dir='ltr'>dati,</span> <span class='ocrx_word' id='word_1_543' title='bbox 1103 887 1150 913; x_wconf 86' lang='lat' dir='ltr'>sed</span> <span class='ocrx_word' id='word_1_544' title='bbox 1169 886 1318 912; x_wconf 88' lang='lat' dir='ltr'>deteriorati</span> <span class='ocrx_word' id='word_1_545' title='bbox 1338 887 1370 911; x_wconf 91' lang='lat' dir='ltr'>Vl</span> <span class='ocrx_word' id='word_1_546' title='bbox 1392 886 1443 911; x_wconf 90' lang='grc'>179</span> <span class='ocrx_word' id='word_1_547' title='bbox 1462 893 1489 911; x_wconf 85' lang='lat' dir='ltr'>v.</span> <span class='ocrx_word' id='word_1_548' title='bbox 1511 886 1537 910; x_wconf 93' lang='grc'>11</span> <span class='ocrx_word' id='word_1_549' title='bbox 1561 899 1597 904; x_wconf 94' lang='grc'>-</span> <span class='ocrx_word' id='word_1_550' title='bbox 1610 885 1657 910; x_wconf 88' lang='lat' dir='ltr'>Da-</span> 
     </span>
     <span class='ocr_line' id='line_1_88' title="bbox 1016 930 1657 962; baseline -0.003 -6"><span class='ocrx_word' id='word_1_551' title='bbox 1016 931 1096 956; x_wconf 89' lang='lat' dir='ltr'>mnati</span> <span class='ocrx_word' id='word_1_552' title='bbox 1116 932 1172 956; x_wconf 88' lang='lat' dir='ltr'>sine</span> <span class='ocrx_word' id='word_1_553' title='bbox 1200 932 1285 956; x_wconf 85' lang='lat' dir='ltr'>fructu</span> <span class='ocrx_word' id='word_1_554' title='bbox 1314 930 1490 962; x_wconf 89' lang='lat' dir='ltr'>poenitentiae</span> <span class='ocrx_word' id='word_1_555' title='bbox 1508 930 1536 955; x_wconf 86' lang='lat' dir='ltr'>in</span> <span class='ocrx_word' id='word_1_556' title='bbox 1555 930 1657 954; x_wconf 87' lang='lat' dir='ltr'>inferno</span> 
     </span>
     <span class='ocr_line' id='line_1_89' title="bbox 1016 974 1658 1001; baseline -0.005 0"><span class='ocrx_word' id='word_1_557' title='bbox 1016 975 1149 1001; x_wconf 87' lang='lat' dir='ltr'>ardebunt</span> <span class='ocrx_word' id='word_1_558' title='bbox 1177 975 1201 1000; x_wconf 93' lang='lat' dir='ltr'>in</span> <span class='ocrx_word' id='word_1_559' title='bbox 1230 979 1366 1000; x_wconf 88' lang='lat' dir='ltr'>aeternum</span> <span class='ocrx_word' id='word_1_560' title='bbox 1397 974 1447 999; x_wconf 86' lang='grc'>173</span> <span class='ocrx_word' id='word_1_561' title='bbox 1476 981 1502 999; x_wconf 88' lang='lat' dir='ltr'>v.</span> <span class='ocrx_word' id='word_1_562' title='bbox 1521 974 1538 999; x_wconf 91' lang='lat'>7</span> <span class='ocrx_word' id='word_1_563' title='bbox 1556 987 1592 992; x_wconf 92' lang='lat'>—</span> <span class='ocrx_word' id='word_1_564' title='bbox 1611 974 1658 998; x_wconf 92' lang='lat' dir='ltr'>Da-</span> 
     </span>
     <span class='ocr_line' id='line_1_90' title="bbox 1016 1017 1658 1050; baseline -0.005 -5"><span class='ocrx_word' id='word_1_565' title='bbox 1016 1020 1096 1045; x_wconf 90' lang='lat' dir='ltr'>mnati</span> <span class='ocrx_word' id='word_1_566' title='bbox 1109 1022 1187 1046; x_wconf 88' lang='lat' dir='ltr'>erunt</span> <span class='ocrx_word' id='word_1_567' title='bbox 1200 1020 1224 1044; x_wconf 92' lang='lat' dir='ltr'>in</span> <span class='ocrx_word' id='word_1_568' title='bbox 1238 1019 1393 1045; x_wconf 89' lang='lat' dir='ltr'>confusione</span> <span class='ocrx_word' id='word_1_569' title='bbox 1406 1018 1582 1050; x_wconf 85' lang='lat' dir='ltr'>reproborum</span> <span class='ocrx_word' id='word_1_570' title='bbox 1601 1017 1658 1042; x_wconf 91' lang='lat' dir='ltr'>sine</span> 
     </span>
     <span class='ocr_line' id='line_1_91' title="bbox 1016 1061 1658 1095; baseline -0.005 -6"><span class='ocrx_word' id='word_1_571' title='bbox 1016 1064 1067 1089; x_wconf 86' lang='lat' dir='ltr'>fine</span> <span class='ocrx_word' id='word_1_572' title='bbox 1088 1065 1138 1089; x_wconf 91' lang='grc'>136</span> <span class='ocrx_word' id='word_1_573' title='bbox 1159 1070 1185 1089; x_wconf 89' lang='lat' dir='ltr'>v.</span> <span class='ocrx_word' id='word_1_574' title='bbox 1207 1064 1238 1088; x_wconf 90' lang='grc'>19</span> <span class='ocrx_word' id='word_1_575' title='bbox 1258 1077 1293 1082; x_wconf 95' lang='grc'>-</span> <span class='ocrx_word' id='word_1_576' title='bbox 1312 1063 1436 1095; x_wconf 82' lang='lat' dir='ltr'>punietur</span> <span class='ocrx_word' id='word_1_577' title='bbox 1448 1068 1588 1095; x_wconf 85' lang='lat' dir='ltr'>quousque</span> <span class='ocrx_word' id='word_1_578' title='bbox 1601 1061 1658 1087; x_wconf 90' lang='lat' dir='ltr'>red-</span> 
     </span>
     <span class='ocr_line' id='line_1_92' title="bbox 1016 1098 1532 1141; baseline -0.006 -7"><span class='ocrx_word' id='word_1_579' title='bbox 1016 1108 1061 1134; x_wconf 88' lang='lat' dir='ltr'>dat</span> <span class='ocrx_word' id='word_1_580' title='bbox 1080 1108 1254 1141; x_wconf 87' lang='lat' dir='ltr'>quadrantem</span> <span class='ocrx_word' id='word_1_581' title='bbox 1275 1107 1449 1133; x_wconf 83' lang='lat' dir='ltr'>novissimum</span> <span class='ocrx_word' id='word_1_582' title='bbox 1470 1098 1532 1132; x_wconf 75' lang='lat' dir='ltr'>ibid.</span> 
     </span>
    </p>

    <p class='ocr_par' dir='ltr' id='par_1_27' title="bbox 1016 1150 1658 1445">
     <span class='ocr_line' id='line_1_93' title="bbox 1069 1150 1657 1183; baseline -0.005 -6"><span class='ocrx_word' id='word_1_583' title='bbox 1069 1167 1103 1171; x_wconf 96' lang='lat'>—</span> <span class='ocrx_word' id='word_1_584' title='bbox 1123 1152 1243 1177; x_wconf 90' lang='lat' dir='ltr'>Damnati</span> <span class='ocrx_word' id='word_1_585' title='bbox 1263 1151 1356 1183; x_wconf 89' lang='lat' dir='ltr'>poenis</span> <span class='ocrx_word' id='word_1_586' title='bbox 1375 1150 1497 1176; x_wconf 86' lang='lat' dir='ltr'>resistere</span> <span class='ocrx_word' id='word_1_587' title='bbox 1522 1156 1573 1174; x_wconf 91' lang='lat' dir='ltr'>non</span> <span class='ocrx_word' id='word_1_588' title='bbox 1599 1156 1657 1180; x_wconf 82' lang='lat' dir='ltr'>pos·</span> 
     </span>
     <span class='ocr_line' id='line_1_94' title="bbox 1016 1194 1658 1226; baseline -0.005 -4"><span class='ocrx_word' id='word_1_589' title='bbox 1016 1199 1076 1223; x_wconf 92' lang='lat' dir='ltr'>sunt</span> <span class='ocrx_word' id='word_1_590' title='bbox 1095 1197 1128 1222; x_wconf 89' lang='lat' dir='ltr'>VI</span> <span class='ocrx_word' id='word_1_591' title='bbox 1149 1196 1194 1221; x_wconf 87' lang='grc'>191</span> <span class='ocrx_word' id='word_1_592' title='bbox 1219 1203 1246 1221; x_wconf 91' lang='lat' dir='ltr'>v.</span> <span class='ocrx_word' id='word_1_593' title='bbox 1265 1197 1298 1221; x_wconf 88' lang='grc'>26</span> <span class='ocrx_word' id='word_1_594' title='bbox 1318 1209 1353 1214; x_wconf 93' lang='lat'>—-</span> <span class='ocrx_word' id='word_1_595' title='bbox 1374 1194 1492 1220; x_wconf 89' lang='lat' dir='ltr'>Damnati</span> <span class='ocrx_word' id='word_1_596' title='bbox 1506 1195 1658 1226; x_wconf 81' lang='lat' dir='ltr'>affliguntur</span> 
     </span>
     <span class='ocr_line' id='line_1_95' title="bbox 1017 1238 1657 1271; baseline -0.006 -4"><span class='ocrx_word' id='word_1_597' title='bbox 1017 1242 1050 1267; x_wconf 89' lang='lat' dir='ltr'>de</span> <span class='ocrx_word' id='word_1_598' title='bbox 1068 1248 1132 1267; x_wconf 73' lang='lat' dir='ltr'>vera</span> <span class='ocrx_word' id='word_1_599' title='bbox 1152 1240 1282 1266; x_wconf 90' lang='lat' dir='ltr'>bonorum</span> <span class='ocrx_word' id='word_1_600' title='bbox 1297 1240 1417 1265; x_wconf 87' lang='lat' dir='ltr'>felicitate</span> <span class='ocrx_word' id='word_1_601' title='bbox 1436 1242 1461 1265; x_wconf 88' lang='lat' dir='ltr'>et</span> <span class='ocrx_word' id='word_1_602' title='bbox 1479 1241 1611 1271; x_wconf 86' lang='lat' dir='ltr'>anguntur</span> <span class='ocrx_word' id='word_1_603' title='bbox 1624 1238 1657 1263; x_wconf 90' lang='lat' dir='ltr'>de</span> 
     </span>
     <span class='ocr_line' id='line_1_96' title="bbox 1018 1282 1658 1318; baseline -0.005 -7"><span class='ocrx_word' id='word_1_604' title='bbox 1018 1286 1124 1318; x_wconf 86' lang='lat' dir='ltr'>propria</span> <span class='ocrx_word' id='word_1_605' title='bbox 1144 1285 1292 1311; x_wconf 81' lang='lat' dir='ltr'>infelicitate</span> <span class='ocrx_word' id='word_1_606' title='bbox 1322 1285 1371 1309; x_wconf 89' lang='grc'>138</span> <span class='ocrx_word' id='word_1_607' title='bbox 1400 1291 1427 1309; x_wconf 89' lang='lat' dir='ltr'>v.</span> <span class='ocrx_word' id='word_1_608' title='bbox 1451 1284 1459 1308; x_wconf 92' lang='grc'>1</span> <span class='ocrx_word' id='word_1_609' title='bbox 1485 1298 1519 1301; x_wconf 90' lang='grc'><strong>-</strong></span> <span class='ocrx_word' id='word_1_610' title='bbox 1538 1282 1658 1308; x_wconf 86' lang='lat' dir='ltr'>Damnati</span> 
     </span>
     <span class='ocr_line' id='line_1_97' title="bbox 1017 1327 1658 1362; baseline -0.006 -6"><span class='ocrx_word' id='word_1_611' title='bbox 1017 1330 1162 1362; x_wconf 85' lang='lat' dir='ltr'>gemebunt</span> <span class='ocrx_word' id='word_1_612' title='bbox 1181 1336 1245 1361; x_wconf 88' lang='lat' dir='ltr'>prae</span> <span class='ocrx_word' id='word_1_613' title='bbox 1265 1328 1385 1361; x_wconf 90' lang='lat' dir='ltr'>angustia</span> <span class='ocrx_word' id='word_1_614' title='bbox 1400 1327 1508 1360; x_wconf 91' lang='lat' dir='ltr'>spiritus</span> <span class='ocrx_word' id='word_1_615' title='bbox 1526 1334 1556 1353; x_wconf 92' lang='lat' dir='ltr'>ex</span> <span class='ocrx_word' id='word_1_616' title='bbox 1576 1327 1658 1352; x_wconf 90' lang='lat' dir='ltr'>consi-</span> 
     </span>
     <span class='ocr_line' id='line_1_98' title="bbox 1017 1371 1658 1406; baseline -0.006 -6"><span class='ocrx_word' id='word_1_617' title='bbox 1017 1375 1152 1401; x_wconf 91' lang='lat' dir='ltr'>deratione</span> <span class='ocrx_word' id='word_1_618' title='bbox 1180 1374 1278 1406; x_wconf 84' lang='lat' dir='ltr'>gloriae</span> <span class='ocrx_word' id='word_1_619' title='bbox 1297 1376 1323 1399; x_wconf 87' lang='lat' dir='ltr'>et</span> <span class='ocrx_word' id='word_1_620' title='bbox 1341 1373 1446 1403; x_wconf 87' lang='lat' dir='ltr'>salutis,</span> <span class='ocrx_word' id='word_1_621' title='bbox 1472 1379 1553 1405; x_wconf 88' lang='lat' dir='ltr'>quam</span> <span class='ocrx_word' id='word_1_622' title='bbox 1573 1371 1658 1404; x_wconf 89' lang='lat' dir='ltr'>perdi—</span> 
     </span>
     <span class='ocr_line' id='line_1_99' title="bbox 1016 1418 1245 1445; baseline -0.004 0"><span class='ocrx_word' id='word_1_623' title='bbox 1016 1420 1112 1445; x_wconf 89' lang='lat' dir='ltr'>derunt</span> <span class='ocrx_word' id='word_1_624' title='bbox 1130 1418 1164 1445; x_wconf 80' lang='lat' dir='ltr'>ib.</span> <span class='ocrx_word' id='word_1_625' title='bbox 1183 1426 1210 1444; x_wconf 93' lang='lat' dir='ltr'>v.</span> <span class='ocrx_word' id='word_1_626' title='bbox 1230 1419 1245 1444; x_wconf 93' lang='grc'>2</span> 
     </span>
    </p>

    <p class='ocr_par' dir='ltr' id='par_1_28' title="bbox 1016 1460 1658 1851">
     <span class='ocr_line' id='line_1_100' title="bbox 1069 1460 1658 1489; baseline -0.007 0"><span class='ocrx_word' id='word_1_627' title='bbox 1069 1477 1106 1483; x_wconf 89' lang='lat'>-</span> <span class='ocrx_word' id='word_1_628' title='bbox 1124 1463 1245 1489; x_wconf 91' lang='lat' dir='ltr'>Damnati</span> <span class='ocrx_word' id='word_1_629' title='bbox 1260 1464 1368 1488; x_wconf 88' lang='lat' dir='ltr'>horrore</span> <span class='ocrx_word' id='word_1_630' title='bbox 1382 1460 1490 1487; x_wconf 89' lang='lat' dir='ltr'>terribili</span> <span class='ocrx_word' id='word_1_631' title='bbox 1508 1460 1658 1486; x_wconf 86' lang='lat' dir='ltr'>cruciantur</span> 
     </span>
     <span class='ocr_line' id='line_1_101' title="bbox 1017 1506 1657 1540; baseline -0.006 -6"><span class='ocrx_word' id='word_1_632' title='bbox 1017 1510 1125 1540; x_wconf 85' lang='lat' dir='ltr'>propter</span> <span class='ocrx_word' id='word_1_633' title='bbox 1144 1506 1316 1533; x_wconf 80' lang='lat' dir='ltr'>constantiam</span> <span class='ocrx_word' id='word_1_634' title='bbox 1335 1513 1444 1532; x_wconf 88' lang='lat' dir='ltr'>suorum</span> <span class='ocrx_word' id='word_1_635' title='bbox 1465 1507 1657 1536; x_wconf 84' lang='lat' dir='ltr'>accusatorum,</span> 
     </span>
     <span class='ocr_line' id='line_1_102' title="bbox 1016 1550 1658 1581; baseline -0.006 -3"><span class='ocrx_word' id='word_1_636' title='bbox 1016 1552 1182 1578; x_wconf 88' lang='lat' dir='ltr'>severitatem</span> <span class='ocrx_word' id='word_1_637' title='bbox 1211 1551 1362 1578; x_wconf 90' lang='lat' dir='ltr'>divinorum</span> <span class='ocrx_word' id='word_1_638' title='bbox 1388 1550 1562 1580; x_wconf 87' lang='lat' dir='ltr'>iudiciorum,</span> <span class='ocrx_word' id='word_1_639' title='bbox 1581 1556 1658 1581; x_wconf 89' lang='lat' dir='ltr'>prae-</span> 
     </span>
     <span class='ocr_line' id='line_1_103' title="bbox 1017 1594 1656 1623; baseline -0.006 -1"><span class='ocrx_word' id='word_1_640' title='bbox 1017 1598 1128 1623; x_wconf 88' lang='lat' dir='ltr'>sentiam</span> <span class='ocrx_word' id='word_1_641' title='bbox 1148 1596 1312 1622; x_wconf 90' lang='lat' dir='ltr'>horribilium</span> <span class='ocrx_word' id='word_1_642' title='bbox 1333 1597 1460 1621; x_wconf 89' lang='lat' dir='ltr'>tortorum</span> <span class='ocrx_word' id='word_1_643' title='bbox 1481 1595 1514 1620; x_wconf 85' lang='lat' dir='ltr'>Vl</span> <span class='ocrx_word' id='word_1_644' title='bbox 1536 1594 1586 1619; x_wconf 86' lang='grc'>138</span> <span class='ocrx_word' id='word_1_645' title='bbox 1601 1601 1626 1618; x_wconf 97' lang='lat' dir='ltr'>v.</span> <span class='ocrx_word' id='word_1_646' title='bbox 1641 1595 1656 1618; x_wconf 89' lang='grc'>2</span> 
     </span>
     <span class='ocr_line' id='line_1_104' title="bbox 1018 1637 1656 1667; baseline -0.006 0"><span class='ocrx_word' id='word_1_647' title='bbox 1018 1656 1052 1660; x_wconf 89' lang='grc'><strong>-</strong></span> <span class='ocrx_word' id='word_1_648' title='bbox 1072 1641 1190 1667; x_wconf 87' lang='lat' dir='ltr'>Damnati</span> <span class='ocrx_word' id='word_1_649' title='bbox 1213 1639 1389 1666; x_wconf 90' lang='lat' dir='ltr'>turbabuntur</span> <span class='ocrx_word' id='word_1_650' title='bbox 1418 1639 1511 1664; x_wconf 89' lang='lat' dir='ltr'>timore</span> <span class='ocrx_word' id='word_1_651' title='bbox 1539 1637 1656 1663; x_wconf 89' lang='lat' dir='ltr'>horribili</span> 
     </span>
     <span class='ocr_line' id='line_1_105' title="bbox 1018 1682 1657 1718; baseline -0.006 -7"><span class='ocrx_word' id='word_1_652' title='bbox 1018 1689 1125 1718; x_wconf 89' lang='lat' dir='ltr'>propter</span> <span class='ocrx_word' id='word_1_653' title='bbox 1154 1685 1348 1710; x_wconf 86' lang='lat' dir='ltr'>remordentem</span> <span class='ocrx_word' id='word_1_654' title='bbox 1374 1683 1570 1715; x_wconf 87' lang='lat' dir='ltr'>conscientiam,</span> <span class='ocrx_word' id='word_1_655' title='bbox 1592 1682 1657 1708; x_wconf 91' lang='lat' dir='ltr'>iudi-</span> 
     </span>
     <span class='ocr_line' id='line_1_106' title="bbox 1017 1727 1656 1759; baseline -0.006 -3"><span class='ocrx_word' id='word_1_656' title='bbox 1017 1731 1054 1756; x_wconf 90' lang='lat' dir='ltr'>cis</span> <span class='ocrx_word' id='word_1_657' title='bbox 1068 1729 1268 1756; x_wconf 87' lang='lat' dir='ltr'>irrevocabilem</span> <span class='ocrx_word' id='word_1_658' title='bbox 1281 1728 1446 1758; x_wconf 83' lang='lat' dir='ltr'>sententiam,</span> <span class='ocrx_word' id='word_1_659' title='bbox 1465 1727 1656 1759; x_wconf 87' lang='lat' dir='ltr'>suppliciorum</span> 
     </span>
     <span class='ocr_line' id='line_1_107' title="bbox 1017 1771 1653 1807; baseline -0.006 -7"><span class='ocrx_word' id='word_1_660' title='bbox 1017 1777 1233 1807; x_wconf 86' lang='lat' dir='ltr'>praeparatorum</span> <span class='ocrx_word' id='word_1_661' title='bbox 1254 1776 1279 1799; x_wconf 90' lang='lat' dir='ltr'>et</span> <span class='ocrx_word' id='word_1_662' title='bbox 1299 1776 1426 1798; x_wconf 92' lang='lat' dir='ltr'>tortorum</span> <span class='ocrx_word' id='word_1_663' title='bbox 1441 1771 1604 1798; x_wconf 88' lang='lat' dir='ltr'>horribilium</span> <span class='ocrx_word' id='word_1_664' title='bbox 1619 1771 1653 1796; x_wconf 86' lang='lat' dir='ltr'>vi-</span> 
     </span>
     <span class='ocr_line' id='line_1_108' title="bbox 1017 1816 1349 1851; baseline -0.009 -6"><span class='ocrx_word' id='word_1_665' title='bbox 1017 1827 1073 1845; x_wconf 87' lang='lat' dir='ltr'>sam</span> <span class='ocrx_word' id='word_1_666' title='bbox 1093 1818 1268 1851; x_wconf 83' lang='lat' dir='ltr'>praesentiam</span> <span class='ocrx_word' id='word_1_667' title='bbox 1288 1816 1349 1843; x_wconf 79' lang='lat' dir='ltr'>ibid.</span> 
     </span>
    </p>

    <p class='ocr_par' dir='ltr' id='par_1_29' title="bbox 1018 1860 1658 1934">
     <span class='ocr_line' id='line_1_109' title="bbox 1071 1860 1658 1888; baseline -0.005 0"><span class='ocrx_word' id='word_1_668' title='bbox 1071 1877 1106 1882; x_wconf 97' lang='lat'><strong>—</strong></span> <span class='ocrx_word' id='word_1_669' title='bbox 1125 1863 1257 1888; x_wconf 85' lang='lat' dir='ltr'>Praelatus</span> <span class='ocrx_word' id='word_1_670' title='bbox 1276 1861 1388 1887; x_wconf 87' lang='lat' dir='ltr'>carnalis</span> <span class='ocrx_word' id='word_1_671' title='bbox 1415 1863 1441 1886; x_wconf 87' lang='lat' dir='ltr'>et</span> <span class='ocrx_word' id='word_1_672' title='bbox 1468 1860 1595 1886; x_wconf 86' lang='lat' dir='ltr'>remissus</span> <span class='ocrx_word' id='word_1_673' title='bbox 1619 1862 1658 1885; x_wconf 92' lang='lat' dir='ltr'>est</span> 
     </span>
     <span class='ocr_line' id='line_1_110' title="bbox 1018 1904 1657 1934; baseline -0.006 -1"><span class='ocrx_word' id='word_1_674' title='bbox 1018 1908 1121 1934; x_wconf 87' lang='lat' dir='ltr'>occasio</span> <span class='ocrx_word' id='word_1_675' title='bbox 1140 1910 1261 1932; x_wconf 89' lang='lat' dir='ltr'>aeternae</span> <span class='ocrx_word' id='word_1_676' title='bbox 1280 1905 1456 1931; x_wconf 89' lang='lat' dir='ltr'>damnationis</span> <span class='ocrx_word' id='word_1_677' title='bbox 1474 1905 1507 1930; x_wconf 82' lang='lat' dir='ltr'>Vl</span> <span class='ocrx_word' id='word_1_678' title='bbox 1528 1905 1560 1929; x_wconf 89' lang='lat'>86</span> <span class='ocrx_word' id='word_1_679' title='bbox 1580 1912 1608 1930; x_wconf 79' lang='lat' dir='ltr'>v.</span> <span class='ocrx_word' id='word_1_680' title='bbox 1625 1904 1657 1929; x_wconf 90' lang='grc'>16</span> 
     </span>
    </p>

    <p class='ocr_par' dir='ltr' id='par_1_30' title="bbox 1018 1948 1659 2066">
     <span class='ocr_line' id='line_1_111' title="bbox 1072 1948 1657 1977; baseline -0.009 0"><span class='ocrx_word' id='word_1_681' title='bbox 1072 1952 1168 1977; x_wconf 67' lang='lat' dir='ltr'>Daunii.</span> <span class='ocrx_word' id='word_1_682' title='bbox 1185 1964 1222 1969; x_wconf 92' lang='lat'>—</span> <span class='ocrx_word' id='word_1_683' title='bbox 1240 1950 1287 1975; x_wconf 89' lang='lat' dir='ltr'>fuit</span> <span class='ocrx_word' id='word_1_684' title='bbox 1306 1949 1438 1975; x_wconf 87' lang='lat' dir='ltr'>abstinens</span> <span class='ocrx_word' id='word_1_685' title='bbox 1457 1949 1489 1974; x_wconf 93' lang='lat' dir='ltr'>Vl</span> <span class='ocrx_word' id='word_1_686' title='bbox 1514 1948 1561 1973; x_wconf 89' lang='grc'>150</span> <span class='ocrx_word' id='word_1_687' title='bbox 1578 1956 1604 1973; x_wconf 90' lang='lat' dir='ltr'>v.</span> <span class='ocrx_word' id='word_1_688' title='bbox 1624 1948 1657 1973; x_wconf 88' lang='grc'>24</span> 
     </span>
     <span class='ocr_line' id='line_1_112' title="bbox 1018 1992 1659 2026; baseline -0.008 -4"><span class='ocrx_word' id='word_1_689' title='bbox 1018 2010 1052 2015; x_wconf 91' lang='grc'><strong>-</strong></span> <span class='ocrx_word' id='word_1_690' title='bbox 1072 1995 1172 2021; x_wconf 85' lang='grc' dir='ltr'>13ν6311</span> <span class='ocrx_word' id='word_1_691' title='bbox 1189 1994 1345 2026; x_wconf 87' lang='lat' dir='ltr'>sapientiam</span> <span class='ocrx_word' id='word_1_692' title='bbox 1374 1993 1467 2019; x_wconf 91' lang='lat' dir='ltr'>merito</span> <span class='ocrx_word' id='word_1_693' title='bbox 1486 1992 1659 2018; x_wconf 83' lang='lat' dir='ltr'>abstinentiae</span> 
     </span>
     <span class='ocr_line' id='line_1_113' title="bbox 1018 2039 1251 2066; baseline -0.013 0"><span class='ocrx_word' id='word_1_694' title='bbox 1018 2047 1081 2066; x_wconf 85' lang='lat' dir='ltr'>suae</span> <span class='ocrx_word' id='word_1_695' title='bbox 1102 2040 1152 2065; x_wconf 90' lang='grc'>148</span> <span class='ocrx_word' id='word_1_696' title='bbox 1172 2047 1198 2065; x_wconf 91' lang='lat' dir='ltr'>v.</span> <span class='ocrx_word' id='word_1_697' title='bbox 1220 2039 1251 2064; x_wconf 90' lang='grc'>13</span> 
     </span>
    </p>

    <p class='ocr_par' dir='ltr' id='par_1_31' title="bbox 1018 2081 1660 2288">
     <span class='ocr_line' id='line_1_114' title="bbox 1073 2081 1659 2115; baseline -0.005 -6"><span class='ocrx_word' id='word_1_698' title='bbox 1073 2099 1106 2103; x_wconf 80' lang='grc'>--</span> <span class='ocrx_word' id='word_1_699' title='bbox 1126 2084 1173 2111; x_wconf 84' lang='lat' dir='ltr'>fuit</span> <span class='ocrx_word' id='word_1_700' title='bbox 1191 2083 1293 2109; x_wconf 86' lang='lat' dir='ltr'>subtilis</span> <span class='ocrx_word' id='word_1_701' title='bbox 1312 2083 1339 2108; x_wconf 89' lang='lat' dir='ltr'>in</span> <span class='ocrx_word' id='word_1_702' title='bbox 1358 2082 1520 2115; x_wconf 86' lang='lat' dir='ltr'>penetrando</span> <span class='ocrx_word' id='word_1_703' title='bbox 1546 2084 1571 2107; x_wconf 90' lang='lat' dir='ltr'>et</span> <span class='ocrx_word' id='word_1_704' title='bbox 1589 2081 1659 2106; x_wconf 86' lang='lat' dir='ltr'>inve-</span> 
     </span>
     <span class='ocr_line' id='line_1_115' title="bbox 1018 2125 1660 2155; baseline -0.006 0"><span class='ocrx_word' id='word_1_705' title='bbox 1018 2129 1116 2155; x_wconf 89' lang='lat' dir='ltr'>niendo</span> <span class='ocrx_word' id='word_1_706' title='bbox 1136 2129 1170 2154; x_wconf 90' lang='lat' dir='ltr'>Vl</span> <span class='ocrx_word' id='word_1_707' title='bbox 1193 2129 1241 2153; x_wconf 91' lang='grc'>163</span> <span class='ocrx_word' id='word_1_708' title='bbox 1263 2135 1289 2153; x_wconf 92' lang='lat' dir='ltr'>v.</span> <span class='ocrx_word' id='word_1_709' title='bbox 1309 2127 1337 2153; x_wconf 90' lang='grc'>11</span> <span class='ocrx_word' id='word_1_710' title='bbox 1361 2141 1397 2146; x_wconf 94' lang='grc'>-</span> <span class='ocrx_word' id='word_1_711' title='bbox 1415 2126 1537 2152; x_wconf 87' lang='lat' dir='ltr'>intellexit</span> <span class='ocrx_word' id='word_1_712' title='bbox 1549 2125 1660 2151; x_wconf 92' lang='lat' dir='ltr'>abscon—</span> 
     </span>
     <span class='ocr_line' id='line_1_116' title="bbox 1018 2169 1658 2203; baseline -0.006 -4"><span class='ocrx_word' id='word_1_713' title='bbox 1018 2174 1072 2200; x_wconf 88' lang='lat' dir='ltr'>dita</span> <span class='ocrx_word' id='word_1_714' title='bbox 1099 2172 1244 2199; x_wconf 90' lang='lat' dir='ltr'>ministerio</span> <span class='ocrx_word' id='word_1_715' title='bbox 1263 2171 1430 2198; x_wconf 87' lang='lat' dir='ltr'>revelationis</span> <span class='ocrx_word' id='word_1_716' title='bbox 1453 2170 1587 2203; x_wconf 77' lang='lat' dir='ltr'>angelIcae</span> <span class='ocrx_word' id='word_1_717' title='bbox 1607 2169 1658 2195; x_wconf 90' lang='grc'>240</span> 
     </span>
     <span class='ocr_line' id='line_1_117' title="bbox 1019 2213 1658 2249; baseline -0.008 -5"><span class='ocrx_word' id='word_1_718' title='bbox 1019 2219 1034 2244; x_wconf 91' lang='grc'>3</span> <span class='ocrx_word' id='word_1_719' title='bbox 1053 2232 1089 2237; x_wconf 94' lang='grc'>-</span> <span class='ocrx_word' id='word_1_720' title='bbox 1107 2220 1147 2243; x_wconf 84' lang='grc'>651</span> <span class='ocrx_word' id='word_1_721' title='bbox 1165 2217 1250 2249; x_wconf 82' lang='lat' dir='ltr'>figura</span> <span class='ocrx_word' id='word_1_722' title='bbox 1270 2215 1535 2248; x_wconf 86' lang='lat' dir='ltr'>contemplativorum</span> <span class='ocrx_word' id='word_1_723' title='bbox 1550 2214 1592 2240; x_wconf 93' lang='lat' dir='ltr'>Vll</span> <span class='ocrx_word' id='word_1_724' title='bbox 1608 2213 1658 2239; x_wconf 91' lang='grc'>172</span> 
     </span>
     <span class='ocr_line' id='line_1_118' title="bbox 1018 2261 1187 2288; baseline 0 -1"><span class='ocrx_word' id='word_1_725' title='bbox 1018 2263 1061 2287; x_wconf 89' lang='grc'>31.</span> <span class='ocrx_word' id='word_1_726' title='bbox 1083 2261 1133 2287; x_wconf 86' lang='grc'>446</span> <span class='ocrx_word' id='word_1_727' title='bbox 1153 2262 1187 2288; x_wconf 88' lang='grc'>58</span> 
     </span>
    </p>

    <p class='ocr_par' dir='ltr' id='par_1_32' title="bbox 1019 2303 1658 2383">
     <span class='ocr_line' id='line_1_119' title="bbox 1072 2303 1658 2336; baseline -0.007 -4"><span class='ocrx_word' id='word_1_728' title='bbox 1072 2307 1143 2332; x_wconf 71' lang='lat' dir='ltr'>DARE</span> <span class='ocrx_word' id='word_1_729' title='bbox 1161 2320 1197 2325; x_wconf 98' lang='lat'><strong>—</strong></span> <span class='ocrx_word' id='word_1_730' title='bbox 1215 2305 1385 2333; x_wconf 80' lang='lat' dir='ltr'>Abundanter</span> <span class='ocrx_word' id='word_1_731' title='bbox 1410 2304 1505 2330; x_wconf 85' lang='lat' dir='ltr'>dicitur</span> <span class='ocrx_word' id='word_1_732' title='bbox 1530 2304 1594 2329; x_wconf 89' lang='lat' dir='ltr'>dare</span> <span class='ocrx_word' id='word_1_733' title='bbox 1613 2303 1658 2336; x_wconf 87' lang='lat' dir='ltr'>qui</span> 
     </span>
     <span class='ocr_line' id='line_1_120' title="bbox 1019 2349 1449 2383; baseline -0.007 -6"><span class='ocrx_word' id='word_1_734' title='bbox 1019 2358 1116 2383; x_wconf 85' lang='lat' dir='ltr'>magno</span> <span class='ocrx_word' id='word_1_735' title='bbox 1136 2351 1217 2376; x_wconf 90' lang='lat' dir='ltr'>corde</span> <span class='ocrx_word' id='word_1_736' title='bbox 1235 2350 1280 2376; x_wconf 89' lang='lat' dir='ltr'>dat</span> <span class='ocrx_word' id='word_1_737' title='bbox 1298 2350 1341 2376; x_wconf 89' lang='lat' dir='ltr'>Vll</span> <span class='ocrx_word' id='word_1_738' title='bbox 1362 2349 1408 2375; x_wconf 84' lang='grc'>521</span> <span class='ocrx_word' id='word_1_739' title='bbox 1434 2349 1449 2375; x_wconf 88' lang='grc'>4</span> 
     </span>
    </p>

    <p class='ocr_par' dir='ltr' id='par_1_33' title="bbox 1018 2393 1660 2643">
     <span class='ocr_line' id='line_1_121' title="bbox 1073 2393 1659 2425; baseline -0.007 -4"><span class='ocrx_word' id='word_1_740' title='bbox 1073 2395 1217 2425; x_wconf 60' lang='grc'>0111113-</span> <span class='ocrx_word' id='word_1_741' title='bbox 1245 2398 1285 2420; x_wconf 84' lang='grc'>651</span> <span class='ocrx_word' id='word_1_742' title='bbox 1312 2401 1407 2420; x_wconf 91' lang='lat' dir='ltr'>nomen</span> <span class='ocrx_word' id='word_1_743' title='bbox 1437 2393 1606 2425; x_wconf 88' lang='lat' dir='ltr'>benignitatis</span> <span class='ocrx_word' id='word_1_744' title='bbox 1634 2394 1659 2417; x_wconf 89' lang='lat' dir='ltr'>et</span> 
     </span>
     <span class='ocr_line' id='line_1_122' title="bbox 1019 2439 1659 2469; baseline -0.006 -3"><span class='ocrx_word' id='word_1_745' title='bbox 1019 2440 1229 2466; x_wconf 89' lang='lat' dir='ltr'>mansuetudinis</span> <span class='ocrx_word' id='word_1_746' title='bbox 1257 2439 1290 2464; x_wconf 89' lang='lat' dir='ltr'>Vl</span> <span class='ocrx_word' id='word_1_747' title='bbox 1319 2439 1334 2463; x_wconf 91' lang='grc'>9</span> <span class='ocrx_word' id='word_1_748' title='bbox 1363 2446 1389 2464; x_wconf 89' lang='lat' dir='ltr'>v.</span> <span class='ocrx_word' id='word_1_749' title='bbox 1420 2439 1429 2463; x_wconf 97' lang='grc'>1</span> <span class='ocrx_word' id='word_1_750' title='bbox 1462 2452 1498 2457; x_wconf 91' lang='grc'><strong>-</strong></span> <span class='ocrx_word' id='word_1_751' title='bbox 1521 2441 1561 2464; x_wconf 89' lang='grc'>651</span> <span class='ocrx_word' id='word_1_752' title='bbox 1585 2440 1659 2469; x_wconf 84' lang='lat' dir='ltr'>pater</span> 
     </span>
     <span class='ocr_line' id='line_1_123' title="bbox 1018 2482 1659 2511; baseline -0.005 -1"><span class='ocrx_word' id='word_1_753' title='bbox 1018 2484 1112 2511; x_wconf 89' lang='lat' dir='ltr'>Christi</span> <span class='ocrx_word' id='word_1_754' title='bbox 1138 2484 1284 2510; x_wconf 89' lang='lat' dir='ltr'>secundum</span> <span class='ocrx_word' id='word_1_755' title='bbox 1309 2490 1415 2509; x_wconf 84' lang='lat' dir='ltr'>carnem</span> <span class='ocrx_word' id='word_1_756' title='bbox 1436 2482 1477 2508; x_wconf 79' lang='lat' dir='ltr'>Vll</span> <span class='ocrx_word' id='word_1_757' title='bbox 1499 2483 1550 2508; x_wconf 87' lang='grc'>516</span> <span class='ocrx_word' id='word_1_758' title='bbox 1571 2482 1605 2508; x_wconf 90' lang='grc'>47</span> <span class='ocrx_word' id='word_1_759' title='bbox 1623 2496 1659 2500; x_wconf 93' lang='grc'><strong>-</strong></span> 
     </span>
     <span class='ocr_line' id='line_1_124' title="bbox 1020 2526 1660 2561; baseline -0.006 -6"><span class='ocrx_word' id='word_1_760' title='bbox 1020 2529 1204 2561; x_wconf 87' lang='lat' dir='ltr'>interpretatur</span> <span class='ocrx_word' id='word_1_761' title='bbox 1231 2535 1310 2553; x_wconf 91' lang='lat' dir='ltr'>manu</span> <span class='ocrx_word' id='word_1_762' title='bbox 1340 2527 1412 2553; x_wconf 87' lang='lat' dir='ltr'>fortis</span> <span class='ocrx_word' id='word_1_763' title='bbox 1440 2527 1487 2552; x_wconf 87' lang='grc'>391</span> <span class='ocrx_word' id='word_1_764' title='bbox 1513 2528 1545 2552; x_wconf 87' lang='grc'>39</span> <span class='ocrx_word' id='word_1_765' title='bbox 1565 2541 1600 2545; x_wconf 87' lang='lat'>-—</span> <span class='ocrx_word' id='word_1_766' title='bbox 1620 2526 1660 2552; x_wconf 93' lang='lat' dir='ltr'>Di-</span> 
     </span>
     <span class='ocr_line' id='line_1_125' title="bbox 1019 2571 1659 2605; baseline -0.005 -6"><span class='ocrx_word' id='word_1_767' title='bbox 1019 2574 1157 2605; x_wconf 79' lang='lat' dir='ltr'>vulgatum</span> <span class='ocrx_word' id='word_1_768' title='bbox 1178 2572 1225 2598; x_wconf 91' lang='lat' dir='ltr'>fuit</span> <span class='ocrx_word' id='word_1_769' title='bbox 1243 2573 1300 2598; x_wconf 85' lang='lat' dir='ltr'>eius</span> <span class='ocrx_word' id='word_1_770' title='bbox 1319 2579 1414 2597; x_wconf 87' lang='lat' dir='ltr'>nomen</span> <span class='ocrx_word' id='word_1_771' title='bbox 1433 2571 1533 2597; x_wconf 88' lang='lat' dir='ltr'>ratione</span> <span class='ocrx_word' id='word_1_772' title='bbox 1546 2571 1659 2597; x_wconf 88' lang='lat' dir='ltr'>iustitiae</span> 
     </span>
     <span class='ocr_line' id='line_1_126' title="bbox 1021 2617 1124 2643; baseline 0 0"><span class='ocrx_word' id='word_1_773' title='bbox 1021 2618 1071 2643; x_wconf 91' lang='grc'><strong>107</strong></span> <span class='ocrx_word' id='word_1_774' title='bbox 1090 2617 1124 2643; x_wconf 84' lang='grc'>78</span> 
     </span>
    </p>

    <p class='ocr_par' dir='ltr' id='par_1_34' title="bbox 1020 2659 1661 2914">
     <span class='ocr_line' id='line_1_127' title="bbox 1075 2659 1654 2692; baseline -0.003 -5"><span class='ocrx_word' id='word_1_775' title='bbox 1075 2676 1107 2680; x_wconf 92' lang='grc'><strong>-</strong></span> <span class='ocrx_word' id='word_1_776' title='bbox 1128 2661 1264 2692; x_wconf 82' lang='lat' dir='ltr'>consurgit</span> <span class='ocrx_word' id='word_1_777' title='bbox 1291 2661 1319 2686; x_wconf 88' lang='lat' dir='ltr'>in</span> <span class='ocrx_word' id='word_1_778' title='bbox 1347 2667 1460 2692; x_wconf 84' lang='lat' dir='ltr'>regnum</span> <span class='ocrx_word' id='word_1_779' title='bbox 1490 2660 1550 2686; x_wconf 87' lang='lat' dir='ltr'>Saul</span> <span class='ocrx_word' id='word_1_780' title='bbox 1572 2660 1605 2685; x_wconf 90' lang='lat' dir='ltr'>Vl</span> <span class='ocrx_word' id='word_1_781' title='bbox 1626 2659 1654 2685; x_wconf 89' lang='grc'>41</span> 
     </span>
     <span class='ocr_line' id='line_1_128' title="bbox 1020 2704 1660 2736; baseline -0.002 -6"><span class='ocrx_word' id='word_1_782' title='bbox 1020 2713 1048 2730; x_wconf 89' lang='lat' dir='ltr'>v.</span> <span class='ocrx_word' id='word_1_783' title='bbox 1068 2705 1101 2730; x_wconf 89' lang='grc'>15</span> <span class='ocrx_word' id='word_1_784' title='bbox 1126 2718 1161 2724; x_wconf 91' lang='grc'>-</span> <span class='ocrx_word' id='word_1_785' title='bbox 1186 2705 1303 2730; x_wconf 85' lang='lat' dir='ltr'>ascendit</span> <span class='ocrx_word' id='word_1_786' title='bbox 1328 2707 1354 2730; x_wconf 90' lang='lat' dir='ltr'>et</span> <span class='ocrx_word' id='word_1_787' title='bbox 1381 2705 1451 2736; x_wconf 83' lang='lat' dir='ltr'>cepit</span> <span class='ocrx_word' id='word_1_788' title='bbox 1469 2704 1608 2730; x_wconf 86' lang='lat' dir='ltr'>lerusalem</span> <span class='ocrx_word' id='word_1_789' title='bbox 1634 2707 1660 2729; x_wconf 87' lang='lat' dir='ltr'>et</span> 
     </span>
     <span class='ocr_line' id='line_1_129' title="bbox 1021 2748 1660 2781; baseline -0.002 -7"><span class='ocrx_word' id='word_1_790' title='bbox 1021 2749 1118 2781; x_wconf 86' lang='lat' dir='ltr'>expulit</span> <span class='ocrx_word' id='word_1_791' title='bbox 1128 2748 1282 2774; x_wconf 72' lang='lat' dir='ltr'>lebusaeum</span> <span class='ocrx_word' id='word_1_792' title='bbox 1294 2749 1327 2773; x_wconf 86' lang='grc'>23</span> <span class='ocrx_word' id='word_1_793' title='bbox 1339 2755 1365 2780; x_wconf 90' lang='lat' dir='ltr'>q.</span> <span class='ocrx_word' id='word_1_794' title='bbox 1376 2749 1391 2773; x_wconf 87' lang='grc'>2</span> <span class='ocrx_word' id='word_1_795' title='bbox 1402 2763 1436 2766; x_wconf 91' lang='grc'><strong>-</strong></span> <span class='ocrx_word' id='word_1_796' title='bbox 1447 2748 1579 2773; x_wconf 88' lang='lat' dir='ltr'>consecuti</span> <span class='ocrx_word' id='word_1_797' title='bbox 1598 2751 1660 2773; x_wconf 91' lang='lat' dir='ltr'>sunt</span> 
     </span>
     <span class='ocr_line' id='line_1_130' title="bbox 1021 2792 1660 2825; baseline -0.003 -6"><span class='ocrx_word' id='word_1_798' title='bbox 1021 2794 1065 2819; x_wconf 82' lang='lat' dir='ltr'>filii</span> <span class='ocrx_word' id='word_1_799' title='bbox 1085 2794 1175 2825; x_wconf 89' lang='lat' dir='ltr'>lsrael,</span> <span class='ocrx_word' id='word_1_800' title='bbox 1194 2792 1281 2818; x_wconf 77' lang='lat' dir='ltr'>relIcta</span> <span class='ocrx_word' id='word_1_801' title='bbox 1300 2792 1380 2817; x_wconf 89' lang='lat' dir='ltr'>domo</span> <span class='ocrx_word' id='word_1_802' title='bbox 1398 2792 1458 2818; x_wconf 89' lang='lat' dir='ltr'>Saul</span> <span class='ocrx_word' id='word_1_803' title='bbox 1480 2792 1507 2817; x_wconf 87' lang='grc'>41</span> <span class='ocrx_word' id='word_1_804' title='bbox 1533 2800 1559 2817; x_wconf 93' lang='lat' dir='ltr'>v.</span> <span class='ocrx_word' id='word_1_805' title='bbox 1574 2792 1606 2817; x_wconf 94' lang='grc'>15</span> <span class='ocrx_word' id='word_1_806' title='bbox 1626 2806 1660 2811; x_wconf 90' lang='lat'>——</span> 
     </span>
     <span class='ocr_line' id='line_1_131' title="bbox 1021 2835 1661 2870; baseline -0.002 -7"><span class='ocrx_word' id='word_1_807' title='bbox 1021 2837 1082 2863; x_wconf 89' lang='lat' dir='ltr'>Saul</span> <span class='ocrx_word' id='word_1_808' title='bbox 1092 2835 1239 2870; x_wconf 88' lang='lat' dir='ltr'>quaerebat</span> <span class='ocrx_word' id='word_1_809' title='bbox 1249 2836 1376 2862; x_wconf 90' lang='lat' dir='ltr'>Davidem</span> <span class='ocrx_word' id='word_1_810' title='bbox 1392 2836 1441 2861; x_wconf 89' lang='grc'>409</span> <span class='ocrx_word' id='word_1_811' title='bbox 1453 2836 1486 2861; x_wconf 79' lang='grc'>74</span> <span class='ocrx_word' id='word_1_812' title='bbox 1497 2849 1532 2855; x_wconf 92' lang='grc'><strong>-</strong></span> <span class='ocrx_word' id='word_1_813' title='bbox 1542 2837 1614 2862; x_wconf 84' lang='lat' dir='ltr'>solus</span> <span class='ocrx_word' id='word_1_814' title='bbox 1623 2843 1661 2862; x_wconf 87' lang='lat' dir='ltr'>re-</span> 
     </span>
     <span class='ocr_line' id='line_1_132' title="bbox 1022 2880 1660 2914; baseline -0.002 -7"><span class='ocrx_word' id='word_1_815' title='bbox 1022 2881 1113 2914; x_wconf 90' lang='lat' dir='ltr'>gnavit</span> <span class='ocrx_word' id='word_1_816' title='bbox 1122 2883 1182 2906; x_wconf 89' lang='lat' dir='ltr'>ante</span> <span class='ocrx_word' id='word_1_817' title='bbox 1194 2881 1359 2906; x_wconf 87' lang='lat' dir='ltr'>Salomonem</span> <span class='ocrx_word' id='word_1_818' title='bbox 1375 2880 1399 2905; x_wconf 92' lang='lat' dir='ltr'>in</span> <span class='ocrx_word' id='word_1_819' title='bbox 1413 2881 1551 2906; x_wconf 87' lang='lat' dir='ltr'>lerusalem</span> <span class='ocrx_word' id='word_1_820' title='bbox 1563 2881 1595 2906; x_wconf 89' lang='grc'>23</span> <span class='ocrx_word' id='word_1_821' title='bbox 1607 2888 1633 2913; x_wconf 89' lang='lat' dir='ltr'>q.</span> <span class='ocrx_word' id='word_1_822' title='bbox 1644 2882 1660 2906; x_wconf 92' lang='grc'>2</span> 
     </span>
    </p>

    <p class='ocr_par' dir='ltr' id='par_1_35' title="bbox 1021 2924 1661 3090">
     <span class='ocr_line' id='line_1_133' title="bbox 1075 2924 1661 2957; baseline 0 -7"><span class='ocrx_word' id='word_1_823' title='bbox 1075 2940 1110 2944; x_wconf 87' lang='grc'><strong>-</strong></span> <span class='ocrx_word' id='word_1_824' title='bbox 1129 2924 1278 2950; x_wconf 90' lang='lat' dir='ltr'>obediendo</span> <span class='ocrx_word' id='word_1_825' title='bbox 1302 2925 1405 2957; x_wconf 86' lang='lat' dir='ltr'>regium</span> <span class='ocrx_word' id='word_1_826' title='bbox 1425 2925 1539 2951; x_wconf 85' lang='lat' dir='ltr'>chrisma</span> <span class='ocrx_word' id='word_1_827' title='bbox 1558 2932 1661 2957; x_wconf 87' lang='lat' dir='ltr'>prome-</span> 
     </span>
     <span class='ocr_line' id='line_1_134' title="bbox 1021 2968 1659 3001; baseline -0.003 -5"><span class='ocrx_word' id='word_1_828' title='bbox 1021 2970 1072 2996; x_wconf 89' lang='lat' dir='ltr'>ruit</span> <span class='ocrx_word' id='word_1_829' title='bbox 1092 2970 1135 2996; x_wconf 87' lang='lat' dir='ltr'>Vll</span> <span class='ocrx_word' id='word_1_830' title='bbox 1157 2969 1208 2995; x_wconf 84' lang='lat'>485</span> <span class='ocrx_word' id='word_1_831' title='bbox 1227 2969 1260 2994; x_wconf 91' lang='grc'>37</span> <span class='ocrx_word' id='word_1_832' title='bbox 1274 2968 1414 2994; x_wconf 89' lang='lat' dir='ltr'>—habuit</span> <span class='ocrx_word' id='word_1_833' title='bbox 1433 2969 1524 2995; x_wconf 87' lang='lat' dir='ltr'>sedem</span> <span class='ocrx_word' id='word_1_834' title='bbox 1543 2970 1659 3001; x_wconf 86' lang='lat' dir='ltr'>regalem</span> 
     </span>
     <span class='ocr_line' id='line_1_135' title="bbox 1021 3013 1660 3046; baseline -0.002 -6"><span class='ocrx_word' id='word_1_835' title='bbox 1021 3014 1047 3040; x_wconf 90' lang='lat' dir='ltr'>in</span> <span class='ocrx_word' id='word_1_836' title='bbox 1066 3014 1255 3046; x_wconf 88' lang='lat' dir='ltr'>sempiternum</span> <span class='ocrx_word' id='word_1_837' title='bbox 1284 3013 1335 3040; x_wconf 85' lang='grc'>505</span> <span class='ocrx_word' id='word_1_838' title='bbox 1362 3014 1392 3038; x_wconf 89' lang='grc'>16</span> <span class='ocrx_word' id='word_1_839' title='bbox 1420 3028 1453 3032; x_wconf 86' lang='grc'><strong>-</strong></span> <span class='ocrx_word' id='word_1_840' title='bbox 1481 3016 1535 3039; x_wconf 90' lang='lat' dir='ltr'>erat</span> <span class='ocrx_word' id='word_1_841' title='bbox 1564 3021 1609 3039; x_wconf 86' lang='lat' dir='ltr'>rex</span> <span class='ocrx_word' id='word_1_842' title='bbox 1635 3014 1660 3039; x_wconf 92' lang='lat' dir='ltr'>in</span> 
     </span>
     <span class='ocr_line' id='line_1_136' title="bbox 1021 3057 1636 3090; baseline -0.002 -6"><span class='ocrx_word' id='word_1_843' title='bbox 1021 3059 1098 3084; x_wconf 91' lang='lat' dir='ltr'>lsrael</span> <span class='ocrx_word' id='word_1_844' title='bbox 1118 3065 1203 3090; x_wconf 90' lang='lat' dir='ltr'>usque</span> <span class='ocrx_word' id='word_1_845' title='bbox 1222 3058 1248 3083; x_wconf 93' lang='lat' dir='ltr'>in</span> <span class='ocrx_word' id='word_1_846' title='bbox 1268 3058 1458 3090; x_wconf 84' lang='lat' dir='ltr'>sempiternum</span> <span class='ocrx_word' id='word_1_847' title='bbox 1478 3057 1511 3083; x_wconf 78' lang='lat' dir='ltr'>Vl</span> <span class='ocrx_word' id='word_1_848' title='bbox 1531 3057 1582 3083; x_wconf 88' lang='grc'>252</span> <span class='ocrx_word' id='word_1_849' title='bbox 1603 3058 1636 3083; x_wconf 89' lang='grc'>26</span> 
     </span>
    </p>

    <p class='ocr_par' dir='ltr' id='par_1_36' title="bbox 1022 3101 1663 3443">
     <span class='ocr_line' id='line_1_137' title="bbox 1076 3101 1662 3133; baseline -0.002 -6"><span class='ocrx_word' id='word_1_850' title='bbox 1076 3116 1109 3120; x_wconf 87' lang='grc'>-</span> <span class='ocrx_word' id='word_1_851' title='bbox 1129 3102 1252 3133; x_wconf 85' lang='lat' dir='ltr'>exprimit</span> <span class='ocrx_word' id='word_1_852' title='bbox 1270 3101 1324 3127; x_wconf 88' lang='lat' dir='ltr'>Filii</span> <span class='ocrx_word' id='word_1_853' title='bbox 1338 3101 1382 3127; x_wconf 88' lang='lat' dir='ltr'>Dei</span> <span class='ocrx_word' id='word_1_854' title='bbox 1397 3102 1538 3133; x_wconf 88' lang='lat' dir='ltr'>imperium</span> <span class='ocrx_word' id='word_1_855' title='bbox 1559 3102 1662 3127; x_wconf 85' lang='lat' dir='ltr'>univcr-</span> 
     </span>
     <span class='ocr_line' id='line_1_138' title="bbox 1022 3145 1661 3177; baseline 0 -5"><span class='ocrx_word' id='word_1_856' title='bbox 1022 3147 1076 3173; x_wconf 90' lang='lat' dir='ltr'>sale</span> <span class='ocrx_word' id='word_1_857' title='bbox 1094 3146 1137 3172; x_wconf 86' lang='lat' dir='ltr'>Vll</span> <span class='ocrx_word' id='word_1_858' title='bbox 1160 3145 1211 3171; x_wconf 89' lang='grc'>517</span> <span class='ocrx_word' id='word_1_859' title='bbox 1232 3145 1264 3171; x_wconf 87' lang='grc'>49</span> <span class='ocrx_word' id='word_1_860' title='bbox 1286 3160 1318 3164; x_wconf 90' lang='lat'><em>-</em></span> <span class='ocrx_word' id='word_1_861' title='bbox 1339 3147 1402 3171; x_wconf 81' lang='lat' dir='ltr'>facta</span> <span class='ocrx_word' id='word_1_862' title='bbox 1423 3149 1462 3171; x_wconf 82' lang='lat' dir='ltr'>est</span> <span class='ocrx_word' id='word_1_863' title='bbox 1480 3146 1502 3170; x_wconf 88' lang='lat' dir='ltr'>ei</span> <span class='ocrx_word' id='word_1_864' title='bbox 1522 3146 1661 3177; x_wconf 83' lang='lat' dir='ltr'>repromis-</span> 
     </span>
     <span class='ocr_line' id='line_1_139' title="bbox 1022 3190 1374 3217; baseline -0.006 0"><span class='ocrx_word' id='word_1_865' title='bbox 1022 3191 1061 3217; x_wconf 89' lang='lat' dir='ltr'>sio</span> <span class='ocrx_word' id='word_1_866' title='bbox 1080 3191 1114 3216; x_wconf 89' lang='lat' dir='ltr'>de</span> <span class='ocrx_word' id='word_1_867' title='bbox 1134 3190 1268 3216; x_wconf 75' lang='lat' dir='ltr'>salvatore</span> <span class='ocrx_word' id='word_1_868' title='bbox 1288 3191 1320 3215; x_wconf 86' lang='grc'>86</span> <span class='ocrx_word' id='word_1_869' title='bbox 1342 3190 1374 3215; x_wconf 84' lang='grc'>59</span> 
     </span>
     <span class='ocr_line' id='line_1_140' title="bbox 1074 3233 1661 3265; baseline -0.002 -5"><span class='ocrx_word' id='word_1_870' title='bbox 1074 3248 1110 3253; x_wconf 82' lang='grc'><strong>-</strong></span> <span class='ocrx_word' id='word_1_871' title='bbox 1129 3237 1169 3260; x_wconf 86' lang='lat' dir='ltr'>est</span> <span class='ocrx_word' id='word_1_872' title='bbox 1187 3234 1271 3265; x_wconf 76' lang='lat' dir='ltr'>figura</span> <span class='ocrx_word' id='word_1_873' title='bbox 1291 3233 1384 3260; x_wconf 87' lang='lat' dir='ltr'>Christi</span> <span class='ocrx_word' id='word_1_874' title='bbox 1405 3234 1448 3259; x_wconf 92' lang='lat' dir='ltr'>Vll</span> <span class='ocrx_word' id='word_1_875' title='bbox 1469 3233 1520 3259; x_wconf 88' lang='grc'>506</span> <span class='ocrx_word' id='word_1_876' title='bbox 1541 3234 1573 3259; x_wconf 88' lang='grc'>17</span> <span class='ocrx_word' id='word_1_877' title='bbox 1588 3234 1661 3260; x_wconf 91' lang='lat' dir='ltr'>—in</span> 
     </span>
     <span class='ocr_line' id='line_1_141' title="bbox 1022 3277 1663 3311; baseline -0.003 -6"><span class='ocrx_word' id='word_1_878' title='bbox 1022 3278 1208 3311; x_wconf 83' lang='lat' dir='ltr'>exspoliatione</span> <span class='ocrx_word' id='word_1_879' title='bbox 1217 3278 1437 3304; x_wconf 79' lang='lat' dir='ltr'>Amalechitarum</span> <span class='ocrx_word' id='word_1_880' title='bbox 1449 3281 1488 3304; x_wconf 87' lang='lat' dir='ltr'>est</span> <span class='ocrx_word' id='word_1_881' title='bbox 1498 3278 1582 3310; x_wconf 80' lang='lat' dir='ltr'>figura</span> <span class='ocrx_word' id='word_1_882' title='bbox 1592 3277 1663 3305; x_wconf 90' lang='lat' dir='ltr'>Chri-</span> 
     </span>
     <span class='ocr_line' id='line_1_142' title="bbox 1023 3322 1663 3355; baseline -0.002 -6"><span class='ocrx_word' id='word_1_883' title='bbox 1023 3323 1054 3349; x_wconf 89' lang='lat' dir='ltr'>sti</span> <span class='ocrx_word' id='word_1_884' title='bbox 1075 3324 1126 3349; x_wconf 88' lang='grc'>293</span> <span class='ocrx_word' id='word_1_885' title='bbox 1145 3322 1179 3348; x_wconf 87' lang='grc'><strong>50</strong></span> <span class='ocrx_word' id='word_1_886' title='bbox 1198 3335 1234 3341; x_wconf 89' lang='grc'>-</span> <span class='ocrx_word' id='word_1_887' title='bbox 1252 3322 1337 3348; x_wconf 89' lang='lat' dir='ltr'>David</span> <span class='ocrx_word' id='word_1_888' title='bbox 1365 3322 1479 3354; x_wconf 88' lang='lat' dir='ltr'>eripiens</span> <span class='ocrx_word' id='word_1_889' title='bbox 1501 3329 1567 3355; x_wconf 61' lang='lat' dir='ltr'>oves</span> <span class='ocrx_word' id='word_1_890' title='bbox 1585 3322 1663 3355; x_wconf 83' lang='lat' dir='ltr'>signi-</span> 
     </span>
     <span class='ocr_line' id='line_1_143' title="bbox 1023 3366 1663 3393; baseline -0.002 0"><span class='ocrx_word' id='word_1_891' title='bbox 1023 3367 1084 3393; x_wconf 77' lang='grc'>11031</span> <span class='ocrx_word' id='word_1_892' title='bbox 1101 3366 1233 3393; x_wconf 86' lang='lat' dir='ltr'>Christum</span> <span class='ocrx_word' id='word_1_893' title='bbox 1262 3366 1296 3392; x_wconf 91' lang='lat' dir='ltr'>Vl</span> <span class='ocrx_word' id='word_1_894' title='bbox 1323 3366 1369 3392; x_wconf 83' lang='grc'>391</span> <span class='ocrx_word' id='word_1_895' title='bbox 1395 3366 1428 3391; x_wconf 88' lang='grc'>39</span> <span class='ocrx_word' id='word_1_896' title='bbox 1450 3380 1482 3385; x_wconf 93' lang='lat'>—</span> <span class='ocrx_word' id='word_1_897' title='bbox 1505 3367 1604 3393; x_wconf 89' lang='lat' dir='ltr'>eiectus</span> <span class='ocrx_word' id='word_1_898' title='bbox 1629 3366 1663 3392; x_wconf 85' lang='lat' dir='ltr'>ab</span> 
     </span>
     <span class='ocr_line' id='line_1_144' title="bbox 1023 3409 1609 3443; baseline -0.003 -5"><span class='ocrx_word' id='word_1_899' title='bbox 1023 3411 1205 3438; x_wconf 79' lang='lat' dir='ltr'>Absalomest</span> <span class='ocrx_word' id='word_1_900' title='bbox 1223 3410 1308 3443; x_wconf 75' lang='lat' dir='ltr'>flgura</span> <span class='ocrx_word' id='word_1_901' title='bbox 1327 3409 1422 3436; x_wconf 86' lang='lat' dir='ltr'>Christi</span> <span class='ocrx_word' id='word_1_902' title='bbox 1441 3410 1485 3436; x_wconf 86' lang='lat' dir='ltr'>vu</span> <span class='ocrx_word' id='word_1_903' title='bbox 1504 3410 1555 3436; x_wconf 87' lang='grc'>596</span> <span class='ocrx_word' id='word_1_904' title='bbox 1576 3410 1609 3436; x_wconf 89' lang='grc'>34</span> 
     </span>
    </p>
   </div>
   <div class='ocr_carea' id='block_1_12' title="bbox 1690 312 2340 3442">
    <p class='ocr_par' dir='ltr' id='par_1_37' title="bbox 1976 312 2040 339">
     <span class='ocr_line' id='line_1_145' title="bbox 1976 312 2040 339; baseline 0.016 -1"><span class='ocrx_word' id='word_1_905' title='bbox 1976 312 2040 339; x_wconf 89' lang='lat' dir='ltr'>DEC</span> 
     </span>
    </p>

    <p class='ocr_par' dir='ltr' id='par_1_38' title="bbox 1692 355 2331 563">
     <span class='ocr_line' id='line_1_146' title="bbox 1745 355 2330 388; baseline 0 -7"><span class='ocrx_word' id='word_1_906' title='bbox 1745 370 1781 374; x_wconf 87' lang='lat'>—-</span> <span class='ocrx_word' id='word_1_907' title='bbox 1799 356 1970 381; x_wconf 82' lang='lat' dir='ltr'>manducavit</span> <span class='ocrx_word' id='word_1_908' title='bbox 1987 364 2069 388; x_wconf 84' lang='lat' dir='ltr'>panes</span> <span class='ocrx_word' id='word_1_909' title='bbox 2088 355 2272 388; x_wconf 83' lang='lat' dir='ltr'>propositionis</span> <span class='ocrx_word' id='word_1_910' title='bbox 2287 362 2330 381; x_wconf 91' lang='lat' dir='ltr'>ne-</span> 
     </span>
     <span class='ocr_line' id='line_1_147' title="bbox 1692 399 2329 431; baseline 0.002 -7"><span class='ocrx_word' id='word_1_911' title='bbox 1692 399 1811 425; x_wconf 86' lang='lat' dir='ltr'>cessitate</span> <span class='ocrx_word' id='word_1_912' title='bbox 1824 403 1963 425; x_wconf 81' lang='lat' dir='ltr'>excusatus</span> <span class='ocrx_word' id='word_1_913' title='bbox 1976 400 2019 426; x_wconf 89' lang='lat' dir='ltr'>Vll</span> <span class='ocrx_word' id='word_1_914' title='bbox 2035 401 2086 426; x_wconf 89' lang='grc'>137</span> <span class='ocrx_word' id='word_1_915' title='bbox 2099 401 2114 425; x_wconf 92' lang='grc'><strong>8</strong></span> <span class='ocrx_word' id='word_1_916' title='bbox 2127 414 2163 418; x_wconf 82' lang='grc'><strong>-</strong></span> <span class='ocrx_word' id='word_1_917' title='bbox 2175 399 2267 425; x_wconf 86' lang='lat' dir='ltr'>orabat</span> <span class='ocrx_word' id='word_1_918' title='bbox 2280 406 2329 431; x_wconf 89' lang='lat' dir='ltr'>pro</span> 
     </span>
     <span class='ocr_line' id='line_1_148' title="bbox 1693 443 2331 476; baseline 0.002 -8"><span class='ocrx_word' id='word_1_919' title='bbox 1693 443 1806 475; x_wconf 82' lang='lat' dir='ltr'>populo,</span> <span class='ocrx_word' id='word_1_920' title='bbox 1825 450 1904 476; x_wconf 85' lang='lat' dir='ltr'>quem</span> <span class='ocrx_word' id='word_1_921' title='bbox 1930 443 2037 470; x_wconf 88' lang='lat' dir='ltr'>amabat</span> <span class='ocrx_word' id='word_1_922' title='bbox 2055 444 2106 469; x_wconf 87' lang='grc'><strong>506</strong></span> <span class='ocrx_word' id='word_1_923' title='bbox 2128 443 2160 469; x_wconf 90' lang='grc'>17</span> <span class='ocrx_word' id='word_1_924' title='bbox 2179 457 2213 462; x_wconf 87' lang='lat'>—-</span> <span class='ocrx_word' id='word_1_925' title='bbox 2231 444 2331 476; x_wconf 80' lang='lat' dir='ltr'>plangit</span> 
     </span>
     <span class='ocr_line' id='line_1_149' title="bbox 1692 487 2330 520; baseline 0.002 -8"><span class='ocrx_word' id='word_1_926' title='bbox 1692 487 1905 519; x_wconf 87' lang='lat' dir='ltr'>reprobationem</span> <span class='ocrx_word' id='word_1_927' title='bbox 1916 489 2006 520; x_wconf 90' lang='lat' dir='ltr'>populi</span> <span class='ocrx_word' id='word_1_928' title='bbox 2019 488 2113 514; x_wconf 89' lang='lat' dir='ltr'>ludaici</span> <span class='ocrx_word' id='word_1_929' title='bbox 2125 488 2175 514; x_wconf 87' lang='grc'><strong>507</strong></span> <span class='ocrx_word' id='word_1_930' title='bbox 2187 488 2214 513; x_wconf 90' lang='grc'>21</span> <span class='ocrx_word' id='word_1_931' title='bbox 2229 502 2265 506; x_wconf 94' lang='grc'><strong>-</strong></span> <span class='ocrx_word' id='word_1_932' title='bbox 2277 494 2330 513; x_wconf 87' lang='grc'>1103</span> 
     </span>
     <span class='ocr_line' id='line_1_150' title="bbox 1692 531 2329 563; baseline 0 -7"><span class='ocrx_word' id='word_1_933' title='bbox 1692 531 1776 563; x_wconf 89' lang='lat' dir='ltr'>potuit</span> <span class='ocrx_word' id='word_1_934' title='bbox 1787 531 1908 563; x_wconf 86' lang='lat' dir='ltr'>mitigare</span> <span class='ocrx_word' id='word_1_935' title='bbox 1921 531 2045 557; x_wconf 90' lang='lat' dir='ltr'>duritiam</span> <span class='ocrx_word' id='word_1_936' title='bbox 2059 532 2215 558; x_wconf 89' lang='lat' dir='ltr'>ludaeorum</span> <span class='ocrx_word' id='word_1_937' title='bbox 2229 531 2282 557; x_wconf 89' lang='grc'>505</span> <span class='ocrx_word' id='word_1_938' title='bbox 2297 531 2329 556; x_wconf 89' lang='grc'>16</span> 
     </span>
    </p>

    <p class='ocr_par' dir='ltr' id='par_1_39' title="bbox 1693 575 2332 744">
     <span class='ocr_line' id='line_1_151' title="bbox 1747 575 2331 607; baseline 0 -7"><span class='ocrx_word' id='word_1_939' title='bbox 1747 589 1781 593; x_wconf 85' lang='grc'>-</span> <span class='ocrx_word' id='word_1_940' title='bbox 1800 575 1847 600; x_wconf 88' lang='lat' dir='ltr'>fuit</span> <span class='ocrx_word' id='word_1_941' title='bbox 1865 575 2025 607; x_wconf 90' lang='lat' dir='ltr'>praecipuus</span> <span class='ocrx_word' id='word_1_942' title='bbox 2048 576 2132 601; x_wconf 90' lang='lat' dir='ltr'>cultor</span> <span class='ocrx_word' id='word_1_943' title='bbox 2151 575 2196 601; x_wconf 87' lang='lat' dir='ltr'>Dei</span> <span class='ocrx_word' id='word_1_944' title='bbox 2216 575 2260 601; x_wconf 91' lang='lat' dir='ltr'>Vll</span> <span class='ocrx_word' id='word_1_945' title='bbox 2279 575 2331 601; x_wconf 87' lang='grc'>505</span> 
     </span>
     <span class='ocr_line' id='line_1_152' title="bbox 1695 619 2332 652; baseline 0 -7"><span class='ocrx_word' id='word_1_946' title='bbox 1695 619 1726 644; x_wconf 85' lang='grc'>16</span> <span class='ocrx_word' id='word_1_947' title='bbox 1745 632 1781 638; x_wconf 94' lang='grc'><strong>-</strong></span> <span class='ocrx_word' id='word_1_948' title='bbox 1800 619 1898 645; x_wconf 87' lang='lat' dir='ltr'>cultum</span> <span class='ocrx_word' id='word_1_949' title='bbox 1919 620 1965 645; x_wconf 85' lang='lat' dir='ltr'>Dei</span> <span class='ocrx_word' id='word_1_950' title='bbox 1988 620 2124 652; x_wconf 88' lang='lat' dir='ltr'>ampliavit</span> <span class='ocrx_word' id='word_1_951' title='bbox 2143 620 2176 645; x_wconf 87' lang='grc'>13</span> <span class='ocrx_word' id='word_1_952' title='bbox 2196 620 2211 645; x_wconf 89' lang='grc'><strong>8</strong></span> <span class='ocrx_word' id='word_1_953' title='bbox 2230 633 2266 639; x_wconf 91' lang='grc'>-</span> <span class='ocrx_word' id='word_1_954' title='bbox 2285 619 2332 644; x_wconf 90' lang='lat' dir='ltr'>mi-</span> 
     </span>
     <span class='ocr_line' id='line_1_153' title="bbox 1693 663 2332 697; baseline 0 -8"><span class='ocrx_word' id='word_1_955' title='bbox 1693 663 1798 689; x_wconf 87' lang='lat' dir='ltr'>nisteria</span> <span class='ocrx_word' id='word_1_956' title='bbox 1817 664 1983 689; x_wconf 88' lang='lat' dir='ltr'>sacerdotum</span> <span class='ocrx_word' id='word_1_957' title='bbox 1998 664 2022 689; x_wconf 87' lang='lat' dir='ltr'>in</span> <span class='ocrx_word' id='word_1_958' title='bbox 2036 664 2131 696; x_wconf 77' lang='lat' dir='ltr'>viginti</span> <span class='ocrx_word' id='word_1_959' title='bbox 2148 667 2262 697; x_wconf 90' lang='lat' dir='ltr'>quatuor</span> <span class='ocrx_word' id='word_1_960' title='bbox 2278 670 2332 689; x_wconf 83' lang='lat' dir='ltr'>sor-</span> 
     </span>
     <span class='ocr_line' id='line_1_154' title="bbox 1693 708 2157 744; baseline 0 -11"><span class='ocrx_word' id='word_1_961' title='bbox 1693 711 1732 734; x_wconf 85' lang='lat' dir='ltr'>tes</span> <span class='ocrx_word' id='word_1_962' title='bbox 1752 708 1842 734; x_wconf 91' lang='lat' dir='ltr'>divisit</span> <span class='ocrx_word' id='word_1_963' title='bbox 1862 708 1894 733; x_wconf 86' lang='grc'>14</span> <span class='ocrx_word' id='word_1_964' title='bbox 1915 709 1930 733; x_wconf 85' lang='grc'>8</span> <span class='ocrx_word' id='word_1_965' title='bbox 1974 742 1976 744; x_wconf 26' lang='lat'>¹</span> <span class='ocrx_word' id='word_1_966' title='bbox 2154 720 2157 721; x_wconf 28' lang='grc' dir='ltr'><em>ν</em></span> 
     </span>
    </p>

    <p class='ocr_par' dir='ltr' id='par_1_40' title="bbox 1694 751 2333 829">
     <span class='ocr_line' id='line_1_155' title="bbox 1747 751 2333 785; baseline -0.002 -7"><span class='ocrx_word' id='word_1_967' title='bbox 1747 767 1783 770; x_wconf 93' lang='grc'><strong>-</strong></span> <span class='ocrx_word' id='word_1_968' title='bbox 1801 755 1828 778; x_wconf 90' lang='lat' dir='ltr'>ut</span> <span class='ocrx_word' id='word_1_969' title='bbox 1848 759 1892 778; x_wconf 83' lang='lat' dir='ltr'>rex</span> <span class='ocrx_word' id='word_1_970' title='bbox 1911 753 2028 778; x_wconf 84' lang='lat' dir='ltr'>excelsus</span> <span class='ocrx_word' id='word_1_971' title='bbox 2047 759 2100 778; x_wconf 92' lang='lat' dir='ltr'>non</span> <span class='ocrx_word' id='word_1_972' title='bbox 2113 751 2206 778; x_wconf 87' lang='lat' dir='ltr'>habuit</span> <span class='ocrx_word' id='word_1_973' title='bbox 2216 751 2333 785; x_wconf 88' lang='lat' dir='ltr'>aliquem</span> 
     </span>
     <span class='ocr_line' id='line_1_156' title="bbox 1694 795 2292 829; baseline -0.002 -7"><span class='ocrx_word' id='word_1_974' title='bbox 1694 804 1790 829; x_wconf 89' lang='lat' dir='ltr'>purum</span> <span class='ocrx_word' id='word_1_975' title='bbox 1812 797 1946 822; x_wconf 90' lang='lat' dir='ltr'>hominem</span> <span class='ocrx_word' id='word_1_976' title='bbox 1966 796 2102 822; x_wconf 92' lang='lat' dir='ltr'>dominum</span> <span class='ocrx_word' id='word_1_977' title='bbox 2123 796 2166 822; x_wconf 90' lang='lat' dir='ltr'>Vll</span> <span class='ocrx_word' id='word_1_978' title='bbox 2187 796 2238 822; x_wconf 88' lang='grc'>517</span> <span class='ocrx_word' id='word_1_979' title='bbox 2258 795 2292 822; x_wconf 84' lang='grc'>50</span> 
     </span>
    </p>

    <p class='ocr_par' dir='ltr' id='par_1_41' title="bbox 1695 840 2334 911">
     <span class='ocr_line' id='line_1_157' title="bbox 1747 840 2334 873; baseline 0 -7"><span class='ocrx_word' id='word_1_980' title='bbox 1747 856 1782 859; x_wconf 91' lang='grc'><strong>-</strong></span> <span class='ocrx_word' id='word_1_981' title='bbox 1803 841 1862 867; x_wconf 84' lang='lat' dir='ltr'>fecit</span> <span class='ocrx_word' id='word_1_982' title='bbox 1880 841 2085 873; x_wconf 83' lang='lat' dir='ltr'>descriptionem</span> <span class='ocrx_word' id='word_1_983' title='bbox 2114 840 2205 873; x_wconf 87' lang='lat' dir='ltr'>populi</span> <span class='ocrx_word' id='word_1_984' title='bbox 2224 843 2334 873; x_wconf 89' lang='lat' dir='ltr'>propter</span> 
     </span>
     <span class='ocr_line' id='line_1_158' title="bbox 1695 885 1988 911; baseline 0.003 -1"><span class='ocrx_word' id='word_1_985' title='bbox 1695 886 1835 911; x_wconf 87' lang='lat' dir='ltr'>vanitatem</span> <span class='ocrx_word' id='word_1_986' title='bbox 1856 886 1899 911; x_wconf 87' lang='lat' dir='ltr'>Vll</span> <span class='ocrx_word' id='word_1_987' title='bbox 1920 885 1953 911; x_wconf 86' lang='grc'>45</span> <span class='ocrx_word' id='word_1_988' title='bbox 1973 885 1988 911; x_wconf 81' lang='grc'>4</span> 
     </span>
    </p>

    <p class='ocr_par' dir='ltr' id='par_1_42' title="bbox 1694 928 2336 1311">
     <span class='ocr_line' id='line_1_159' title="bbox 1746 928 2334 962; baseline 0 -7"><span class='ocrx_word' id='word_1_989' title='bbox 1746 943 1783 948; x_wconf 90' lang='grc'>-</span> <span class='ocrx_word' id='word_1_990' title='bbox 1801 930 1898 955; x_wconf 88' lang='lat' dir='ltr'>missus</span> <span class='ocrx_word' id='word_1_991' title='bbox 1916 932 1956 955; x_wconf 87' lang='lat' dir='ltr'>est</span> <span class='ocrx_word' id='word_1_992' title='bbox 1978 937 1992 955; x_wconf 87' lang='lat' dir='ltr'>a</span> <span class='ocrx_word' id='word_1_993' title='bbox 2022 929 2149 960; x_wconf 87' lang='lat' dir='ltr'>Domino,</span> <span class='ocrx_word' id='word_1_994' title='bbox 2168 929 2275 962; x_wconf 87' lang='lat' dir='ltr'>quando</span> <span class='ocrx_word' id='word_1_995' title='bbox 2299 928 2334 954; x_wconf 85' lang='lat' dir='ltr'>de</span> 
     </span>
     <span class='ocr_line' id='line_1_160' title="bbox 1695 974 2336 1006; baseline 0 -8"><span class='ocrx_word' id='word_1_996' title='bbox 1695 974 1800 1005; x_wconf 86' lang='lat' dir='ltr'>pascuis</span> <span class='ocrx_word' id='word_1_997' title='bbox 1818 974 1916 1000; x_wconf 87' lang='lat' dir='ltr'>electus</span> <span class='ocrx_word' id='word_1_998' title='bbox 1941 975 1988 1000; x_wconf 89' lang='lat' dir='ltr'>fuit</span> <span class='ocrx_word' id='word_1_999' title='bbox 2012 974 2046 1000; x_wconf 88' lang='lat' dir='ltr'>ad</span> <span class='ocrx_word' id='word_1_1000' title='bbox 2074 974 2222 1006; x_wconf 85' lang='lat' dir='ltr'>regendum</span> <span class='ocrx_word' id='word_1_1001' title='bbox 2241 975 2267 1000; x_wconf 88' lang='lat' dir='ltr'>et</span> <span class='ocrx_word' id='word_1_1002' title='bbox 2291 980 2336 1005; x_wconf 90' lang='lat' dir='ltr'>pa-</span> 
     </span>
     <span class='ocr_line' id='line_1_161' title="bbox 1694 1017 2335 1051; baseline -0.002 -7"><span class='ocrx_word' id='word_1_1003' title='bbox 1694 1019 1820 1045; x_wconf 87' lang='lat' dir='ltr'>scendum</span> <span class='ocrx_word' id='word_1_1004' title='bbox 1849 1019 1979 1051; x_wconf 90' lang='lat' dir='ltr'>populum</span> <span class='ocrx_word' id='word_1_1005' title='bbox 2008 1019 2084 1044; x_wconf 89' lang='lat' dir='ltr'>lsrael</span> <span class='ocrx_word' id='word_1_1006' title='bbox 2113 1018 2156 1044; x_wconf 90' lang='lat' dir='ltr'>Vll</span> <span class='ocrx_word' id='word_1_1007' title='bbox 2175 1017 2227 1043; x_wconf 90' lang='grc'>505</span> <span class='ocrx_word' id='word_1_1008' title='bbox 2247 1018 2280 1043; x_wconf 91' lang='grc'>16</span> <span class='ocrx_word' id='word_1_1009' title='bbox 2297 1030 2335 1037; x_wconf 89' lang='grc'>-</span> 
     </span>
     <span class='ocr_line' id='line_1_162' title="bbox 1695 1061 2336 1096; baseline -0.002 -8"><span class='ocrx_word' id='word_1_1010' title='bbox 1695 1066 1836 1096; x_wconf 87' lang='lat' dir='ltr'>postquam</span> <span class='ocrx_word' id='word_1_1011' title='bbox 1857 1063 1980 1089; x_wconf 88' lang='lat' dir='ltr'>inunctus</span> <span class='ocrx_word' id='word_1_1012' title='bbox 1993 1066 2045 1094; x_wconf 89' lang='lat' dir='ltr'>est,</span> <span class='ocrx_word' id='word_1_1013' title='bbox 2058 1063 2174 1089; x_wconf 89' lang='lat' dir='ltr'>directus</span> <span class='ocrx_word' id='word_1_1014' title='bbox 2192 1062 2240 1088; x_wconf 85' lang='lat' dir='ltr'>fuit</span> <span class='ocrx_word' id='word_1_1015' title='bbox 2251 1069 2266 1088; x_wconf 91' lang='lat' dir='ltr'>a</span> <span class='ocrx_word' id='word_1_1016' title='bbox 2279 1061 2336 1094; x_wconf 89' lang='lat' dir='ltr'>Spi-</span> 
     </span>
     <span class='ocr_line' id='line_1_163' title="bbox 1694 1106 2336 1139; baseline 0 -7"><span class='ocrx_word' id='word_1_1017' title='bbox 1694 1107 1745 1132; x_wconf 89' lang='lat' dir='ltr'>ritu</span> <span class='ocrx_word' id='word_1_1018' title='bbox 1773 1110 1863 1132; x_wconf 85' lang='lat' dir='ltr'>sancto</span> <span class='ocrx_word' id='word_1_1019' title='bbox 1884 1107 1898 1132; x_wconf 88' lang='lat'><strong>3</strong></span> <span class='ocrx_word' id='word_1_1020' title='bbox 1919 1108 1934 1132; x_wconf 90' lang='lat'><strong>3</strong></span> <span class='ocrx_word' id='word_1_1021' title='bbox 1956 1122 1990 1125; x_wconf 97' lang='lat'><strong>—</strong></span> <span class='ocrx_word' id='word_1_1022' title='bbox 2010 1106 2101 1133; x_wconf 89' lang='lat' dir='ltr'>habuit</span> <span class='ocrx_word' id='word_1_1023' title='bbox 2127 1106 2248 1139; x_wconf 87' lang='lat' dir='ltr'>spiritum</span> <span class='ocrx_word' id='word_1_1024' title='bbox 2275 1113 2336 1138; x_wconf 85' lang='lat' dir='ltr'>pro-</span> 
     </span>
     <span class='ocr_line' id='line_1_164' title="bbox 1695 1150 2335 1184; baseline 0 -8"><span class='ocrx_word' id='word_1_1025' title='bbox 1695 1151 1798 1183; x_wconf 90' lang='lat' dir='ltr'>phetiae</span> <span class='ocrx_word' id='word_1_1026' title='bbox 1816 1154 1842 1176; x_wconf 91' lang='lat' dir='ltr'>et</span> <span class='ocrx_word' id='word_1_1027' title='bbox 1861 1151 2023 1184; x_wconf 84' lang='lat' dir='ltr'>psalmodiae</span> <span class='ocrx_word' id='word_1_1028' title='bbox 2044 1154 2165 1182; x_wconf 89' lang='lat' dir='ltr'>cantum,</span> <span class='ocrx_word' id='word_1_1029' title='bbox 2184 1153 2213 1176; x_wconf 89' lang='lat' dir='ltr'>ut</span> <span class='ocrx_word' id='word_1_1030' title='bbox 2231 1150 2335 1176; x_wconf 90' lang='lat' dir='ltr'>inclina-</span> 
     </span>
     <span class='ocr_line' id='line_1_165' title="bbox 1695 1195 2336 1228; baseline -0.002 -7"><span class='ocrx_word' id='word_1_1031' title='bbox 1695 1198 1734 1221; x_wconf 87' lang='lat' dir='ltr'>ret</span> <span class='ocrx_word' id='word_1_1032' title='bbox 1754 1196 1881 1228; x_wconf 92' lang='lat' dir='ltr'>populum</span> <span class='ocrx_word' id='word_1_1033' title='bbox 1901 1195 1999 1221; x_wconf 91' lang='lat' dir='ltr'>durum</span> <span class='ocrx_word' id='word_1_1034' title='bbox 2018 1195 2070 1221; x_wconf 85' lang='lat'>505</span> <span class='ocrx_word' id='word_1_1035' title='bbox 2091 1196 2123 1220; x_wconf 94' lang='grc'>16</span> <span class='ocrx_word' id='word_1_1036' title='bbox 2143 1209 2179 1214; x_wconf 90' lang='lat'>—-</span> <span class='ocrx_word' id='word_1_1037' title='bbox 2197 1195 2264 1220; x_wconf 88' lang='lat' dir='ltr'>inter</span> <span class='ocrx_word' id='word_1_1038' title='bbox 2275 1195 2336 1220; x_wconf 82' lang='lat' dir='ltr'>Pro-</span> 
     </span>
     <span class='ocr_line' id='line_1_166' title="bbox 1695 1239 2335 1272; baseline -0.002 -6"><span class='ocrx_word' id='word_1_1039' title='bbox 1695 1241 1787 1272; x_wconf 81' lang='lat' dir='ltr'>phetas</span> <span class='ocrx_word' id='word_1_1040' title='bbox 1805 1240 2018 1266; x_wconf 84' lang='lat' dir='ltr'>excellentissime</span> <span class='ocrx_word' id='word_1_1041' title='bbox 2046 1240 2079 1266; x_wconf 83' lang='lat' dir='ltr'>de</span> <span class='ocrx_word' id='word_1_1042' title='bbox 2102 1239 2205 1266; x_wconf 87' lang='lat' dir='ltr'>Christo</span> <span class='ocrx_word' id='word_1_1043' title='bbox 2224 1240 2335 1272; x_wconf 90' lang='lat' dir='ltr'>prophe-</span> 
     </span>
     <span class='ocr_line' id='line_1_167' title="bbox 1695 1285 1878 1311; baseline 0 -2"><span class='ocrx_word' id='word_1_1044' title='bbox 1695 1285 1759 1310; x_wconf 85' lang='lat' dir='ltr'>tavit</span> <span class='ocrx_word' id='word_1_1045' title='bbox 1777 1285 1829 1311; x_wconf 91' lang='grc'>517</span> <span class='ocrx_word' id='word_1_1046' title='bbox 1849 1285 1878 1310; x_wconf 87' lang='grc'>51</span> 
     </span>
    </p>

    <p class='ocr_par' dir='ltr' id='par_1_43' title="bbox 1694 1327 2337 1621">
     <span class='ocr_line' id='line_1_168' title="bbox 1747 1327 2334 1361; baseline -0.002 -7"><span class='ocrx_word' id='word_1_1047' title='bbox 1747 1343 1783 1348; x_wconf 93' lang='grc'>-</span> <span class='ocrx_word' id='word_1_1048' title='bbox 1803 1329 1900 1361; x_wconf 84' lang='lat' dir='ltr'>Spiritu</span> <span class='ocrx_word' id='word_1_1049' title='bbox 1919 1331 2008 1354; x_wconf 91' lang='lat' dir='ltr'>sancto</span> <span class='ocrx_word' id='word_1_1050' title='bbox 2022 1329 2125 1355; x_wconf 85' lang='lat' dir='ltr'>afflatus</span> <span class='ocrx_word' id='word_1_1051' title='bbox 2137 1328 2261 1360; x_wconf 85' lang='lat' dir='ltr'>exprimit</span> <span class='ocrx_word' id='word_1_1052' title='bbox 2278 1327 2334 1354; x_wconf 85' lang='lat' dir='ltr'>Filii</span> 
     </span>
     <span class='ocr_line' id='line_1_169' title="bbox 1695 1371 2336 1405; baseline 0 -7"><span class='ocrx_word' id='word_1_1053' title='bbox 1695 1376 1828 1399; x_wconf 88' lang='lat' dir='ltr'>aeternam</span> <span class='ocrx_word' id='word_1_1054' title='bbox 1858 1374 2056 1405; x_wconf 83' lang='lat' dir='ltr'>generationem</span> <span class='ocrx_word' id='word_1_1055' title='bbox 2085 1373 2128 1399; x_wconf 88' lang='lat' dir='ltr'>Vll</span> <span class='ocrx_word' id='word_1_1056' title='bbox 2158 1373 2209 1398; x_wconf 87' lang='grc'>517</span> <span class='ocrx_word' id='word_1_1057' title='bbox 2238 1371 2272 1398; x_wconf 77' lang='grc'>48</span> <span class='ocrx_word' id='word_1_1058' title='bbox 2299 1387 2336 1391; x_wconf 86' lang='grc'>-</span> 
     </span>
     <span class='ocr_line' id='line_1_170' title="bbox 1695 1415 2336 1450; baseline -0.002 -7"><span class='ocrx_word' id='word_1_1059' title='bbox 1695 1417 1817 1450; x_wconf 83' lang='lat' dir='ltr'>exprimit</span> <span class='ocrx_word' id='word_1_1060' title='bbox 1834 1417 1890 1443; x_wconf 89' lang='lat' dir='ltr'>Filii</span> <span class='ocrx_word' id='word_1_1061' title='bbox 1909 1417 2092 1450; x_wconf 84' lang='lat' dir='ltr'>aequalitatem</span> <span class='ocrx_word' id='word_1_1062' title='bbox 2112 1424 2173 1443; x_wconf 92' lang='lat' dir='ltr'>cum</span> <span class='ocrx_word' id='word_1_1063' title='bbox 2187 1417 2262 1443; x_wconf 83' lang='lat' dir='ltr'>Patre</span> <span class='ocrx_word' id='word_1_1064' title='bbox 2272 1415 2336 1443; x_wconf 84' lang='lat' dir='ltr'>ibid.</span> 
     </span>
     <span class='ocr_line' id='line_1_171' title="bbox 1696 1460 2335 1488; baseline -0.002 -1"><span class='ocrx_word' id='word_1_1065' title='bbox 1696 1476 1730 1480; x_wconf 89' lang='lat'>—</span> <span class='ocrx_word' id='word_1_1066' title='bbox 1748 1462 1783 1488; x_wconf 91' lang='lat' dir='ltr'>de</span> <span class='ocrx_word' id='word_1_1067' title='bbox 1801 1462 1906 1487; x_wconf 89' lang='lat' dir='ltr'>duabus</span> <span class='ocrx_word' id='word_1_1068' title='bbox 1924 1462 2024 1487; x_wconf 87' lang='lat' dir='ltr'>naturis</span> <span class='ocrx_word' id='word_1_1069' title='bbox 2042 1461 2136 1488; x_wconf 91' lang='lat' dir='ltr'>Christi</span> <span class='ocrx_word' id='word_1_1070' title='bbox 2155 1460 2335 1488; x_wconf 84' lang='lat' dir='ltr'>excellentissi-</span> 
     </span>
     <span class='ocr_line' id='line_1_172' title="bbox 1695 1504 2336 1538; baseline -0.002 -7"><span class='ocrx_word' id='word_1_1071' title='bbox 1695 1513 1738 1532; x_wconf 91' lang='lat' dir='ltr'>me</span> <span class='ocrx_word' id='word_1_1072' title='bbox 1766 1509 1792 1531; x_wconf 90' lang='lat' dir='ltr'>et</span> <span class='ocrx_word' id='word_1_1073' title='bbox 1819 1506 2023 1538; x_wconf 86' lang='lat' dir='ltr'>profundissime</span> <span class='ocrx_word' id='word_1_1074' title='bbox 2050 1508 2142 1538; x_wconf 83' lang='lat' dir='ltr'>tractat</span> <span class='ocrx_word' id='word_1_1075' title='bbox 2175 1504 2211 1532; x_wconf 84' lang='lat' dir='ltr'>ib.</span> <span class='ocrx_word' id='word_1_1076' title='bbox 2241 1505 2270 1531; x_wconf 86' lang='grc'>51</span> <span class='ocrx_word' id='word_1_1077' title='bbox 2299 1519 2336 1524; x_wconf 90' lang='lat'>·—-</span> 
     </span>
     <span class='ocr_line' id='line_1_173' title="bbox 1695 1549 2337 1582; baseline 0 -7"><span class='ocrx_word' id='word_1_1078' title='bbox 1695 1551 1813 1576; x_wconf 85' lang='lat' dir='ltr'>Psalmus</span> <span class='ocrx_word' id='word_1_1079' title='bbox 1831 1550 1888 1576; x_wconf 91' lang='lat' dir='ltr'>eius</span> <span class='ocrx_word' id='word_1_1080' title='bbox 1906 1550 1940 1576; x_wconf 89' lang='lat' dir='ltr'>de</span> <span class='ocrx_word' id='word_1_1081' title='bbox 1967 1549 2072 1576; x_wconf 90' lang='lat' dir='ltr'>duabus</span> <span class='ocrx_word' id='word_1_1082' title='bbox 2100 1550 2200 1576; x_wconf 90' lang='lat' dir='ltr'>naturis</span> <span class='ocrx_word' id='word_1_1083' title='bbox 2222 1552 2261 1576; x_wconf 88' lang='lat' dir='ltr'>est</span> <span class='ocrx_word' id='word_1_1084' title='bbox 2279 1556 2337 1582; x_wconf 90' lang='lat' dir='ltr'>spe-</span> 
     </span>
     <span class='ocr_line' id='line_1_174' title="bbox 1694 1594 2128 1621; baseline -0.002 0"><span class='ocrx_word' id='word_1_1085' title='bbox 1694 1596 1783 1621; x_wconf 89' lang='lat' dir='ltr'>culum</span> <span class='ocrx_word' id='word_1_1086' title='bbox 1803 1595 1920 1620; x_wconf 88' lang='lat' dir='ltr'>caelestis</span> <span class='ocrx_word' id='word_1_1087' title='bbox 1938 1595 2027 1620; x_wconf 88' lang='lat' dir='ltr'>arcani</span> <span class='ocrx_word' id='word_1_1088' title='bbox 2046 1594 2079 1621; x_wconf 81' lang='lat' dir='ltr'>ib.</span> <span class='ocrx_word' id='word_1_1089' title='bbox 2099 1594 2128 1620; x_wconf 82' lang='grc'>51</span> 
     </span>
    </p>

    <p class='ocr_par' dir='ltr' id='par_1_44' title="bbox 1694 1638 2336 1716">
     <span class='ocr_line' id='line_1_175' title="bbox 1749 1638 2336 1672; baseline 0.002 -8"><span class='ocrx_word' id='word_1_1090' title='bbox 1749 1654 1782 1657; x_wconf 92' lang='grc'><strong>-</strong></span> <span class='ocrx_word' id='word_1_1091' title='bbox 1802 1638 1888 1664; x_wconf 87' lang='lat' dir='ltr'>bonus</span> <span class='ocrx_word' id='word_1_1092' title='bbox 1906 1639 1953 1664; x_wconf 88' lang='lat' dir='ltr'>fuit</span> <span class='ocrx_word' id='word_1_1093' title='bbox 1972 1640 2004 1665; x_wconf 92' lang='lat' dir='ltr'>Vl</span> <span class='ocrx_word' id='word_1_1094' title='bbox 2031 1639 2065 1665; x_wconf 90' lang='grc'>24</span> <span class='ocrx_word' id='word_1_1095' title='bbox 2090 1647 2118 1672; x_wconf 91' lang='lat' dir='ltr'>q.</span> <span class='ocrx_word' id='word_1_1096' title='bbox 2141 1639 2156 1665; x_wconf 89' lang='grc'>4</span> <span class='ocrx_word' id='word_1_1097' title='bbox 2176 1653 2211 1658; x_wconf 96' lang='lat'>—</span> <span class='ocrx_word' id='word_1_1098' title='bbox 2229 1641 2336 1665; x_wconf 83' lang='lat' dir='ltr'>sanctus</span> 
     </span>
     <span class='ocr_line' id='line_1_176' title="bbox 1694 1683 2336 1716; baseline 0.002 -8"><span class='ocrx_word' id='word_1_1099' title='bbox 1694 1684 1742 1709; x_wconf 85' lang='lat' dir='ltr'>fuit</span> <span class='ocrx_word' id='word_1_1100' title='bbox 1760 1684 1775 1708; x_wconf 83' lang='lat'>9</span> <span class='ocrx_word' id='word_1_1101' title='bbox 1797 1691 1822 1708; x_wconf 92' lang='lat' dir='ltr'>v.</span> <span class='ocrx_word' id='word_1_1102' title='bbox 1844 1684 1853 1708; x_wconf 96' lang='grc'>1</span> <span class='ocrx_word' id='word_1_1103' title='bbox 1877 1698 1913 1702; x_wconf 85' lang='grc'>-</span> <span class='ocrx_word' id='word_1_1104' title='bbox 1931 1686 1987 1709; x_wconf 89' lang='lat' dir='ltr'>erat</span> <span class='ocrx_word' id='word_1_1105' title='bbox 2007 1683 2079 1709; x_wconf 89' lang='lat' dir='ltr'>fortis</span> <span class='ocrx_word' id='word_1_1106' title='bbox 2106 1683 2133 1709; x_wconf 92' lang='lat' dir='ltr'>in</span> <span class='ocrx_word' id='word_1_1107' title='bbox 2163 1683 2232 1709; x_wconf 88' lang='lat' dir='ltr'>bello</span> <span class='ocrx_word' id='word_1_1108' title='bbox 2255 1683 2290 1709; x_wconf 90' lang='grc'>70</span> <span class='ocrx_word' id='word_1_1109' title='bbox 2309 1690 2336 1716; x_wconf 84' lang='lat' dir='ltr'>q.</span> 
     </span>
    </p>

    <p class='ocr_par' dir='ltr' id='par_1_45' title="bbox 1694 1728 2338 1850">
     <span class='ocr_line' id='line_1_177' title="bbox 1748 1728 2335 1759; baseline 0 -6"><span class='ocrx_word' id='word_1_1110' title='bbox 1748 1743 1783 1746; x_wconf 97' lang='lat'><strong>—</strong></span> <span class='ocrx_word' id='word_1_1111' title='bbox 1802 1728 1844 1753; x_wconf 85' lang='lat' dir='ltr'>vir</span> <span class='ocrx_word' id='word_1_1112' title='bbox 1862 1728 2023 1759; x_wconf 81' lang='lat' dir='ltr'>sanguinum</span> <span class='ocrx_word' id='word_1_1113' title='bbox 2051 1731 2107 1753; x_wconf 89' lang='lat' dir='ltr'>erat</span> <span class='ocrx_word' id='word_1_1114' title='bbox 2137 1728 2169 1753; x_wconf 90' lang='lat' dir='ltr'>Vl</span> <span class='ocrx_word' id='word_1_1115' title='bbox 2199 1728 2250 1753; x_wconf 88' lang='grc'>168</span> <span class='ocrx_word' id='word_1_1116' title='bbox 2273 1734 2299 1753; x_wconf 95' lang='lat' dir='ltr'>v.</span> <span class='ocrx_word' id='word_1_1117' title='bbox 2320 1728 2335 1753; x_wconf 91' lang='grc'><strong>8</strong></span> 
     </span>
     <span class='ocr_line' id='line_1_178' title="bbox 1694 1772 2335 1804; baseline 0 -6"><span class='ocrx_word' id='word_1_1118' title='bbox 1694 1787 1730 1792; x_wconf 95' lang='grc'><strong>-</strong></span> <span class='ocrx_word' id='word_1_1119' title='bbox 1749 1780 1801 1798; x_wconf 90' lang='lat' dir='ltr'>non</span> <span class='ocrx_word' id='word_1_1120' title='bbox 1821 1772 1890 1798; x_wconf 85' lang='lat' dir='ltr'>bene</span> <span class='ocrx_word' id='word_1_1121' title='bbox 1910 1772 1982 1804; x_wconf 89' lang='lat' dir='ltr'>fecit,</span> <span class='ocrx_word' id='word_1_1122' title='bbox 1998 1780 2059 1798; x_wconf 85' lang='lat' dir='ltr'>cum</span> <span class='ocrx_word' id='word_1_1123' title='bbox 2073 1772 2163 1798; x_wconf 90' lang='lat' dir='ltr'>Uriam</span> <span class='ocrx_word' id='word_1_1124' title='bbox 2177 1773 2238 1798; x_wconf 86' lang='lat' dir='ltr'>fecit</span> <span class='ocrx_word' id='word_1_1125' title='bbox 2250 1772 2335 1798; x_wconf 84' lang='lat' dir='ltr'>occidi</span> 
     </span>
     <span class='ocr_line' id='line_1_179' title="bbox 1696 1817 2338 1850; baseline 0.002 -8"><span class='ocrx_word' id='word_1_1126' title='bbox 1696 1817 1729 1843; x_wconf 89' lang='grc'>24</span> <span class='ocrx_word' id='word_1_1127' title='bbox 1743 1825 1769 1850; x_wconf 86' lang='lat' dir='ltr'>q.</span> <span class='ocrx_word' id='word_1_1128' title='bbox 1783 1817 1798 1842; x_wconf 89' lang='grc'>4</span> <span class='ocrx_word' id='word_1_1129' title='bbox 1811 1830 1848 1836; x_wconf 87' lang='lat'>-·</span> <span class='ocrx_word' id='word_1_1130' title='bbox 1861 1817 1886 1842; x_wconf 91' lang='lat' dir='ltr'>in</span> <span class='ocrx_word' id='word_1_1131' title='bbox 1900 1820 2007 1849; x_wconf 80' lang='lat' dir='ltr'>aspectu</span> <span class='ocrx_word' id='word_1_1132' title='bbox 2027 1817 2144 1842; x_wconf 88' lang='lat' dir='ltr'>mulieris</span> <span class='ocrx_word' id='word_1_1133' title='bbox 2157 1817 2250 1842; x_wconf 87' lang='lat' dir='ltr'>cecidit</span> <span class='ocrx_word' id='word_1_1134' title='bbox 2262 1817 2296 1842; x_wconf 85' lang='lat'>70</span> <span class='ocrx_word' id='word_1_1135' title='bbox 2309 1824 2338 1850; x_wconf 85' lang='lat' dir='ltr'>q.</span> 
     </span>
    </p>

    <p class='ocr_par' dir='ltr' id='par_1_46' title="bbox 1694 1861 2336 2020">
     <span class='ocr_line' id='line_1_180' title="bbox 1748 1861 2336 1893; baseline 0.002 -7"><span class='ocrx_word' id='word_1_1136' title='bbox 1748 1875 1784 1880; x_wconf 96' lang='lat'><strong>—</strong></span> <span class='ocrx_word' id='word_1_1137' title='bbox 1803 1861 1918 1887; x_wconf 87' lang='lat' dir='ltr'>introivit</span> <span class='ocrx_word' id='word_1_1138' title='bbox 1938 1861 1973 1887; x_wconf 88' lang='lat' dir='ltr'>ad</span> <span class='ocrx_word' id='word_1_1139' title='bbox 1991 1861 2178 1893; x_wconf 86' lang='lat' dir='ltr'>poenitentiam</span> <span class='ocrx_word' id='word_1_1140' title='bbox 2193 1868 2240 1893; x_wconf 90' lang='lat' dir='ltr'>per</span> <span class='ocrx_word' id='word_1_1141' title='bbox 2253 1861 2336 1887; x_wconf 88' lang='lat' dir='ltr'>consi-</span> 
     </span>
     <span class='ocr_line' id='line_1_181' title="bbox 1695 1906 2336 1938; baseline 0 -7"><span class='ocrx_word' id='word_1_1142' title='bbox 1695 1906 1857 1932; x_wconf 90' lang='lat' dir='ltr'>derationem</span> <span class='ocrx_word' id='word_1_1143' title='bbox 1877 1906 1970 1938; x_wconf 88' lang='lat' dir='ltr'>culpae</span> <span class='ocrx_word' id='word_1_1144' title='bbox 1989 1906 2147 1931; x_wconf 83' lang='lat' dir='ltr'>commissae</span> <span class='ocrx_word' id='word_1_1145' title='bbox 2166 1906 2198 1930; x_wconf 87' lang='lat' dir='ltr'>Vl</span> <span class='ocrx_word' id='word_1_1146' title='bbox 2213 1906 2265 1932; x_wconf 89' lang='grc'>560</span> <span class='ocrx_word' id='word_1_1147' title='bbox 2279 1913 2306 1931; x_wconf 83' lang='grc' dir='ltr'>ν.</span> <span class='ocrx_word' id='word_1_1148' title='bbox 2320 1906 2336 1931; x_wconf 93' lang='grc'>2</span> 
     </span>
     <span class='ocr_line' id='line_1_182' title="bbox 1694 1950 2335 1982; baseline -0.002 -6"><span class='ocrx_word' id='word_1_1149' title='bbox 1694 1964 1730 1970; x_wconf 87' lang='lat'>—-</span> <span class='ocrx_word' id='word_1_1150' title='bbox 1748 1951 1854 1982; x_wconf 88' lang='lat' dir='ltr'>signum</span> <span class='ocrx_word' id='word_1_1151' title='bbox 1881 1950 1988 1982; x_wconf 89' lang='lat' dir='ltr'>petebat</span> <span class='ocrx_word' id='word_1_1152' title='bbox 2014 1950 2039 1976; x_wconf 92' lang='lat' dir='ltr'>in</span> <span class='ocrx_word' id='word_1_1153' title='bbox 2058 1950 2158 1976; x_wconf 89' lang='lat' dir='ltr'>bonum</span> <span class='ocrx_word' id='word_1_1154' title='bbox 2177 1951 2221 1976; x_wconf 91' lang='lat' dir='ltr'>Vll</span> <span class='ocrx_word' id='word_1_1155' title='bbox 2247 1950 2281 1975; x_wconf 86' lang='grc'>50</span> <span class='ocrx_word' id='word_1_1156' title='bbox 2301 1950 2335 1976; x_wconf 89' lang='grc'>26</span> 
     </span>
     <span class='ocr_line' id='line_1_183' title="bbox 1694 1994 2243 2020; baseline 0 0"><span class='ocrx_word' id='word_1_1157' title='bbox 1694 2008 1730 2014; x_wconf 93' lang='grc'>-</span> <span class='ocrx_word' id='word_1_1158' title='bbox 1749 1994 1842 2020; x_wconf 86' lang='lat' dir='ltr'>orabat</span> <span class='ocrx_word' id='word_1_1159' title='bbox 1861 1995 1907 2020; x_wconf 92' lang='lat' dir='ltr'>Dei</span> <span class='ocrx_word' id='word_1_1160' title='bbox 1927 1995 2135 2020; x_wconf 88' lang='lat' dir='ltr'>misericordiam</span> <span class='ocrx_word' id='word_1_1161' title='bbox 2155 1995 2190 2020; x_wconf 83' lang='grc'>52</span> <span class='ocrx_word' id='word_1_1162' title='bbox 2210 1994 2243 2020; x_wconf 91' lang='grc'>34</span> 
     </span>
    </p>

    <p class='ocr_par' dir='ltr' id='par_1_47' title="bbox 1696 2039 2338 2153">
     <span class='ocr_line' id='line_1_184' title="bbox 1748 2039 2338 2071; baseline -0.002 -6"><span class='ocrx_word' id='word_1_1163' title='bbox 1748 2053 1784 2059; x_wconf 84' lang='grc'><strong>-</strong></span> <span class='ocrx_word' id='word_1_1164' title='bbox 1802 2047 1853 2065; x_wconf 90' lang='grc'>303</span> <span class='ocrx_word' id='word_1_1165' title='bbox 1873 2040 1920 2065; x_wconf 85' lang='lat' dir='ltr'>fuit</span> <span class='ocrx_word' id='word_1_1166' title='bbox 1939 2039 2084 2071; x_wconf 84' lang='lat' dir='ltr'>permissus</span> <span class='ocrx_word' id='word_1_1167' title='bbox 2103 2039 2230 2071; x_wconf 87' lang='lat' dir='ltr'>templum</span> <span class='ocrx_word' id='word_1_1168' title='bbox 2249 2039 2338 2065; x_wconf 83' lang='lat' dir='ltr'>aedifi-</span> 
     </span>
     <span class='ocr_line' id='line_1_185' title="bbox 1696 2082 2338 2109; baseline 0 0"><span class='ocrx_word' id='word_1_1169' title='bbox 1696 2090 1756 2109; x_wconf 90' lang='lat' dir='ltr'>care</span> <span class='ocrx_word' id='word_1_1170' title='bbox 1776 2084 1807 2109; x_wconf 91' lang='lat' dir='ltr'>Vl</span> <span class='ocrx_word' id='word_1_1171' title='bbox 1831 2084 1879 2109; x_wconf 89' lang='grc'>168</span> <span class='ocrx_word' id='word_1_1172' title='bbox 1900 2091 1926 2109; x_wconf 89' lang='grc' dir='ltr'>ν.</span> <span class='ocrx_word' id='word_1_1173' title='bbox 1946 2084 1960 2108; x_wconf 91' lang='grc'><strong>8</strong></span> <span class='ocrx_word' id='word_1_1174' title='bbox 1981 2098 2015 2102; x_wconf 94' lang='grc'><strong>-</strong></span> <span class='ocrx_word' id='word_1_1175' title='bbox 2034 2090 2112 2109; x_wconf 89' lang='lat' dir='ltr'>senex</span> <span class='ocrx_word' id='word_1_1176' title='bbox 2131 2090 2183 2109; x_wconf 92' lang='lat' dir='ltr'>non</span> <span class='ocrx_word' id='word_1_1177' title='bbox 2202 2082 2338 2109; x_wconf 84' lang='lat' dir='ltr'>calefiebat</span> 
     </span>
     <span class='ocr_line' id='line_1_186' title="bbox 1697 2127 1822 2153; baseline 0 0"><span class='ocrx_word' id='word_1_1178' title='bbox 1697 2127 1729 2153; x_wconf 91' lang='grc'>40</span> <span class='ocrx_word' id='word_1_1179' title='bbox 1748 2135 1775 2153; x_wconf 91' lang='lat' dir='ltr'>v.</span> <span class='ocrx_word' id='word_1_1180' title='bbox 1795 2128 1822 2153; x_wconf 92' lang='grc'>11</span> 
     </span>
    </p>

    <p class='ocr_par' dir='ltr' id='par_1_48' title="bbox 1696 2171 2337 2249">
     <span class='ocr_line' id='line_1_187' title="bbox 1749 2171 2337 2201; baseline 0.002 -4"><span class='ocrx_word' id='word_1_1181' title='bbox 1749 2172 1936 2198; x_wconf 63' lang='grc' dir='ltr'>0111113111οΑ1113</span> <span class='ocrx_word' id='word_1_1182' title='bbox 1962 2186 1998 2192; x_wconf 96' lang='grc'><strong>-</strong></span> <span class='ocrx_word' id='word_1_1183' title='bbox 2025 2171 2264 2201; x_wconf 81' lang='lat' dir='ltr'>Deaedificantibus</span> <span class='ocrx_word' id='word_1_1184' title='bbox 2283 2179 2337 2198; x_wconf 93' lang='lat' dir='ltr'>ma-</span> 
     </span>
     <span class='ocr_line' id='line_1_188' title="bbox 1696 2215 2153 2249; baseline 0 -7"><span class='ocrx_word' id='word_1_1185' title='bbox 1696 2224 1748 2249; x_wconf 82' lang='lat' dir='ltr'>gna</span> <span class='ocrx_word' id='word_1_1186' title='bbox 1769 2215 1880 2242; x_wconf 79' lang='lat' dir='ltr'>debetur</span> <span class='ocrx_word' id='word_1_1187' title='bbox 1899 2224 1984 2248; x_wconf 88' lang='lat' dir='ltr'>poena</span> <span class='ocrx_word' id='word_1_1188' title='bbox 2004 2217 2046 2243; x_wconf 93' lang='lat' dir='ltr'>Vll</span> <span class='ocrx_word' id='word_1_1189' title='bbox 2067 2216 2118 2242; x_wconf 87' lang='grc'>427</span> <span class='ocrx_word' id='word_1_1190' title='bbox 2138 2217 2153 2242; x_wconf 91' lang='grc'>6</span> 
     </span>
    </p>

    <p class='ocr_par' dir='ltr' id='par_1_49' title="bbox 1750 2261 2316 2292">
     <span class='ocr_line' id='line_1_189' title="bbox 1750 2261 2316 2292; baseline 0 -6"><span class='ocrx_word' id='word_1_1191' title='bbox 1750 2261 1983 2289; x_wconf 59' lang='grc' dir='ltr'>0513631Α10111311</span> <span class='ocrx_word' id='word_1_1192' title='bbox 2001 2275 2037 2280; x_wconf 95' lang='grc'><strong>-</strong></span> <span class='ocrx_word' id='word_1_1193' title='bbox 2056 2261 2146 2292; x_wconf 88' lang='lat' dir='ltr'>templi</span> <span class='ocrx_word' id='word_1_1194' title='bbox 2167 2261 2209 2286; x_wconf 87' lang='lat' dir='ltr'>Vll</span> <span class='ocrx_word' id='word_1_1195' title='bbox 2229 2261 2262 2286; x_wconf 88' lang='grc'>93</span> <span class='ocrx_word' id='word_1_1196' title='bbox 2284 2261 2316 2286; x_wconf 92' lang='grc'>18</span> 
     </span>
    </p>

    <p class='ocr_par' dir='ltr' id='par_1_50' title="bbox 1695 2304 2339 2420">
     <span class='ocr_line' id='line_1_190' title="bbox 1749 2304 2339 2337; baseline -0.002 -6"><span class='ocrx_word' id='word_1_1197' title='bbox 1749 2306 1865 2331; x_wconf 51' lang='lat' dir='ltr'>Daunoni</span> <span class='ocrx_word' id='word_1_1198' title='bbox 1887 2320 1920 2324; x_wconf 89' lang='lat'><strong>—</strong></span> <span class='ocrx_word' id='word_1_1199' title='bbox 1943 2306 2129 2337; x_wconf 84' lang='lat' dir='ltr'>interpretatur</span> <span class='ocrx_word' id='word_1_1200' title='bbox 2155 2305 2212 2337; x_wconf 87' lang='lat' dir='ltr'>apis</span> <span class='ocrx_word' id='word_1_1201' title='bbox 2236 2304 2339 2331; x_wconf 87' lang='lat' dir='ltr'>habens</span> 
     </span>
     <span class='ocr_line' id='line_1_191' title="bbox 1696 2349 2335 2382; baseline -0.002 -6"><span class='ocrx_word' id='word_1_1202' title='bbox 1696 2350 1816 2376; x_wconf 88' lang='lat' dir='ltr'>aculeum</span> <span class='ocrx_word' id='word_1_1203' title='bbox 1836 2353 1861 2375; x_wconf 90' lang='lat' dir='ltr'>et</span> <span class='ocrx_word' id='word_1_1204' title='bbox 1880 2349 1999 2381; x_wconf 85' lang='lat' dir='ltr'>designat</span> <span class='ocrx_word' id='word_1_1205' title='bbox 2019 2349 2142 2375; x_wconf 89' lang='lat' dir='ltr'>iustitiam</span> <span class='ocrx_word' id='word_1_1206' title='bbox 2159 2352 2288 2382; x_wconf 86' lang='lat' dir='ltr'>quantum</span> <span class='ocrx_word' id='word_1_1207' title='bbox 2303 2349 2335 2375; x_wconf 89' lang='lat' dir='ltr'>ad</span> 
     </span>
     <span class='ocr_line' id='line_1_192' title="bbox 1695 2390 2260 2420; baseline -0.002 0"><span class='ocrx_word' id='word_1_1208' title='bbox 1695 2394 1861 2420; x_wconf 85' lang='lat' dir='ltr'>severitatem</span> <span class='ocrx_word' id='word_1_1209' title='bbox 1881 2390 2090 2420; x_wconf 58' lang='lat' dir='ltr'>et‘clementiam</span> <span class='ocrx_word' id='word_1_1210' title='bbox 2111 2393 2153 2419; x_wconf 94' lang='lat' dir='ltr'>Vll</span> <span class='ocrx_word' id='word_1_1211' title='bbox 2173 2393 2206 2419; x_wconf 83' lang='lat'>64</span> <span class='ocrx_word' id='word_1_1212' title='bbox 2227 2394 2260 2419; x_wconf 87' lang='grc'>89</span> 
     </span>
    </p>

    <p class='ocr_par' dir='ltr' id='par_1_51' title="bbox 1696 2438 2337 2554">
     <span class='ocr_line' id='line_1_193' title="bbox 1751 2438 2337 2470; baseline -0.002 -6"><span class='ocrx_word' id='word_1_1213' title='bbox 1751 2439 1849 2464; x_wconf 67' lang='lat' dir='ltr'>Demus</span> <span class='ocrx_word' id='word_1_1214' title='bbox 1867 2451 1902 2457; x_wconf 87' lang='lat'>—-</span> <span class='ocrx_word' id='word_1_1215' title='bbox 1921 2441 2007 2470; x_wconf 86' lang='lat' dir='ltr'>potest</span> <span class='ocrx_word' id='word_1_1216' title='bbox 2035 2438 2141 2469; x_wconf 85' lang='lat' dir='ltr'>intelligi</span> <span class='ocrx_word' id='word_1_1217' title='bbox 2166 2439 2209 2464; x_wconf 78' lang='lat' dir='ltr'>vel</span> <span class='ocrx_word' id='word_1_1218' title='bbox 2228 2440 2337 2470; x_wconf 90' lang='lat' dir='ltr'>propter</span> 
     </span>
     <span class='ocr_line' id='line_1_194' title="bbox 1696 2482 2336 2515; baseline -0.002 -6"><span class='ocrx_word' id='word_1_1219' title='bbox 1696 2484 1827 2510; x_wconf 86' lang='lat' dir='ltr'>defectum</span> <span class='ocrx_word' id='word_1_1220' title='bbox 1848 2483 2007 2514; x_wconf 91' lang='lat' dir='ltr'>naturalem,</span> <span class='ocrx_word' id='word_1_1221' title='bbox 2036 2483 2078 2508; x_wconf 89' lang='lat' dir='ltr'>vel</span> <span class='ocrx_word' id='word_1_1222' title='bbox 2103 2482 2202 2515; x_wconf 81' lang='lat' dir='ltr'>gratiae</span> <span class='ocrx_word' id='word_1_1223' title='bbox 2221 2482 2262 2508; x_wconf 90' lang='lat' dir='ltr'>vel</span> <span class='ocrx_word' id='word_1_1224' title='bbox 2282 2483 2336 2508; x_wconf 85' lang='lat' dir='ltr'>vir-</span> 
     </span>
     <span class='ocr_line' id='line_1_195' title="bbox 1697 2526 1947 2554; baseline -0.008 0"><span class='ocrx_word' id='word_1_1225' title='bbox 1697 2528 1758 2554; x_wconf 85' lang='lat' dir='ltr'>tutis</span> <span class='ocrx_word' id='word_1_1226' title='bbox 1777 2527 1820 2553; x_wconf 96' lang='lat' dir='ltr'>Vll</span> <span class='ocrx_word' id='word_1_1227' title='bbox 1840 2527 1891 2552; x_wconf 88' lang='lat'>373</span> <span class='ocrx_word' id='word_1_1228' title='bbox 1914 2526 1947 2552; x_wconf 87' lang='grc'>45</span> 
     </span>
    </p>

    <p class='ocr_par' dir='ltr' id='par_1_52' title="bbox 1696 2571 2334 2648">
     <span class='ocr_line' id='line_1_196' title="bbox 1751 2571 2334 2604; baseline 0 -7"><span class='ocrx_word' id='word_1_1229' title='bbox 1751 2572 1890 2597; x_wconf 70' lang='grc' dir='ltr'>Οεωτοῑιιῑε</span> <span class='ocrx_word' id='word_1_1230' title='bbox 1908 2585 1944 2589; x_wconf 77' lang='lat'>—-</span> <span class='ocrx_word' id='word_1_1231' title='bbox 1963 2573 2023 2596; x_wconf 91' lang='lat' dir='ltr'>sunt</span> <span class='ocrx_word' id='word_1_1232' title='bbox 2037 2573 2200 2603; x_wconf 88' lang='lat' dir='ltr'>peccatores,</span> <span class='ocrx_word' id='word_1_1233' title='bbox 2218 2571 2266 2604; x_wconf 88' lang='lat' dir='ltr'>qui</span> <span class='ocrx_word' id='word_1_1234' title='bbox 2285 2578 2334 2597; x_wconf 86' lang='lat' dir='ltr'>ma·</span> 
     </span>
     <span class='ocr_line' id='line_1_197' title="bbox 1696 2614 2254 2648; baseline -0.004 -6"><span class='ocrx_word' id='word_1_1235' title='bbox 1696 2616 1755 2648; x_wconf 83' lang='lat' dir='ltr'>gnis</span> <span class='ocrx_word' id='word_1_1236' title='bbox 1774 2615 1870 2641; x_wconf 89' lang='lat' dir='ltr'>debitis</span> <span class='ocrx_word' id='word_1_1237' title='bbox 1889 2618 1950 2640; x_wconf 87' lang='lat' dir='ltr'>sunt</span> <span class='ocrx_word' id='word_1_1238' title='bbox 1969 2614 2066 2640; x_wconf 87' lang='lat' dir='ltr'>astricti</span> <span class='ocrx_word' id='word_1_1239' title='bbox 2086 2615 2130 2640; x_wconf 92' lang='lat' dir='ltr'>Vll</span> <span class='ocrx_word' id='word_1_1240' title='bbox 2150 2615 2201 2641; x_wconf 88' lang='grc'>185</span> <span class='ocrx_word' id='word_1_1241' title='bbox 2220 2615 2254 2640; x_wconf 93' lang='grc'>72</span> 
     </span>
    </p>

    <p class='ocr_par' dir='ltr' id='par_1_53' title="bbox 1696 2659 2338 2825">
     <span class='ocr_line' id='line_1_198' title="bbox 1751 2659 2338 2695; baseline 0 -10"><span class='ocrx_word' id='word_1_1242' title='bbox 1751 2660 1865 2685; x_wconf 76' lang='grc'>06311011</span> <span class='ocrx_word' id='word_1_1243' title='bbox 1886 2673 1919 2677; x_wconf 95' lang='lat'>—-</span> <span class='ocrx_word' id='word_1_1244' title='bbox 1939 2662 1978 2684; x_wconf 88' lang='lat' dir='ltr'>est</span> <span class='ocrx_word' id='word_1_1245' title='bbox 1996 2659 2171 2691; x_wconf 82' lang='lat' dir='ltr'>necessitatis,</span> <span class='ocrx_word' id='word_1_1246' title='bbox 2185 2660 2226 2685; x_wconf 90' lang='lat' dir='ltr'>vel</span> <span class='ocrx_word' id='word_1_1247' title='bbox 2244 2666 2338 2695; x_wconf 81' lang='lat' dir='ltr'>super-</span> 
     </span>
     <span class='ocr_line' id='line_1_199' title="bbox 1696 2703 2337 2736; baseline -0.002 -6"><span class='ocrx_word' id='word_1_1248' title='bbox 1696 2703 1855 2736; x_wconf 87' lang='lat' dir='ltr'>erogationis</span> <span class='ocrx_word' id='word_1_1249' title='bbox 1882 2703 1914 2729; x_wconf 92' lang='lat' dir='ltr'>Vl</span> <span class='ocrx_word' id='word_1_1250' title='bbox 1936 2703 1987 2728; x_wconf 89' lang='grc'>260</span> <span class='ocrx_word' id='word_1_1251' title='bbox 2008 2703 2042 2728; x_wconf 81' lang='grc'>64</span> <span class='ocrx_word' id='word_1_1252' title='bbox 2063 2717 2096 2722; x_wconf 89' lang='grc'>-</span> <span class='ocrx_word' id='word_1_1253' title='bbox 2116 2706 2155 2728; x_wconf 84' lang='lat' dir='ltr'>est</span> <span class='ocrx_word' id='word_1_1254' title='bbox 2184 2703 2268 2729; x_wconf 88' lang='lat' dir='ltr'>meriti</span> <span class='ocrx_word' id='word_1_1255' title='bbox 2293 2704 2337 2729; x_wconf 79' lang='lat' dir='ltr'>vel</span> 
     </span>
     <span class='ocr_line' id='line_1_200' title="bbox 1697 2747 2338 2781; baseline 0.002 -8"><span class='ocrx_word' id='word_1_1256' title='bbox 1697 2748 1829 2781; x_wconf 75' lang='lat' dir='ltr'>praet-epti</span> <span class='ocrx_word' id='word_1_1257' title='bbox 1851 2747 1901 2772; x_wconf 89' lang='grc'>446</span> <span class='ocrx_word' id='word_1_1258' title='bbox 1923 2747 1956 2772; x_wconf 88' lang='grc'>49</span> <span class='ocrx_word' id='word_1_1259' title='bbox 1976 2761 2011 2765; x_wconf 75' lang='lat'>-</span> <span class='ocrx_word' id='word_1_1260' title='bbox 2030 2747 2164 2779; x_wconf 88' lang='lat' dir='ltr'>praecepti</span> <span class='ocrx_word' id='word_1_1261' title='bbox 2188 2755 2241 2773; x_wconf 91' lang='lat' dir='ltr'>non</span> <span class='ocrx_word' id='word_1_1262' title='bbox 2261 2755 2338 2780; x_wconf 89' lang='lat' dir='ltr'>repu-</span> 
     </span>
     <span class='ocr_line' id='line_1_201' title="bbox 1697 2791 2338 2825; baseline 0 -7"><span class='ocrx_word' id='word_1_1263' title='bbox 1697 2796 1760 2825; x_wconf 85' lang='lat' dir='ltr'>gnat</span> <span class='ocrx_word' id='word_1_1264' title='bbox 1778 2792 1940 2822; x_wconf 80' lang='lat' dir='ltr'>liberalitati,</span> <span class='ocrx_word' id='word_1_1265' title='bbox 1960 2791 2067 2823; x_wconf 86' lang='lat' dir='ltr'>quando</span> <span class='ocrx_word' id='word_1_1266' title='bbox 2087 2792 2114 2817; x_wconf 85' lang='lat' dir='ltr'>tit</span> <span class='ocrx_word' id='word_1_1267' title='bbox 2127 2798 2158 2817; x_wconf 88' lang='lat' dir='ltr'>cx</span> <span class='ocrx_word' id='word_1_1268' title='bbox 2171 2799 2263 2818; x_wconf 87' lang='lat' dir='ltr'>amore</span> <span class='ocrx_word' id='word_1_1269' title='bbox 2275 2791 2338 2818; x_wconf 80' lang='lat' dir='ltr'>ibid.</span> 
     </span>
    </p>

    <p class='ocr_par' dir='ltr' id='par_1_54' title="bbox 1697 2835 2340 2957">
     <span class='ocr_line' id='line_1_202' title="bbox 1750 2835 2339 2869; baseline 0.002 -8"><span class='ocrx_word' id='word_1_1270' title='bbox 1750 2851 1785 2856; x_wconf 90' lang='lat'>—</span> <span class='ocrx_word' id='word_1_1271' title='bbox 1804 2843 1882 2862; x_wconf 85' lang='lat' dir='ltr'>suum</span> <span class='ocrx_word' id='word_1_1272' title='bbox 1902 2835 1981 2862; x_wconf 87' lang='lat' dir='ltr'>debet</span> <span class='ocrx_word' id='word_1_1273' title='bbox 1999 2836 2113 2869; x_wconf 87' lang='lat' dir='ltr'>quisque</span> <span class='ocrx_word' id='word_1_1274' title='bbox 2139 2836 2249 2862; x_wconf 84' lang='lat' dir='ltr'>fideliter</span> <span class='ocrx_word' id='word_1_1275' title='bbox 2267 2843 2339 2862; x_wconf 89' lang='lat' dir='ltr'>reco-</span> 
     </span>
     <span class='ocr_line' id='line_1_203' title="bbox 1698 2879 2340 2913; baseline 0 -7"><span class='ocrx_word' id='word_1_1276' title='bbox 1698 2887 1826 2913; x_wconf 82' lang='lat' dir='ltr'>gnoscere</span> <span class='ocrx_word' id='word_1_1277' title='bbox 1845 2881 1888 2906; x_wconf 86' lang='lat' dir='ltr'>Vll</span> <span class='ocrx_word' id='word_1_1278' title='bbox 1909 2880 1959 2906; x_wconf 87' lang='grc'>406</span> <span class='ocrx_word' id='word_1_1279' title='bbox 1981 2880 1996 2905; x_wconf 89' lang='grc'><strong>9</strong></span> <span class='ocrx_word' id='word_1_1280' title='bbox 2017 2893 2050 2898; x_wconf 89' lang='grc'><strong>-</strong></span> <span class='ocrx_word' id='word_1_1281' title='bbox 2072 2879 2154 2906; x_wconf 89' lang='lat' dir='ltr'>Debiti</span> <span class='ocrx_word' id='word_1_1282' title='bbox 2183 2880 2340 2912; x_wconf 83' lang='lat' dir='ltr'>magnitudo</span> 
     </span>
     <span class='ocr_line' id='line_1_204' title="bbox 1697 2923 2074 2957; baseline 0 -7"><span class='ocrx_word' id='word_1_1283' title='bbox 1697 2925 1824 2957; x_wconf 90' lang='lat' dir='ltr'>opprimit</span> <span class='ocrx_word' id='word_1_1284' title='bbox 1843 2924 1990 2951; x_wconf 87' lang='lat' dir='ltr'>debitorem</span> <span class='ocrx_word' id='word_1_1285' title='bbox 2011 2923 2074 2950; x_wconf 76' lang='lat' dir='ltr'>ibid.</span> 
     </span>
    </p>

    <p class='ocr_par' dir='ltr' id='par_1_55' title="bbox 1697 2968 2340 3089">
     <span class='ocr_line' id='line_1_205' title="bbox 1752 2968 2339 2995; baseline -0.002 0"><span class='ocrx_word' id='word_1_1286' title='bbox 1752 2970 1875 2995; x_wconf 72' lang='lat' dir='ltr'>Di-:czrrio</span> <span class='ocrx_word' id='word_1_1287' title='bbox 1893 2983 1928 2988; x_wconf 98' lang='lat'><strong>—</strong></span> <span class='ocrx_word' id='word_1_1288' title='bbox 1947 2969 2088 2995; x_wconf 88' lang='lat' dir='ltr'>Delectatio</span> <span class='ocrx_word' id='word_1_1289' title='bbox 2117 2968 2247 2994; x_wconf 89' lang='lat' dir='ltr'>bonorum</span> <span class='ocrx_word' id='word_1_1290' title='bbox 2272 2971 2339 2994; x_wconf 89' lang='lat' dir='ltr'>tem-</span> 
     </span>
     <span class='ocr_line' id='line_1_206' title="bbox 1697 3012 2340 3045; baseline -0.002 -6"><span class='ocrx_word' id='word_1_1291' title='bbox 1697 3013 1828 3045; x_wconf 86' lang='lat' dir='ltr'>poralium</span> <span class='ocrx_word' id='word_1_1292' title='bbox 1848 3016 1888 3039; x_wconf 88' lang='lat' dir='ltr'>est</span> <span class='ocrx_word' id='word_1_1293' title='bbox 1912 3013 2033 3045; x_wconf 86' lang='lat' dir='ltr'>deceptio</span> <span class='ocrx_word' id='word_1_1294' title='bbox 2053 3013 2086 3039; x_wconf 93' lang='lat' dir='ltr'>Vl</span> <span class='ocrx_word' id='word_1_1295' title='bbox 2107 3013 2140 3038; x_wconf 86' lang='grc'>20</span> <span class='ocrx_word' id='word_1_1296' title='bbox 2160 3020 2186 3039; x_wconf 84' lang='lat' dir='ltr'>v.</span> <span class='ocrx_word' id='word_1_1297' title='bbox 2208 3013 2217 3038; x_wconf 96' lang='grc'>1</span> <span class='ocrx_word' id='word_1_1298' title='bbox 2241 3026 2277 3032; x_wconf 88' lang='grc'>-</span> <span class='ocrx_word' id='word_1_1299' title='bbox 2295 3012 2340 3038; x_wconf 81' lang='lat' dir='ltr'>Ri-</span> 
     </span>
     <span class='ocr_line' id='line_1_207' title="bbox 1698 3056 1942 3089; baseline -0.004 -6"><span class='ocrx_word' id='word_1_1300' title='bbox 1698 3065 1743 3083; x_wconf 86' lang='lat' dir='ltr'>sus</span> <span class='ocrx_word' id='word_1_1301' title='bbox 1762 3057 1860 3089; x_wconf 85' lang='lat' dir='ltr'>decipit</span> <span class='ocrx_word' id='word_1_1302' title='bbox 1879 3056 1942 3084; x_wconf 78' lang='lat' dir='ltr'>ibid.</span> 
     </span>
    </p>

    <p class='ocr_par' dir='ltr' id='par_1_56' title="bbox 1698 3100 2339 3171">
     <span class='ocr_line' id='line_1_208' title="bbox 1752 3100 2339 3133; baseline 0 -7"><span class='ocrx_word' id='word_1_1303' title='bbox 1752 3101 1848 3127; x_wconf 71' lang='grc'>06011111</span> <span class='ocrx_word' id='word_1_1304' title='bbox 1868 3115 1903 3119; x_wconf 91' lang='grc'>-</span> <span class='ocrx_word' id='word_1_1305' title='bbox 1922 3100 2080 3126; x_wconf 79' lang='lat' dir='ltr'>offerebatur</span> <span class='ocrx_word' id='word_1_1306' title='bbox 2106 3101 2138 3126; x_wconf 94' lang='lat' dir='ltr'>ad</span> <span class='ocrx_word' id='word_1_1307' title='bbox 2159 3101 2339 3133; x_wconf 80' lang='lat' dir='ltr'>praefiguran—</span> 
     </span>
     <span class='ocr_line' id='line_1_209' title="bbox 1698 3144 2308 3171; baseline -0.003 0"><span class='ocrx_word' id='word_1_1308' title='bbox 1698 3145 1759 3171; x_wconf 88' lang='lat' dir='ltr'>dam</span> <span class='ocrx_word' id='word_1_1309' title='bbox 1780 3145 1959 3171; x_wconf 76' lang='lat' dir='ltr'>lIberationem</span> <span class='ocrx_word' id='word_1_1310' title='bbox 1981 3144 2118 3170; x_wconf 89' lang='lat' dir='ltr'>hominum</span> <span class='ocrx_word' id='word_1_1311' title='bbox 2139 3145 2254 3170; x_wconf 84' lang='lat' dir='ltr'>Vll&#39;387</span> <span class='ocrx_word' id='word_1_1312' title='bbox 2275 3144 2308 3169; x_wconf 82' lang='grc'>16</span> 
     </span>
    </p>

    <p class='ocr_par' dir='ltr' id='par_1_57' title="bbox 1698 3188 2340 3310">
     <span class='ocr_line' id='line_1_210' title="bbox 1752 3188 2339 3215; baseline -0.002 0"><span class='ocrx_word' id='word_1_1313' title='bbox 1752 3190 1902 3215; x_wconf 66' lang='lat' dir='ltr'>Decumum</span> <span class='ocrx_word' id='word_1_1314' title='bbox 1920 3203 1957 3208; x_wconf 97' lang='lat'><strong>—</strong></span> <span class='ocrx_word' id='word_1_1315' title='bbox 1984 3189 2024 3215; x_wconf 87' lang='lat' dir='ltr'>Ad</span> <span class='ocrx_word' id='word_1_1316' title='bbox 2052 3189 2251 3215; x_wconf 85' lang='lat' dir='ltr'>declinationem</span> <span class='ocrx_word' id='word_1_1317' title='bbox 2279 3188 2339 3214; x_wconf 89' lang='lat' dir='ltr'>mali</span> 
     </span>
     <span class='ocr_line' id='line_1_211' title="bbox 1698 3232 2340 3259; baseline -0.003 0"><span class='ocrx_word' id='word_1_1318' title='bbox 1698 3234 1834 3259; x_wconf 90' lang='lat' dir='ltr'>ordinatur</span> <span class='ocrx_word' id='word_1_1319' title='bbox 1861 3233 1948 3259; x_wconf 85' lang='lat' dir='ltr'>omnis</span> <span class='ocrx_word' id='word_1_1320' title='bbox 1973 3233 2092 3259; x_wconf 88' lang='lat' dir='ltr'>doctrina</span> <span class='ocrx_word' id='word_1_1321' title='bbox 2110 3236 2136 3258; x_wconf 87' lang='lat' dir='ltr'>et</span> <span class='ocrx_word' id='word_1_1322' title='bbox 2154 3232 2250 3258; x_wconf 91' lang='lat' dir='ltr'>locutio</span> <span class='ocrx_word' id='word_1_1323' title='bbox 2270 3232 2340 3258; x_wconf 85' lang='lat' dir='ltr'>Salo·</span> 
     </span>
     <span class='ocr_line' id='line_1_212' title="bbox 1699 3277 2338 3310; baseline -0.002 -7"><span class='ocrx_word' id='word_1_1324' title='bbox 1699 3278 1801 3310; x_wconf 87' lang='lat' dir='ltr'>monis,</span> <span class='ocrx_word' id='word_1_1325' title='bbox 1820 3278 1903 3303; x_wconf 91' lang='lat' dir='ltr'>immo</span> <span class='ocrx_word' id='word_1_1326' title='bbox 1922 3280 1973 3304; x_wconf 86' lang='lat' dir='ltr'>tota</span> <span class='ocrx_word' id='word_1_1327' title='bbox 1995 3277 2130 3310; x_wconf 89' lang='lat' dir='ltr'>Scriptura</span> <span class='ocrx_word' id='word_1_1328' title='bbox 2153 3277 2184 3303; x_wconf 90' lang='lat' dir='ltr'>Vl</span> <span class='ocrx_word' id='word_1_1329' title='bbox 2205 3277 2238 3302; x_wconf 88' lang='grc'>98</span> <span class='ocrx_word' id='word_1_1330' title='bbox 2257 3283 2284 3302; x_wconf 84' lang='grc' dir='ltr'>ν.</span> <span class='ocrx_word' id='word_1_1331' title='bbox 2305 3277 2338 3302; x_wconf 88' lang='grc'>13</span> 
     </span>
    </p>

    <p class='ocr_par' dir='ltr' id='par_1_58' title="bbox 1690 3319 2339 3442">
     <span class='ocr_line' id='line_1_213' title="bbox 1753 3319 2339 3354; baseline -0.002 -7"><span class='ocrx_word' id='word_1_1332' title='bbox 1753 3322 1869 3348; x_wconf 77' lang='lat' dir='ltr'>Dsconus</span> <span class='ocrx_word' id='word_1_1333' title='bbox 1881 3336 1916 3340; x_wconf 94' lang='lat'>—</span> <span class='ocrx_word' id='word_1_1334' title='bbox 1930 3321 1981 3354; x_wconf 86' lang='lat' dir='ltr'>Qui</span> <span class='ocrx_word' id='word_1_1335' title='bbox 1998 3321 2102 3353; x_wconf 87' lang='lat' dir='ltr'>placere</span> <span class='ocrx_word' id='word_1_1336' title='bbox 2120 3319 2212 3347; x_wconf 82' lang='lat' dir='ltr'>volunt</span> <span class='ocrx_word' id='word_1_1337' title='bbox 2231 3320 2339 3346; x_wconf 90' lang='lat' dir='ltr'>homini-</span> 
     </span>
     <span class='ocr_line' id='line_1_214' title="bbox 1700 3364 2328 3398; baseline -0.005 -6"><span class='ocrx_word' id='word_1_1338' title='bbox 1700 3365 1750 3392; x_wconf 90' lang='lat' dir='ltr'>bus</span> <span class='ocrx_word' id='word_1_1339' title='bbox 1768 3369 1862 3392; x_wconf 88' lang='lat' dir='ltr'>ornant</span> <span class='ocrx_word' id='word_1_1340' title='bbox 1874 3373 1917 3398; x_wconf 82' lang='lat' dir='ltr'>se,</span> <span class='ocrx_word' id='word_1_1341' title='bbox 1937 3368 1965 3391; x_wconf 91' lang='lat' dir='ltr'>ut</span> <span class='ocrx_word' id='word_1_1342' title='bbox 1984 3365 2073 3392; x_wconf 86' lang='lat' dir='ltr'>decori</span> <span class='ocrx_word' id='word_1_1343' title='bbox 2089 3365 2234 3397; x_wconf 76' lang='lat' dir='ltr'>appareant</span> <span class='ocrx_word' id='word_1_1344' title='bbox 2251 3364 2277 3390; x_wconf 91' lang='lat' dir='ltr'>in</span> <span class='ocrx_word' id='word_1_1345' title='bbox 2296 3371 2328 3389; x_wconf 85' lang='lat' dir='ltr'>ve</span> 
     </span>
     <span class='ocr_line' id='line_1_215' title="bbox 1690 3408 2166 3442; baseline -0.002 -7"><span class='ocrx_word' id='word_1_1346' title='bbox 1690 3410 1761 3436; x_wconf 69' lang='lat' dir='ltr'>“stitu</span> <span class='ocrx_word' id='word_1_1347' title='bbox 1781 3413 1806 3436; x_wconf 87' lang='lat' dir='ltr'>et.</span> <span class='ocrx_word' id='word_1_1348' title='bbox 1825 3410 1851 3435; x_wconf 90' lang='lat' dir='ltr'>ln</span> <span class='ocrx_word' id='word_1_1349' title='bbox 1870 3412 1978 3442; x_wconf 85' lang='lat' dir='ltr'>aspectu</span> <span class='ocrx_word' id='word_1_1350' title='bbox 1999 3410 2032 3435; x_wconf 88' lang='lat' dir='ltr'>vt</span> <span class='ocrx_word' id='word_1_1351' title='bbox 2050 3408 2086 3435; x_wconf 86' lang='grc'>74</span> <span class='ocrx_word' id='word_1_1352' title='bbox 2105 3416 2130 3434; x_wconf 88' lang='grc' dir='ltr'>ν.</span> <span class='ocrx_word' id='word_1_1353' title='bbox 2150 3409 2166 3434; x_wconf 83' lang='grc'><strong>8</strong></span> 
     </span>
    </p>
   </div>
  </div>
 </body>
</html>
