2476 3921
22 1012 103 1035 Anulus
117 1012 140 1033 in

46 1044 116 1060 mauu.
144 1061 147 1064 ,

757 225 952 259 COMMENT.
979 227 1016 259 ΙΝ
1040 227 1277 260 EVANGELIUM
1302 229 1419 261 LUCAE
1443 229 1475 262 C.
1501 230 1562 262 XV.

20 321 144 344 §nunctum-
164 315 269 355 portat
292 313 345 355 qui
371 313 551 355 pudicitiam
576 313 607 346 in
632 313 782 356 operibus
803 314 871 346 suis
899 317 1012 347 servat.
1046 315 1124 347 llaec

163 366 327 408 pudicitia,
345 366 403 399 etsi
419 370 569 409 appareat
593 366 625 399 in
641 367 820 409 integritate
842 367 961 406 carnis,
985 367 1123 400 maxime

162 420 303 453 consistit
325 419 357 452 in
382 419 560 462 integritate
582 419 679 462 fidei,
704 420 877 453 secundum
911 420 987 453 illud
1012 428 1124 453 secun-

161 472 282 512 daead
309 472 487 506 Corinthios
515 472 725 506 undecimo1:
755 486 771 502 α
795 473 949 520 Despondi
981 482 1036 506 vos
1067 473 1120 506 uni

162 525 245 565 viro,
262 525 415 568 virginem
436 529 552 559 castam
568 526 722 559 exhibere
738 526 863 559 Christo
880 539 910 558 ».
933 526 1019 559 Unde
1036 536 1122 559 anu-

162 579 214 611 lus
237 582 284 612 est
307 578 378 612 fidei
396 575 610 621 signaculum,
633 588 697 622 quo
713 579 817 611 anima
841 579 1064 619 subarrhatur,
1086 583 1122 613 ut

160 639 257 672 opera
279 631 348 664 eius
371 629 514 673 placeant
537 631 678 670 Christo;
703 631 795 674 quia,
819 631 858 664 ad
883 632 1039 665 Hebraeos
1062 641 1121 665 un·
1140 673 1149 677 ρ

160 684 296 723 decimo,
323 698 339 713 «
355 685 421 718 sine
454 684 514 718 fide
545 684 737 727 impossibile
767 688 815 718 est
844 685 968 727 placere
1001 686 1065 718 Deo
1089 699 1120 718 n.

160 737 231 770 ldeo
260 741 291 770 et
322 737 413 770 beata
444 738 543 780 Agnes
574 737 741 771 dicebat2:
771 751 787 767 «
811 738 910 771 Anulo
941 738 1012 772 fidei
1045 748 1121 772 suae

159 790 362 823 subarrhavit
386 799 436 823 me
452 804 482 822 ι).
500 791 588 824 Tunc
611 794 717 824 autem
733 791 849 824 anulus
872 792 972 825 estin
996 802 1119 832 manu,

159 844 285 885 quando
308 844 385 877 fides
401 844 523 878 relucet
550 845 581 877 in
608 845 806 887 operatione;
832 845 921 888 quia,
947 846 1047 879 Iacobi
1072 855 1120 879 se-

158 897 262 930 cundo
274 897 298 937 ⁸,
328 911 343 927 «
363 892 441 931 fides
472 898 538 931 sine
569 898 719 940 operibus
750 902 876 932 mortua
907 903 1001 932 est».
1034 899 1121 933 Unde

158 951 266 984 Glossa
282 951 450 985 Ambrosii:
480 965 496 980 «
514 952 680 991 Anulum,
698 952 728 985 id
745 956 792 985 est
815 953 1014 996 signaculum
1031 954 1119 994 fidei,

158 1014 223 1047 quo
253 1005 418 1047 signantur
441 1006 595 1048 promissa
626 1006 657 1038 in
681 1006 831 1040 cordibus
853 1007 1012 1047 fidelium;
1045 1008 1121 1041 date

158 1059 194 1092 in
217 1068 341 1098 manu,
367 1059 398 1092 id
421 1063 469 1093 est
492 1059 522 1092 in
547 1059 745 1102 operatione,
771 1063 806 1093 ut
835 1069 892 1103 per
916 1070 1012 1103 opera
1043 1061 1120 1094 fides

157 1113 325 1152 clarescat,
350 1116 381 1145 et
404 1122 460 1155 per
484 1113 577 1146 fidem
594 1122 689 1155 opera
713 1113 942 1147 confirmentur
959 1127 989 1146 ».
1016 1114 1047 1146 ln
1064 1123 1119 1147 cu-

157 1166 207 1207 ius
230 1166 275 1199 rei
292 1166 554 1208 designationem,
578 1166 706 1199 Genesis
722 1166 963 1209 quadragesimo
979 1167 1082 1210 primo
1095 1168 1119 1207 ⁴,

162 1232 176 1247 «
194 1219 419 1252 tulitanulum
452 1219 572 1252 Pharao
599 1219 638 1252 de
661 1229 759 1253 manu
790 1229 848 1253 sua
876 1223 907 1253 et
930 1220 1015 1253 dedit
1045 1229 1119 1254 eum

2 1279 137 1328 ‘'Dggffi‘ss*
155 1273 187 1306 in
211 1281 308 1306 manu
332 1273 441 1315 loseph
458 1286 488 1305 ».
508 1291 549 1296 -—
566 1273 602 1305 Et
612 1273 700 1324 *quia
716 1282 777 1306 non
803 1274 937 1313 sufficit,
962 1274 1046 1316 quod
1063 1274 1118 1307 ali-

155 1326 227 1369 quis
250 1326 291 1360 sit
314 1326 447 1369 pudicus
465 1326 496 1358 in
520 1326 670 1368 operibus
694 1327 775 1366 suis,
797 1327 855 1360 nisi
873 1327 967 1360 etiam
992 1328 1032 1360 sit
1049 1327 1120 1361 obe-

154 1380 247 1413 diens
270 1384 300 1413 et
331 1378 488 1418 humilis,
513 1380 583 1413 ideo
614 1380 738 1413 subdit:
764 1381 803 1413 Et
827 1380 1050 1413 calceamenta
1083 1381 1119 1413 iri

151 1434 249 1476 pedes
270 1434 294 1473 ⁵,
328 1443 383 1475 per
411 1433 710 1476 promptitudinem
741 1434 861 1466 scilicet
894 1433 1118 1472 obediendam

154 1488 208 1530 qui
226 1488 308 1521 enim
333 1487 489 1520 calceatus
505 1490 553 1520 est
577 1490 744 1529 promptus
764 1490 812 1520 est
827 1487 866 1520 ad
890 1487 1117 1527 itinerandum;

155 1544 284 1583 propter
308 1540 393 1583 quod
416 1540 454 1573 ad
479 1540 630 1582 Ephesios
654 1543 762 1573 sexto:
785 1553 800 1569 t<
817 1540 950 1573 Calceati
976 1541 1070 1583 pedes
1086 1540 1119 1574 in

156 1594 426 1637 praeparationem
460 1593 616 1636 Evangelii
645 1594 777 1636 pacis».
803 1595 899 1627 Tunc
922 1597 1028 1627 autem
1060 1594 1119 1627 ista

154 1647 330 1681 obedientia
353 1650 401 1680 est
424 1646 563 1680 maxime
586 1647 714 1690 placita,
738 1647 864 1690 quando
888 1647 924 1680 fit
947 1656 988 1680 ex
1004 1648 1119 1681 affectu

155 1701 259 1741 filiali;
291 1701 492 1734 canticorum
526 1701 660 1743 septimo
677 1701 708 1734 ⁶:
738 1714 754 1730 «
775 1702 875 1743 Quam
909 1702 1013 1743 pulcri
1045 1704 1118 1734 sunt

155 1764 283 1797 gressus
308 1755 352 1787 tui
377 1755 408 1787 in
426 1754 658 1794 calceamentis,
683 1755 747 1787 filia
770 1754 922 1797 principis
939 1757 969 1787 »l
992 1754 1027 1787 Et
1044 1754 1119 1797 quia

154 1808 263 1841 nullus
286 1811 333 1841 est
357 1807 489 1841 idoneus
512 1808 551 1841 ad
568 1808 797 1841 transeundum
825 1820 842 1836 «
858 1816 899 1840 ex
924 1808 984 1841 hoc
999 1807 1117 1840 mundo

154 1862 193 1895 ad
225 1862 345 1895 Patrem
360 1862 371 1881 ⁷
389 1875 420 1901 »‚
443 1861 502 1895 nisi
534 1861 588 1904 qui
622 1861 716 1894 habet
740 1861 1019 1903 promptitudinem
1043 1861 1118 1894 obe-

154 1915 302 1955 dientiae;
327 1915 396 1948 ideo
413 1915 445 1948 in
465 1924 522 1948 esu
538 1915 695 1957 paschalis
710 1915 781 1957 agni
806 1915 883 1948 haec
898 1914 993 1947 datur
1017 1915 1118 1948 forma

154 1969 252 2002 Exodi
277 1968 478 2002 duodecimo:
509 1981 524 1997 α
542 1969 641 2002 Renes
665 1972 787 2002 vestros
809 1968 977 2011 accingetis
1001 1972 1032 2002 et
1055 1969 1118 2002 cal-

117 2014 118 2017 *
154 2026 315 2056 ceamenta
338 2022 494 2055 habebitis
521 2022 553 2055 in
577 2022 728 2065 pedibus,
753 2025 895 2055 tenentes
923 2022 1053 2055 baculos
1084 2022 1116 2055 in

154 2076 319 2115 manibus,
343 2079 374 2109 et
391 2075 560 2110 comedetis
582 2075 784 2109 festinanter:
810 2075 862 2108 Est
889 2075 972 2109 enim
1001 2076 1116 2118 phase,

154 2129 186 2162 id
209 2132 256 2162 est
284 2128 436 2162 transitus
459 2128 630 2162 Domini».

2088 235 2151 267 397

1277 316 1329 349 39.
1356 317 1391 349 Et
1416 318 1492 351 haec
1527 319 1703 352 obedientia
1738 321 1876 354 maxime
1911 323 2087 364 requiritur
2120 323 2149 355 in

1184 369 1478 411 praedicatoribus
1495 372 1641 413 exemplo
1657 372 1771 405 Christi
1790 377 1821 406 et
1838 375 2038 414 Sanctorum;
2057 375 2152 408 isaiae

1186 422 1448 465 quinquagesimo
1472 424 1650 456 secundoss:
1680 438 1695 453 α
1713 426 1812 467 Quam
1831 427 1932 468 pulcri
1951 436 2047 470 super
2064 437 2152 461 mon-

1179 478 1234 513 tes
1257 475 1352 517 pedes
1375 476 1591 509 annuntiantis
1607 481 1638 510 et
1655 478 1864 519 praedicantis
1882 489 2008 521 pacem,
2029 490 2152 514 annun-

1187 528 1293 561 tiantis
1317 528 1468 567 salutem,
1492 529 1624 563 dicentis
1648 530 1738 563 Sion:
1766 532 1916 574 Regnabit
1951 533 2104 566 Dominus
2121 538 2150 566 »1

1186 580 1272 613 Unde
1296 581 1421 614 Beda⁹:
1444 594 1459 609 «
1478 581 1709 616 Calceamenta
1727 584 1762 616 in
1776 585 1893 626 pedes,
1919 586 1948 618 id
1973 589 2020 619 est
2043 595 2153 619 exem-

1186 633 1237 675 pla
1260 634 1405 676 priorum
1440 635 1562 668 munite
1600 636 1630 668 in
1667 637 1770 670 officio
1806 638 2025 680 praedicandi,
2051 644 2086 672 ut
2121 644 2151 673 et

1185 695 1266 728 opus
1289 687 1358 720 eius
1381 687 1460 720 bene
1485 688 1618 721 vivendo
1641 693 1775 722 ornetur
1792 694 1823 723 et
1839 700 1953 724 cursus
1969 692 2007 724 ad
2024 696 2152 725 aeterna

1185 741 1404 783 praeparando
1421 755 1451 774 ».
1477 742 1563 775 Unde
1587 743 1662 785 quia
1686 744 1896 777 calceamenta
1920 745 2001 779 fiunt
2024 746 2061 779 de
2087 747 2152 789 pel-

1186 794 1269 827 libus
1293 795 1476 828 animalium
1501 800 1702 829 mortuorum
1720 801 1750 830 et
1775 807 1831 840 per
1849 799 1907 832 hoc
1924 804 2056 841 possunt
2071 800 2152 833 desi-

1185 856 1282 889 gnare
1314 848 1463 891 coempta
1492 853 1652 891 patrum,
1689 851 1771 884 sicut
1808 852 1859 885 hic
1896 852 1971 885 dicit
2005 853 2085 886 Beda
2119 854 2151 886 in

1184 900 1347 940 Glossa103
1373 901 1442 934 ideo
1466 902 1593 942 dicitur,
1618 903 1703 945 quod
1730 904 1851 937 dentur
1879 905 1915 937 in
1939 906 2046 948 pedes.
2072 907 2151 948 Quia

1184 953 1350 996 designare
1375 959 1506 996 possunt
1538 960 1731 989 vetustatem
1761 959 1901 1000 peceati,
1934 959 2003 992 ideo
2035 959 2151 995 dicitur

1184 1007 1280 1049 Moysi
1299 1008 1396 1041 Exodi
1415 1009 1562 1042 terti011:
1592 1023 1607 1038 α
1625 1010 1710 1043 Tolle
1734 1011 1980 1044 calceamentum
2004 1012 2041 1045 de
2066 1012 2152 1054 pedi-

1184 1060 1245 1094 bus
1270 1061 1333 1094 tuis
1349 1073 1379 1101 »;
1404 1066 1435 1095 et
1458 1071 1556 1105 supra
1579 1063 1718 1097 decimo:
1749 1077 1765 1093 α
1782 1065 1881 1098 Nolite
1905 1068 2031 1107 portare
2048 1075 2150 1108 neque

1184 1115 1346 1148 sacculum
1370 1123 1474 1158 neque
1495 1116 1705 1150 calceamenta
1722 1130 1751 1149 n.
1778 1118 1864 1151 Unde
1888 1119 2024 1160 supra¹²
2049 1119 2150 1161 loqui-

1183 1172 1237 1201 tur
1261 1168 1299 1201 de
1323 1169 1543 1202 calceamentis
1567 1170 1614 1202 ad
1630 1170 1792 1210 litteram,
1819 1172 1869 1204 hic
1893 1176 1998 1205 autem
2024 1182 2081 1215 per
2104 1173 2150 1205 si-

1183 1222 1404 1255 militudinem
1425 1223 1667 1265 parabolicam.

1273 1276 1326 1308 liO.
1352 1276 1453 1316 (Vers.
1479 1276 1555 1318 23.).
1582 1278 1623 1310 Et
1653 1277 1808 1311 adducite
1842 1279 1985 1311 vitulum
2008 1280 2147 1322 supina-

1184 1333 1264 1362 tum.
1291 1330 1362 1362 Post
1385 1330 1632 1363 misericordiam
1658 1331 1688 1363 in
1713 1332 1912 1374 suscipiendo
1929 1333 2092 1375 indignum
2117 1336 2147 1366 et

1183 1381 1344 1414 vestiendo
1367 1382 1488 1415 nudum
1513 1382 1660 1415 subditur
1691 1383 1742 1416 hic
1774 1384 2009 1417 misericordia
2033 1386 2068 1417 in
2097 1395 2147 1417 re-

1181 1433 1320 1476 ficiendo
1343 1434 1537 1478 famelicum
1553 1436 1593 1468 ¹⁸.
1615 1436 1650 1468 Et
1666 1436 1725 1469 hoc
1742 1441 1828 1483 recto
1845 1438 1969 1477 ordine,
1988 1439 2062 1480 quia
2079 1442 2149 1481 post

1184 1487 1401 1520 remissionem
1431 1488 1598 1530 culparum
1630 1493 1661 1521 et
1693 1490 2074 1524 vestitionem·x·irtutum
2099 1501 2148 1524 se-

1185 1541 1295 1583 quitur
1320 1541 1517 1574 divinarum
1541 1541 1708 1575 oblectatio
1733 1543 1951 1583 deliciarum,
1968 1554 2050 1587 quae
2074 1554 2148 1577 con-

1182 1594 1285 1636 surgit
1308 1603 1350 1627 ex
1374 1594 1491 1636 duplici
1515 1594 1781 1635 consideratione,
1807 1596 1926 1630 scilicet
1949 1606 1990 1630 ex
2008 1597 2149 1630 conside-

1182 1647 1303 1680 ratione
1328 1647 1514 1680 Salvacoris
1538 1649 1647 1681 nostri
1668 1652 1700 1681 et
1723 1647 1867 1682 hominis
1890 1650 2022 1683 salvati.

1271 1701 1375 1733 Primo
1399 1701 1495 1743 igitur
1519 1705 1675 1744 quantum
1702 1702 1741 1735 ad
1763 1703 2058 1737 considerationem
2076 1705 2148 1737 Sal-
2168 1713 2316 1762 p'siffgfaffin'

1181 1753 1309 1787 valoris
1332 1755 1441 1787 nostri
1462 1755 1577 1788 Christi
1609 1755 1701 1788 dicit:
1728 1756 1891 1790 Adducite
1914 1757 2058 1790 vitulum
2092 1768 2148 1791 sa-
2180 1768 2306 1789 salvatoris.

1180 1807 1337 1850 ymarum
1372 1812 1403 1841 et
1437 1808 1580 1841 occidite.
1622 1809 1750 1842 Vitulus
1785 1810 1844 1843 iste
1883 1811 2063 1854 sayz‘natus
2100 1815 2148 1845 est
2163 1821 2274 1851 carisius„
2286 1828 2317 1841 v..

1182 1861 1327 1895 Christus
1350 1871 1409 1905 pro
1432 1863 1523 1896 nobis
1545 1863 1686 1903 occisus,
1711 1864 1766 1906 qui
1790 1864 1881 1897 nobis
1898 1865 1927 1897 in
1945 1849 2215 1903 Sacranientoiss¹st3⁵
2230 1854 2318 1874 §³³¹¹sp

1181 1915 1289 1949 altaris
1321 1917 1510 1958 proponitur
1542 1917 1574 1949 in
1605 1917 1712 1950 cibum
1744 1918 1977 1951 suavissimum.
2003 1919 2148 1952 Christus

1181 1973 1287 2003 autem
1323 1970 1440 2003 dicitur
1471 1971 1616 2010 vitulus,
1642 1972 1717 2014 quia
1752 1981 1810 2014 pro
1841 1972 1978 2014 peccatis
2007 1973 2146 2012 oblatus;

1182 2023 1309 2057 Levitici
1326 2023 1428 2066 primo
1443 2025 1486 2057 ¹4:
1508 2038 1523 2054 «
1538 2025 1711 2058 immolabit
1727 2025 1863 2058 vitulum
1880 2035 1985 2059 coram
2004 2026 2146 2065 Domino,

1181 2081 1212 2110 et
1236 2069 1369 2111 offerent
1400 2078 1456 2111 filii
1492 2079 1593 2111 Aaron
1629 2079 1807 2112 sacerdotes
1842 2080 2027 2122 sanguinem
2059 2080 2146 2119 eius,

1181 2130 1348 2164 fundentes
1371 2141 1429 2174 per
1452 2132 1560 2165 altaris
1577 2132 1762 2173 circuitum,
1780 2133 1865 2176 quod
1881 2136 1928 2167 est
1943 2137 2015 2167 ante
2031 2134 2148 2167 ostium

225 2331 234 2345 ¹
256 2332 329 2357 Vers.
350 2333 375 2358 2.
394 2345 429 2350 —-
449 2332 572 2364 Sequitur
592 2331 671 2358 llebr.
694 2332 736 2363 11,
756 2333 781 2358 6.
794 2346 829 2351 -
842 2332 895 2359 Cir.
915 2333 996 2365 Epist.
1016 2334 1059 2360 35.
1071 2341 1117 2360 seu

153 2377 264 2403 Ilomilia
284 2377 317 2402 de
337 2376 442 2402 duobus
461 2377 520 2402 liliis
533 2377 602 2409 frugi
615 2380 641 2403 et
660 2377 792 2403 luxurioso
813 2377 895 2411 (inter
909 2385 988 2411 opera
1003 2379 1118 2412 Hieron.)

153 2430 177 2447 c.
198 2421 239 2447 40.

224 2465 234 2480 ²
256 2467 286 2492 Ut
304 2467 414 2492 refertur
428 2466 454 2491 in
466 2466 582 2492 Breviar.
602 2467 735 2498 Romano,
749 2474 798 2499 pro
812 2468 878 2493 sesto
897 2469 923 2494 S.
936 2468 1044 2500 Agnetis
1065 2468 1120 2501 (21.

154 2511 265 2545 ianuar.)
286 2511 302 2537 l.
323 2511 394 2537 Noct.
413 2512 493 2543 Resp.
513 2512 538 2536 3.
557 2514 582 2537 et
601 2511 712 2537 habetur
732 2512 757 2537 in
777 2512 857 2544 Epist.
878 2513 901 2538 1.
921 2520 951 2539 cx
971 2512 1119 2539 Ambrosia·

154 2563 247 2582 narum
267 2563 378 2581 numero
397 2560 613 2588 segregatarum,
632 2564 658 2582 n.
677 2557 701 2582 3.

225 2598 236 2614 Β
255 2601 329 2626 Vers.
356 2601 400 2626 26.
422 2614 458 2620 —
483 2601 573 2627 Glossa
598 2608 654 2634 seq.
674 2604 713 2627 est
738 2601 895 2633 ordinaria,
916 2602 991 2628 cuius
1015 2602 1117 2627 initium

154 2648 254 2671 tantum
274 2644 411 2675 exhibetur
430 2644 464 2670 ab
484 2645 622 2671 Ambrosio
636 2645 699 2678 (Vll.
714 2646 737 2671 in
752 2647 814 2672 Luc.
828 2653 851 2672 c.
867 2647 908 2672 15.
922 2654 946 2672 n.
961 2646 1008 2672 231
1022 2655 1028 2671 ;
1047 2646 1118 2672 Ληα-

155 2690 199 2716 lus
217 2690 283 2723 quid
302 2693 342 2716 est
360 2690 431 2716 aliud
456 2690 505 2715 nisi
534 2690 650 2716 sincerae
670 2690 730 2716 fidei
750 2691 914 2722 signaculum
934 2694 960 2717 et
984 2690 1117 2723 expressio

154 2734 314 2767 veritatisi),
333 2737 419 2760 cetera
438 2737 498 2760 sunt
517 2734 617 2767 nedae,
636 2735 678 2760 lv.
699 2735 723 2760 in
743 2736 805 2761 Luc.
826 2735 867 2767 15,
887 2736 930 2761 22.

225 2777 237 2792 ⁴
256 2779 332 2804 Vcrs.
351 2778 395 2804 42.

225 2820 236 2836 ⁵
256 2822 314 2848 Vat.
333 2829 394 2848 cum
414 2822 527 2854 Vulgata
547 2822 620 2848 addit
638 2822 709 2855 eius,
729 2823 801 2856 quod
821 2823 900 2849 etiam
919 2823 989 2849 Beda
1008 2824 1117 2856 oinittit;

154 2865 274 2897 Hieron„
300 2866 381 2898 Epist.
406 2866 449 2892 21.
475 2866 547 2895 (alias
572 2866 643 2898 146.)
669 2874 696 2892 n.
720 2867 761 2892 25.
788 2870 813 2893 et
837 2868 970 2894 Gorranus
994 2867 1023 2894 in
1043 2867 1117 2902 pedi-

154 2909 203 2937 bus
216 2910 273 2937 eius
293 2909 350 2943 (cfr.
370 2917 449 2943 supra
470 2917 532 2943 pag.
553 2912 619 2943 396,
638 2916 699 2937 nota
721 2912 783 2945 12.).
804 2911 973 2938 —Subinde
991 2906 1117 2945 alle'gatur

155 2955 219 2988 liph.
239 2947 269 2987 e,
290 2955 332 2980 15.

225 2997 237 3013 ⁰
256 2999 332 3025 Vers.
352 2999 377 3025 1,

225 3041 239 3078 ’Ἰ
256 3044 326 3070 loun.
347 3044 394 3077 ⁴3,
415 3044 439 3071 1.
457 3057 493 3063 -
512 3045 636 3078 Sequitur
655 3045 735 3071 Exod.
757 3046 803 3077 12,
825 3046 866 3071 11.

228 3081 332 3114 ss'vers.
349 3088 377 3114 7.
394 3102 430 3108 —-
448 3089 537 3115 Glossa
557 3088 701 3115 mdiraearia
722 3090 877 3120 (secundum
896 3090 1011 3123 Hieron„
1036 3091 1116 3123 Epist.

155 3132 199 3157 21.
220 3132 283 3157 alias
303 3132 363 3158 146.
382 3140 406 3158 n.
427 3133 479 3165 25.)
501 3133 571 3165 apud
598 3134 729 3165 Lyranum
749 3134 775 3159 in
795 3134 856 3160 Luc.
878 3134 925 3165 ⁴5,
946 3135 993 3166 22;
1013 3135 1049 3162 Et
1065 3135 1117 3162 cal-

155 3177 307 3208 ceamenta,
329 3183 362 3201 ne
382 3175 490 3202 coluber
509 3177 631 3210 invadat,
651 3181 680 3203 ut
698 3185 779 3210 super
797 3178 950 3210 scorpiones
970 3181 1026 3210 eat,
1044 3183 1073 3205 ut
1092 3179 1117 3205 ei

155 3219 381 3254 conveniatslsai
408 3220 457 3254 52,
485 3220 540 3255 7.]:
571 3221 659 3254 Quam
687 3221 802 3258 speciosi
823 3222 904 3256 pedes
931 3223 1117 3257 emnqetizan-

155 3262 224 3303 tium
242 3267 291 3290 etc.
425 3295 427 3297 Ι

226 3306 238 3321 ⁹
256 3308 327 3335 Libr.
349 3310 391 3336 lv.
409 3310 438 3336 in
457 3311 518 3337 Luc.
540 3311 588 3343 15,
608 3312 656 3343 22;
680 3311 806 3338 sententia
825 3312 882 3338 eius
905 3312 1042 3338 exhibetur
1061 3320 1117 3339 ver-

157 3352 198 3379 bis
215 3354 322 3380 Glossae
341 3353 498 3381 ordinariae
517 3355 543 3381 in
568 3356 631 3390 Luc.
652 3356 699 3387 15,
725 3357 772 3388 22,
800 3356 827 3382 in
844 3363 898 3389 qua
920 3363 969 3389 pro
991 3357 1117 3391 eoeempta

153 3396 281 3430 priorum
311 3399 400 3430 plures
429 3399 508 3425 codd.
536 3399 659 3434 emempIo
688 3399 827 3434 priorum.
859 3401 919 3428 Vat.
949 3407 1003 3427 non
1033 3401 1116 3428 verba

1185 2326 1305 2367 Glossae‚
1325 2335 1370 2360 sed
1391 2334 1474 2367 ipsius
1494 2335 1580 2361 Bedae
1599 2335 1681 2360 affert.
1700 2336 1818 2367 Gregor„
1838 2335 1958 2360 XXXlV.
1974 2335 2063 2360 Ἠοῖ-31.
2082 2342 2103 2360 c.
2121 2336 2147 2361 9.

1184 2386 1209 2404 n.
1231 2379 1278 2404 ⁴9:
1297 2378 1508 2405 Calceamentum
1528 2379 1629 2412 quippe
1649 2379 1674 2404 in
1689 2379 1821 2411 Scriptura
1835 2386 1908 2404 sacra
1923 2380 2057 2405 munimen
2071 2387 2148 2412 prae-

1184 2423 1320 2449 dicationis
1339 2424 1480 2455 accipitur,
1500 2424 1567 2449 sicut
1585 2424 1712 2455 scriptum
1732 2417 1864 2457 est'[Epn.
1883 2424 1914 2455 6,
1935 2423 2005 2458 16.];
2027 2424 2146 2451 Culceuti

1184 2467 1262 2502 pedes
1282 2467 1310 2494 iri
1325 2467 1539 2502 praeparatione
1558 2467 1701 2501 Evanqelii
1720 2467 1807 2502 pacis.
1826 2467 1877 2494 Csr.
1898 2468 2029 2501 Ambros.,
2049 2469 2093 2495 vu
2121 2470 2146 2495 in

1184 2514 1245 2539 Luc.
1260 2520 1282 2538 c.
1298 2514 1341 2539 15.
1362 2520 1389 2538 n.
1409 2513 1469 2545 231,
1489 2516 1514 2539 et
1532 2514 1652 2545 August,
1674 2514 1701 2539 ll.
1720 2514 1770 2546 Qq.
1789 2514 1952 2546 Evangelior.
1973 2521 2000 2547 q.
2020 2515 2062 2539 33.
2076 2522 2100 2540 n.
2121 2515 2148 2540 5.

1256 2555 1278 2571 ¹⁰
1298 2557 1365 2583 Vide
1385 2560 1473 2583 notam
1494 2557 1706 2589 praecedentem.
1725 2559 1843 2590 Gregor.,
1858 2559 1885 2584 ll.
1899 2558 1991 2584 llomil.
2006 2559 2032 2584 in
2046 2559 2146 2591 Ex‘ang.

1184 2602 1274 2627 homil.
1293 2602 1335 2627 22.
1355 2609 1380 2627 n.
1400 2602 1430 2627 9:
1445 2602 1514 2634 Quid
1527 2605 1587 2628 sunt
1600 2603 1668 2628 enim
1686 2602 1767 2636 pedes
1787 2603 1867 2629 nostri
1887 2603 1934 2628 nisi
1955 2604 2056 2635 opera?
2076 2604 2146 2636 Quid

1183 2653 1248 2672 vero
1276 2645 1456 2673 calceamenta
1483 2647 1532 2672 nisi
1555 2647 1635 2679 pelles
1656 2650 1822 2673 mortuorum
1845 2648 2017 2673 animalium?
2041 2647 2147 2673 Calcea-

1183 2694 1271 2717 menta
1284 2694 1372 2722 autem
1392 2691 1475 2723 pedes
1494 2692 1625 2717 muniunt.
1644 2692 1716 2724 Quae
1735 2699 1799 2717 vero
1819 2695 1879 2717 sunt
1893 2694 1994 2717 mortua
2014 2692 2146 2723 animalia,

1182 2743 1212 2762 ex
1225 2743 1341 2769 quorum
1361 2735 1474 2769 pellibus
1487 2736 1568 2762 n-ostri
1583 2736 1738 2762 muniuntur
1757 2736 1853 2769 pedes,
1866 2736 1916 2762 nisi
1930 2736 2028 2769 antiqui
2049 2737 2146 2767 Patres,

1182 2781 1230 2813 qui
1258 2788 1305 2806 nos
1331 2781 1364 2807 ad
1393 2784 1525 2806 aeternam
1555 2781 1667 2813 patriam
1693 2782 1909 2813 praecesserunt?
1938 2781 2058 2813 Quorum
2078 2781 2143 2807 dum

1182 2825 1301 2857 exempla
1313 2825 1499 2858 conspicimus,
1513 2825 1593 2851 nostri
1607 2826 1695 2858 operis
1708 2825 1791 2857 pedes
1801 2826 1943 2851 munimus.
1959 2825 2146 2852 Calceamenla

1182 2870 1263 2901 igitur
1282 2870 1307 2896 in
1335 2869 1444 2903 pedibus
1470 2869 1567 2896 habere
1591 2873 1631 2896 est
1656 2873 1820 2896 mortuo-rum
1847 2867 1929 2895 vitam
1949 2870 2100 2902 conspicere
2120 2874 2146 2896 et

1183 2917 1270 2940 nostra
1291 2914 1400 2946 vestigia
1425 2921 1438 2940 a
1465 2914 1566 2946 peccati
1594 2915 1702 2940 vulnere
1730 2914 1870 2940 custodire.
1889 2928 1924 2933 —
1945 2914 2070 2946 Superius
2096 2921 2145 2946 pro

1172 2958 1326 2992 ,desipuere
1344 2960 1363 2984 A
1375 2958 1393 2984 C
1405 2959 1423 2984 E
1434 2959 1455 2984 H
1475 2957 1621 2992 designari,
1641 2962 1666 2985 et
1679 2958 1791 2985 subinde
1809 2962 1869 2985 ante
1886 2960 1999 2992 patrum.
2019 2959 2078 2984 Yat.
2097 2966 2146 2991 po-

1182 3003 1221 3028 nit
1231 3002 1372 3039 priorum.

1255 3045 1275 3060 ¹¹
1297 3047 1371 3072 Vers.
1391 3046 1414 3072 5.
1435 3049 1460 3072 et
1488 3047 1549 3072 Luc.
1580 3047 1627 3078 10,
1657 3046 1687 3078 4,
1706 3054 1788 3079 quem
1811 3047 1920 3079 Gregor.
1948 3048 1975 3078 (1.
1996 3047 2093 3074 llomil.
2119 3047 2142 3072 in

1183 3092 1283 3123 Evang.
1302 3091 1393 3117 homil.
1417 3092 1454 3117 17.
1474 3099 1498 3116 n.
1519 3091 1555 3124 5.)
1569 3091 1604 3117 ita
1617 3091 1737 3123 exponit:
1758 3092 1827 3124 Quid
1840 3098 1903 3117 vero
1917 3099 1964 3124 per
1977 3099 2075 3125 peram
2095 3092 2144 3117 nisi

1182 3142 1261 3162 onera
1281 3135 1392 3167 saecum
1413 3138 1438 3161 et
1456 3135 1520 3168 quid
1539 3136 1589 3161 hoc
1608 3135 1665 3161 loco
1684 3142 1732 3167 per
1751 3135 1931 3162 calceamenw
1951 3136 2000 3161 nisi
2029 3139 2143 3161 mortuo-

1182 3188 1242 3208 rum
1262 3187 1374 3213 operum
1402 3180 1521 3212 exempla
1550 3180 1705 3211 signantur?
1724 3193 1760 3199 —
1779 3180 1906 3212 Superius
1931 3179 2043 3205 vocibus
2072 3179 2143 3212 Quia-

1182 3223 1326 3257 desiynare
1345 3224 1366 3249 H
1386 3223 1514 3249 interserit
1542 3222 1641 3254 elicim;
1662 3222 1719 3248 Vat.
1744 3223 1820 3254 legit:
1839 3222 1910 3249 sicut
1927 3221 1970 3248 hic
1989 3221 2052 3248 dicit
2072 3222 2142 3248 Beda

1182 3268 1210 3294 in
1231 3267 1337 3296 Glossa.
1358 3267 1427 3300 Quia
1449 3273 1511 3294 vero
1530 3266 1659 3293 dicuntur
1679 3266 1742 3293 dari
1760 3266 1786 3292 in
1803 3266 1892 3300 pedes,
1913 3265 2056 3300 desiynare
2075 3271 2124 3292 etc.

1254 3311 1276 3327 ¹²
1295 3312 1360 3344 Cap.
1380 3313 1422 3338 10.
1441 3319 1465 3338 n.
1486 3313 1510 3338 8.

1254 3355 1277 3371 ¹⁸
1296 3356 1347 3383 Cl'r.
1367 3363 1490 3388 supi-an.
1512 3356 1555 3381 33.

1254 3400 1276 3415 ¹⁴
1297 3401 1371 3427 Vers.
1392 3401 1416 3426 5.

2190 333 2317 358 Applicamr

2170 358 2196 379 ad
2209 359 2318 383 praediffi-

2171 387 2236 406 toret.

2181 1287 2212 1309 De
2228 1288 2294 1314 patris

2167 1315 2314 1336 misericordia

2167 1342 2275 1363 reficiente
2285 1342 2316 1362 sa-

2187 1369 2287 1389 melicum

2207 1395 2258 1416 duo.
