2427 3872
297 252 368 285 ‘848
586 292 652 319 TRA

304 344 394 366 contra
414 340 573 365 voluntatem
598 338 631 364 Vl
650 338 697 363 331
721 337 755 361 79
776 336 804 361 i·
822 349 858 355 —
878 336 942 360 Tra-

304 385 356 410 ctio
375 383 518 409 coactionis
535 381 670 408 exterioris
690 381 763 413 ponit
781 379 941 411 violentiam,

295 428 396 453 tractio
415 425 573 452 inductionis
588 425 696 451 minime
709 423 771 450 ibid.
787 437 822 443 -
838 422 941 448 Tractio

305 471 446 497 affectionis
456 473 495 496 est
505 470 636 495 meritoria
648 469 688 494 vel
700 467 867 494 demeritoria
880 466 941 493 ibid.

305 529 340 535 —
359 515 429 541 Deus
447 522 499 540 non
518 514 595 539 trahit
622 513 757 539 hominem
784 515 873 537 contra
895 517 943 536 vo-

306 559 430 585 luntatem
451 556 513 584 ibid.

358 616 394 622 -
412 603 493 628 Nemo
513 601 585 627 venit
602 601 636 626 ad
651 601 749 631 Deum,
763 600 813 625 nisi
826 600 943 625 trahatur

306 650 394 673 contra
415 646 604 672 inclinationem
623 648 732 671 naturae
750 646 891 676 corruptae
909 643 942 668 Vl

306 692 352 717 331
376 691 410 716 79
428 705 463 709 -—
483 691 557 715 Pater
576 697 624 715 nos
643 689 721 715 trahit
740 687 846 714 funibus
858 687 945 719 flagei-

305 735 390 761 lorum
400 742 417 767 ,·
427 734 543 767 pondere
562 733 749 759 beneficiorum
758 752 764 763 ,
777 732 879 758 occulta
893 731 945 756 vir-

307 782 360 805 tute
377 778 550 811 spiritualium
569 778 760 804 desideriorum
781 776 831 801 567
850 776 874 807 4,
889 775 914 806 5,
928 776 942 800 6

306 836 341 842 —
361 823 464 848 Tractio
489 822 569 848 Patris
588 821 736 847 remedium
756 823 795 846 est
814 821 944 846 humanae

307 867 521 899 impossibilitatis
540 865 574 892 ib.
594 867 610 891 3

358 911 544 936 Tamsansssio
563 924 598 928 —-
617 908 785 941 perfectionis
812 908 944 939 evangeii-

305 962 352 981 cae
371 957 456 987 potest
475 961 532 979 esse
556 954 631 985 plena
660 953 702 978 vel
730 952 873 984 semiplena
901 951 943 977 Vll

307 999 357 1024 ’185
377 999 411 1024 72

360 1042 488 1068 Τ11Λ1151111)
507 1056 540 1060 -
560 1048 608 1067 suo
636 1041 721 1075 spatio
749 1040 879 1072 signifieat
903 1041 944 1066 vel

305 1087 500 1118 corruptionem
514 1085 660 1112 secundum
672 1088 751 1110 totam
763 1083 943 1116 substantiam,

305 1130 346 1156 vel
365 1130 560 1162 corruptionem
590 1129 629 1154 sui
659 1128 803 1154 secundum
827 1131 943 1161 partem,

304 1175 346 1199 vel
366 1174 608 1200 transmutationem
637 1179 651 1198 a
680 1176 747 1198 statu
770 1172 944 1204 corruptibili-

305 1218 364 1244 tatis
383 1218 417 1243 ad
436 1221 532 1243 statum
552 1218 631 1243 alium
651 1217 685 1242 Vl
705 1217 737 1242 29
757 1224 783 1250 q.
803 1218 819 1242 2

360 1262 529 1287 Τ111Νςιτο11111
557 1275 593 1281 -
622 1262 668 1287 Per
695 1260 763 1286 bona
793 1262 943 1294 temporalia

307 1305 496 1331 transeundum
517 1305 560 1330 vu
580 1305 626 1330 201
654 1304 685 1330 43
714 1319 747 1323 —-
773 1305 799 1330 ln
828 1306 943 1331 transito-

305 1350 350 1375 riis
369 1357 421 1375 non
450 1353 489 1375 est
517 1349 705 1375 confidendum
734 1349 785 1374 523
813 1349 844 1374 10
863 1351 942 1375 —ln

306 1393 460 1428 transitoriis
479 1400 531 1418 non
550 1396 589 1419 est
608 1392 765 1418 morandum
785 1393 836 1418 537
856 1394 888 1419 53
908 1407 943 1413 -

306 1438 355 1470 Qui
375 1437 530 1463 transitoriis
549 1437 673 1463 adhaeret
685 1437 775 1463 transit
792 1443 806 1462 a
826 1437 903 1469 culpa
917 1437 943 1463 in

306 1481 425 1513 culpam,
446 1488 459 1506 a
480 1482 556 1513 culpa
586 1481 610 1506 in
639 1487 752 1513 poenam
780 1484 806 1507 et
824 1488 838 1506 a
857 1488 942 1513 poena

305 1525 331 1551 in
350 1532 463 1557 poenam
494 1525 545 1550 538
575 1525 608 1551 54
633 1539 668 1544 -—
687 1525 737 1558 Qui
757 1532 771 1550 a
790 1526 943 1552 transitoriis

305 1570 396 1595 transit
423 1570 483 1595 facit
508 1570 644 1595 transitum
672 1577 687 1595 a
707 1570 783 1601 culpa
804 1570 836 1595 ad
856 1570 944 1602 poeni-

306 1614 420 1645 tentiam,
450 1621 464 1638 a
487 1613 643 1645 poenitentia
673 1613 706 1639 ad
734 1614 903 1646 sapientiam,
929 1621 943 1639 a

306 1657 432 1689 sapientia
452 1657 484 1683 ad
505 1657 586 1683 vitam
606 1660 738 1682 aeternam
759 1656 819 1683 ibid.

361 1701 503 1727 Tnmsnus
521 1715 555 1720 —
574 1701 747 1733 Distinguitur
766 1701 888 1727 transitus
907 1702 945 1727 in-

306 1745 473 1777 cipientium,
501 1745 710 1777 proficientium,
734 1746 943 1776 pervenientium

306 1789 339 1814 Vi
359 1789 410 1814 597
430 1790 445 1814 2
464 1802 500 1808 -
519 1788 696 1821 incipientium
725 1792 764 1814 est
789 1796 802 1813 a
824 1789 893 1815 vitiis
911 1790 944 1815 ad

306 1833 427 1864 virtutes,
447 1833 570 1858 transitus
589 1832 781 1864 proficientium
801 1836 840 1859 est
857 1840 871 1858 a
891 1834 944 1859 vita

304 1876 389 1902 activa
408 1877 443 1902 ad
464 1876 711 1908 contemplativam,
739 1877 861 1903 transitus
888 1885 945 1909 per·

304 1920 464 1946 venientium
485 1923 524 1946 est
542 1927 556 1946 a
582 1920 686 1946 miseria
707 1920 732 1945 in
752 1921 861 1952 gloriam
882 1920 942 1948 ibid.

358 1978 393 1983 —-
402 1964 502 1990 mundo
514 1964 679 1990 adhaerentis
689 1967 728 1989 est
738 1964 828 1996 triplex
840 1965 881 1990 Vll
892 1965 943 1991 538

304 2007 338 2033 54
358 2022 392 2026 —
412 2015 426 2033 a
440 2008 540 2034 mundo
554 2008 712 2034 transeuntis
725 2011 764 2034 est
777 2009 868 2041 triplex
882 2008 944 2035 ibid.

357 2066 392 2071 —
411 2055 450 2078 est
469 2053 566 2084 pascha
585 2052 628 2078 Vll
649 2052 700 2078 538
721 2051 754 2078 54
774 2066 808 2071 ——-
822 2053 871 2085 Qui
885 2054 945 2080 facit

304 2097 441 2122 transitum
460 2096 589 2129 triplicem
608 2103 623 2122 a
643 2096 742 2122 mundo
765 2103 858 2123 verum
878 2098 945 2124 cele-

306 2139 364 2166 brat
383 2142 480 2172 pascha
499 2139 562 2167 ibid.

356 2199 392 2205 —
411 2185 503 2211 mortis
516 2191 564 2217 per
576 2185 713 2211 transitum
734 2186 814 2212 maris
826 2186 900 2213 rubri
913 2187 944 2213 si-

305 2229 442 2261 gnificatur
467 2229 501 2254 Vl
527 2229 578 2255 425
598 2230 614 2255 2
633 2244 668 2248 -
687 2230 715 2256 fit
733 2230 760 2256 in
780 2234 864 2257 morte
882 2234 945 2258 tem·

304 2273 386 2305 poraii
406 2274 452 2299 311
478 2273 511 2299 48

358 2318 518 2345 ΤηΑΝειΛτιο
537 2332 573 2337 -
592 2319 635 2344 Est
662 2320 795 2345 translat10
814 2320 848 2346 de
866 2321 942 2353 culpa

304 2361 331 2387 in
350 2362 476 2395 gratiam,
504 2363 538 2388 de
561 2363 642 2394 gratia
662 2363 814 2395 imperfecta
834 2364 867 2390 ad
887 2372 943 2397 per-

306 2406 413 2436 fectam,
431 2406 465 2432 de
485 2406 567 2439 gratia
588 2408 703 2438 perfecta
726 2407 759 2434 ad
780 2409 890 2440 gloriam
911 2409 942 2435 Vl

305 2449 355 2474 134
376 2457 401 2475 v.
424 2451 454 2476 10

358 2494 564 2521 ΤηΛΝεΜιοιυτιο
594 2510 627 2514 --
656 2495 736 2522 dehet
763 2504 821 2523 esse
840 2497 864 2523 in
884 2504 943 2523 con-

306 2538 471 2569 templatione
490 2539 533 2564 Vll
554 2538 605 2565 434
626 2540 658 2565 23

360 2581 512 2608 Tamen-res
531 2596 566 2602 —·
586 2583 655 2609 solos
678 2584 784 2616 respicit
810 2585 881 2611 Deus
900 2586 942 2612 Vll

306 2624 357 2649 212
377 2624 410 2650 84

359 2668 510 2695 Tauium-rio
527 2683 563 2689 —
582 2674 621 2696 est
640 2672 754 2702 malum,
779 2672 852 2705 quod
871 2680 944 2699 mere

307 2714 375 2737 tenet
393 2712 518 2738 rationem
543 2721 645 2746 poenae
673 2715 716 2741 Vll
745 2716 796 2741 279
817 2717 832 2741 8
851 2730 887 2736 —
906 2720 944 2743 est

306 2755 411 2781 tentatio
435 2757 485 2782 282
510 2757 542 2782 17
562 2772 596 2776 —
615 2757 823 2785 Tribulationum
853 2760 944 2786 amari-

306 2798 410 2824 tudines
429 2799 608 2832 significantur
627 2809 674 2834 per
693 2810 766 2828 mare
785 2803 818 2829 Vl
839 2804 890 2830 323
909 2804 943 2830 32

305 2856 341 2861 -
361 2843 496 2869 infirmitas
522 2844 695 2872 tribulationis
714 2850 836 2873 causatur
854 2847 889 2873 ab
909 2847 944 2874 in-

307 2886 407 2917 feriori,
427 2887 525 2912 scilicet
543 2888 577 2913 ab
591 2889 742 2922 intemperie
756 2891 847 2917 mundi
862 2891 913 2917 586
927 2893 942 2918 2

358 2945 391 2949 —-
403 2931 510 2962 Propter
522 2931 711 2959 tribulationem
723 2935 854 2961 hominem
865 2943 946 2968 saepe

307 2975 392 3001 taedet
412 2975 481 3000 vitae
503 2975 533 2999 Vl
554 2976 587 3001 25
607 2983 632 3001 v.
655 2977 685 3002 17
704 2991 739 2997 ——
757 2979 851 3005 Levior
868 2980 944 3007 efilci-

306 3021 347 3044 tur
366 3026 551 3052 quaecumque
579 3019 710 3046 tribulatio
722 3042 728 3053 ‚
754 3029 815 3048 cum
834 3031 848 3049 a
867 3024 944 3056 pluri-

306 3062 357 3089 bus
383 3066 554 3096 supportatur
583 3064 634 3089 610
654 3064 670 3089 6
689 3078 724 3085 -
743 3066 839 3092 Totum
860 3074 946 3099 genus

306 3108 450 3133 humanum
471 3107 495 3133 in
516 3114 594 3134 cruce
622 3107 796 3135 tribulationis
820 3113 846 3136 et
871 3111 945 3138 mise-

306 3151 359 3177 riae
378 3152 523 3184 praesentis
542 3156 581 3178 est
598 3153 704 3178 afilxum
724 3153 767 3178 Vll
787 3153 838 3179 575
858 3155 890 3180 38
912 3169 945 3175 -

307 3195 355 3221 Per
374 3202 417 3221 sex
437 3199 534 3222 aetates
562 3195 642 3222 debet
666 3198 746 3222 homo
766 3196 897 3230 tribulari,
917 3203 946 3225 ut

306 3239 332 3264 in
352 3243 435 3265 morte
454 3240 570 3266 inveniat
589 3241 704 3273 quietem
724 3241 776 3267 585
797 3241 830 3267 67

358 3297 392 3302 -
406 3287 445 3309 est
455 3284 559 3315 signum
576 3285 658 3310 divini
672 3285 769 3311 amoris
780 3285 812 3311 Vi
823 3285 857 3311 70
871 3294 898 3320 q.
910 3301 945 3306 —

306 3325 331 3351 in
344 3326 494 3353 hominibus
514 3328 635 3359 producit
656 3331 768 3355 fructum
789 3329 886 3356 bonum
903 3330 944 3356 Vll

304 3369 357 3395 537
371 3370 404 3396 50
422 3384 458 3390 -
473 3371 599 3398 Munditie
618 3373 759 3405 spiritualis
771 3378 947 3407 recuperatur

1113 271 1115 273 v
1167 245 1281 278 lNDEX
1306 245 1434 278 RERUM

977 340 1027 366 vper
1039 334 1173 359 flammam
1188 333 1363 359 tribulationis
1376 333 1408 359 Vl
1423 333 1474 359 600
1489 333 1504 359 4
1519 347 1552 352 -
1572 333 1620 359 Per

979 378 1150 409 temporalem
1164 377 1356 403 tribulationem
1371 382 1500 409 purgatur
1520 378 1620 409 palmes

981 422 1122 454 spiritualis
1141 422 1193 447 604
1213 422 1228 447 2
1247 435 1282 440 -—
1303 422 1329 447 ln
1349 415 1561 447 tribulationibus
1574 421 1620 446 cri-

980 465 1089 491 brantur
1108 468 1133 491 et
1146 468 1292 497 purgantur
1305 465 1353 491 viri
1367 466 1449 491 sancti
1463 465 1506 491 Vll
1520 465 1572 491 552
1587 464 1619 491 42

1033 523 1067 528 -
1087 509 1157 535 Deus
1175 508 1269 541 probat
1283 509 1365 535 iustos
1376 516 1407 535 ex
1420 512 1495 541 parte
1507 509 1620 540 animae,

979 559 1025 578 eos
1044 560 1091 585 per
1120 552 1208 585 ignem
1237 552 1435 578 tribulationum
1465 552 1620 585 purgando,

979 597 1026 622 sed
1045 603 1096 622 non
1116 597 1297 623 consumendo
1311 597 1343 622 vt
1365 597 1416 622 127
1436 604 1462 622 ν.
1483 597 1498 622 6
1517 610 1553 616 -
1572 597 1620 622 Per

981 640 1160 667 tribulationes
1169 643 1320 673 praesentes
1331 642 1411 666 homo
1419 640 1547 673 probatur
1554 641 1621 666 sicut

980 685 1007 710 in
1025 685 1128 710 camino
1148 684 1335 710 humiliationis
1354 683 1416 711 ibid.

1033 741 1069 748 —
1088 729 1115 754 ln
1134 728 1299 755 tribulatione
1327 735 1391 761 pera
1415 731 1441 754 et
1460 728 1565 760 gladius
1583 735 1621 754 as-

981 773 1109 798 sumenda
1136 776 1196 799 sunt
1224 773 1267 798 Vll
1291 772 1342 799 554
1363 772 1396 798 48
1416 786 1451 792 —
1470 773 1497 798 ln
1515 772 1621 798 tribula-

982 817 1050 843 tione
1070 824 1117 849 per
1135 817 1281 843 orationem
1295 820 1333 843 est
1346 817 1507 849 pulsandum
1521 816 1573 842 284
1587 817 1620 843 23

1033 876 1068 880 -
1088 862 1113 887 111
1133 861 1344 887 tribulationibus
1357 868 1408 887 non
1422 864 1462 887 est
1480 862 1621 893 desperan-

981 906 1046 931 dum
1066 906 1098 931 Vl
1118 905 1170 931 465
1190 905 1223 931 47
1242 919 1278 925 —
1297 907 1323 931 ln
1343 904 1510 931 tribulatione
1537 905 1622 931 consi-

981 949 1081 976 deratio
1099 950 1158 975 finis
1177 950 1277 975 animat
1298 950 1432 976 hominem
1452 949 1494 975 vn
1515 949 1567 976 555
1588 949 1620 975 49

980 1007 1016 1013 -
1034 995 1061 1020 111
1082 997 1201 1026 tempore
1220 994 1394 1020 tribulationis
1413 1000 1544 1020 memores
1563 1001 1621 1020 esse

981 1038 1110 1064 debemus
1129 1039 1285 1071 praeteritae
1303 1039 1399 1072 quietis
1419 1038 1472 1064 554
1492 1038 1525 1064 47

1034 1096 1070 1102 -
1096 1085 1177 1115 auget
1203 1082 1364 1108 desiderium
1393 1082 1552 1108 aeternitatis
1577 1083 1620 1108 Vll

983 1126 1032 1152 438
1052 1127 1086 1152 38
1105 1141 1140 1146 —
1160 1127 1228 1159 parit
1255 1126 1416 1153 desiderium
1445 1126 1496 1152 diei
1522 1126 1621 1158 gloriae

980 1170 1041 1197 ibid.
1062 1185 1096 1189 ——
1115 1171 1163 1197 Per
1191 1170 1372 1197 tribulationes
1396 1170 1501 1196 venitur
1524 1170 1558 1196 ad
1577 1177 1620 1203 pa-

980 1222 1037 1241 cem
1057 1215 1090 1241 Vl
1106 1215 1157 1241 465
1171 1215 1204 1241 47
1217 1229 1253 1235 -
1265 1216 1286 1241 Α
1304 1214 1472 1241 tribulatione
1490 1217 1530 1240 est
1542 1218 1621 1240 trans-

980 1259 1031 1285 itus
1051 1259 1084 1285 ad
1104 1260 1308 1285 consolationem
1329 1259 1371 1285 Vll
1392 1259 1443 1284 423
1463 1259 1479 1284 5

1033 1317 1068 1323 -
1087 1303 1200 1329 cessabit
1229 1304 1253 1329 in
1279 1310 1362 1335 regno
1388 1303 1432 1328 Dei
1454 1304 1496 1329 Vll
1515 1304 1566 1329 537
1586 1303 1615 1329 51

980 1361 1015 1365 —-
1034 1348 1081 1373 Per
1101 1347 1280 1374 tribulationes
1308 1350 1487 1380 opportunum
1516 1351 1555 1373 est
1583 1348 1621 1373 in-

980 1394 1048 1417 trare
1076 1392 1103 1417 in
1131 1393 1233 1418 caelum
1263 1393 1314 1418 350
1345 1392 1377 1417 49
1403 1406 1436 1410 -
1456 1392 1620 1424 Participatio

980 1435 1148 1462 beatitudinis
1177 1437 1222 1462 Dei
1246 1436 1391 1469 acquiritur
1410 1436 1621 1462 tribulationibus

981 1480 1014 1506 Vi
1034 1481 1085 1506 127
1109 1488 1137 1506 v.
1161 1480 1177 1506 5
1196 1495 1231 1500 -
1251 1480 1302 1513 Qui
1320 1483 1359 1506 est
1378 1480 1509 1512 particeps
1528 1481 1553 1506 in
1579 1481 1621 1506 tri-

981 1523 1113 1550 bulatione
1130 1524 1210 1551 debet
1237 1532 1295 1551 esse
1322 1525 1455 1557 particeps
1475 1524 1501 1550 in
1521 1526 1621 1551 honore

981 1569 1023 1594 Vll
1044 1569 1090 1594 551
1115 1569 1148 1595 40
1162 1583 1197 1588 -
1210 1570 1245 1595 Ex
1258 1568 1424 1595 tribulatione
1443 1569 1620 1595 mundusisto

981 1613 1066 1644 magis
1085 1613 1242 1645 despicitur,
1262 1620 1324 1645 spes
1342 1616 1510 1639 aeternorum
1531 1614 1621 1639 fortior

981 1651 1141 1689 concipitur,
1170 1658 1238 1689 ignis
1259 1657 1358 1683 amoris
1377 1657 1560 1683 vehementius
1585 1658 1620 1683 in·

980 1701 1129 1727 flammatur
1149 1702 1200 1727 438
1220 1702 1253 1727 39

1033 1760 1067 1764 -
1087 1746 1215 1772 Dominus
1234 1753 1307 1772 mare
1326 1747 1420 1778 calcat,
1442 1746 1551 1779 quando
1576 1746 1620 1772 tri-

981 1788 1140 1815 bulationem
1151 1791 1317 1823 suppeditat;
1327 1798 1401 1816 mare
1410 1791 1504 1823 placat,
1513 1791 1620 1823 quando

981 1833 1173 1860 tribulationem
1188 1835 1288 1867 mitigat
1296 1844 1303 1866 5
1317 1841 1389 1860 mare
1402 1834 1501 1867 transit,
1514 1835 1620 1867 quando

981 1877 1112 1903 tribulatio
1140 1882 1224 1905 cessat
1253 1879 1285 1904 Vl
1311 1879 1362 1905 569
1382 1886 1409 1904 v.
1429 1879 1462 1904 19
1481 1893 1516 1897 --
1536 1879 1622 1905 Domi-

981 1929 1030 1947 nus
1060 1922 1130 1955 facit,
1159 1926 1188 1949 ut
1214 1923 1248 1949 sit
1275 1923 1408 1949 tribulatio
1436 1922 1527 1948 brevis
1546 1923 1621 1949 dura-

981 1966 1062 1999 tione,
1090 1966 1155 1992 levis
1183 1967 1333 2000 afflictione,
1361 1968 1432 1993 nulla
1457 1967 1622 2000 reputatione

981 2008 1043 2036 ibid.

1033 2055 1114 2081 —ln
1134 2055 1204 2081 finali
1232 2055 1397 2082 tribulatione
1424 2063 1517 2082 omnes
1543 2055 1622 2081 tribu-

980 2097 1104 2125 labuntur
1122 2099 1166 2125 Vll
1186 2099 1237 2126 527
1258 2100 1291 2125 19
1310 2115 1346 2119 -
1363 2101 1429 2127 Ante
1443 2100 1546 2126 finalem
1561 2107 1621 2132 per-

981 2143 1143 2169 secutionem
1163 2144 1212 2170 erit
1230 2145 1379 2176 persecutio
1399 2144 1542 2177 impiorum
1562 2151 1621 2170 con-

981 2189 1018 2213 tra
1038 2187 1110 2213 viros
1128 2189 1257 2220 perfectos
1275 2188 1337 2215 ibid.
1356 2204 1392 2208 -—
1412 2189 1438 2214 ln
1459 2189 1529 2215 flnali
1543 2188 1622 2214 tribu-

980 2231 1074 2258 latione
1092 2232 1141 2258 erit
1159 2233 1328 2259 multiformis
1347 2232 1461 2259 turbatio
1474 2233 1526 2258 526
1541 2232 1574 2258 17
1587 2247 1622 2251 -

981 2277 1007 2302 ln
1027 2276 1094 2302 finali
1123 2276 1290 2303 tribulatione
1318 2278 1367 2303 erit
1389 2276 1552 2310 perturbatio
1578 2278 1623 2302 ho·

980 2320 1081 2346 minum
1100 2323 1126 2346 et
1152 2321 1342 2347 elementorum
1370 2320 1433 2347 ibid.
1452 2335 1487 2339 —
1506 2321 1533 2346 lu
1553 2320 1622 2346 finali

980 2363 1146 2390 tribulatione
1164 2365 1214 2391 erit
1231 2366 1327 2392 caedes
1345 2365 1508 2397 permaxima
1522 2364 1574 2390 532
1588 2365 1621 2390 38

979 2421 1016 2428 -
1034 2409 1060 2434 111
1080 2409 1147 2434 finali
1169 2408 1334 2435 tribulatione
1351 2416 1402 2435 non
1417 2408 1496 2435 debet
1509 2415 1567 2434 esse
1579 2408 1622 2434 de-

980 2453 1062 2478 fectus
1080 2453 1222 2485 spiritualis
1240 2456 1389 2479 armaturae
1409 2453 1461 2478 555
1482 2452 1514 2478 49

1033 2497 1161 2523 Τ11111υΝΛ1,
1170 2512 1205 2516 -
1215 2501 1255 2523 est
1263 2497 1337 2523 locus
1346 2497 1464 2523 iudicum
1479 2497 1511 2523 Vl
1526 2496 1576 2523 492
1589 2497 1621 2523 14

1035 2541 1163 2567 Tamum-us
1179 2555 1215 2561 —
1234 2542 1329 2567 dicitur
1356 2541 1402 2574 qui
1431 2544 1535 2573 praeest
1553 2541 1622 2567 mille

981 2584 1022 2610 Vll
1044 2585 1094 2610 166
1115 2586 1131 2611 3
1150 2599 1186 2605 -
1205 2588 1326 2617 praeerat
1343 2585 1445 2611 cohorti
1465 2585 1497 2610 Vl
1518 2585 1568 2611 480
1588 2586 1621 2611 20

1035 2629 1169 2655 Tanau-rua
1196 2643 1232 2649 —
1260 2629 1300 2655 Ad
1329 2628 1424 2655 tributa
1452 2629 1542 2655 debite
1573 2630 1622 2656 exi-

981 2672 1068 2704 genda
1088 2673 1135 2698 tria
1154 2673 1325 2706 requiruntur
1345 2673 1388 2698 Vll
1408 2672 1442 2698 76
1463 2673 1496 2698 30

1034 2716 1156 2742 Tium-ris
1186 2730 1221 2736 —-
1251 2716 1360 2742 omnino
1391 2719 1431 2742 est
1459 2716 1570 2743 indivisa
1597 2718 1621 2744 in

981 2759 1125 2786 substantia
1145 2764 1171 2786 et
1190 2760 1344 2792 operatione
1364 2760 1395 2786 Vt
1416 2761 1467 2786 310
1488 2761 1521 2787 45
1535 2768 1591 2794 arg.
1606 2764 1621 2788 2

981 2818 1015 2821 -
1035 2804 1185 2835 Mysterium
1207 2803 1339 2829 Trinitatis
1363 2803 1388 2829 in
1416 2804 1480 2830 trina
1509 2806 1623 2832 nominis

983 2847 1027 2873 Dei
1048 2847 1183 2873 iteratione
1201 2847 1331 2873 clauditur
1351 2847 1394 2873 Vll
1414 2847 1466 2874 515
1486 2848 1520 2874 44

1035 2892 1162 2917 Tmsrrm
1191 2905 1227 2911 —
1254 2898 1285 2918 ex
1314 2895 1387 2923 parte
1406 2892 1515 2924 originis
1534 2897 1620 2920 ortum

982 2935 1061 2961 babet
1079 2943 1109 2962 ex
1129 2936 1267 2961 dilectione
1295 2935 1327 2961 Vi
1353 2935 1403 2961 463
1423 2936 1456 2962 36
1477 2950 1511 2957 -—
1531 2938 1621 2970 triplex

982 2982 1037 3005 est:
1058 2979 1155 3005 tristitia
1176 2979 1358 3011 malignitatis,
1377 2982 1403 3005 et
1421 2981 1485 3006 haee
1503 2982 1622 3008 estdete-

982 3024 1090 3055 standa3
1113 3023 1212 3050 tristitia
1239 3023 1410 3055 infirmitatis,
1438 3027 1463 3051 et
1491 3026 1556 3052 haec
1583 3029 1623 3052 est

983 3068 1159 3101 moderanda;
1179 3067 1278 3094 tristitia
1299 3068 1424 3099 caritatis,
1450 3072 1475 3095 ct
1500 3070 1564 3096 haec
1583 3074 1622 3096 est

982 3112 1162 3144 amplectenda
1183 3112 1234 3138 608
1255 3112 1270 3137 2

1036 3169 1071 3175 -
1089 3156 1138 3181 Per
1157 3155 1286 3182 tristitiam
1313 3156 1401 3182 vultus
1420 3157 1559 3189 corrigitur
1578 3157 1621 3184 de·

982 3199 1104 3233 linquens
1124 3200 1155 3226 Vl
1176 3199 1210 3225 55
1229 3206 1254 3225 v.
1276 3199 1290 3225 4

1034 3257 1070 3263 -
1104 3244 1250 3270 inordinate
1279 3243 1393 3270 tristatur
1427 3245 1474 3278 qui
1507 3246 1621 3272 tristatur

983 3288 1052 3314 unde
1071 3288 1241 3320 gaudendum
1270 3291 1309 3313 est
1338 3288 1370 3313 Vl
1400 3288 1450 3314 463
1475 3289 1509 3314 36
1528 3296 1584 3322 arg.
1605 3291 1620 3316 3

982 3345 1017 3351 -
1036 3332 1128 3358 Modus
1155 3331 1293 3358 habendus
1311 3335 1351 3357 est
1369 3332 1394 3358 in
1413 3332 1512 3359 tristitia
1533 3332 1567 3360 ib.
1587 3334 1619 3359 36

981 3388 1016 3394 -
1035 3374 1115 3413 debet
1134 3375 1274 3408 temperari
1294 3375 1391 3408 gaudio
1410 3375 1471 3403 ibid.

1947 289 2013 315 TUR

1711 333 1823 369 ——Jpsa
1841 333 1966 365 impletur
1984 333 2029 366 qui
2053 340 2104 359 non
2125 333 2204 359 habet
2222 341 2297 366 spem

1658 377 1690 403 Vt
1711 377 1762 402 458
1783 378 1816 403 12
1835 392 1870 396 —
1890 377 1988 403 Deiecti
2017 377 2042 403 in
2062 378 2203 403 maximam
2223 378 2298 404 tristi-

1657 421 1720 446 tiam
1745 421 1845 447 cadunt
1863 428 1878 446 a
1897 428 1945 453 spe
1973 421 2016 448 Vll
2042 421 2094 447 594
2124 421 2157 447 27
2176 435 2211 441 -
2231 422 2298 447 mala

1660 465 1720 491 facit
1738 465 1850 497 perdere
1870 465 1995 491 fiduciam
2008 464 2070 492 ibid.
2085 479 2119 484 —
2133 466 2200 491 mala
2213 467 2298 492 aufert

1658 509 1846 541 pinguedinem
1866 508 1982 535 internae
2000 509 2163 540 devotionis,
2177 510 2297 542 vigorem

1657 552 1742 579 bonae
1761 553 1934 585 operationis,
1953 560 2028 585 spem
2047 556 2170 580 aeternae
2188 553 2297 579 retribu-

1657 597 1735 623 tionis
1763 597 1797 622 vt
1826 597 1876 622 607
1903 596 1918 622 4
1938 610 1974 617 -
1992 597 2060 623 mala
2085 597 2246 623 convertitur
2271 597 2297 623 in

1658 641 1784 667 maiorem
1803 640 1933 667 tristitiam
1953 641 2003 667 463
2023 641 2057 667 36
2077 648 2133 673 arg.
2154 642 2170 667 2

1710 699 1746 704 -
1763 685 1860 711 saeculi
1879 688 1918 711 est
1936 685 2003 711 maia
2022 685 2066 711 Vll
2086 685 2136 711 463
2158 685 2191 711 42
2204 698 2238 705 —-
2251 682 2302 718 qui'

1658 730 1725 755 hanc
1743 729 1800 754 vult
1818 729 1918 761 fugere,
1936 732 2054 761 oportet,
2081 736 2143 755 eum
2163 729 2239 755 odire
2256 736 2299 755 cu-

1658 773 1794 804 piditatem
1822 773 1974 799 divitiarum
1994 772 2056 799 ibid.
2075 787 2110 793 -—
2128 780 2198 806 quae
2216 773 2298 799 oritur

1658 824 1689 842 ex
1719 817 1858 843 dilectione
1888 818 2054 850 voluptuosa,
2078 821 2117 844 est
2147 817 2298 850 culpabilis;

1658 868 1727 894 quae
1745 861 1828 887 oritur
1855 868 1887 887 ex
1914 862 2053 888 dilectione
2075 862 2186 888 naturali
2205 865 2231 888 et
2254 868 2297 888 so-

1659 905 1725 936 ciali,
1744 908 1783 931 est
1801 904 2003 938 supportabiiis;
2022 912 2092 939 quae
2110 905 2192 932 oritur
2211 913 2241 932 ex
2261 906 2298 932 di-

1658 949 1768 976 lectione
1786 950 1923 982 spirituali‚
1942 953 1982 976 est
1999 949 2137 976 laudabilis
2151 950 2182 976 vt
2199 950 2248 976 463
2262 950 2295 976 36

1711 1007 1747 1012 --
1765 994 1895 1020 malorum
1914 997 1953 1020 est
1966 994 2069 1026 triplex:
2084 994 2184 1020 tristitia
2196 994 2298 1027 culpae,

1658 1038 1759 1064 tristitia
1778 1039 1916 1071 sequelae,
1936 1038 2037 1064 tristitia
2061 1038 2238 1064 damnationis
2257 1045 2297 1064 ae-

1658 1086 1747 1108 ternae
1765 1083 1798 1109 Vl
1819 1083 1871 1109 607
1891 1083 1907 1108 3
1925 1095 1962 1101 -
1979 1082 2157 1108 damnationis
2176 1085 2298 1108 aeternae

1658 1130 1697 1153 est
1716 1127 1855 1159 fugienda,
1869 1127 1929 1160 quia
1944 1126 2053 1158 dissipat
2065 1126 2204 1152 consilium
2220 1126 2299 1152 ratio-

1658 1171 1706 1202 nis,
1719 1172 1819 1197 cruciat
1830 1172 1952 1197 affectum
1972 1170 2127 1202 voluntatis,
2140 1173 2249 1196 enervat
2262 1170 2299 1196 vi-

1658 1222 1749 1247 gorem
1760 1216 1863 1242 virtutis
1874 1214 1936 1242 ibid.
1947 1215 2120 1241 —iustorum
2135 1214 2227 1247 triplex
2236 1213 2270 1241 ib.
2282 1215 2292 1239 1

1710 1273 1746 1279 -
1771 1259 1913 1292 spiritualis
1940 1266 2046 1292 semper
2070 1258 2150 1284 habet
2173 1258 2241 1284 intra
2268 1265 2297 1284 se

1657 1303 1799 1330 admixtam
1819 1304 1957 1330 veritatem
1970 1302 2154 1330 consolationis
2166 1302 2200 1327 Vl
2215 1302 2266 1327 607
2280 1303 2296 1327 2

1658 1362 1691 1366 -
1710 1348 1852 1380 spiritualis
1871 1348 1957 1380 magis
1981 1348 2088 1380 proprie
2106 1346 2201 1373 dicitur
2219 1345 2294 1379 quasi

1658 1392 1756 1418 tristitia
1781 1400 1862 1426 quam
1890 1392 1990 1418 tristitia
2016 1391 2079 1418 ibid.
2105 1406 2138 1410 —-
2165 1390 2296 1417 bonorem

1658 1436 1747 1462 brevis
1767 1437 1817 1463 462
1837 1438 1880 1469 32,
1900 1438 1933 1463 33

1711 1494 1746 1500 -
1765 1482 1937 1514 praeferenda
1961 1484 2001 1507 est
2025 1479 2180 1507 iucunditati
2205 1479 2238 1505 Vl
2263 1479 2298 1505 55

1658 1532 1684 1550 v.
1705 1525 1720 1550 4
1738 1539 1775 1545 -
1793 1526 1930 1558 Sapientes
1954 1525 2093 1559 requirunt
2121 1524 2249 1550 tristitiam
2269 1524 2295 1549 in

1658 1570 1787 1601 praesenti
1806 1569 1839 1596 ib.
1860 1577 1886 1596 v.
1905 1570 1922 1596 5
1935 1584 1970 1589 —
1983 1569 2082 1595 Tristes
2101 1569 2128 1595 in
2147 1568 2200 1594 vita
2220 1574 2298 1601 prae·

1657 1614 1723 1639 senti
1742 1614 1897 1646 gaudebunt
1916 1614 1942 1639 in
1960 1614 2013 1640 vita
2033 1614 2112 1639 altera
2126 1612 2188 1639 ibid.

1709 1671 1744 1677 —-
1763 1658 1870 1684 Tristari
1889 1658 1916 1684 in
1935 1657 2066 1690 praesenti
2092 1657 2177 1689 magis
2195 1659 2299 1689 oportet

1656 1709 1736 1735 quam
1756 1702 1872 1734 gaudere
1892 1702 1924 1728 Vl
1945 1702 1978 1727 56
1997 1709 2023 1735 q.
2044 1702 2060 1727 2
2079 1702 2153 1727 —ln
2167 1700 2299 1732 praesenti

1657 1746 1720 1772 boni
1739 1747 1885 1779 tristantur,
1898 1749 1927 1772 ut
1945 1749 2036 1778 postea
2050 1745 2183 1777 gaudeant
2196 1744 2247 1770 462
2263 1744 2292 1770 31

1659 1804 1689 1809 -
1711 1789 1779 1816 bona
1804 1790 1965 1816 convertitur
1989 1790 2015 1815 in
2043 1789 2172 1821 gaudium
2194 1788 2243 1814 463
2263 1788 2297 1813 36

1658 1841 1713 1866 arg.
1733 1835 1748 1860 2
1767 1849 1802 1854 -
1821 1834 1952 1860 bonorum
1977 1833 2087 1860 vertitur
2112 1833 2137 1859 in
2168 1833 2297 1865 gaudium

1658 1881 1683 1904 et
1701 1882 1741 1904 est
1758 1879 1925 1911 sustinenda,
1944 1878 2044 1904 tristitia
2070 1878 2199 1904 malorum
2219 1877 2298 1904 conti-

1658 1926 1752 1948 nuatur
1771 1923 1796 1948 in
1824 1924 1923 1950 luctum
1952 1926 1978 1949 et
2005 1925 2044 1949 est
2068 1922 2191 1955 fugienda
2211 1921 2262 1947 607
2283 1922 2292 1947 1

1658 1980 1693 1986 -
1711 1967 1853 1998 spiritualis
1872 1967 2000 1993 iustorum
2019 1967 2187 1993 desolationis
2206 1969 2245 1992 est
2263 1969 2300 1992 to-

1659 2010 1777 2043 leranda,
1796 2011 1857 2043 quia
1877 2014 1916 2037 est
1943 2011 2045 2043 brevis,
2070 2011 2150 2042 levis,
2180 2011 2249 2037 utilis
2273 2013 2299 2036 et

1659 2054 1720 2087 quia
1739 2057 1855 2081 vertetur
1874 2055 1899 2081 in
1920 2056 2047 2087 gaudium
2066 2055 2129 2082 ibid.

1713 2112 1748 2118 —
1766 2099 1951 2130 Apostolorum
1971 2100 2018 2126 fuit
2036 2099 2173 2126 laudabilis
2191 2102 2217 2126 et
2236 2106 2299 2132 sup-

1660 2141 1795 2175 portabilis
1814 2143 1846 2169 Vl
1867 2143 1917 2169 463
1936 2144 1971 2169 36
1985 2158 2018 2163 -
2032 2144 2217 2176 Apostolorum
2236 2150 2299 2169 con-

1660 2194 1737 2213 versa
1756 2190 1796 2213 est
1814 2188 1839 2213 in
1860 2187 1987 2220 gaudium
2006 2187 2040 2215 ib.
2060 2196 2116 2221 arg.
2137 2190 2152 2215 2

1712 2232 1839 2257 Tmricuu
1857 2245 1893 2251 —-
1912 2233 1959 2258 Per
1978 2233 2092 2259 triticum
2118 2233 2299 2265 intelliguntur

1659 2275 1733 2302 electi
1757 2278 1782 2301 et
1809 2276 1890 2302 sancti
1917 2277 2069 2309 congregati
2098 2277 2131 2303 ad
2160 2284 2241 2303 unum
2271 2276 2298 2301 in

1660 2319 1741 2351 gloria
1761 2320 1803 2345 Vll
1824 2321 1857 2345 80
1877 2320 1905 2346 41

1712 2365 1807 2390 Tustcx
1826 2378 1862 2385 —
1880 2365 1975 2392 Christi
1994 2365 2154 2392 inconsutilis
2177 2365 2210 2392 ad
2230 2371 2299 2391 com-

1658 2409 1821 2441 plementum
1840 2409 1994 2443 prophetiae
2021 2417 2035 2436 a
2061 2410 2186 2436 militibus
2209 2409 2297 2436 sortita

1658 2456 1697 2479 est
1716 2453 1759 2479 Vll
1778 2454 1830 2480 577
1851 2454 1883 2480 42
1902 2468 1938 2474 -
1957 2454 2055 2480 Divisio
2075 2454 2178 2480 tunicae
2198 2454 2221 2479 in
2235 2460 2297 2486 qua-

1659 2500 1717 2523 tuor
1736 2502 1823 2530 partes
1841 2499 1971 2531 significat
1983 2499 2148 2525 diffusionem
2169 2497 2298 2525 Ecclesiae

1659 2542 1684 2567 in
1703 2545 1817 2575 quatuor
1836 2546 1922 2575 partes
1951 2542 2042 2569 mundi
2068 2541 2131 2569 ibid.
2150 2557 2182 2561 —-
2203 2541 2297 2568 Christi

1659 2586 1769 2612 indivisa
1789 2586 1918 2619 significat
1936 2587 2070 2613 caritatem
2091 2587 2123 2613 Vl
2144 2586 2195 2612 497
2215 2587 2248 2612 36
2261 2598 2297 2605 -

1658 2631 1772 2656 caritatis
1790 2638 1841 2656 non
1869 2631 2012 2657 dividenda
2038 2630 2100 2657 ibid.
2118 2644 2153 2650 —
2172 2632 2220 2657 Per
2238 2629 2299 2656 mis-

1659 2674 1759 2701 sionem
1779 2675 1856 2701 sortis
1874 2675 1907 2701 de
1926 2675 2014 2701 tunica
2032 2675 2127 2701 Christi
2146 2674 2298 2707 intelligitur

1659 2719 1760 2744 collatio
1778 2719 1878 2751 gratiae
1897 2718 1939 2744 Vll
1960 2718 2011 2744 577
2033 2719 2065 2745 42

1712 2776 1748 2782 -
1766 2762 1896 2794 significat
1920 2763 2109 2789 recidivitatem
2136 2763 2160 2789 in
2189 2764 2297 2795 peccato

1660 2805 1701 2832 vu
1722 2806 1773 2832 444
1793 2806 1827 2832 54

1714 2850 1818 2877 Tanais
1836 2863 1871 2870 -
1890 2853 1986 2883 gerunt
2014 2858 2153 2884 personam
2182 2849 2298 2876 subdito-

1659 2901 1719 2920 rum
1739 2895 1781 2920 Vll
1800 2894 1835 2920 75
1854 2895 1888 2920 22
1907 2908 1943 2914 -
1961 2894 2095 2921 turbatum
2120 2894 2216 2921 habent
2235 2893 2298 2919 iudi-

1660 2939 1729 2964 cium
1751 2938 1802 2964 225
1823 2939 1851 2964 31

1713 2995 1748 3002 -
1767 2982 1896 3009 transiens
1914 2985 1953 3009 est
1971 2983 2099 3009 decursus
2119 2986 2297 3008 creaturarum

1660 3026 1702 3052 Vll
1725 3026 1775 3052 470
1795 3026 1829 3052 59
1849 3040 1883 3045 —-
1902 3026 2018 3053 Turbam
2041 3028 2181 3053 affectuum
2208 3026 2299 3057 fugere

1659 3070 1738 3097 debet
1751 3070 1796 3103 qui
1816 3070 1849 3097 ad
1868 3071 1997 3097 visionem
2017 3071 2063 3097 Dei
2081 3071 2138 3096 vult
2157 3068 2297 3102 pervenire

1659 3115 1692 3140 Vl
1713 3114 1764 3140 307
1785 3115 1818 3140 26

1711 3171 1747 3178 -
1765 3165 1870 3191 semper
1885 3158 2013 3191 impedire
2025 3157 2162 3185 consucvit
2181 3157 2298 3182 volentes

1658 3203 1749 3228 venire
1776 3202 1810 3229 ad
1838 3203 1969 3229 Christum
1989 3202 2033 3228 Vll
2054 3201 2103 3227 473
2124 3201 2140 3226 5
2159 3213 2194 3220 -
2213 3207 2296 3233 prona

1658 3245 1692 3271 ad
1711 3246 1809 3273 malum
1829 3253 1844 3272 a
1863 3248 1919 3273 lesu
1939 3248 2046 3272 revocat
2059 3244 2154 3277 potius,
2167 3251 2247 3278 quam
2261 3244 2296 3270 ad

1658 3289 1745 3322 ipsum
1765 3290 1893 3322 perducat
1911 3289 1972 3317 ibid.

1711 3348 1744 3353 —-
1756 3333 1954 3366 interrogabant
1966 3333 2086 3358 loannem
2101 3335 2225 3365 tanquam
2239 3338 2297 3364 pro-

1659 3378 1763 3410 phetam
1775 3384 1901 3410 magnum
1913 3377 1955 3403 Vll
1967 3376 2001 3402 75
2013 3376 2045 3402 23
2056 3389 2091 3396 -
2101 3377 2258 3409 simplicium
2270 3379 2296 3402 et
