2476 3921
746 252 939 286 COMMENT.
964 253 1002 286 IN
1024 253 1264 287 EVANGELIUM
1288 255 1406 288 LUCAE
1430 256 1461 289 C.
1487 258 1561 290 xvi.
1603 265 1607 268 ’

165 342 291 374 nono²:
328 354 343 370 α
360 341 437 374 Cum
473 341 634 383 coeperint
665 341 789 383 impleri
821 341 854 374 in
889 342 1045 384 Babylone
1077 351 1125 375 se-

147 394 327 436 'ptuaginta
350 394 441 433 anni,
465 394 598 427 visitabo
621 403 677 428 vos
700 398 731 428 et
754 394 913 428 suscitabo
937 404 1034 437 super
1069 404 1125 428 vos

165 447 297 480 verbum
334 455 441 480 meum
465 446 584 479 bonum
616 451 647 480 et
680 447 828 480 reducam
862 456 919 481 vos
949 448 988 480 ad
1020 448 1123 481 locum

164 499 259 533 istum
275 512 292 528 n
320 502 378 532 etc.

256 553 305 585 11.
324 553 425 594 (Vers.
444 553 498 594 8.).
517 553 654 595 Septimo
667 557 822 596 quantum
839 554 877 587 ad
894 554 1124 588 discretionem

15 613 144 642 snpumnm,
160 601 389 648 providentiae
417 607 716 640 commendandam
745 607 911 640 subditur:
943 609 982 640 Et
1004 607 1124 640 lauda-

7 641 151 688 Μαξιῗὲἷιῖῗιῖἶὼ
163 657 209 690 vit
231 657 388 690 dominus
410 658 560 692 villicum
591 659 799 703 iniquilatis,
831 660 913 704 quia
939 660 1124 703 prudenter

162 709 277 752 eyisset
290 710 320 748 ²,·
343 710 468 744 Glossa:
499 725 515 741 «τ
531 712 595 745 Non
612 712 651 745 de
675 712 803 752 fraude,
821 713 874 745 sed
891 713 930 746 de
946 713 1124 755 prudentia,

163 758 307 805 quamvis
331 767 522 806 peccantem,
546 765 696 798 laudat».
714 765 810 804 Unde,
834 765 906 799 licet
931 766 1054 799 villicus
1070 766 1125 799 ali—

162 826 226 859 qua
262 817 374 851 habeat
405 815 435 850 in
469 827 502 851 se
536 819 775 861 vituperabilia,
807 820 990 861 providendi
1020 823 1123 854 tamen

163 870 274 903 modus
290 874 391 913 potest
407 871 438 904 in
455 872 637 914 exemplum
656 871 811 905 bonorum
828 873 921 905 trahi.
939 873 1025 906 Sicut
1041 874 1125 907 enim

162 931 293 965 serpens
316 924 347 956 in
377 923 542 957 diffusione
574 925 684 959 veneni
709 928 757 958 est
780 926 990 966 detestabilis,
1015 927 1067 960 sed
1092 927 1124 960 in

163 976 330 1018 prudentia
354 977 547 1011 custodiendi
573 981 668 1020 caput
684 982 731 1012 est
747 979 908 1012 imitabilis
924 989 942 1012 a
959 980 1036 1013 viris
1053 990 1124 1023 per-

161 1030 266 1070 fectis;
283 1034 413 1073 propter
430 1032 515 1074 qued
527 1032 643 1065 dicitur
656 1033 800 1066 Matthaei
814 1033 935 1066 decimo
948 1034 976 1066 ⁸:
995 1047 1010 1063 α
1022 1035 1124 1068 Estote

161 1078 437 1124 prudentes‘sicut
460 1089 622 1127 serpentes
653 1089 684 1118 et
718 1086 876 1128 simplices
899 1087 981 1120 sicut
1005 1088 1124 1120 colum-

161 1137 218 1169 bae
233 1149 265 1176 »3
290 1137 334 1170 sic
357 1138 481 1171 villicus
504 1138 562 1172 iste
578 1139 781 1173 detestandus
796 1143 858 1179 est,
882 1141 958 1183 quia
980 1141 1123 1174 fraudem

160 1190 332 1229 commisit,
358 1191 478 1224 ratione
502 1191 594 1225 cuius
617 1192 749 1225 villicus
772 1193 963 1237 iniquitatis
986 1194 1121 1233 dicitur,

160 1246 192 1275 et
215 1243 391 1277 laudandus
414 1248 478 1283 est,
504 1245 579 1287 quia
610 1245 785 1287 prudenter
817 1246 874 1279 sibi
908 1251 1018 1280 contra
1040 1248 1124 1290 peri-

13 1302 140 1325 Notandum.

160 1349 280 1389 mirari‚
305 1350 390 1392 quod
414 1351 567 1384 Dominus
602 1351 694 1384 talem
721 1351 859 1384 villicum
884 1352 915 1384 in
939 1353 1123 1395 exemplum

161 1402 346 1444 prudentiae
371 1403 486 1442 traxit;
511 1404 581 1436 ideo
604 1404 679 1436 huic
711 1404 904 1445 respondens
930 1405 1124 1448 Evangelista

160 1456 284 1488 subdit:
312 1457 400 1497 Quia
422 1455 488 1497 filii
510 1455 614 1488 huius
635 1456 765 1489 saeculi
783 1457 1019 1498 prudentiores
1042 1458 1123 1500 filiis

158 1509 243 1542 lucis
266 1509 302 1542 in
322 1509 535 1551 yeneratione
557 1519 624 1542 sua
646 1513 734 1542 sunt.
760 1511 824 1544 Non
849 1510 942 1550 dicit,
960 1511 1045 1553 quod
1062 1511 1124 1544 sint

158 1561 353 1604 simpliciter
388 1561 610 1603 prudentiores
619 1575 627 1602 ;
664 1563 718 1596 sed
750 1563 971 1605 prudentiores
1005 1564 1036 1597 in
1074 1564 1124 1597 his

159 1624 240 1658 quae
263 1615 301 1647 ad
325 1615 496 1648 car-nalem
528 1620 669 1658 spectant
692 1617 957 1659 yeneratz'onem,
986 1617 1069 1650 sicut
1092 1621 1123 1651 et

159 1668 244 1701 bubo
271 1672 303 1701 et
339 1668 514 1711 murilegus
544 1669 662 1702 clarius
693 1669 799 1702 vident
830 1669 869 1702 de
899 1674 990 1703 nocte
1025 1679 1122 1713 quam

158 1721 270 1761 homo,
303 1731 366 1754 non
398 1721 436 1754 ad
472 1722 639 1764 legendum
671 1722 809 1761 litteras,
842 1722 896 1755 sed
928 1731 1038 1756 mures
1072 1732 1123 1756 ca-

159 1773 308 1816 piendum
321 1776 344 1806 ⁴.

251 1828 301 1860 12.
326 1827 378 1860 Est
402 1830 507 1860 tamen
527 1828 712 1870 prudentia
735 1828 896 1871 spiram,
921 1838 1004 1871 quae
1027 1829 1123 1862 estin

159 1880 231 1913 filiis
254 1880 335 1913 lucis
358 1881 564 1914 excellentior
587 1891 683 1924 quam
708 1882 877 1924 prudentia
900 1882 1022 1922 carnis,
1040 1892 1122 1925 quae

160 1937 208 1968 est
231 1934 364 1968 in·viris
387 1935 584 1974 carnalibus,
609 1935 784 1968 secundum
810 1935 889 1969 illud
912 1937 951 1969 ad
968 1937 1122 1970 Romanos

161 1987 318 2021 octavo⁶z
356 2000 372 2017 α
388 1988 557 2021 Prudentia
593 1989 697 2022 carnis
735 1998 821 2022 mors
857 1992 922 2029 est,
954 1989 1123 2032 prudentia

161 2050 238 2074 vero
266 2041 414 2083 spiritus,
438 2042 502 2075 vita
533 2045 564 2075 et
595 2051 659 2084 pax
676 2055 706 2074 ».
739 2042 836 2075 Habet
869 2046 972 2075 tamen
1003 2043 1123 2085 aliquid

162 2094 329 2136 prudentia
352 2095 411 2128 ista
433 2095 610 2134 mundana,
634 2095 719 2137 quod
735 2095 853 2128 excitat
876 2100 907 2128 et
930 2095 1060 2128 instruit
1083 2095 1123 2128 ad

161 2147 361 2188 prudentiam
385 2147 540 2187 divinam,
565 2148 647 2181 sicut
663 2148 840 2181 sollicitudo
864 2148 1002 2181 hominis
1025 2157 1122 2191 quae-

162 2200 261 2234 rentis
291 2201 458 2243 pecuniam
488 2202 677 2244 proponitur
712 2201 745 2234 in
781 2201 965 2243 exemplum
1002 2201 1122 2234 homini

161 2254 326 2295 quaerenti
350 2254 551 2296 sapientiam;
576 2254 820 2287 Proverbiorum
847 2254 1029 2286 secundoff:
1059 2267 1075 2282 ιι
1092 2254 1122 2286 Si

162 2307 346 2349 sapientiam
370 2307 565 2340 invocaveris
588 2311 619 2339 et
642 2306 842 2339 inclinaveris
865 2315 919 2340 cor
937 2310 1028 2339 tuum
1046 2316 1123 2349 pru-

162 2359 302 2400 dentiae,
326 2360 351 2393 si
376 2360 549 2402 quaesieris
573 2360 658 2392 illam
682 2360 771 2402 quasi
796 2360 962 2402 pecuniam
987 2363 1018 2392 et
1042 2360 1124 2393 sicut

25 1568 140 1590 Prudentia

31 1595 129 1617 carnalis.

19 1887 133 1909 Prudentia

15 1914 139 1942 spiritualis.

233 2569 243 2584 ¹
264 2571 337 2596 Vcrs.
358 2571 400 2595 10.
421 2571 488 2596 Vide
506 2571 612 2596 Hieron.
631 2571 655 2595 in
676 2572 747 2596 bunc
766 2571 815 2596 loc.

232 2615 243 2631 ²
263 2615 312 2640 Pro
331 2614 439 2648 egisset,
472 2616 542 2648 quod
572 2615 688 2641 occurrit
711 2615 790 2640 etiam
818 2615 890 2647 apud
916 2616 943 2640 B.
963 2615 1071 2645 Albert.,
1097 2616 1124 2640 S.

162 2660 259 2685 Tuom.
281 2659 345 2692 (Cat.
365 2666 445 2685 aurea
464 2660 491 2685 in
511 2660 574 2685 Luc.
594 2660 636 2685 16.
655 2667 679 2685 11.
700 2659 736 2692 2.)
756 2662 782 2685 ct
804 2660 962 2690 Gorranum,
983 2660 1040 2685 Vat.
1063 2666 1124 2685 cum

162 2704 273 2735 Vulgata
292 2703 404 2737 fecisset.
425 2718 459 2722 —
478 2704 568 2730 Glossa
588 2711 642 2736 seq.
663 2707 702 2729 est
728 2703 928 2735 interlinearis,
952 2704 987 2729 de
1004 2710 1056 2736 qua
1077 2704 1123 2729 cfr.

161 2748 264 2782 uaym„
282 2748 332 2773 loc.
350 2748 408 2780 cit.;
427 2748 490 2774 vide
518 2748 597 2774 etiarn
625 2748 746 2780 Hieron.‚
766 2748 845 2780 Epist.
875 2748 936 2773 121.
957 2748 1030 2780 (alias
1051 2748 1121 2780 151.)

161 2799 219 2824 cap.
239 2792 295 2818 sive
314 2794 414 2825 quaest.
435 2793 459 2817 6.
480 2792 521 2825 (ex
541 2799 594 2825 quo
614 2784 653 2818 est
671 2792 761 2818 Glossa
786 2791 929 2818 ordinaria
949 2792 974 2818 in
993 2793 1054 2817 Luc.
1076 2792 1123 2822 16,

161 2835 212 2868 8.),
231 2838 257 2861 et
274 2836 394 2868 August,
412 2835 441 2861 11.
460 2836 510 2868 Qq.
528 2836 693 2867 Evangelior.
713 2843 740 2869 q.
760 2836 802 2861 34.

232 2877 243 2893 ³
263 2879 338 2905 Vers.
358 2880 399 2905 16,

232 2922 244 2937 ⁴
262 2923 339 2949 Card.
359 2924 450 2955 nugo:
469 2930 524 2950 non
544 2923 648 2950 litteras
673 2923 710 2950 ad
737 2923 893 2958 legendum,
912 2923 959 2951 sed
976 2931 1069 2950 mures
1088 2923 1125 2950 ad

162 2966 332 3001 capiendum.
358 2968 505 2993 saecularia
532 2968 603 2993 enim
631 2975 723 3000 grossa
752 2971 813 2994 sunt
840 2971 866 2994 et
893 2968 993 3000 palpari
1014 2971 1124 3000 possunt
1148 2963 1151 2964 ⁷

160 3012 240 3038 ctiam
260 3012 294 3038 de
312 3015 402 3044 nocte,
426 3012 570 3044 spiritualia
599 3015 686 3038 autem
716 3012 820 3039 subtilia
850 3016 910 3039 sunt
929 3016 954 3038 et
972 3013 1016 3039 vix
1038 3013 1123 3038 videri

162 3059 280 3088 possunt.
290 3056 367 3081 etiam
388 3056 413 3081 in
432 3056 497 3081 luce.

233 3099 245 3114 ⁶
263 3100 339 3127 Vers.
359 3101 383 3126 6.
406 3115 437 3119 -
457 3102 577 3133 August,
596 3101 640 3126 XI.
660 3101 694 3127 de
712 3102 777 3127 Gen.
796 3102 830 3127 ad
849 3102 885 3128 lit.
903 3109 926 3128 c.
941 3103 966 3127 2.
985 3109 1013 3127 n.
1032 3102 1061 3127 4:
1076 3102 1123 3127 Do-

163 3144 251 3170 minus
269 3144 344 3175 dicit,
363 3145 534 3177 sapientiores
553 3152 610 3170 esse
639 3145 705 3171 filios
733 3146 830 3171 saeculi
849 3146 908 3171 filiis
927 3146 992 3171 lucis
1011 3146 1043 3171 ad
1064 3152 1123 3171 con-

163 3188 303 3214 sulendum
322 3188 427 3214 sibimet
446 3189 470 3214 in
490 3191 642 3221 posterum,
661 3189 785 3222 quamvis
804 3190 903 3220 fraude,
923 3196 976 3215 non
995 3189 1060 3214 iure.

234 3230 245 3245 ⁸
264 3233 338 3258 Vers.
358 3232 409 3258 3-5.
424 3247 457 3251 —
471 3233 597 3265 Superius
615 3240 664 3265 pro
683 3232 720 3259 ad
734 3233 912 3267 prudentiam
931 3233 1050 3259 divinam
1064 3233 1124 3259 Vat.

159 3276 338 3309 prudentiam
356 3277 479 3310 spiritus.
1091 3291 1093 3293 ·

234 3319 244 3334 ⁷
263 3322 383 3353 August,
403 3322 472 3347 XIX.
490 3322 525 3347 de
543 3321 599 3348 Civ.
619 3322 680 3353 Dei,
700 3329 722 3347 c.
743 3323 784 3347 Η.
804 3329 829 3347 11.
849 3323 874 3347 2.
894 3323 919 3348 in
933 3322 1000 3347 fine:
1019 3322 1122 3347 Nullum

163 3365 265 3397 quippe
283 3365 375 3391 vitium
397 3365 430 3391 ita
450 3368 538 3391 contra
559 3369 680 3392 naturam
699 3369 752 3399 est,
771 3370 800 3392 ut
818 3370 927 3392 naturae
940 3367 1025 3392 deleat
1043 3366 1122 3391 etiem

162 3411 277 3434 extrema
298 3409 417 3442 vestigia.
437 3424 472 3429 —-
491 3411 549 3436 vat.
568 3410 644 3442 legit:
665 3410 739 3437 Unde
758 3410 823 3444 quia
835 3410 945 3437 nullum
957 3410 1052 3437 vitium
1066 3411 1122 3436 tan·

160 1297 268 1330 culum
293 1297 469 1331 remedium
494 1298 663 1331 adinvenit.
689 1317 730 1322 ——
758 1299 792 1332 Et
816 1300 891 1341 quia
922 1304 1027 1342 posset
1051 1301 1136 1343 quis·

2082 264 2147 297 407

1189 343 1355 377 thesauros
1386 345 1531 379 effoderis
1566 347 1668 387 illam;
1702 351 1776 382 tunc
1811 350 1965 392 intelliges
2001 351 2146 385 timorem

1188 396 1312 429 Domini
1335 400 1368 430 et
1390 398 1549 431 scientiam
1575 399 1629 433 Dei
1653 401 1792 435 invenies
1808 416 1838 434 υ.
1864 403 1949 436 Unde
1980 404 2055 445 quia
2077 405 2149 438 nul-

1189 448 1256 481 lum
1281 449 1393 482 vitium
1428 451 1511 484 delet
1541 455 1686 486 extrema
1717 458 1849 488 naturae
1882 457 2010 498 vestigia
2023 457 2046 496 ⁷,
2079 457 2148 490 ideo

1189 502 1283 535 habet
1306 503 1407 536 omnis
1431 504 1562 537 vitiosus
1595 505 1731 548 aliquid,
1763 508 1847 550 quod
1879 509 1997 542 iustum
2030 510 2150 543 excitet

1187 555 1225 587 ad
1249 555 1386 590 bonum.
1412 556 1493 589 sicut
1523 566 1565 590 ex
1597 559 1844 594 consideratione
1868 562 2005 595 bominis
2029 562 2149 595 lascivi

1188 610 1290 648 potest
1314 616 1347 640 se
1372 608 1465 641 bomo
1488 609 1629 642 excitare
1652 611 1691 643 ad
1715 621 1882 651 amorem,
1905 622 1946 646 ex
1970 615 2148 648 considera-

1188 659 1272 692 tione
1305 661 1408 693 avari
1441 662 1480 694 ad
1514 662 1787 703 sollicitudinem,
1823 674 1865 698 ex
1901 667 2149 701 consideratione

1188 713 1324 747 hominis
1346 714 1483 756 superbi
1505 715 1543 748 ad
1568 717 1915 759 maynanimicacenffl.
1938 739 1983 743 —
2006 720 2091 753 Unde
2107 730 2149 754 ex
2166 728 2276 756 Epssotm-

1188 767 1248 799 ista
1271 767 1419 808 parabola
1443 770 1474 800 et
1490 770 1638 811 exemplo
1661 779 1721 803 non
1739 771 1840 804 solum
1867 772 2056 806 instruimur
2077 783 2149 816 par-

1189 820 1383 860 ticulariter,
1408 830 1519 854 verum
1543 822 1636 856 etiam
1661 824 1902 865 universaliter,
1927 830 1963 859 ut
1983 835 2024 859 ex
2049 828 2150 860 omni-

1188 874 1248 906 bus
1273 874 1410 907 sciamus
1433 874 1546 908 elicere
1569 875 1811 917 documentum,
1836 879 1921 920 quod
1953 888 2009 912 nos
2032 880 2150 913 excitet

1188 930 1219 960 et
1243 927 1390 961 informet
1413 928 1451 961 ad
1475 929 1604 961 bonum.
1629 930 1716 962 Sicut
1738 931 1821 964 enim
1848 933 1950 965 Sancti
1976 942 2033 966 sua
2066 934 2150 966 boni-

1188 983 1251 1014 tate
1275 982 1441 1014 excellenti
1468 982 1680 1015 testimonium
1705 983 1819 1017 debent
1844 985 1961 1018 habere
1985 990 2016 1018 et
2033 987 2149 1020 habent

1187 1034 1227 1066 ab
1252 1034 1301 1067 his
1325 1034 1379 1076 qui
1405 1034 1481 1068 foris
1505 1038 1600 1073 sunt;
1632 1035 1675 1068 ita
1699 1036 1774 1069 vitia
1797 1038 1901 1070 omnia
1924 1038 2059 1081 effigiem
2093 1039 2149 1072 ali-

1187 1096 1283 1129 quam
1308 1088 1424 1121 habent
1449 1088 1575 1121 virtutis
1591 1092 1622 1121 et
1639 1089 1762 1130 pietatis
1775 1090 1798 1122 ⁹.
1821 1090 1929 1124 Virtus
1945 1092 1985 1124 ab
2000 1093 2148 1126 omnibus

1188 1141 1324 1183 generali
1361 1141 1496 1183 quadam
1526 1151 1601 1175 voce
1631 1142 1843 1184 approbatur,
1877 1144 1931 1177 sed
1967 1145 2084 1187 impius
2109 1146 2148 1179 ab

1187 1194 1335 1226 omnibus
1359 1194 1596 1227 condemnatur.

1348 1308 1530 1336 Documentum
1548 1309 1658 1344 pietatis
1676 1311 1806 1346 perlectae
1825 1312 1906 1347 quoad
1924 1312 1981 1339 duo.

1281 1406 1331 1438 13.
1358 1407 1398 1438 Et
1420 1416 1477 1449 ego
1501 1406 1592 1439 vobis
1615 1408 1688 1441 dico
1712 1412 1769 1441 etc.
1788 1410 1858 1442 Post
1874 1411 2055 1452 exemplum
2081 1412 2146 1453 pie-

1189 1458 1261 1491 tatis
1284 1458 1433 1500 providae
1457 1459 1605 1492 subditur
1628 1460 1860 1494 documentum
1882 1463 2015 1504 pietatis
2035 1463 2145 1506 perfe-

1188 1514 1258 1543 ctae
1272 1511 1308 1549 1⁰,
1333 1511 1418 1553 quod
1442 1512 1569 1554 quidem
1592 1513 1717 1545 elicitur
1733 1522 1775 1546 ex
1792 1523 1884 1547 sensu
1903 1516 2069 1556 parabolae
2094 1526 2148 1549 su-

1187 1563 1356 1605 pradictae.
1382 1564 1486 1597 Primo
1511 1565 1608 1607 igitur
1632 1566 1756 1599 elicitur
1788 1567 2013 1601 documentum
2037 1569 2075 1601 ad
2099 1570 2150 1602 in-
2170 1574 2259 1596 Dixisio-

1186 1615 1423 1659 formationem
1454 1618 1699 1660 discipulorum
1730 1619 1968 1659 obedientium;
1993 1623 2149 1662 secundo,

1187 1669 1225 1702 ad
1250 1669 1511 1713 confutationem
1541 1670 1808 1706 Pharisaeorum
1836 1674 2020 1714 rebellium,
2050 1676 2092 1709 ibi
2107 1677 2150 1709 ¹¹:

1187 1722 1377 1755 Audiebant
1400 1727 1512 1756 autem
1536 1724 1649 1757 omnia
1674 1724 1754 1757 haec
1779 1724 1960 1759 Pharisaei
1982 1732 2040 1761 etc.

1277 1775 1367 1808 Circa
1397 1775 1669 1818 informatio-nem
1701 1781 1807 1810 autem
1834 1778 2079 1822 discipulorum
2106 1781 2152 1814 ad
2170 1786 2316 1817 vaiarom-

2178 1815 2236 1834 tiono
2244 1813 2309 1834 disci-

1182 1829 1338 1871 pietatem
1354 1829 1496 1872 procedit
1512 1829 1571 1862 hoc
1587 1830 1706 1863 ordine.
1731 1831 1849 1872 Invitat
1866 1833 1949 1865 enim
1968 1842 2021 1866 eos
2037 1834 2075 1866 ad
2092 1834 2150 1866 mi·
2192 1840 2290 1887 Pufflggm

1186 1882 1390 1915 sericordiam
1415 1883 1534 1924 primo,
1559 1883 1680 1916 ratione
1703 1885 1863 1917 mercedis
1890 1884 2077 1925 habendae·
2101 1896 2149 1920 se-

1187 1936 1300 1975 cundo,
1314 1936 1435 1969 ratione
1446 1935 1615 1978 fidelitatis
1630 1938 1826 1976 servandae,
1843 1938 1885 1971 ibi
1901 1939 1944 1971 ²²:
1963 1940 2030 1980 Qui
2042 1939 2149 1981 fidelis

1186 1993 1232 2021 est
1255 1989 1292 2021 in
1308 1989 1466 2027 minimo;
1484 1989 1586 2028 tertio,
1603 1989 1724 2022 ratione
1747 1991 1953 2033 duplicitatis
1969 1993 2147 2032 cavendae,

1187 2043 1245 2075 ibi:
1271 2042 1372 2076 Nemo
1385 2046 1489 2085 potest
1505 2042 1635 2076 duobus
1650 2043 1794 2076 dominis
1809 2045 1943 2077 servire.
1961 2064 2005 2068 —
2021 2046 2148 2080 Ratione
2160 2050 2316 2099 ggtggffigge·

1185 2099 1292 2129 autem
1309 2096 1469 2128 mercedis
1484 2094 1653 2128 habendae
1676 2096 1787 2129 invitat
1809 2097 1869 2130 hoc
1885 2097 1994 2131 ordine
2005 2124 2012 2137 ,
2030 2099 2148 2132 scilicet
2171 2103 2300 2151 {Yfiigstss‘

1186 2149 1415 2191 praemittendo
1438 2147 1698 2182 exhortationem
1720 2149 1921 2183 erudientem
1945 2153 1976 2183 et
2006 2151 2147 2185 addendo
2207 2136 2219 2157 Ρ
2295 2146 2301 2151 ’

1187 2202 1352 2234 rationem
1374 2205 1562 2234 moventem.

1280 2255 1330 2287 111.
1356 2255 1457 2296 (Vers.
1484 2256 1538 2296 9.).
1564 2249 1671 2288 Primo⁴
1690 2264 1765 2298 ergo
1789 2260 1944 2298 quantum
1969 2257 2007 2290 ad
2031 2256 2148 2290 exhor·
2163 2262 2194 2284 De
2209 2262 2286 2290 primo-

1190 2306 1346 2339 tationem
1369 2306 1570 2339 erudientem
1593 2307 1782 2349 praemittit:
1801 2309 1841 2341 Et
1861 2318 1918 2352 eqo
1941 2309 2013 2342 dico
2037 2309 2146 2342 vobis:

1188 2360 1302 2392 Facite
1341 2359 1431 2392 vobis
1470 2360 1596 2393 amicos
1639 2360 1677 2393 de
1716 2370 1909 2394 mammona
1947 2362 2145 2406 iniquitatis.

1189 2573 1247 2597 tum
1265 2571 1318 2602 est,
1338 2572 1369 2596 ut
1387 2569 1474 2596 deleat
1495 2571 1633 2596 extremae
1661 2569 1752 2604 [etiam
1777 2571 1864 2602 plures
1883 2571 1961 2596 codd.
1991 2571 2087 2597 habent
2105 2579 2150 2598 ex-

1189 2614 1300 2648 tremae]
1329 2616 1447 2640 naturae
1473 2614 1597 2647 vestiyz'a,
1620 2617 1645 2640 et
1673 2614 1778 2640 inferius
1807 2622 1854 2646 pro
1883 2614 1985 2641 iustum
2016 2615 2150 2642 substituit

1188 2658 1285 2692 ipsum.
2062 2691 2065 2694 .

1259 2701 1270 2717 ⁸
1290 2703 1348 2729 Vat.
1369 2709 1429 2728 cum
1455 2703 1584 2728 nonnullis
1612 2703 1689 2729 codd.
1718 2702 1956 2737 magnificentiam.
1985 2704 2098 2735 Aristot„
2119 2705 2147 2730 11.

1188 2747 1270 2772 Ethic.
1288 2753 1311 2771 c.
1330 2746 1362 2771 7:
1382 2747 1435 2771 lam
1455 2746 1523 2771 circa
1541 2745 1670 2779 pecunias
1682 2747 1748 2772 aliae
1761 2754 1868 2780 quoque
1881 2750 1941 2773 sunt
1954 2747 2148 2779 dispositiones,

1188 2798 1202 2816 e
1221 2790 1319 2824 quibus
1339 2790 1505 2815 mediocritas
1532 2789 1734 2824 magnificantia
1761 2793 1800 2816 est
1828 2790 1917 2824 [cuius
1945 2791 1998 2817 duo
2018 2795 2148 2817 extrema:

1187 2834 1280 2862 decori
1297 2834 1432 2868 imperitia
1451 2837 1477 2859 et
1494 2833 1721 2868 parvificentiaJ..
1740 2835 1772 2860 At
1796 2842 1860 2860 vero
1886 2835 1953 2860 circa
1974 2835 2104 2861 honorem
2123 2840 2149 2861 et

1188 2878 1366 2913 ignominiam
1385 2878 1552 2904 mediocritas
1571 2881 1610 2904 est
1622 2878 1853 2912 rnaqnanimitas,·
1867 2885 2002 2911 excessus,
2016 2879 2149 2912 inflatio...

1187 2924 1305 2949 defectus
1314 2943 1320 2955 ,
1335 2921 1559 2956 pusillanimitas.

1259 2966 1270 2981 ⁹
1289 2968 1321 2993 Ut
1339 2967 1485 2992 insinuatur
1505 2966 1520 2991 l.
1540 2966 1609 2992 Tim.
1629 2967 1658 2998 3,
1678 2967 1704 2991 7.
1722 2980 1758 2985 —
1777 2967 1919 2997 luvenalis,
1939 2968 1992 2993 Sat.
2015 2967 2060 2998 ¹4,
2083 2968 2146 2993 ¹09:

1331 3056 1402 3081 Fallit
1421 3055 1490 3081 enim
1510 3054 1602 3080 vitium
1622 3054 1710 3086 specie
1728 3055 1832 3080 virtutis
1851 3058 1875 3080 et
1895 3054 1997 3080 umbra.

1188 3144 1241 3171 Cfr.
1261 3147 1323 3170 tom.
1344 3144 1369 3169 11.
1389 3150 1450 3175 pag.
1471 3143 1537 3173 888,
1557 3145 1617 3168 nota
1637 3142 1661 3167 4.
1684 3156 1720 3161 -
1744 3142 1851 3168 Inferius
1871 3149 1919 3174 pro
1939 3142 2037 3176 impius
2056 3143 2075 3167 B
2101 3142 2147 3168 im-

1184 3188 1281 3223 pietas.

1260 3231 1282 3246 ¹⁰
1301 3231 1351 3258 Csr.
1371 3238 1450 3263 supra
1469 3238 1496 3256 n.
1521 3231 1542 3256 1.

1261 3275 1282 3291 ¹¹
1304 3277 1377 3302 Vers.
1399 3275 1440 3301 14.

1260 3319 1283 3334 ¹⁵
1303 3320 1377 3345 Vers.
1393 3320 1440 3351 10;
1461 3319 1564 3345 tertium
1584 3317 1694 3344 habetur
1713 3326 1738 3344 v.
1759 3319 1807 3349 13,
1827 3318 1853 3344 in
1866 3325 1919 3351 quo
1933 3318 1991 3344 Vat.
2010 3325 2070 3344 cum
2085 3319 2148 3344 Vul-

1188 3367 1248 3396 gata
1268 3364 1353 3391 Nemo
1372 3370 1466 3390 servus
1482 3364 1570 3397 potest
1588 3366 1651 3395 etc.;
1671 3363 1740 3388 idem
1769 3362 1879 3388 recurrit
1897 3362 1963 3388 intra
1982 3370 2007 3388 n.
2028 3363 2056 3388 21
2072 3372 2079 3393 ;
2098 3363 2146 3388 cfr.

1187 3412 1274 3434 tamen
1287 3408 1374 3433 Matth.
1394 3408 1425 3439 6,
1444 3407 1492 3433 24:
1512 3406 1595 3433 Nemo
1610 3408 1700 3440 potest
1717 3409 1767 3432 etc.
