2427 3872
285 296 346 327 672

565 332 625 358 APP

283 383 326 408 Vll
347 381 397 407 390
418 380 450 405 22
480 377 542 403 Vide
561 383 586 402 v.
606 374 728 401 Christus
749 375 774 398 et
792 379 816 398 υ.
836 369 920 404 Spiri-

284 429 327 454 tus
345 425 456 451 sanctus
475 425 500 447 et
517 428 542 447 v.
562 420 642 446 Deus.
658 431 693 437 —
706 417 776 442 Deus
789 421 920 447 apparens

286 472 310 496 in
330 468 446 495 subiecta
466 468 583 491 creatura
604 465 689 494 potest
708 460 791 486 videri
811 465 826 484 a
845 456 921 484 malis

285 515 317 539 Vl
338 513 388 538 316
406 512 440 537 70

338 572 372 576 -
392 557 461 581 Deus
480 555 589 586 apparet
608 549 776 577 credentibus
804 548 831 573 in
860 553 921 572 eum

286 603 311 628 in
332 604 417 627 futuro
437 605 483 631 per
504 597 627 629 gloriam,
647 595 687 620 vel
701 600 749 626 per
762 591 923 622 contempla-

288 647 383 672 tionem
402 644 545 669 intellectus
564 641 597 666 Vl
619 640 668 664 112
689 645 715 663 ν.
736 638 751 662 2
770 650 805 655 -
819 634 923 661 Domini

287 694 325 716 est
344 688 530 715 beneficiorum
550 690 658 711 suorum
685 681 808 708 exhibitio
827 680 879 705 622
899 679 923 704 2.

288 735 376 797 ⁶23}
394 778 428 802 Ex
443 775 542 801 insolita
556 772 718 805 apparitione
732 769 927 795 consueverunt

291 822 411 848 homines
430 819 615 850 obstupescere
628 819 653 841 et
667 814 756 840 terreri
770 813 813 838 Vll
827 812 879 837 599
894 811 926 837 46

341 881 376 884 —
395 864 471 898 Quod
485 867 561 894 turpe
574 863 613 886 est
626 865 755 892 apparere
774 857 876 889 turpius
889 858 928 882 est

290 918 346 936 esse
366 911 407 935 Vll
428 908 477 934 306
498 908 529 932 88

342 955 466 979 Arentes
483 965 519 970 —
539 951 599 978 falsa
618 948 723 980 scripsit
741 948 783 973 Vll
804 947 832 972 11
857 947 872 972 2

312 1020 315 1022 .
343 1000 481 1023 Aram-irus
499 1010 533 1013 —
554 1001 606 1020 non
625 995 757 1018 saturatur
776 990 856 1017 rebus
869 997 929 1016 cort-

291 1043 350 1069 ditis
378 1042 411 1067 Vl
439 1040 471 1065 17
490 1047 504 1065 3
524 1053 559 1057 -
577 1037 791 1064 Convenientiam
811 1038 836 1061 et
860 1035 930 1061 diffe-

290 1087 399 1113 rentiam
419 1084 582 1117 appetituum
611 1082 730 1115 sequitur
749 1079 929 1106 convenientia

291 1135 315 1157 et
335 1128 556 1157 disconvenientia
576 1133 680 1152 morum
708 1126 722 1151 3
744 1126 753 1150 1
777 1138 813 1144 -·
832 1123 930 1150 diversi

291 1175 432 1207 impiorum
457 1173 503 1198 132
524 1180 549 1197 ν.
571 1172 585 1197 3

346 1234 379 1237 -
398 1218 549 1244 divitiarum
570 1218 670 1248 spectat
689 1214 723 1240 ad
736 1213 873 1240 avaritiam
887 1213 931 1239 Vll

293 1264 343 1289 518
363 1264 396 1289 52
410 1277 444 1281 ——
458 1262 567 1294 Oportet
581 1260 668 1287 conari
683 1263 771 1285 contra
785 1258 931 1291 appetitum

293 1309 326 1334 ad
364 1306 534 1339 deponendas
573 1305 730 1338 cupiditates
768 1307 933 1330 terrenorum

295 1353 340 1378 35¹
365 1351 399 1377 54

348 1397 545 1421 Amnum-nens
563 1409 598 1412 —
617 1393 753 1426 corporale
765 1395 851 1425 potest
868 1391 935 1418 laedi

295 1440 396 1469 obiecto
416 1439 548 1466 excellenti
571 1439 603 1464 Vl
624 1438 674 1464 477
696 1437 728 1463 48

347 1486 504 1510 Appnonmo
522 1498 557 1501 —
577 1483 647 1508 Deus
666 1489 720 1508 non
733 1481 871 1514 cognoscit
884 1488 936 1506 ma-

293 1530 331 1555 los
350 1529 439 1555 notitia
459 1527 657 1561 approbationis
672 1527 719 1552 ‘Vss
738 1527 790 1552 352
816 1526 848 1551 56
873 1518 945 1551 Vide*

297 1582 318 1600 υ.
340 1573 480 1601 lmlicium.
499 1587 535 1592 —-
553 1573 625 1598 Bona
640 1574 701 1598 sunt
714 1571 887 1604 approbanda
901 1570 934 1596 Vl

296 1619 327 1644 63
348 1626 374 1651 (1.
394 1620 409 1644 2
430 1618 458 1644 2*

348 1664 553 1692 apprimum-Quina
578 1676 613 1679 —
642 1661 712 1686 Deus
739 1660 936 1693 appropinquat

295 1708 381 1733 cordis
400 1708 492 1732 affectu
512 1707 555 1732 Vll
576 1706 627 1732 495
647 1706 680 1731 63
699 1719 735 1724 —
755 1705 890 1737 Supernae
903 1705 936 1729 le-

295 1753 408 1778 rusalem
422 1759 473 1777 non
487 1751 734 1784 appropinquamus
747 1749 871 1782 passibus
883 1756 937 1775 cor-

297 1797 377 1829 poris,
396 1796 442 1822 sed
462 1795 599 1821 affectibus
618 1795 706 1820 cordis
726 1798 751 1820 et
770 1794 864 1819 mentis
885 1794 935 1819 356

296 1841 330 1866 72
349 1855 384 1859 -
404 1840 505 1867 Christo
525 1843 564 1865 est
583 1846 630 1872 per
658 1839 855 1871 poenitentiam,
874 1837 937 1864 obe-

297 1886 420 1911 dientiam
441 1888 466 1910 et
484 1884 639 1916 saplentiam
660 1884 711 1909 488
733 1883 765 1908 44
785 1897 820 1902 -
839 1884 939 1915 Appro-

297 1930 480 1963 pinquandum
509 1930 563 1954 Deo
592 1936 639 1961 per
667 1929 791 1954 devotam
811 1927 940 1959 supplica-

299 1975 395 2000 tionem
416 1975 467 1999 382
488 1974 503 1999 2

351 2020 535 2044 Appnopmmo
554 2031 590 2037 —
609 2018 637 2043 fit
656 2017 681 2042 in
701 2017 827 2043 Trinitate
839 2017 941 2042 ratione

299 2063 484 2095 intelligentiae
503 2062 615 2094 dandae,
634 2063 734 2088 ratione
753 2061 849 2088 erroris
871 2068 941 2087 amo-

299 2108 392 2138 vendi,
411 2107 512 2133 ratione
537 2106 690 2133 humilitatis
708 2106 888 2132 ostendendae
907 2106 941 2132 Vl

300 2152 345 2177 331
370 2152 404 2177 79
425 2151 453 2177 3*
872 2150 875 2151 ⁷

353 2197 423 2222 Arun
441 2210 477 2215 —
496 2198 599 2228 praeter
612 2195 806 2222 distinctionem
820 2195 884 2221 dicit
896 2201 942 2220 au-

300 2241 445 2266 ctoritatem
465 2241 489 2266 in
510 2241 584 2266 Patre
608 2243 633 2266 et
660 2240 895 2266 subauctoritatem
913 2240 941 2265 in

301 2286 363 2311 Filio
384 2285 416 2310 Vl
436 2285 488 2310 246
508 2285 522 2311 3

353 2331 423 2359 AQuA
442 2344 477 2349 —
496 2329 568 2355 Prior
581 2337 628 2362 per
640 2333 761 2355 naturam
776 2332 815 2355 051
827 2329 941 2355 dulcedo

300 2375 327 2399 in
347 2381 416 2407 aqua
439 2375 470 2400 Vl
500 2374 530 2399 15
550 2373 568 2399 b
586 2389 621 2392 —
639 2374 725 2399 omnis
750 2380 798 2406 per
821 2376 942 2400 naturam

301 2423 340 2445 est
353 2419 437 2445 dulcis
450 2419 491 2444 vel
511 2419 637 2451 insipida,
651 2419 698 2444 sed
711 2425 801 2444 amara
815 2419 843 2444 01
856 2425 887 2444 cx
900 2425 943 2444 ac-

300 2463 396 2489 cidenti
410 2462 443 2489 ib.
456 2470 470 2488 a
483 2478 518 2481 —
532 2470 621 2488 amara
640 2466 727 2495 potest
740 2463 826 2489 redire
842 2463 868 2489 in
883 2463 942 2489 dul-

302 2508 422 2533 cedinem
441 2514 489 2540 per
508 2507 712 2534 subtiliationcm
732 2507 794 2534 ibid.
807 2523 843 2526 —
857 2515 943 2541 aquae

302 2559 354 2578 non
374 2556 413 2578 est
425 2552 566 2585 contraria,
579 2552 625 2578 sed
641 2552 719 2578 habet
732 2553 875 2578 contrarias
895 2552 944 2578 dis-

303 2597 446 2628 positiones
465 2603 512 2628 per
531 2597 653 2622 accidens
672 2595 733 2622 ibid.
754 2584 794 2629 sq:

357 2655 391 2658 ——-
411 2641 436 2665 ln
451 2644 522 2666 motu
536 2647 621 2673 aquae
634 2640 669 2666 ad
687 2638 760 2666 mare
773 2640 827 2666 non'
840 2644 879 2667 est
894 2644 945 2667 sta-

303 2688 345 2710 tus
365 2685 397 2710 Vl
415 2685 444 2710 13
458 2692 473 2710 3
486 2685 694 2710 —incessanter
716 2688 822 2711 emanat
846 2692 861 2710 a
879 2685 945 2711 mari

304 2730 338 2754 15
358 2729 375 2754 1)
393 2744 428 2747 -
448 2736 540 2755 001005
560 2733 700 2755 moventur
725 2729 759 2755 ad
784 2736 857 2755 mare
878 2730 909 2755 13
931 2736 945 2755 a

304 2788 338 2791 —
352 2776 451 2799 tantum
463 2774 587 2804 ascendit,
601 2777 731 2807 quantum
744 2774 881 2800 descendit
894 2773 946 2799 295

305 2818 348 2843 33.
367 2818 418 2843 350
438 2818 471 2843 56

357 2877 392 2880 -
414 2866 453 2888 051
482 2862 629 2888 0000553113
655 2863 688 2889 ad
718 2863 883 2895 irrigandum
912 2863 946 2889 V1

307 2907 334 2931 21
364 2906 381 2931 b
399 2921 433 2924 -—
456 2907 551 2932 dicitur
569 2914 661 2933 arsura
681 2910 741 2933 ante
766 2907 836 2934 diem
856 2907 946 2933 iudicii

306 2950 350 2976 vu
371 2950 422 2976 535
440 2951 472 2976 47

358 3009 393 3012 —
413 2995 449 3019 De
473 2994 574 3021 Christo
602 2996 775 3027 egrediuntur
799 2996 947 3028 spirituales

307 3046 391 3071 aquae
410 3039 553 3070 gratiarum
574 3040 606 3065 Vl
624 3039 673 3065 Ι178
694 3047 720 3065 ν.
741 3039 756 3065 4
774 3055 809 3058 -
829 3040 947 3066 Christus

307 3083 476 3109 credentibus
494 3084 520 3109 in
540 3090 567 3109 se
586 3085 715 3115 promittit
739 3091 835 3117 aquam
856 3085 947 3110 vivam

308 3127 358 3151 349
388 3127 434 3159 52,
464 3128 496 3153 53
522 3142 557 3146 —-
580 3129 744 3161 quadruplex
773 3129 908 3161 egreditur
933 3136 947 3154 a

308 3169 409 3196 Christo
435 3172 486 3197 290
512 3172 527 3197 9
546 3186 582 3190 —
600 3172 718 3198 Christus
743 3180 795 3198 non
820 3173 949 3204 promittit

308 3221 404 3246 aquam
424 3215 554 3241 visibilem
568 3219 594 3241 et
612 3217 773 3242 materialem
788 3217 838 3242 292
855 3218 900 3248 19,
915 3217 943 3242 21

309 3273 342 3275 -
374 3258 492 3286 Christus
519 3260 564 3285 dat
591 3267 688 3293 aquam
718 3261 817 3292 gratiae
846 3262 949 3287 animae

309 3306 448 3333 promptae
466 3303 500 3328 ad
520 3304 683 3330 credendum
702 3305 754 3330 295
774 3305 807 3330 33
821 3320 855 3323 -
868 3312 948 3338 quam

310 3345 426 3371 Christus
448 3348 588 3378 promittit,
614 3348 690 3374 salire
715 3349 774 3374 facit
796 3349 830 3375 ad
851 3351 948 3375 fontem

298 3389 500 3416 «indeficientem
515 3395 539 3417 et
552 3393 666 3423 perfecte
680 3393 837 3419 reficientem
850 3394 901 3419 292
915 3394 948 3419 22

309 3447 343 3451 -
364 3434 462 3465 gratiae
481 3435 628 3461 infunditur
643 3443 657 3461 a
672 3436 773 3463 Christo
793 3438 835 3463 Vll
850 3437 900 3463 237
915 3437 948 3463 64

1146 278 1260 310 INDEX
1287 277 1413 309 RERUM

958 383 992 387 —
1012 367 1130 394 Christus
1143 367 1236 392 invitat
1255 365 1289 391 ad
1302 372 1384 398 aquas
1403 363 1547 396 sapientiae
1560 370 1600 388 sa-

958 412 1047 438 lutaris
1067 412 1118 437 113
1139 412 1153 436 2
1446 416 1448 419 ·

1011 471 1046 475 —
1066 456 1186 487 designat
1204 461 1306 481 sacram
1325 454 1472 479 doctrinam
1493 453 1534 479 Vll
1550 451 1602 478 544

960 502 992 527 16
1012 516 1046 520 —
1060 500 1180 532 designat
1193 499 1348 531 sapientiam
1365 498 1506 523 salutarem
1521 497 1571 522 113
1586 497 1602 522 2
1616 503 1619 505 ’

958 560 994 563 -
1013 550 1102 570 sacrae
1121 543 1271 574 Scripturae
1290 542 1314 567 in
1331 540 1475 567 humilibus
1499 540 1603 573 requie-

960 592 1036 615 scunt
1061 591 1086 613 et
1116 588 1150 613 (10
1178 586 1311 612 montibus
1334 586 1510 616 descendunt,
1535 592 1604 618 quae

961 640 1022 659 cum
1042 632 1144 658 silentio
1157 632 1241 657 ssuunt
1258 631 1315 656 sine
1329 630 1439 662 strepitu
1459 628 1602 655 verborum

962 678 995 703 Vl
1014 677 1066 702 373
1087 677 1102 702 8
1115 676 1276 707 —irrigans
1295 678 1334 701 est
1347 675 1466 701 doctrina
1485 674 1604 706 spiritua-

963 722 994 747 lis
1013 721 1064 747 205
1083 728 1110 746 v.
1129 721 1144 746 3
1158 720 1383 746 —instructionis
1402 719 1558 749 hauriuntur
1571 718 1606 744 de

965 767 1034 792 10010
1047 765 1205 797 sapientiae,
1218 771 1303 797 aquae
1316 763 1478 790 remissionis
1488 763 1523 789 de
1537 764 1606 789 10010

965 810 1176 840 misericordiae,
1195 816 1280 842 aquae
1305 808 1452 834 refectionis
1478 808 1511 834 de
1536 807 1606 833 10010

965 855 1078 887 gratiae,
1097 861 1182 887 aquae
1198 853 1381 879 consolationis
1393 853 1428 879 de
1447 854 1516 879 fonte
1534 852 1608 884 spiri-

966 900 1042 925 tualis
1054 899 1179 929 laetitiae,
1192 905 1278 931 aquae
1294 901 1415 924 aeternae
1434 897 1562 923 felicitatis
1575 896 1608 922 de

966 945 1037 970 fonte
1050 944 1119 970 vitae
1132 947 1253 969 aeternae
1266 943 1317 969 555
1337 943 1351 968 3
1366 958 1401 961 —
1414 946 1475 969 sunt
1490 942 1609 968 doctrina

966 989 1109 1021 sapientiae
1134 988 1181 1013 115
1201 995 1216 1013 3
1234 1003 1269 1006 -
1289 991 1328 1013 est
1353 987 1485 1013 mundana
1509 986 1610 1018 sapien-

968 1033 1001 1059 tia
1020 1033 1054 1058 97
1074 1040 1089 1058 a
1107 1047 1143 1051 --
1160 1032 1304 1064 sapientiae
1317 1032 1437 1058 salutaris
1456 1031 1610 1063 multiplica-

967 1081 1009 1104 tae
1028 1080 1088 1104 sunt
1114 1078 1140 1103 in
1165 1076 1243 1103 beato
1270 1077 1365 1103 loanne
1389 1080 1415 1102 et
1439 1077 1611 1102 elevaverunt

968 1122 1030 1148 eum'
1050 1129 1130 1154 super
1149 1128 1243 1147 omnes
1259 1124 1361 1147 montes
1380 1121 1427 1147 241
1452 1121 1468 1146 4
1481 1136 1516 1139 -
1529 1120 1612 1146 turbi-

968 1168 1019 1193 dae
1037 1169 1098 1192 sunt
1116 1167 1200 1192 malae
1219 1166 1353 1192 doctrinae
1373 1166 1415 1191 Vll
1439 1166 1481 1191 191
1506 1166 1521 1191 8

1022 1226 1057 1230 —-
1077 1211 1199 1243 designat
1222 1211 1341 1236 divinam
1360 1210 1471 1243 gratiam
1498 1210 1541 1237 Vll
1561 1209 1612 1236 544

973 1257 1003 1282 16
1024 1271 1059 1274 -
1079 1256 1177 1288 gratiae
1195 1255 1313 1281 vivificat
1331 1256 1364 1280 Vl
1384 1255 1436 1281 555
1456 1256 1471 1281 2
1494 1270 1529 1273 -
1550 1255 1614 1280 viva

972 1301 1068 1327 dicitur
1087 1300 1170 1333 gratia
1189 1300 1250 1326 fidei
1264 1300 1315 1326 292
1337 1300 1369 1325 18
1383 1315 1419 1318 -
1432 1300 1493 1325 viva
1506 1303 1546 1325 est
1558 1298 1614 1332 gra'-

973 1346 1019 1376 tia,
1039 1352 1108 1378 quae
1120 1345 1202 1370 vitam
1216 1344 1321 1376 tribuit,
1340 1344 1467 1376 custodit,
1486 1344 1519 1370 ad
1532 1344 1614 1370 vitam

972 1390 1094 1423 perducit
1112 1390 1163 1415 573
1184 1397 1211 1415 v.
1233 1390 1265 1415 38
1279 1404 1315 1408 -
1328 1390 1429 1422 gratiae
1447 1392 1508 1415 sunt
1526 1389 1616 1414 remis-

973 1435 1053 1461 sionis
1071 1435 1128 1460 sive
1148 1434 1350 1462 iustificationis.
1371 1433 1547 1460 instructionis
1559 1434 1616 1459 sive

973 1480 1118 1512 sapientiae
1136 1482 1162 1505 et
1183 1479 1370 1505 consolationis
1382 1478 1524 1511 spiritualis
1537 1478 1589 1504 627
1599 1479 1614 1504 9

972 1538 1008 1544 ——
1017 1524 1117 1557 gratiae
1127 1525 1216 1550 fovent
1225 1530 1317 1549 semen
1330 1522 1406 1549 verbi
1416 1523 1500 1549 divini
1510 1523 1553 1549 Vll
1565 1523 1610 1549 191

973 1570 989 1594 9
1007 1584 1042 1587 -
1062 1569 1203 1594 Deficiente
1221 1575 1290 1602 aqua
1310 1568 1410 1600 gratiae
1428 1571 1496 1594 terra
1510 1575 1563 1594 non
1578 1571 1618 1594 est

973 1618 1033 1646 apta
1052 1614 1086 1640 ad
1105 1613 1306 1645 percipiendum
1326 1620 1416 1639 semen
1436 1612 1514 1638 verbi
1533 1612 1617 1639 divini

972 1658 1034 1685 ibid.

1026 1719 1061 1722 —
1080 1704 1179 1736 gratiae
1192 1710 1207 1729 a
1221 1704 1275 1729 Deo
1289 1703 1425 1729 descendit
1442 1705 1468 1728 et
1485 1702 1519 1728 ad
1532 1702 1617 1728 Deum

973 1749 1050 1774 salire
1069 1749 1128 1774 facit
1148 1748 1181 1774 Vl
1202 1748 1253 1774 295
1268 1748 1310 1773 33.
1330 1747 1381 1772 350
1401 1747 1434 1773 56
1454 1762 1489 1765 -
1509 1747 1617 1773 descen-

974 1794 1012 1819 dit
1022 1793 1063 1822 ‘ad
1083 1794 1176 1825 valles,
1196 1799 1250 1818 non
1269 1795 1308 1818 est
1326 1792 1352 1817 in
1372 1791 1507 1818 montibus
1530 1794 1555 1817 et
1574 1799 1618 1817 su-

975 1838 1065 1870 perbis
1085 1837 1136 1863 304
1158 1838 1189 1862 12
1208 1852 1244 1855 -
1264 1837 1363 1868 gratiae
1382 1837 1502 1862 defluunt
1527 1837 1552 1862 in
1571 1838 1618 1862 hu-

975 1883 1050 1908 miles
1070 1883 1141 1907 velut
1160 1882 1187 1907 in
1206 1882 1287 1907 valles
1307 1882 1358 1906 290
1378 1882 1393 1906 9

1029 1942 1064 1945 -—
1083 1926 1248 1959 appetendae
1275 1930 1335 1951 sunt
1362 1932 1449 1959 aquae
1470 1926 1569 1958 gratiae
1594 1928 1620 1951 et

977 1971 1076 2004 gloriae
1094 1971 1128 1997 Vl
1147 1971 1199 1996 627
1219 1971 1234 1995 9
1247 1985 1282 1989 —
1296 1971 1396 2002 gratiae
1414 1973 1476 1996 sunt
1493 1977 1620 2003 quaeren-

977 2016 1040 2048 dae,
1060 2016 1123 2049 quia
1146 2015 1305 2046 emundant,
1328 2015 1463 2046 reficiunt,
1487 2015 1621 2040 enutriunt

978 2063 1004 2086 et
1023 2060 1162 2086 fecundant
1180 2059 1214 2086 ib.
1229 2060 1261 2085 10
1275 2074 1310 2078 -
1324 2059 1424 2091 gloriae
1436 2061 1475 2085 est
1487 2059 1621 2085 desidera—

979 2104 1038 2130 bilis
1056 2107 1165 2137 propter
1182 2104 1383 2130 delectationem
1396 2108 1520 2136 aspectus
1537 2107 1563 2130 et
1576 2111 1621 2136 gu-

978 2152 1048 2180 stus,
1067 2152 1177 2181 propter
1196 2149 1341 2174 satietatem
1354 2151 1380 2174 et
1398 2151 1508 2181 propter
1525 2148 1622 2174 vivaci-

978 2196 1058 2221 tatem
1076 2193 1270 2220 indeflcientem
1289 2192 1323 2219 ib.
1343 2193 1371 2219 11

1032 2253 1067 2257 —-
1086 2238 1217 2270 significat
1241 2234 1403 2270 baptismum
1427 2238 1469 2263 vel
1492 2238 1623 2270 lacrymas

978 2283 1154 2316 poenitentiae
1173 2283 1220 2308 Vh·
1236 2282 1288 2308 544
1310 2277 1341 2308 16
1360 2297 1396 2301 -
1415 2282 1547 2308 mundans
1570 2282 1623 2315 spi-

978 2328 1104 2355 ritualiter
1123 2330 1163 2353 est
1175 2327 1250 2353 dolor
1269 2327 1430 2353 contritionis
1445 2330 1470 2353 et
1488 2327 1623 2359 poeniten·

979 2373 1013 2399 tia
1033 2373 1066 2398 Vl
1087 2372 1138 2398 600
1160 2372 1175 2398 4
1193 2387 1229 2390 -
1248 2372 1379 2404 significat
1397 2372 1527 2404 lacrymas
1553 2377 1622 2397 com-

979 2417 1129 2449 punctionis
1149 2416 1195 2442 271
1221 2417 1262 2442 13.
1277 2416 1329 2442 305
1343 2416 1386 2442 14.
1403 2416 1455 2441 560
1475 2416 1500 2442 1.
1513 2416 1557 2441 Vll
1571 2414 1623 2440 144

980 2461 1022 2487 37.
1037 2461 1088 2487 496
1108 2460 1142 2486 64
1155 2461 1230 2486 -10
1246 2461 1323 2494 aquis
1342 2460 1504 2486 contritionis
1521 2460 1624 2486 lavatur

980 2506 1067 2532 anima
1086 2506 1120 2532 ad
1145 2505 1360 2531 emundationem
1379 2505 1466 2532 sordis
1484 2505 1517 2531 Vl
1537 2505 1589 2531 599
1608 2511 1622 2529 3

980 2565 1015 2569 -
1035 2552 1061 2576 10
1081 2550 1157 2583 aquis
1176 2550 1323 2576 devotionis
1347 2550 1450 2576 lavatur
1477 2550 1565 2576 anima
1590 2549 1624 2575 ad

981 2595 1154 2621 intensionem
1173 2595 1296 2620 candoris
1314 2594 1376 2621 ibid.

1035 2654 1071 2658 —
1084 2639 1231 2671 significant
1244 2640 1368 2671 populos,
1382 2642 1558 2671 transeuntes,
1568 2646 1626 2672 per-

982 2684 1103 2715 egrinos,
1126 2684 1172 2717 qui
1192 2687 1326 2710 transeunt
1348 2684 1382 2710 de
1408 2687 1486 2716 gente
1513 2685 1538 2710 in
1564 2691 1626 2716 gen-

982 2730 1035 2754 tem
1054 2729 1086 2754 Vl
1107 2729 1140 2754 88
1159 2735 1186 2754 v.
1207 2729 1217 2753 1
1241 2743 1276 2746 -
1296 2731 1460 2754 11305000105
1484 2731 1545 2755 5001
1563 2736 1626 2761 pau-

983 2780 1061 2805 peres
1073 2776 1099 2799 et
1111 2772 1212 2804 afflicti,
1231 2780 1279 2805 per
1292 2772 1472 2799 tribulationes
1491 2776 1627 2799 transeun-

983 2820 1022 2843 tes
1041 2817 1076 2843 ad
1094 2817 1215 2850 requiem
1235 2816 1298 2843 ibid.

1036 2876 1072 2880 —
1090 2864 1130 2887 est
1148 2861 1359 2893 concupiscentia
1379 2862 1412 2887 Vl
1431 2861 1482 2887 556
1503 2863 1518 2888 3

1036 2920 1072 2925 -
1084 2912 1153 2939 quae
1162 2905 1320 2936 decurrunt,
1338 2905 1486 2938 significant
1497 2909 1628 2939 tempora-

983 2951 1016 2977 lia
1036 2951 1068 2976 Vl
1093 2950 1145 2976 567
1171 2951 1187 2976 5
1205 2965 1240 2968 —
1261 2950 1438 2976 Transeuntes
1461 2957 1544 2984 aquas
1567 2953 1628 2977 sunt

983 2998 1181 3021 contemnentes
1199 2994 1268 3020 bona
1282 2994 1435 3026 temporalia
1448 2995 1482 3020 90
1502 3002 1524 3020 a.
1545 2995 1597 3021 567
1611 2996 1627 3021 5

984 3054 1019 3058 —
1038 3039 1221 3072 prosperitatis
1240 3042 1300 3064 sunt
1313 3039 1436 3072 deliciae,
1451 3039 1628 3072 (1111111110,οο-

984 3091 1063 3110 nores
1082 3084 1132 3109 626
1154 3084 1169 3109 5
1188 3098 1224 3102 —
1243 3084 1334 3116 Aquae
1353 3084 1472 3109 fortunae
1495 3087 1628 3110 transeun-

985 3128 1035 3154 dae
1053 3127 1114 3154 ibid.
1134 3143 1169 3146 —
1189 3127 1326 3153 Transitus
1345 3134 1474 3160 aquarum
1498 3128 1628 3160 prosperi-

987 3172 1044 3198 tatis
1063 3172 1227 3204 periculosus
1245 3174 1298 3202 est,
1318 3171 1379 3204 quia
1398 3172 1524 3198 velociter
1536 3172 1628 3199 decur-

986 3220 1061 3247 runt,
1080 3217 1205 3242 deorsum
1225 3217 1331 3242 trahunt
1349 3217 1438 3241 omnia
1464 3220 1489 3242 et
1507 3216 1629 3242 submer-

988 3264 1053 3292 gunt
1071 3261 1122 3286 627
1143 3261 1158 3287 5

1041 3320 1074 3324 —-
1094 3306 1259 3331 adversitatis
1277 3305 1415 3335 timentur,
1435 3305 1496 3337 quia
1522 3312 1628 3331 amarae

986 3353 1047 3376 sunt
1065 3352 1090 3375 01
1108 3350 1226 3376 (110ῑο1105
1245 3350 1277 3375 ad
1297 3349 1457 3381 potandum,
1481 3350 1628 3381 profundae

986 3397 1012 3420 et
1030 3394 1192 3426 periculosae
1206 3395 1239 3420 ad
1253 3395 1410 3426 natandum,
1424 3394 1525 3420 validae
1544 3397 1570 3420 ct
1582 3394 1628 3420 dif-

986 3439 1067 3464 1101105
1086 3439 1118 3464 ad
1133 3439 1315 3465 sustinendum
1335 3439 1368 3464 Vl
1388 3439 1439 3464 627
1459 3438 1475 3464 7
1488 3453 1523 3457 —-
1537 3439 1629 3465 dicun—

1917 316 1982 342 ΑΕΒ

1639 364 1681 387 101
1700 360 1881 386 tribulationes
1895 363 2046 392 praesentes
2066 360 2098 385 88
2119 367 2144 385 v.
2166 358 2282 384 1.-111-

1640 404 1765 437 grediens
1784 404 1809 430 in
1834 404 1982 430 naviculam
2002 404 2105 429 animae
2123 406 2163 429 est
2181 406 2283 435 pertur-

1640 449 1711 475 batio
1729 456 1760 475 ex
1774 448 1914 474 tentatione
1926 447 2056 474 diabolica
2070 449 2111 474 Vll
2131 448 2177 474 201
2202 447 2235 473 44
2247 461 2283 466 -

1640 493 1761 525 designat
1774 492 1971 518 inundationem
1985 491 2156 518 tentationum
2171 491 2283 518 164108

1640 553 1675 556 -
1694 538 1721 562 10
1741 537 1817 570 aquis
1841 536 2040 562 tribulationum
2065 536 2193 569 probatur
2217 535 2286 561 forti-

1642 582 1707 608 tudo
1727 581 1761 607 55
1782 581 1814 607 49
2007 603 2009 606 ,

1695 641 1730 644 -
1749 626 1843 658 culpae
1861 628 1887 651 et
1905 632 2006 657 poenae
2024 625 2165 657 fugiendae
2185 626 2217 650 Vl
2234 625 2286 650 626

1644 672 1668 702 1,
1688 670 1703 696 4
1722 685 1757 689 --
1776 670 1869 702 culpae
1888 673 1927 696 est
1945 669 2098 702 superbiae,
2118 669 2243 695 avaritiae
2261 671 2287 695 et

1643 716 1762 742 luxuriae
1780 714 1814 741 ib.
1834 716 1849 740 2
1868 729 1904 733 -
1922 715 2016 747 culpae
2041 716 2102 739 sunt
2126 713 2289 739 abominabi-

1644 761 1694 791 les,
1713 760 1776 793 quia
1795 759 1931 791 turbidae,
1951 758 2123 784 obscurantes
2145 758 2287 789 rationem,

1645 805 1707 838 quia
1730 803 1899 836 immundae,
1924 803 2089 836 inquinantes
2113 803 2289 835 affectionem,

1646 849 1708 882 quia
1733 849 1846 880 steriles,
1872 848 2048 874 exinanientes
2072 848 2195 874 virttitem
2216 846 2250 873 ib.
2273 848 2289 873 3

1645 909 1681 912 —
1700 900 1803 925 poenae
1821 896 1881 919 sunt
1900 891 2052 923 horribiles,
2071 892 2134 925 quia
2161 891 2291 918 obscurae

1647 938 1681 964 ad
1700 937 1862 969 videndum,
1884 943 1990 963 amarae
2013 937 2046 963 ad
2074 936 2235 969 potandum,
2254 937 2291 962 in-

1648 985 1809 1015 temperatae
1828 982 1860 1007 ad
1881 981 2048 1007 sentiendum
2069 980 2103 1007 ib.
2123 981 2138 1006 4
2157 996 2193 999 —
2212 981 2292 1007 maris

1647 1027 1778 1060 significat
1796 1026 1999 1052 amaritudinem
2019 1026 2174 1052 infernalem
2193 1026 2226 1052 Vl
2241 1025 2292 1051 143

1647 1080 1675 1098 ν.
1694 1072 1728 1098 23

1702 1131 1737 1134 -
1756 1116 1862 1142 Domini
1881 1115 1977 1141 virtute
2002 1115 2029 1141 in
2053 1115 2147 1141 vinum
2167 1118 2294 1141 conversa

1650 1164 1689 1188 est
1707 1161 1740 1187 Vl
1769 1161 1821 1186 270
1841 1160 1857 1186 7
1876 1175 1912 1178 —
1931 1160 2061 1192 insipidae
2080 1163 2106 1185 et
2133 1160 2190 1185 sine
2213 1159 2293 1185 nutri-

1651 1208 1739 1231 mento
1756 1211 1904 1231 conversae
1922 1207 1983 1230 sunt
2007 1205 2033 1230 in
2052 1204 2145 1230 vinum
2170 1204 2294 1236 sapidum

1651 1254 1676 1277 et
1694 1250 1842 1276 iucundum
1861 1249 1895 1276 ib.
1916 1250 1949 1274 12
1968 1264 2004 1267 -
2022 1249 2140 1275 Christus
2167 1249 2296 1275 convertit

1652 1302 1749 1328 aquam
1762 1301 1847 1327 prope
1870 1295 1984 1325 Pascha,
2003 1294 2045 1320 vel
2068 1294 2095 1320 in
2120 1294 2163 1320 die
2182 1294 2296 1326 Epipha-

1653 1331 1713 1365 11130
1732 1340 1784 1365 272
1805 1339 1837 1365 14
1850 1354 1886 1357 -
1899 1340 1991 1372 Aquae
2009 1339 2148 1365 conversio
2167 1338 2297 1370 significat

1653 1385 1708 1410 vim
1720 1384 1931 1416 regenerativam
1945 1383 2021 1417 aquis
2039 1383 2168 1415 collatam,
2186 1383 2297 1409 Domino

1654 1428 1785 1461 baptizato
1814 1427 1875 1455 ibid.
1895 1443 1931 1447 —
1950 1435 2079 1454 conversa
2105 1428 2130 1453 in
2155 1427 2247 1453 vinum
2266 1427 2298 1453 si-

1654 1474 1760 1506 gnificat
1785 1474 1852 1499 mala
1881 1473 2036 1505 temperalia
2065 1472 2242 1499 convertenda
2272 1472 2299 1498 in

1654 1518 1724 1545 bona
1748 1518 1792 1544 vu
1819 1517 1869 1544 422
1889 1518 1924 1544 55
1941 1532 1977 1536 -—
2002 1517 2214 1550 compunctionis
2236 1524 2299 1543 con—

1654 1563 1765 1589 vertitur
1784 1563 1809 1588 in
1822 1562 1913 1588 vinum
1928 1562 2076 1588 devotionis
2091 1562 2128 1588 Vt
2145 1561 2191 1588 271
2217 1562 2250 1588 13
2263 1573 2299 1585 -e

1654 1608 1774 1635 Christus
1793 1607 1923 1633 convertit
1934 1614 2018 1641 aquas
2033 1607 2210 1639 lacrymarum
2223 1607 2251 1632 in
2262 1606 2300 1633 vi-

1654 1660 1719 1679 num
1738 1652 1924 1679 consolationis
1943 1651 1995 1678 545
2015 1651 2031 1677 5

1708 1697 1851 1723 -lateris
1878 1696 1973 1724 Christi
1999 1703 2050 1722 nos
2077 1695 2158 1722 abluit
2185 1696 2219 1722 Vl
2248 1696 2300 1722 502

1656 1743 1689 1768 60
1718 1757 1753 1761 -
1781 1741 1869 1768 1310115
1896 1741 1991 1768 Christi
2020 1744 2135 1773 praestat
2162 1741 2300 1767 lavacrum

1657 1788 1704 1813 501
1730 1788 1763 1813 52

1708 1846 1745 1851 -
1776 1832 1802 1857 10
1834 1832 2004 1857 Sacramento
2035 1831 2123 1857 omnia
2156 1831 2226 1856 lavat
2257 1830 2301 1856 Vll

1656 1876 1708 1903 544
1729 1877 1761 1902 16

1710 1936 1745 1939 —
1765 1921 1854 1947 unitur
1872 1920 1934 1946 vino
1953 1920 1979 1946 in
2004 1920 2161 1946 eucharistia
2180 1921 2214 1946 ad
2234 1920 2304 1947 desi-

1658 1967 1791 1998 gnandam
1812 1966 1936 1992 unionem
1951 1966 2043 1998 populi
2062 1972 2123 1991 cum
2143 1965 2246 1992 Christo
2258 1965 2294 1991 Vl

1659 2011 1711 2038 547
1731 2012 1764 2037 28

1711 2056 1807 2086 Acuunt
1826 2070 1862 2073 —
1885 2055 1935 2081 3113
1960 2055 2037 2087 petit,
2061 2055 2169 2083 humilia
2194 2055 2304 2081 derelin-

1658 2102 1728 2136 quit,
1748 2103 1905 2134 longaevam
1924 2102 2005 2127 fertur
2024 2101 2122 2127 habere
2135 2104 2246 2127 aetatem
2262 2101 2304 2127 Vll

1660 2149 1710 2175 448
1731 2149 1765 2175 62
1783 2163 1819 2167 ——-
1838 2148 1917 2174 habet
1935 2149 2026 2174 oculos
2043 2149 2168 2181 limpidos
2187 2149 2202 2174 6
2216 2148 2250 2174 24
2269 2163 2304 2167 —

1659 2194 1746 2226 pullos
1764 2193 1870 2226 excitat,
1889 2196 1918 2219 ut
1936 2200 2042 2219 sursum
2056 2193 2164 2219 tendant
2183 2196 2208 2219 et
2228 2193 2253 2218 in
2266 2200 2305 2219 so-

1660 2238 1711 2264 lem
1731 2237 1860 2270 aspiciant
1877 2240 1904 2263 et
1921 2237 1949 2263 in
1962 2237 2085 2263 sublimia
2099 2237 2187 2264 volent
2205 2237 2258 2263 357
2270 2237 2305 2264 74

1659 2297 1695 2302 —-
1713 2283 1823 2316 Aquilae
1836 2282 1901 2314 pulli
1913 2281 2033 2308 lambunt
2044 2282 2202 2314 sanguinem
2216 2282 2308 2308 matris

1661 2327 1723 2354 ibid.
1737 2327 1788 2353 548
1801 2327 1834 2353 29
1847 2342 1882 2345 -
1896 2327 1962 2353 dura
1981 2329 2021 2353 est
2039 2327 2182 2359 extraneis,
2200 2327 2248 2359 sed
2267 2327 2308 2352 in-

1661 2375 1731 2398 tenta
1750 2371 1934 2404 providentiae
1953 2378 2016 2397 suae
2036 2371 2117 2404 prolis
2135 2371 2197 2400 ibid.
2214 2374 2308 2398 —'est

1661 2418 1746 2450 figura
1766 2418 1822 2443 lesu
1841 2416 1933 2442 Christi
1952 2415 2014 2442 ibid.

1714 2477 1749 2480 —
1768 2461 1865 2488 sentire
1890 2461 2014 2487 dicuntur
2042 2461 2172 2487 cadavera
2192 2461 2236 2487 Vll
2255 2460 2306 2487 447

1661 2508 1695 2533 62
1715 2522 1750 2526 —
1769 2508 1965 2538 congregantur
1978 2505 2012 2531 ad
2030 2512 2117 2531 escam
2132 2512 2180 2538 per
2198 2505 2309 2532 vivacis·

1662 2553 1759 2578 simum
1778 2552 1917 2583 olfactum,
1937 2557 1985 2583 per
2001 2550 2215 2583 limpidissimum
2235 2557 2308 2583 aspe-

1662 2600 1743 2628 ctum,
1756 2595 1952 2622 velocissimum
1966 2598 2068 2621 motum
2086 2599 2112 2620 et
2123 2595 2308 2621 avidissimum

1663 2641 1810 2674 appetitum
1829 2639 1897 2667 ibidf
1910 2655 1946 2659 —
1965 2640 2014 2665 Per
2029 2639 2144 2673 aquilam
2157 2639 2309 2671 intelligitur

1663 2686 1782 2713 doctrina
1796 2688 1822 2711 et
1841 2685 2022 2717 magisterium
2038 2684 2133 2711 Christi
2153 2684 2168 2709 6
2188 2684 2222 2710 24
2235 2699 2271 2702 -
2283 2687 2309 2710 01

1664 2731 1720 2757 0105
1740 2730 1802 2763 pulli
1822 2729 1972 2761 significant
1990 2729 2058 2755 duos
2077 2729 2173 2755 modos
2196 2731 2310 2754 contem-

1663 2775 1753 2808 plandi
1766 2774 1914 2800 secundum
1928 2773 2024 2799 librum
2039 2773 2189 2806 Scripturae
2202 2776 2228 2799 et
2240 2779 2310 2799 crea-

1664 2823 1738 2846 turae
1756 2818 1808 2844 235
1828 2818 1861 2844 59

1717 2864 1810 2893 Aouito
1823 2877 1858 2881 -—
1871 2861 2002 2894 significat
2020 2868 2133 2894 poenam
2154 2862 2308 2887 infernalem

1664 2908 1698 2934 Vl
1718 2908 1751 2933 89
1770 2914 1798 2933 v,
1817 2907 1832 2932 3
1848 2921 1884 2925 —
1900 2906 2031 2938 sig-nificat
2049 2906 2154 2938 culpam
2174 2906 2225 2932 595
2245 2906 2260 2931 3
2273 2920 2308 2924 —

1664 2956 1704 2979 est
1721 2951 1828 2978 tentatio
1848 2950 1977 2977 diabolica
1997 2950 2040 2976 vu
2059 2951 2106 2976 201
2132 2950 2164 2976 44

1719 2997 1807 3023 Amant:
1835 3010 1870 3014 —
1897 2995 2011 3021 insinuat
2041 2995 2208 3027 operationes
2239 2995 2310 3020 vitae

1665 3042 1767 3068 activae
1787 3040 1829 3066 vn
1859 3040 1904 3065 431
1931 3040 1963 3064 18
1982 3054 2017 3058 -
2036 3039 2159 3065 Aratrum
2188 3039 2310 3071 designat

1665 3085 1819 3112 exercitium
1842 3084 1949 3110 divinae
1973 3083 2139 3116 perfectionis
2164 3086 2189 3109 et
2208 3083 2310 3116 praedi-

1665 3129 1774 3157 cationis
1792 3129 1838 3154 251
1865 3128 1915 3153 110

1719 3173 1832 3199 Annona
1854 3187 1889 3190 —
1914 3174 2101 3204 comparantur
2126 3173 2243 3197 humano
2266 3178 2308 3203 ge-

1665 3218 1722 3244 neri
1735 3220 1862 3250 quantum
1873 3216 1907 3242 ad
1920 3220 2016 3247 ortum,
2027 3223 2150 3242 occasum
2160 3219 2186 3241 et
2195 3217 2309 3241 fructum

1666 3263 1710 3288 th
1730 3262 1781 3287 536
1802 3262 1836 3288 50
1859 3275 1889 3279 -
1909 3261 2051 3293 spiritualis
2070 3263 2108 3286 cst
2127 3260 2178 3285 vita
2195 3260 2255 3286 iusti
2275 3260 2309 3285 Vl

1667 3307 1718 3332 205
1738 3314 1763 3331 v.
1783 3306 1798 3331 3
1820 3320 1854 3324 —
1873 3305 2056 3331 discernuntur
2069 3311 2116 3336 per
2135 3306 2248 3330 fructum
2266 3304 2309 3330 Vll

1667 3351 1718 3376 162
1738 3350 1780 3376 99.
1801 3350 1850 3375 163
1869 3350 1919 3375 100
1932 3364 1967 3368 -
1979 3348 2049 3375 bona
2068 3351 2094 3374 et
2115 3348 2182 3374 mala
2201 3350 2241 3374 est
2262 3355 2310 3374 vo-

1665 3395 1751 3420 luntas
1772 3395 1901 3426 humana,
1922 3399 1981 3419 cum
1999 3393 2062 3418 facit
2078 3392 2177 3418 bonum
2196 3392 2237 3417 vel
2257 3398 2310 3417 1113-

1666 3439 1720 3464 1010
1742 3439 1793 3464 162
1807 3438 1841 3463 99
1856 3452 1889 3456 -
1901 3445 1953 3464 000
1967 3437 2063 3463 faciens
2082 3437 2194 3463 fructum
2208 3435 2308 3462 bonum
