2476 3921
156 566 187 588 Do
194 566 256 588 modo
262 571 307 587 eva·

167 593 233 615 dandi
248 593 298 614 tria.

321 253 387 287 liltlt

321 341 435 384 ipsius,
459 343 490 373 et
513 339 709 373 cruciabitur
733 339 805 382 igne
820 343 852 372 et
874 334 1030 381 sulphure
1055 339 1086 371 in
1111 341 1282 381 conspectu

319 394 507 437 Angelorum
539 397 721 426 sanctorum
739 406 769 425 „.
801 406 816 422 «
834 393 870 425 Et
899 392 1047 425 ascendet
1077 391 1185 425 sumus
1216 395 1282 424 tor-

321 452 499 482 mentorum
523 447 555 479 in
579 447 704 480 saecula
726 447 927 480 saeculorum
943 460 974 478 n.

410 501 461 534 53.
477 501 527 533 -Jn
551 500 610 533 illa
633 500 686 533 die
700 501 710 520 ¹
735 499 795 544 qai
815 499 923 542 fuerit
946 499 982 531 in
1006 501 1085 531 lecto
1109 500 1169 531 610.
1194 497 1280 530 Post—

320 563 415 597 quam
449 554 615 596 descripsit
642 553 771 586 modum
806 552 975 595 apparendi
1012 556 1043 585 et
1074 551 1202 584 modum
1227 559 1280 583 ve-

319 607 435 646 niendi,
459 607 510 640 hic
534 606 628 643 tertio
650 606 801 639 describit
816 606 953 638 modum
968 604 1131 638 evadendi
1142 604 1165 636 ².
1182 603 1280 636 Habet

319 665 424 694 autem
448 670 522 703 pars
546 661 604 693 ista
639 664 745 702 partes
776 664 858 698 tres;
883 659 913 692 in
938 667 1077 701 quarum
1100 658 1203 700 prima
1226 657 1280 690 de-

320 714 471 747 scribitur
502 713 663 746 evadendi
695 713 835 751 modam
858 713 889 745 in
925 712 1063 745 secunda
1087 720 1180 750 vero,
1204 720 1279 743 eva-

320 768 468 801 dentium
491 771 617 806 slaluS,
642 767 728 800 ibi³:
755 767 835 799 Dico
869 766 980 798 vobis:
1016 766 1056 798 Ιη
1087 765 1147 798 illa
1170 768 1280 802 nocle;

321 822 352 854 in
378 821 471 854 tertia
493 830 584 860 vero,
608 820 773 853 evasionis
804 819 967 852 terminus
998 819 1064 852 sive
1088 819 1193 857 locus,
1218 818 1278 850 ibi:

322 874 558 917 Respondenles
580 874 697 906 dieunt
718 873 777 906 illi.

412 928 501 961 Circa
523 927 658 960 modum
681 927 842 960 evadendi
864 930 1001 969 quatuor
1016 925 1280 963 introducuntur,

160 991 313 1039 C'ch‘fflfflm
323 982 440 1015 scilicet
456 982 575 1014 modus
590 980 786 1024 effuyiendi,
804 980 922 1013 modus
935 990 997 1022 pei
999 979 1169 1018 iclilandi,
1191 978 1280 1011 ratio

181 1047 297 1098 13313110ιὲ,
319 1033 465 1076 periculi
494 1036 526 1067 et
548 1033 638 1066 ratio
661 1033 807 1065 remedii.

414 1088 465 1120 54.
495 1087 596 1128 (Vers.
623 1087 700 1124 31..)
727 1086 829 1119 Primo
853 1086 948 1128 igitur
973 1089 1127 1128 quantum
1151 1085 1190 1118 ad
1212 1094 1281 1117 mo-

186 1129 305 1175 retania.
325 1141 407 1173 dum
430 1138 608 1183 effuyiencli
625 1139 718 1172 dicit:
735 1139 775 1171 In
791 1138 850 1171 illa
874 1139 925 1171 die
941 1139 1000 1182 qai
1014 1137 1120 1181 fuerit
1135 1139 1171 1171 in
1188 1141 1289 1176 tecto,

326 1203 383 1236 per
406 1202 546 1226 amorem
571 1192 802 1234 spiritualium3
826 1191 909 1224 unde
932 1191 1079 1224 Glossa4:
1108 1204 1124 1219 α
1141 1191 1181 1223 In
1205 1194 1283 1223 lecto

326 1251 373 1280 est
395 1246 461 1289 qui,
485 1246 622 1279 carnalia
645 1244 815 1283 excedens,
839 1245 926 1277 velut
950 1245 980 1277 in
1005 1253 1083 1277 aura
1106 1244 1204 1277 libera
1221 1244 1284 1286 spi-

328 1300 483 1333 ritualiter
509 1299 629 1332 vivit».
654 1299 755 1340 Super
778 1298 838 1330 hoc
862 1301 978 1330 tectum
1002 1298 1094 1330 debet
1116 1297 1285 1330 ascendere

329 1353 525 1396 praedicator
550 1352 706 1390 veritatis,
730 1354 767 1383 ut
789 1351 881 1384 faciat
904 1351 981 1383 illud
1013 1350 1097 1393 quod
1120 1351 1190 1383 aliis
1213 1359 1286 1392 per-

329 1403 468 1445 suadet;>
490 1405 634 1438 Matthaei
669 1405 832 1438 decimo⁵:
863 1418 878 1434 «
894 1405 983 1446 Quod
1007 1405 1039 1437 in
1069 1414 1147 1437 aure
1170 1404 1286 1437 auditis

330 1459 506 1502 praedicate
530 1468 625 1500 super
650 1462 731 1491 tecta
748 1472 777 1490 ».
813 1458 887 1492 Nam
921 1458 1015 1491 Isaiae
1046 1458 1286 1500 quadragesimo

329 1513 462 1547 dicitur:
492 1526 507 1541 «
524 1513 625 1554 Super
649 1516 786 1545 montem
816 1512 977 1544 excelsum
1001 1511 1133 1544 ascende
1157 1515 1207 1551 tu,
1231 1511 1286 1554 qui

330 1567 524 1609 evangelizas
547 1566 619 1598 Sion
637 1579 652 1594 »
681 1569 739 1598 etc.
766 1584 805 1588 —
832 1566 872 1597 Et
894 1575 978 1597 vasa
1005 1566 1076 1597 eius
1106 1566 1142 1597 in
1174 1565 1285 1604 domo,

334 1629 389 1662 per
412 1622 625 1661 contemptum
661 1618 853 1657 carnalium;
877 1618 1023 1651 Glossa⁶:
1054 1631 1069 1647 α
1093 1619 1181 1651 Vasa
1216 1619 1288 1651 eius.

332 1674 368 1706 in
391 1673 487 1705 domo
517 1675 591 1705 sunt
615 1671 884 1713 concupiscentiae
908 1671 1063 1711 carnales,
1095 1681 1174 1714 quas
1199 1672 1288 1720 prius

331 1718 508 1764 amaverat,
532 1725 585 1758 sed
613 1733 751 1766 superna
776 1727 899 1766 petens,
931 1725 963 1756 in
998 1724 1116 1757 mundo
1151 1719 1287 1766 relique—

333 1783 382 1812 rat
401 1792 432 1818 »,
462 1778 635 1811 secundum
666 1777 743 1810 illud
776 1777 894 1819 primae
925 1777 963 1810 ad
997 1778 1288 1811 Thessalonicenses

332 1831 488 1874 quarto⁷:
518 1830 632 1863 «Sciat
661 1830 881 1872 unusquisque
912 1839 967 1863 vas
1001 1839 1094 1878 suum
1130 1831 1301 1872 possidere¹

333 1886 364 1917 in
388 1884 631 1918 sanctificatione
654 1887 685 1916 et
708 1884 828 1916 honore
855 1887 886 1916 et
917 1893 979 1916 non
1010 1884 1042 1916 in
1072 1884 1214 1926 passione
1236 1884 1290 1917 de-

332 1937 455 1976 siderii,
479 1937 561 1970 sicut
584 1939 615 1969 et
637 1940 758 1978 gentes,
791 1945 872 1978 quae
903 1936 1048 1978 ignorant
1079 1937 1177 1970 Deum
1194 1949 1225 1976 »;
1251 1937 1290 1970 116

333 1990 450 2033 quibus
473 1990 568 2023 Isaiae
583 1989 778 2031 sexagesimo
794 1989 919 2031 quinto:
942 2002 958 2018 (ι
973 1989 1146 2022 Comedunt
1163 1998 1291 2022 carnem

332 2044 476 2082 suillam,
511 2047 543 2076 et
577 2043 627 2076 ius
661 2043 827 2085 profanum
862 2043 894 2075 in
933 2043 1015 2075 vasis
1053 2052 1211 2076 eorum».
1246 2061 1291 2066 -—

336 2096 407 2129 Non
420 2096 433 2115 ⁸
457 2088 633 2129 descendat
654 2095 763 2129 tollere
785 2095 860 2134 illa,
883 2105 939 2137 per
968 2096 1085 2138 peccati
1104 2096 1289 2135 recidivum,

335 2150 417 2182 sicut
440 2149 508 2188 ille,
537 2149 575 2181 de
606 2158 670 2190 quo
701 2158 798 2190 supra
831 2148 969 2181 decimo:
999 2149 1127 2182 «Homo
1162 2149 1290 2191 quidam

334 2201 541 2235 descendebat
563 2201 603 2234 ab
627 2201 795 2234 Ierusalem
820 2201 850 2233 in
869 2201 987 2234 iericho
1010 2204 1041 2234 et
1064 2202 1171 2234 incidit
1194 2202 1227 2234 in
1248 2202 1292 2235 la-

335 2258 442 2287 trones
459 2265 489 2293 »3
514 2253 609 2286 Isaiae
632 2253 792 2295 trigesimo
816 2253 931 2295 primo:
961 2265 976 2282 α
993 2253 1072 2286 Vael
1091 2254 1146 2296 qui
1163 2254 1292 2287 descen—

335 2307 415 2339 dunt
445 2306 476 2339 in
508 2307 681 2348 Aegyptum
711 2306 749 2338 ad
784 2306 957 2346 auxilium,
981 2307 1013 2339 in
1048 2307 1138 2349 equis
1162 2316 1292 2349 speran-

337 2364 384 2393 tes
400 2373 415 2388 »
444 2362 502 2392 etc.
530 2360 568 2391 Ει
590 2359 650 2403 qui
664 2360 700 2392 in
716 2369 817 2402 ayro,
834 2369 890 2401 per
905 2360 1093 2393 exercitium
1118 2360 1290 2401 virtutum3

336 2413 487 2446 Glossa⁹z
517 2426 533 2442 α
550 2413 589 2446 ln
619 2422 704 2455 ayro
732 2417 780 2445 est
810 2413 864 2454 qui
898 2416 1049 2455 operatur
1073 2414 1105 2447 in
1137 2414 1290 2454 Ecclesia,

339 2466 481 2508 plantans
504 2469 535 2499 et
558 2466 707 2508 rigans»;
732 2461 973 2499 Proverbiorum
989 2466 1138 2508 vigesimo
1162 2471 1290 2509 quarto:

412 2620 420 2635 ¹
441 2620 493 2647 Cir.
511 2628 591 2653 supra
611 2628 671 2652 pag.
693 2620 758 2651 439,
777 2623 835 2646 nota
856 2622 881 2646 8.
909 2621 1110 2653 Explicationem
1139 2624 1201 2649 vide
1229 2624 1294 2650 infra

341 2673 366 2691 n.
386 2665 428 2690 58.
542 2662 546 2665 ’
992 2665 1002 2680 ²
1023 2667 1089 2692 Vide
1108 2675 1188 2699 supra
1207 2676 1233 2694 n.
1253 2669 1294 2694 41.

412 2707 423 2722 ³
444 2710 517 2734 Vers.
536 2709 582 2740 343
602 2709 674 2734 tertia
694 2716 756 2740 pars
775 2709 865 2741 incipit
884 2717 910 2734 v.
927 2710 969 2735 36.
989 2724 1024 2729 —
1042 2711 1132 2736 Glossa
1152 2711 1296 2738 ordinaria

343 2752 384 2785 (ex
404 2753 482 2784 Beda)
504 2753 528 2778 in
548 2753 609 2778 Luc.
630 2753 676 2783 17,
696 2754 744 2778 31;
765 2754 905 2786 Hucusque
929 2753 962 2778 de
990 2755 1053 2784 hoc,
1078 2756 1149 2787 quod
1170 2763 1296 2787 regnum,

343 2798 370 2823 id
383 2801 422 2823 est
434 2797 559 2829 Christus,
571 2804 625 2823 non
645 2803 707 2823 cum
726 2796 922 2829 observatione,
942 2798 988 2823 sed
1002 2798 1149 2830 insperatus
1161 2800 1297 2833 adveniat;

342 2849 412 2867 nunc
431 2849 444 2866 a
465 2841 586 2874 qualibus
605 2842 661 2873 ipse
680 2842 809 2867 adventus
828 2842 970 2873 exspectari
989 2842 1083 2868 debeat
1101 2844 1254 2870 ostenditur.

413 2885 424 2899 ¹¹
444 2886 545 2912 Scilicet
572 2885 714 2912 ordinaria
738 2886 778 2918 (ex
808 2887 889 2919 Beda,
915 2887 961 2919 qui
985 2888 1103 2919 sequitur
1131 2889 1250 2919 August„
1271 2889 1299 2914 11.

342 2931 392 2964 Qq.
410 2931 574 2962 Evangelior.
593 2938 609 2963 q
640 2930 667 2956 41
675 2930 702 2963 .).
721 2930 771 2956 Csr.
786 2931 915 2963 Ambros.,
929 2932 990 2958 Vlll.
1005 2933 1029 2958 in
1043 2933 1104 2958 Luc.
1118 2940 1140 2958 c.
1162 2933 1204 2958 17.
1218 2940 1242 2958 0.
1256 2933 1297 2958 40.

414 2974 424 2989 ⁶
444 2975 519 3001 Vers.
537 2975 586 3000 27:
602 2978 627 3001 et
646 2975 741 3001 deinde
763 2976 817 3001 lsai.
837 2976 884 3006 40,
904 2977 929 3002 9.

415 3019 426 3034 ⁶
446 3019 705 3051 Nempe-ordinaria
726 3021 766 3052 (ex
787 3021 870 3051 Beda;
890 3022 934 3047 cfr.
955 3022 1074 3054 August,
1094 3023 1143 3048 loc.
1163 3022 1227 3055 cit.).
1244 3036 1249 3050 >

416 3063 425 3078 ⁷
445 3064 518 3090 Vers.
539 3064 563 3090 4.
582 3068 607 3090 et
626 3065 654 3097 5,
673 3065 771 3098 quibus
789 3065 950 3092 subnectitur
969 3067 1025 3092 lsai.
1044 3067 1095 3099 65,
1116 3066 1139 3092 4.

416 3107 427 3122 ⁸
447 3110 480 3134 lla
500 3108 577 3134 etiam
597 3108 717 3135 Ambros.
738 3110 810 3142 (Vlll.
829 3110 855 3135 in
874 3111 936 3136 Luc.
954 3118 978 3136 0.
998 3111 1040 3136 17.
1059 3118 1084 3136 0.
1109 3110 1172 3143 43.),
1191 3086 1307 3143 August.xx

347 3153 385 3184 (11.
406 3153 455 3185 Qq.
474 3153 636 3184 Evangelior.
665 3160 692 3185 q.
720 3153 773 3185 41.)
800 3157 825 3179 et
850 3154 875 3179 S.
895 3154 989 3179 Thom.
1009 3154 1075 3187 (Cat.
1094 3161 1173 3180 aurea
1193 3156 1219 3180 in
1238 3156 1300 3181 Luc.
1339 3181 1343 3189 X

347 3196 389 3221 17.
409 3203 434 3222 n.
456 3196 507 3229 9,);
527 3197 640 3228 Vulgata
659 3200 684 3222 et
703 3198 722 3222 H
744 3197 791 3224 Ne.
809 3211 845 3217 -
863 3198 921 3223 Duo
939 3205 1014 3231 seqq.
1032 3198 1082 3224 loci
1101 3202 1162 3225 sunt
1181 3199 1243 3224 Luc.
1258 3199 1300 3230 10,

346 3241 390 3269 30.
407 3244 433 3266 61
451 3241 507 3266 lsai.
527 3241 574 3272 31,
595 3241 619 3266 1.
637 3255 672 3260 -
690 3240 842 3268 Recidioum
863 3244 902 3267 est
927 3242 1032 3267 iteratus
1058 3242 1160 3274 lapsus;
1185 3243 1230 3268 cfr.
1250 3243 1303 3268 Du-

346 3291 442 3317 06036,
461 3286 619 3311 Glossarium
639 3290 688 3311 etc.

418 3328 430 3344 θ
450 3330 550 3356 Scilicet
578 3329 761 3357 interlinearis
791 3330 947 3363 (secundum
973 3331 1085 3363 Bedam,
1112 3331 1157 3363 qui
1185 3330 1304 3363 sequitur

347 3374 466 3406 August„
487 3375 512 3399 ll.
533 3374 583 3407 Qq.
601 3375 764 3407 Evangelior.
793 3382 819 3408 q.
848 3375 915 3407 42),
933 3375 960 3400 in
979 3383 1031 3408 qna
1051 3375 1189 3407 respicitur
1208 3375 1224 3401 1.
1244 3374 1304 3401 Cor.

347 3418 380 3446 3.
399 3419 429 3444 6:
448 3418 505 3450 Eyo
520 3418 659 3452 plantavi,
680 3418 775 3453 Apollo
794 3418 901 3457 rigavit.
923 3420 947 3445 ln
967 3420 1018 3445 ssne
1037 3419 1144 3445 Glossae
1158 3421 1241 3445 textus
1254 3419 1304 3445 ori-

902 250 1096 283 COMMENT.
1121 250 1158 283 IN
1180 249 1420 283 EVANGELIUM
1444 248 1562 282 LUCAE
1587 248 1619 282 C.
1644 248 1732 281 xvii.

1350 350 1366 366 α
1383 337 1554 379 Diligenter
1578 345 1694 369 exerce
1716 345 1830 378 agrum
1855 339 1958 375 tuum,
1975 339 2012 369 ut
2027 339 2135 379 postea
2157 337 2306 371 aedifices

1344 391 1473 424 domum
1491 394 1577 423 tuam
1592 402 1623 428 ιη
1638 390 1791 423 simililer
1808 399 1874 422 non
1886 390 1998 422 redeat
2017 395 2121 429 retro,
2143 391 2182 423 ad
2209 400 2308 433 opera

1345 443 1512 482 vitiorum,
1537 442 1630 485 quia,
1654 442 1736 476 sicut
1759 442 1875 475 dicitur
1899 451 1997 485 supra
2021 444 2154 483 nouom,
2185 453 2307 477 «nemo

1344 496 1474 529 mittens
1496 505 1625 528 manum
1661 504 1751 528 suam
1776 495 1816 528 ad
1850 498 1995 528 aratrum
2019 500 2051 529 et
2073 497 2228 539 aspiciens
2255 507 2306 530 re-

1344 552 1394 581 tro
1408 562 1423 578 »
1450 551 1510 591 etc.
1535 548 1610 581 Vult
1632 548 1729 590 igitur
1752 548 1875 587 dicere,
1899 549 1985 591 quod
2000 549 2055 591 qui
2073 550 2142 582 vult
2156 550 2242 583 illam
2257 550 2309 583 111-
2337 574 2339 576 .

1344 602 1417 636 dicii
1439 597 1522 634 diem
1547 601 1699 640 evadere,
1716 604 1753 634 ut
1775 610 1836 634 non
1854 606 1981 643 pereat,
1998 602 2198 645 despiciendo
2215 612 2309 636 mun·

1344 655 1425 687 dana
1436 654 1747 697 perseverantissime
1763 655 1869 687 tendat
1888 655 1928 688 ad
1944 658 2083 695 aeterna,
2099 656 2181 689 sicut
2194 656 2309 689 Paulus

1344 712 1376 743 et
1400 707 1532 741 faciebat
1555 711 1587 740 et
1608 707 1732 741 dicebat
1754 707 1793 740 ad
1818 708 2033 750 Philippenses
2056 709 2167 742 tertio:
2189 722 2204 738 α
2221 709 2309 751 Quae

1345 767 1432 795 retro
1448 765 1523 794 sunt
1538 761 1744 800 obliviscens,
1761 761 1801 794 ad
1817 770 1854 795 ea
1869 771 1952 804 quae
1968 766 2042 795 sunt
2059 763 2180 805 priora,
2197 766 2310 796 exten-

1344 815 1422 848 dens
1438 824 1488 848 me
1503 815 1618 857 ipsum,
1634 815 1674 848 ad
1689 815 1881 848 destinatum
1897 825 2084 858 persequor,
2100 816 2139 849 ad
2163 816 2310 850 bravium

1345 877 1502 911 supernae
1526 868 1697 902 vocationis
1719 869 1775 901 Dei
1799 868 1831 901 in
1855 869 1980 902 Christo
2004 870 2074 903 lesu
2090 883 2121 902 n.
2146 869 2229 903 Licet
2252 879 2310 903 au-

1345 926 1407 956 tem
1433 923 1511 955 haec
1534 922 1770 964 perseverantia
1793 922 1833 955 sit
1856 923 2004 956 omnibus
2032 923 2223 963 necessaria,
2243 933 2311 956 ma-

1345 975 1432 1008 xime
1450 980 1564 1014 tamen,
1581 975 1763 1008 imminente
1779 975 1889 1008 futuro
1904 975 2039 1015 iudicio,
2063 976 2190 1019 quando
2213 977 2311 1010 insta-

1346 1029 1426 1062 bunt
1450 1028 1670 1062 tribulationes
1692 1032 1724 1061 et
1746 1029 1847 1062 multa
1870 1030 1952 1062 mala
1982 1030 2129 1072 exempla
2160 1033 2191 1064 et
2214 1030 2313 1064 docu-

1347 1084 1469 1121 inenta;
1499 1081 1645 1114 Matthaei
1670 1082 1821 1125 vigesimo
1844 1086 1959 1125 quarto
1971 1084 2017 1115 1¹:
2041 1084 2202 1126 «Surgent
2218 1093 2314 1127 pseu-

1347 1135 1561 1177 doprophetae
1573 1138 1605 1168 et
1620 1135 1772 1168 seducent
1786 1136 1913 1169 multos.
1930 1136 1964 1168 Et
1976 1137 2126 1179 quoniam
2139 1137 2314 1170 abundabit

1348 1188 1512 1230 iniquitas,
1537 1188 1719 1230 refrigescet
1751 1189 1866 1222 caritas
1896 1189 2090 1229 multorum;
2123 1190 2179 1232 qui
2202 1194 2309 1223 autem

1348 1241 1603 1284 perseveraverit
1625 1250 1728 1284 11511116
1752 1241 1783 1274 111
1808 1241 1903 1275 finem
1917 1255 1933 1271 »
1961 1245 2020 1275 etc.

1441 1297 1493 1328 55.
1519 1295 1621 1337 (Vers.
1654 1294 1731 1335 32).
1757 1295 1901 1328 Secundo
1931 1299 2088 1338 quantum
2111 1295 2150 1329 ad
2174 1296 2311 1329 modum

1346 1349 1581 1392 periclitandi,
1606 1349 1661 1391 qui
1686 1349 1779 1381 debet
1802 1349 1972 1388 declinari,
1996 1349 2177 1392 subiungit:
2195 1347 2315 1383 Menio-

1350 1412 1404 1435 res
1427 1406 1523 1435 estote
1546 1402 1667 1435 uxoris
1690 1403 1767 1441 Lot,
1792 1402 1831 1435 de
1862 1411 1926 1445 qua
1956 1402 2073 1435 dicitur
2104 1403 2232 1437 Genesis
2259 1403 2313 1437 de-

1351 1457 1432 1489 cimo
1457 1466 1539 1489 nono
1554 1457 1595 1488 ¹2:
1626 1469 1641 1485 «
1659 1456 1837 1498 Respiciens
1861 1465 1946 1489 uxor
1971 1456 2027 1489 Lot
2050 1460 2120 1499 post
2148 1466 2199 1497 se,
2223 1466 2316 1490 versa

1353 1514 1400 1543 est
1424 1510 1455 1542 in
1480 1513 1615 1543 statuam
1642 1509 1715 1542 salis
1732 1523 1761 1541 ».
1787 1509 1824 1542 Et
1847 1510 1928 1542 ratio
1953 1509 2049 1543 huius
2065 1514 2130 1549 est,
2147 1511 2223 1553 quia
2239 1520 2314 1544 con-

1350 1566 1402 1596 tra
1426 1563 1610 1596 mandatum
1634 1562 1757 1595 Domini
1781 1563 1872 1602 fecit,
1889 1572 1953 1606 quo
1970 1563 2164 1605 praedicitur
2187 1564 2316 1598 Genesis

1351 1617 1474 1650 decimo
1505 1626 1609 1649 nono:
1639 1616 1736 1649 «Noli
1762 1617 1920 1659 respicere
1951 1620 2021 1659 post
2054 1620 2179 1661 tergum
2203 1621 2315 1658 tuum,

1352 1679 1455 1713 neque
1479 1674 1543 1703 stes
1566 1670 1598 1703 in
1620 1670 1705 1702 omni
1729 1670 1813 1703 circa
1837 1670 1982 1713 regione,
2007 1671 2061 1704 sed
2078 1671 2110 1704 in
2133 1675 2239 1704 monte
2255 1672 2317 1704 sal-

1354 1733 1429 1756 vum
1454 1728 1484 1757 te
1508 1724 1571 1763 fac,
1597 1732 1636 1756 ne
1659 1727 1691 1756 et
1715 1727 1749 1756 tu
1773 1724 1868 1756 simul
1896 1733 2008 1766 pereas
2025 1738 2055 1757 n.
2081 1725 2113 1757 In
2138 1734 2202 1767 quo
2225 1725 2317 1758 intel-

1353 1777 1480 1819 ligitur,
1504 1777 1589 1819 quod
1612 1780 1714 1809 totum
1738 1777 1916 1819 periculum
1953 1778 2065 1811 salutis
2100 1778 2131 1810 10
2156 1778 2318 1811 conversis

1353 1830 1391 1863 ad
1416 1830 1576 1862 Christum
1602 1829 1744 1863 consistit
1767 1830 1798 1862 in
1831 1830 2071 1870 retrocedendo;
2096 1830 2181 1864 unde
2204 1839 2318 1863 secun-

1353 1883 1411 1916 dae
1436 1883 1515 1916 Petri
1541 1883 1679 1916 secundo
1692 1883 1737 1916 1³:
1767 1896 1783 1912 α
1798 1884 1908 1916 Melius
1924 1887 1972 1917 est
1988 1884 2070 1916 viam
2096 1884 2238 1917 veritatis
2254 1893 2316 1917 non

1354 1945 1533 1978 agnoscere,
1547 1945 1642 1978 quam
1656 1940 1725 1978 post
1737 1937 1926 1979 agnitionem
1940 1941 2118 1970 retrorsum
2125 1977 2127 1980 Ι
2135 1938 2275 1971 converti
2284 1951 2317 1970 n.

1356 1989 1391 2022 Et
1408 1989 1559 2022 rationem
1577 1990 1674 2022 huius
1690 1990 1802 2029 reddit,
1819 2000 1891 2023 cum
1908 1991 2134 2033 praemittit¹⁴z
2156 2004 2172 2020 α
2186 1991 2216 2024 Si
2233 1991 2317 2024 enim

1356 2043 1547 2085 refugientes
1570 2043 1840 2085 coinquinationes
1864 2044 1972 2077 mundi
1998 2045 2028 2077 in
2054 2044 2231 2087 cognitione
2254 2045 2316 2077 Do-

1356 2096 1430 2129 mini
1456 2097 1553 2130 nostri
1579 2100 1611 2129 et
1634 2097 1804 2130 Salvatoris
1827 2097 1896 2130 lesu
1912 2097 2049 2137 Christi,
2066 2099 2116 2132 his
2133 2107 2247 2131 rursus
2263 2098 2319 2131 im-

1356 2150 1460 2192 plicati
1486 2154 1697 2192 superantur,
1722 2150 1802 2183 sacta
1818 2154 1892 2183 sunt
1909 2151 1954 2183 eis
1970 2151 2146 2193 posteriora
2161 2151 2320 2184 deterior-a

1356 2202 1517 2245 prioribus
1530 2217 1560 2235 ».
1579 2203 1615 2236 Et
1639 2206 1807 2245 propterea
1821 2203 1860 2236 ad
1883 2203 2121 2237 detestationem
2146 2204 2320 2247 apostasiae

1356 2259 1387 2288 et
1411 2256 1538 2289 recidivi
1563 2259 1594 2289 et
1617 2257 1854 2290 retrocessionis
1875 2257 2027 2290 Dominus
2043 2258 2225 2291 memoriale
2241 2257 2321 2290 illud

1356 2309 1461 2351 posuit
1492 2309 1530 2342 de
1554 2319 1657 2343 uxore
1681 2310 1753 2349 Lot;
1778 2310 1817 2343 de
1840 2320 1904 2353 qua
1934 2310 2109 2352 Sapientiae
2140 2309 2262 2344 decimo
2275 2311 2319 2343 ¹⁵:

1362 2363 1587 2396 «Incredibilis
1617 2364 1739 2397 animae
1772 2364 1922 2396 memoria
1946 2368 2032 2398 stans
2056 2365 2250 2407 figmentum.
2271 2374 2320 2398 sa—

1357 2416 1394 2449 lis
1411 2429 1440 2448 ».
1466 2416 1536 2449 11160
1568 2417 1728 2459 signanter
1758 2417 1851 2450 dicit:
1884 2417 2042 2450 Memor-es
2073 2422 2168 2451 estole
2199 2418 2320 2450 uxoris

1358 2469 1422 2501 Lol.
1447 2469 1523 2501 Nam
1554 2469 1624 2502 ideo
1654 2478 1746 2503 versa
1775 2473 1823 2503 est
1845 2470 1878 2503 in
1909 2474 2047 2504 statuam
2077 2471 2168 2510 salis,
2199 2474 2236 2504 ut
2266 2470 2312 2504 510

1358 2625 1450 2657 ginalis
1469 2625 1557 2651 addit.
1577 2625 1639 2652 Non
1657 2625 1786 2659 respiciat
1802 2633 1876 2659 spem
1890 2626 2069 2659 saecularem,
2088 2626 2134 2653 01ιί
2144 2626 2312 2654 renuntiavit

1358 2682 1394 2687 —
1412 2669 1536 2702 Sequitur
1556 2670 1632 2694 Prov.
1651 2669 1698 2702 24,
1718 2669 1766 2701 27,
1786 2668 1832 2695 ubi
1852 2677 1901 2701 pro
1929 2672 1960 2696 ut
1980 2672 2075 2703 postea
2095 2670 2139 2703 (ita
2160 2671 2238 2696 etiam
2259 2671 2321 2696 Vul-

1359 2713 1429 2744 gata)
1452 2713 1510 2737 Vat.
1529 2719 1590 2737 cum
1610 2712 1729 2744 pluribus
1748 2713 1826 2738 codd.
1846 2715 1870 2739 el
1885 2715 1989 2747 postea.

1432 2755 1454 2770 ¹⁰
1474 2757 1548 2782 Vers.
1568 2757 1609 2781 62.
1630 2771 1663 2775 —
1688 2756 1806 2783 Subinde
1833 2758 1978 2790 allegantur
2006 2759 2071 2784 Phil.
2094 2760 2125 2789 3,
2155 2759 2197 2785 13.
2225 2761 2253 2784 et
2278 2758 2321 2784 14.

1360 2800 1448 2825 Glossa
1469 2799 1611 2826 ordina-ria
1631 2800 1672 2833 (ex
1701 2801 1784 2832 Beda,
1807 2802 1836 2827 V.
1861 2802 1887 2827 in
1912 2802 1975 2828 Luc.
2001 2803 2049 2835 17,
2069 2803 2122 2836 34.)
2142 2803 2170 2828 in
2189 2804 2250 2829 Luc.
2271 2802 2321 2835 17,

1361 2844 1389 2869 31
1405 2853 1411 2869 :
1429 2844 1547 2870 Ostendit
1567 2845 1676 2877 multos,
1696 2846 1755 2878 qui,
1775 2853 1835 2872 cum
1856 2846 1948 2872 faciem
1968 2847 1995 2873 in
2009 2848 2137 2873 anteriora
2151 2847 2275 2883 videntur
2287 2850 2322 2873 te-

1361 2896 1438 2920 nere,
1456 2889 1543 2915 animo
1562 2892 1649 2916 tamen
1669 2894 1738 2916 retro
1757 2891 1909 2923 respiciunt.

1434 2933 1453 2947 ¹¹
1475 2934 1550 2960 Vers.
1570 2935 1659 2960 11-13.

1434 2977 1455 2992 ¹³
1476 2978 1551 3004 vers.
1569 2979 1613 3005 26.
1641 2982 1667 3005 et
1694 2979 1790 3006 deinde
1815 2988 1841 3006 ν.
1870 2981 1918 3013 17,
1945 2980 1990 3006 ubi
2015 2981 2108 3007 codd.:
2135 2981 2174 3008 Ne
2191 2980 2322 3015 respicias

1359 3023 1421 3061 post
1440 3025 1489 3048 etc.
1507 3035 1542 3042 —
1562 3023 1688 3055 Superius
1707 3031 1755 3055 pro
1780 3023 1913 3050 declinari
1931 3024 1994 3058 (CD
2012 3025 2218 3057 determinat-ir)
2240 3025 2260 3050 H
2277 3024 2322 3059 ⁴vi-

1363 3065 1433 3098 tari,
1453 3067 1497 3099 qui
1517 3067 1594 3093 etiam
1614 3068 1722 3094 inferius
1742 3075 1790 3100 pro
1808 3068 1971 3096 mandalum
1989 3069 2100 3096 Domini
2111 3077 2172 3095 cum
2191 3069 2243 3096 CD
2261 3068 2322 3095 sub-

1363 3110 1444 3136 stituit
1462 3110 1624 3137 mandalum
1642 3111 1817 3139 dominicum.

1436 3154 1459 3169 ¹¹³
1480 3155 1554 3180 Vers.
1575 3156 1622 3181 21:
1641 3155 1738 3182 Melius
1756 3156 1827 3182 enim
1846 3158 1906 3184 erat
1924 3156 1979 3184 illis
1997 3164 2052 3184 non
2071 3164 2231 3191 cognoscere
2249 3157 2322 3184 riam

1364 3197 1497 3231 iustitiae,
1519 3206 1602 3233 quam
1621 3203 1670 3226 etc.
1690 3201 1738 3226 Pro
1756 3200 1877 3228 veritatis
1893 3203 1913 3227 Α
1924 3201 1943 3229 C
1962 3201 2078 3234 virtutis,
2099 3207 2125 3228 et
2142 3209 2191 3235 pro
2210 3201 2322 3236 aquilio·

1364 3249 1426 3268 nem
1445 3243 1465 3268 G
1477 3244 1497 3269 H
1516 3243 1653 3277 agnitam,
1673 3244 1692 3270 C
1703 3245 1725 3270 D
1743 3244 1875 3278 aynilum.
2013 3240 2017 3243 ”

1437 3286 1459 3301 ¹⁴
1478 3288 1553 3313 Vers.
1572 3288 1614 3313 20.
1634 3302 1668 3307 —
1682 3288 1813 3320 Ambros„
1833 3290 1894 3315 Vlll.
1911 3290 1936 3316 in
1948 3290 2010 3316 Luc.
2029 3298 2053 3316 c.
2073 3290 2115 3317 ⁴7.
2136 3298 2163 3319 n.
2182 3291 2230 3317 45:
2249 3291 2323 3324 Quae

1366 3330 1442 3365 [uxor
1459 3330 1517 3365 Lot]
1536 3331 1609 3364 ideo,
1628 3332 1689 3365 quia
1709 3330 1822 3364 respexit
1838 3337 1917 3366 retro,
1932 3334 2052 3366 perdidit
2069 3338 2178 3364 naturae
2190 3342 2254 3361 suae
2266 3342 2323 3362 mu-

1366 3373 1518 3407 nussxretro
1537 3376 1607 3401 enim
1627 3379 1742 3408 satanas,
1760 3380 1830 3403 retro
1849 3378 1974 3403 Sodoma.

1437 3418 1459 3434 ²⁶
1477 3419 1554 3456 *Ver‘s.
1572 3419 1599 3445 7·.
1622 3433 1652 3439 -
1671 3420 1798 3452 Superius
1816 3424 1876 3454 post
1893 3421 2044 3455 apostasiae
2063 3423 2120 3449 vat.
2139 3423 2235 3449 omittit
2252 3423 2287 3450 el.

2331 1303 2458 1326 Secundum.

2336 1996 2409 2018 Ratio.
