2476 3921
24 928 133 953 secundo,
144 933 177 949 se-

27 954 119 977 cundum
133 955 178 976 oxi-

27 981 121 1008 gentiam
130 987 180 1003 eon·

26 1007 157 1030 suetudinis.

36 1936 118 1962 Tertio,
140 1942 172 1958 se-

20 1962 112 1984 cundnm
120 1963 173 1984 assi-

18 1989 118 2011 scentiam
127 1990 179 2011 mul-

19 2016 125 2038 titudinis.

778 200 971 234 COMMENT.
998 202 1032 234 ΙΝ
1058 202 1298 235 EVANGELIUM
1323 205 1352 235 S.
1379 204 1496 237 LUCAE
1520 206 1551 238 C.
1578 207 1597 238 l.

197 288 437 330 quadragesimo
460 288 614 330 quinto¹:
644 301 659 317 α
681 288 771 321 Dedit
807 289 849 321 illi
883 289 1035 322 Dominus
1069 290 1156 331 fungi

196 341 370 374 sacerdotio
394 345 425 374 et
442 342 558 375 habere
582 341 725 381 laudem,
749 345 780 375 et
804 342 980 384 glorificare
1005 343 1156 385 populum

197 394 229 427 in
260 395 385 427 nomine
415 395 546 436 ipsius»
575 398 633 428 etc.
661 395 695 428 Et
729 395 819 428 dicit:
849 396 889 428 ln
924 395 1057 434 ordine,
1083 395 1158 437 quia

196 446 274 479 illud
297 447 436 480 maxime
458 447 550 481 debet
575 448 642 481 fieri
667 448 826 488 ordinate;
851 449 970 490 primae
986 448 1025 480 ad
1048 448 1157 481 Corin-

196 500 278 533 thios
301 500 421 533 decimo
444 505 559 543 quarto
573 502 599 533 2:
630 514 645 530 «κ
661 501 772 534 Omnia
790 502 918 534 honeste
935 504 966 534 et
982 501 1155 534 secundum

194 553 336 586 ordinem
363 554 439 586 liant
463 554 493 586 in
519 554 648 587 vobis».
674 555 762 587 Tune
785 557 889 587 autem
910 558 993 586 recte
1010 558 1156 587 servatur

194 605 288 644 ordo,
313 606 438 648 quando
462 616 550 639 mens
578 607 747 639 sacerdotis
770 607 863 649 digne
886 607 1003 640 assistit
1026 616 1155 650 eonspe-

194 658 259 691 ctui
293 658 415 698 divino;
448 662 478 692 et
513 659 581 692 ideo
612 659 704 692 dicit:
741 660 781 692 ln
816 660 950 698 ordine,
981 660 1155 693 secundum

194 711 278 754 quod
312 711 350 745 de
381 712 505 745 Christo
539 712 655 745 dicitur
685 712 724 745 ad
749 713 904 745 Hebraeos
928 722 1010 745 nono
1023 713 1046 752 ³,
1071 714 1155 756 quod

197 764 370 797 «introivit
394 765 425 797 in
449 765 580 804 caelum,
605 769 641 798 ut
676 769 824 807 appareat
853 775 936 798 nunc
969 766 1069 798 vultui
1099 767 1154 799 Dei

193 826 252 859 pro
275 818 364 851 nobiS
378 832 407 850 ».

286 871 334 903 14.
349 871 449 912 (Vers.
465 871 519 913 9.).
538 872 676 904 Insinuat
692 872 785 905 etiam
803 881 871 905 eam
888 872 1024 905 debitam
1042 882 1154 905 secun-

191 923 266 956 dum
291 924 490 966 cxiqeiztiaiii
521 926 787 964 consuetudinis,
813 935 886 959 cum
917 926 1005 959 dicit:
1032 926 1154 959 Secun-

190 976 272 1009 dum
296 977 563 1010 consuetudinem
580 978 761 1011 sacerdotii
775 982 862 1011 sorte
877 979 973 1018 exiit,
991 983 1027 1011 rat
1044 979 1153 1012 inccn-

190 1039 266 1062 sam
286 1035 430 1072 poneret.
456 1031 534 1063 Haec
558 1031 640 1063 enim
673 1032 885 1071 consuetudo,
911 1035 947 1064 ut
970 1042 1032 1064 non
1057 1042 1152 1065 usur-

191 1083 332 1125 patione,
358 1083 411 1116 sed
435 1087 520 1117 sorte
555 1084 604 1117 vel
639 1084 790 1117 electione
821 1085 962 1127 pontifex
988 1085 1150 1125 introiret,

190 1139 237 1169 est
261 1139 364 1175 recta;
388 1137 461 1179 quia
492 1136 608 1169 dicitur
631 1137 671 1170 ad
695 1138 850 1170 Hebraeos
873 1138 1028 1180 quint0⁴z
1059 1151 1074 1166 «
1090 1138 1151 1171 Nec

189 1190 357 1233 quisquam
388 1191 446 1224 sibi
478 1191 575 1223 sumit
606 1191 757 1224 honorem
775 1205 790 1220 »
819 1194 877 1224 etc.
902 1192 1081 1233 Quocontra
1104 1192 1151 1224 di-

188 1243 271 1276 citur
294 1243 333 1276 de
356 1243 431 1276 Ozia
454 1243 581 1276 secundi
607 1244 862 1286 Paralipomenon
879 1245 1028 1287 vigesimo
1044 1248 1149 1284 sexto,

188 1297 273 1339 quod
298 1297 403 1330 volens
427 1297 589 1330 incensum
618 1306 752 1339 ponere,
777 1307 949 1339 percussus
973 1303 1019 1331 est
1044 1299 1148 1340 lepra;

187 1353 218 1383 et
241 1350 294 1382 filii
320 1350 397 1383 Core
414 1350 568 1383 consumti
586 1353 661 1382 sunt
684 1351 772 1392 igne,
797 1351 1008 1383 Numerorum
1028 1352 1149 1384 decimo

187 1406 287 1436 sexto.
312 1403 365 1436 Hic
389 1405 493 1435 autem
518 1406 605 1435 sorte
627 1403 726 1440 exiit;
755 1403 838 1436 unde
867 1403 943 1436 illud
975 1404 1149 1445 Sapientiae

187 1457 296 1490 tertio:
327 1470 342 1485 «ι
359 1456 492 1489 Dabitur
516 1456 599 1489 enim
626 1456 678 1495 ⁴illi
715 1456 785 1489 fidei
817 1456 934 1489 donum
959 1457 1094 1490 electum
1118 1461 1149 1490 et

187 1518 256 1543 sors
278 1509 309 1542 in
335 1509 451 1552 templo
482 1509 537 1542 Dei
569 1509 830 1551 acceptissima».
858 1510 968 1548 Eoeiit,
1001 1510 1147 1552 inquam,

186 1566 222 1594 ut
242 1566 377 1604 poneret
404 1562 593 1601 incensum,
626 1562 799 1605 inpressas
830 1563 867 1595 in
897 1563 1052 1605 {emptam
1085 1564 1149 1596 Do-

186 1615 271 1648 mini
281 1627 293 1653 ;
324 1615 449 1648 Levitici
473 1615 594 1648 decimo
617 1619 724 1649 sexto:
755 1629 770 1644 «
788 1617 933 1649 Assumto
965 1617 1147 1656 thuribulo,

186 1669 336 1702 hauriens
371 1678 467 1701 manu
503 1669 684 1708 incensum„
709 1669 794 1701 ultra
825 1670 929 1702 velum
963 1670 1093 1702 intrabit
1116 1670 1148 1702 in

185 1724 309 1759 sancta,
334 1725 387 1759 ut,
412 1721 521 1763 positis
551 1730 648 1763 super
671 1722 774 1763 ignem
806 1722 1017 1761 aromatibus,
1050 1732 1147 1764 vapor

184 1775 305 1816 operiat
328 1775 510 1814 oraculum,
535 1775 620 1817 quod
651 1779 698 1808 est
730 1784 826 1817 super
859 1776 1091 1815 testimonium,
1117 1780 1148 1810 et

184 1837 248 1860 non
273 1828 427 1861 moriatur
443 1842 474 1860 ».

277 1882 326 1913 15.
352 1882 453 1923 (Vers.
481 1883 555 1923 10.).
573 1882 679 1915 Tertio
696 1882 833 1916 insinuat
849 1892 917 1916 eam
934 1883 1039 1916 debito
1055 1883 1147 1916 modo

184 1934 296 1968 saetam
322 1940 450 1978 propter
466 1936 693 1970 assistentiam
709 1936 946 1976 multitudinis,
964 1946 1036 1970 cum
1053 1937 1145 1970 dicit:

185 1990 226 2021 Et
247 1989 355 2022 omnis
378 1990 555 2023 multitado
577 1991 695 2033 populi
717 1994 789 2023 erat
811 1989 914 2033 soris,
940 2001 1044 2024 orans
1061 1989 1147 2023 liora

185 2043 319 2076 incensi.
345 2042 460 2076 Omnes
495 2043 650 2077 debebant
674 2044 821 2077 assistere
845 2048 876 2077 et
900 2045 1019 2086 pariter
1042 2053 1145 2083 orare,

185 2097 358 2130 seeundum
391 2097 476 2139 quod
510 2097 626 2130 dicitur
661 2099 794 2130 Actuum
820 2098 968 2139 primo⁵:
992 2110 1008 2126 »
1030 2097 1146 2130 Omnes

184 2152 274 2182 erant
297 2153 535 2192 perseverantes
559 2150 751 2182 unanimiter
775 2150 807 2182 in
830 2150 971 2182 oratione
987 2163 1017 2181 ».
1043 2149 1079 2181 Et
1094 2148 1144 2191 fo—

183 2203 234 2235 ris
268 2203 392 2235 stabant
427 2205 556 2244 propter
592 2202 818 2241 reverentiam,
851 2202 1024 2235 secundum
1060 2202 1145 2244 quod

183 2254 234 2289 ille
259 2256 459 2298 publicanus;
485 2256 585 2288 Lucae
608 2255 728 2288 decimo
752 2259 878 2287 octavo:
910 2268 924 2283 <t
941 2255 1144 2294 Publicanus,

183 2318 201 2341 a
225 2309 315 2351 longe
339 2313 441 2347 stans,
466 2318 529 2341 non
560 2308 721 2341 audebat»
751 2312 809 2341 etc.
835 2308 871 2340 Et
895 2308 953 2340 hoc
986 2307 1071 2340 liora
1094 2308 1144 2340 in-

182 2361 286 2399 censi,
310 2361 384 2403 quia
408 2361 460 2393 illa
483 2364 551 2393 erat
576 2361 654 2393 hora
677 2364 766 2402 apta;
791 2360 919 2393 secundi
943 2360 1144 2393 Machabaeo-

183 2423 256 2446 rum
279 2414 398 2455 primo:
430 2427 445 2442 «
460 2413 640 2446 Orationem
658 2413 812 2446 faciehant
827 2422 935 2445 omnes
951 2413 1143 2453 sacerdotes,

182 2466 258 2499 (lum
282 2470 557 2499 consummaretur
582 2466 771 2499 sacrificium
790 2478 820 2505 »;
847 2466 876 2498 in
901 2476 965 2508 quo
988 2467 1143 2509 signitica-

2143 215 2180 245 15

1223 294 1294 329 tur,
1319 292 1403 333 quod
1426 294 1527 326 omnis
1552 299 1658 327 nostra
1673 297 1773 329 oratio
1789 298 1880 330 debet
1897 299 2001 330 offerri
2021 309 2076 340 per
2093 301 2183 332 Chri-

1222 346 1324 382 stum,
1348 344 1402 385 qui
1434 358 1449 372 «
1465 346 1636 379 exauditur
1661 348 1692 380 in
1716 349 1862 382 ominbus
1887 360 1944 391 pro
1961 360 2018 383 sua
2035 361 2182 384 reveren-

1222 395 1264 427 tia
1280 409 1311 434 »,
1336 397 1374 428 ad
1399 398 1553 442 Hebraeos
1577 400 1696 441 quinto.

1314 450 1363 481 10.
1397 451 1498 490 (Vers.
1534 453 1608 492 11.).
1642 455 1813 495 Apparuit
1847 459 1957 487 autem
1990 457 2039 488 itti
2075 459 2180 499 Anae-

1221 500 1273 533 las
1297 505 1355 534 etc.
1385 503 1536 545 Tangitur
1573 505 1622 537 hic
1658 507 1795 539 secundo
1830 509 2001 549 apparitio
2036 510 2182 542 caelestis

1220 556 1350 594 nuntii,
1375 560 1405 589 et
1430 557 1488 589 hoc
1513 561 1548 589 ut
1571 559 1785 598 venerabilis,
1805 564 1839 592 ut
1862 562 2075 594 admirabili-s
2099 567 2130 595 et
2148 567 2181 595 ut

1221 608 1388 641 terribilis.
1413 629 1458 633 —
1480 610 1664 643 Ostenditur
1687 616 1792 645 autem
1817 614 2013 646 venerabilis
2035 615 2068 647 in
2093 616 2181 653 situ,-

1221 665 1350 703 propter
1374 663 1457 704 quod
1481 663 1572 696 dicit:
1607 666 1777 707 Apparuit
1809 673 1919 699 autem
1956 668 2004 700 itti
2036 670 2182 711 Amyclas

1221 714 1371 753 Domini,
1396 719 1490 748 stans
1507 726 1529 749 a
1543 717 1679 750 dextris
1695 719 1817 751 altari-s
1833 720 1972 759 incensi,
1991 722 2043 763 qui
2063 722 2179 754 scilicet

1219 771 1288 799 erat
1322 768 1410 801 locus
1442 779 1571 811 magnae
1607 773 1818 811 reverentiae;
1853 774 1952 812 unde,
1978 775 2100 806 Levitiri
2126 775 2179 807 ‹le-

1219 820 1343 860 cimo⁶‚
1369 822 1522 855 interfecti
1556 828 1630 856 sunt
1661 824 1766 857 Nadab
1798 830 1828 858 et
1852 827 1929 858 Abiu
1963 832 2090 869 propter
2123 829 2179 860 loci

1219 873 1475 914 irreverentiam;
1500 880 1531 909 et
1555 877 1658 909 statim
1684 878 1848 910 subditur:
1871 892 1886 907 «
1904 880 2126 912 sanctificabor
2149 881 2178 913 in

1219 925 1268 958 liis
1292 928 1346 968 qui
1370 928 1625 971 appropinquant
1649 931 1725 963 mihi
1744 945 1772 963 υ.
1800 932 1834 964 tit
1858 942 1880 963 a
1903 933 2029 964 dextris
2053 933 2178 971 stabat,

1218 983 1254 1011 ut
1285 980 1493 1022 significetur,
1526 983 1609 1024 quod
1642 983 1680 1016 de
1715 985 1901 1018 caelestibus
1937 986 2058 1018 civibus
2093 991 2178 1026 erat;

1217 1033 1459 1067 proverbiorum
1486 1036 1596 1068 tertio:
1627 1050 1641 1064 «
1660 1038 1832 1079 Longitudo
1855 1038 1977 1071 dierum
1997 1040 2027 1071 in
2049 1040 2180 1073 dextera

1216 1086 1284 1119 eius
1299 1099 1331 1125 »;
1355 1091 1386 1120 et
1411 1088 1441 1120 in
1468 1088 1603 1122 Psalmo:
1627 1103 1641 1117 α
1659 1090 1745 1122 Dixit
1762 1091 1912 1124 Dominus
1936 1092 2067 1124 Domino
2092 1102 2177 1125 meo:

1214 1139 1291 1172 Sede
1314 1150 1332 1172 a
1347 1140 1470 1174 dextris
1495 1143 1571 1175 meis
1588 1156 1617 1174 ».
1645 1143 1680 1176 Et
1703 1144 1772 1176 ideo
1796 1144 1924 1183 stabat,
1950 1155 2009 1178 non
2035 1146 2177 1186 sedebat,

1215 1196 1252 1225 ut
1274 1194 1468 1233 ostendatur,
1494 1196 1577 1237 quod
1602 1197 1732 1229 nuntius
1756 1202 1840 1236 erat;
1867 1199 1949 1231 unde
1974 1199 2053 1231 infra
2084 1199 2175 1232 dicit:

1218 1258 1234 1274 α
1251 1246 1312 1288 Ego
1336 1256 1406 1279 sum
1430 1247 1572 1287 Gabriel,
1597 1250 1651 1291 qui
1674 1250 1785 1283 assisto
1809 1254 1881 1283 ante
1905 1252 2005 1284 Deum
2022 1266 2051 1283 ».

1307 1301 1356 1331 17.
1383 1300 1483 1339 (Vers.
1513 1302 1586 1342 12).
1605 1302 1787 1335 Ostenditur
1804 1304 2016 1336 admirabilis
2034 1305 2068 1337 in
2083 1315 2176 1347 aspe-

1214 1355 1289 1389 cta;
1313 1355 1344 1384 et
1368 1356 1535 1394 propterea
1557 1353 1648 1386 dicit:
1675 1356 1720 1387 Ec.
1738 1355 1928 1388 Zacharias
1953 1357 2107 1389 turbatus
2130 1362 2176 1390 cst

1213 1404 1338 1442 videns,
1351 1405 1468 1437 seilicet
1480 1415 1521 1438 ex
1534 1406 1754 1447 admiratione;
1771 1409 1880 1441 Esther
1893 1409 2013 1442 decimo
2025 1410 2135 1451 quinto
2149 1411 2175 1442 ⁷:

1218 1469 1234 1485 α
1252 1456 1319 1489 Vidi
1345 1460 1389 1495 te,
1414 1457 1556 1497 domine,
1581 1459 1670 1500 quasi
1696 1461 1846 1502 Angelum
1873 1461 1941 1499 Dei,
1959 1466 1988 1494 et
2015 1463 2177 1495 turbatum

1213 1514 1260 1543 est
1284 1519 1339 1543 cor
1363 1520 1468 1544 meum
1493 1521 1568 1553 prae
1593 1513 1707 1545 timore
1731 1514 1848 1555 gloriae
1874 1518 1954 1547 tuae.
1983 1515 2077 1548 Valde
2094 1516 2176 1548 enim

1213 1573 1247 1597 es
1263 1564 1429 1604 mirabilis,
1447 1565 1588 1603 domine,
1613 1570 1644 1598 et
1660 1566 1754 1600 facies
1772 1571 1825 1599 tua
1842 1568 1933 1609 plena
1956 1569 2130 1610 gratiarum
2145 1584 2175 1600 ».

1213 1619 1363 1660 Aspectus
1387 1627 1523 1661 namque
1539 1620 1700 1661 angelicus
1716 1621 1896 1654 carnalibus
1911 1622 2103 1655 admirabilis
2120 1627 2176 1661 est,

1213 1671 1288 1713 quia
1311 1671 1473 1711 insolitus,
1499 1672 1582 1705 unde
1606 1674 1741 1715 Angelus
1757 1674 1795 1707 ad
1812 1675 1941 1714 Manue,
1968 1676 2106 1708 ludicum
2124 1676 2176 1709 de

1213 1725 1294 1757 cimo
1319 1725 1428 1757 tertio:
1459 1738 1475 1753 (τ
1491 1726 1555 1758 Cur
1578 1727 1706 1768 quaeris
1730 1736 1842 1760 nomen
1872 1737 1995 1767 meum,
2020 1729 2104 1771 quod
2129 1734 2175 1762 est

1212 1778 1355 1813 mirabile
1372 1782 1407 1810 »?

1304 1832 1354 1863 18.
1379 1832 1562 1864 Ostenditur
1599 1833 1757 1866 terribilis
1785 1844 1825 1866 ea:
1860 1844 2002 1867 occursu
2012 1847 2024 1873 ,·
2047 1840 2077 1868 et
2103 1846 2175 1877 pro-

1211 1887 1320 1926 pterea
1342 1884 1434 1917 dicit:
1462 1886 1499 1917 Et
1535 1885 1634 1917 tim-or
1670 1886 1774 1919 irruit
1808 1897 1910 1929 saper
1934 1898 2027 1927 eam,
2055 1890 2083 1921 in
2110 1899 2173 1931 quo

1211 1937 1405 1979 significatur
1441 1938 1638 1970 vehementia
1673 1939 1812 1978 timoris,
1838 1940 1919 1973 sicut
1955 1942 2089 1974 Danielis
2120 1942 2174 1975 de-

1211 1990 1292 2022 cimo
1305 1989 1336 2022 ⁸:
1356 2003 1372 2018 «
1390 1990 1455 2023 Vidi
1473 1994 1579 2023 autem
1596 2000 1652 2033 ego
1669 1991 1776 2025 Daniel
1795 1993 1881 2026 solus
1898 1994 2057 2027 visionem.
2077 1995 2172 2028 Porro

1211 2043 1287 2082 viri,
1312 2043 1367 2085 qui
1398 2046 1488 2075 erant
1519 2052 1662 2083 mecum,
1688 2054 1748 2077 non
1782 2046 1946 2085 viderunt,
1979 2047 2033 2080 sed
2070 2053 2172 2081 terror

1210 2096 1327 2128 nimius
1351 2096 1446 2128 irruit
1469 2105 1565 2139 super
1590 2107 1661 2137 eos,
1678 2101 1709 2131 et
1725 2098 1875 2141 sugerunt
1891 2100 1923 2132 in
1939 2101 2171 2139 absconditum

1210 2158 1267 2191 ego
1291 2153 1396 2181 autem
1414 2150 1544 2183 relictus
1560 2151 1646 2184 solus
1663 2151 1725 2184 vidi
1743 2152 1892 2185 visionem
1909 2154 2058 2195 grandem
2078 2155 2171 2193 hanc,

1209 2205 1240 2234 et
1264 2211 1325 2234 non
1360 2203 1511 2236 remansit
1546 2203 1577 2235 in
1606 2213 1656 2237 me
1691 2204 1888 2238 fortitudo».
1925 2206 2031 2239 Adhuc
2066 2208 2170 2248 Angeli

1210 2255 1367 2288 terribiles
1383 2256 1590 2298 apparebant,
1608 2257 1682 2299 quia
1699 2258 1836 2291 nondum
1855 2263 1943 2291 erant
1960 2259 2048 2292 nobis
2063 2269 2170 2292 recon-

1209 2309 1320 2348 ciliati;
1346 2309 1429 2342 unde
1454 2311 1634 2352 superiores
1657 2311 1746 2344 nobis
1770 2316 1859 2344 erant
1883 2317 1913 2344 et
1938 2316 1973 2344 ut
1990 2313 2169 2354 superiores

1208 2363 1411 2404 apparebant,
1428 2367 1458 2396 et
1475 2363 1543 2396 ideo
1557 2364 1700 2397 timorem
1719 2365 1927 2404 incutiebant;
1946 2366 2125 2398 Ambrosius
2139 2366 2168 2398 ⁹:

1214 2428 1229 2443 «
1246 2416 1388 2448 Solemus
1413 2416 1532 2448 turbari
1558 2420 1588 2449 et
1611 2426 1630 2448 a
1646 2425 1740 2450 sensu
1758 2422 1865 2449 nostro
1881 2418 2027 2456 alienari,
2045 2418 2169 2460 quando

1208 2469 1470 2510 praestringimur
1494 2470 1667 2511 superioris
1691 2471 1852 2511 potestatis
1875 2479 2055 2503 occursu».

254 2647 262 2662 ¹
285 2649 359 2674 vers.
380 2650 420 2674 Ἰ19.
440 2663 476 2669 —-—
496 2650 692 2682 Theophylact.,
722 2650 747 2676 in
776 2651 838 2676 Luc.
860 2651 887 2682 1,
908 2651 936 2676 8:
963 2651 1062 2678 Coram
1091 2652 1144 2677 Deo

183 2693 274 2719 mundi
302 2694 350 2719 soli
377 2693 527 2721 sacerdotio
546 2694 717 2728 sanquntur,
744 2694 778 2720 ab
807 2695 918 2727 impuris
943 2699 1031 2721 autem
1051 2696 1145 2721 avertit

182 2738 251 2764 Deus
269 2739 362 2764 faciem
380 2746 465 2765 suam.

253 2781 263 2796 ²
283 2783 359 2809 vers.
378 2783 421 2809 40.
977 2783 987 2798 ²³
1008 2786 1082 2811 Yers.
1102 2785 1144 2810 24.

253 2825 264 2840 ¹
284 2828 360 2854 Veis.
382 2828 407 2853 li.
424 2842 461 2847 —
479 2829 596 2861 Quatuor
615 2835 690 2862 seqq.
710 2829 759 2855 loci
779 2832 839 2854 sunt
858 2830 884 2855 ll.
905 2829 1014 2861 Paralip.
1035 2829 1143 2861 26,1te;

183 2871 259 2896 Num.
280 2872 327 2904 116,
348 2872 396 2903 35;
411 2873 471 2904 Sap.
486 2873 516 2905 3,
532 2873 574 2899 14.
590 2876 615 2898 et
628 2874 690 2899 Lev.
711 2874 754 2905 l6,
771 2874 813 2899 112.
826 2880 881 2906 seq.
896 2887 930 2892 —
944 2874 1029 2904 Beda,
1043 2874 1068 2898 in
1081 2874 1143 2899 Luc.

184 2914 212 2944 t,
232 2915 262 2940 9:
287 2924 299 2938 α
312 2915 367 2941 Non
386 2923 455 2942 nova
476 2923 548 2942 nunc
572 2920 641 2943 sorte
665 2917 747 2943 lectus
766 2920 817 2948 est,
837 2924 898 2943 cum
919 2917 1056 2943 incensum
1075 2919 1144 2942 esset

181 2958 355 2991 adolendum,
375 2960 421 2986 sed
441 2961 526 2993 prisca
546 2964 607 2987 tunc
625 2964 694 2988 sorte
713 2962 889 2994 praeelectus,
914 2969 974 2987 cum
1000 2962 1143 2993 primovex

181 3003 275 3028 ordine
293 3004 334 3030 sui
353 3005 519 3036 pontificatus
538 3006 564 3032 iu
584 3007 670 3032 vicem
689 3006 754 3032 Abia
774 3007 966 3033 succederet».
988 3006 1142 3032 Zachariam

183 3047 260 3073 fuisse
279 3055 413 3074 summum
433 3050 598 3083 pontificem,
618 3051 713 3077 docent
731 3051 810 3077 etiarn
829 3050 950 3076 Ambros.
965 3054 990 3076 et
1002 3051 1143 3083 Theophy-

182 3091 249 3122 lact„
268 3092 294 3117 in
314 3093 382 3118 hunc.
400 3094 460 3124 loc„
489 3101 536 3120 uec
562 3102 614 3120 non
643 3096 763 3127 August„
792 3096 815 3120 in
836 3096 905 3121 loau.
930 3096 1028 3127 Evang.
1049 3098 1080 3120 tr.
1100 3094 1142 3120 49.

182 3142 209 3161 u.
228 3136 276 3167 27;
304 3136 345 3162 alii
364 3140 471 3163 econtra
491 3139 597 3170 volunt,
618 3139 705 3171 ipsum
729 3139 807 3165 fuisse
836 3139 1000 3165 sacerdotem
1025 3146 1144 3165 commu-

182 3186 258 3212 nem,
277 3180 390 3214 ideoque
409 3182 450 3207 hie
470 3182 521 3208 dici
539 3184 611 3209 sorte
630 3183 713 3217 exiit,·
732 3191 853 3210 summus
872 3184 941 3210 enim
962 3184 1073 3216 pontifex
1087 3187 1143 3210 erat

181 3229 266 3258 extra,
286 3226 366 3252 immo
386 3234 466 3259 supra
491 3234 598 3253 omnem
618 3232 731 3259 sortem,
751 3236 782 3254 ac
800 3229 1024 3262 quandocumque
1038 3228 1142 3254 volebat

184 3269 345 3296 ministrabat
363 3271 470 3303 templo.
489 3271 540 3298 Ct‘r.
559 3273 691 3304 Lyranus,
710 3273 734 3298 in
755 3274 825 3299 hunc
844 3273 891 3299 loc.
920 3281 922 3283 ’

253 3314 264 3329 ’“
285 3315 358 3342 vers.
381 3316 421 3342 14.
435 3331 469 3335 -
482 3317 634 3350 Sequuntur
647 3319 710 3344 Luc.
724 3319 773 3350 18,
787 3318 834 3350 13;
848 3319 875 3345 11.
889 3318 1006 3344 Machab.
1021 3319 1045 3350 1,
1060 3319 1102 3345 23.
1117 3322 1142 3345 et

182 3359 260 3386 Hebr.
281 3360 311 3392 5,
330 3360 356 3386 7.
368 3374 405 3380 —
424 3361 550 3394 Superius
569 3362 630 3388 voci
648 3361 774 3389 assistere
793 3363 851 3389 Vat.
871 3364 991 3396 praefigit
1011 3363 1140 3398 offerenti.

1280 2650 1291 2665 ⁶
1311 2652 1386 2677 Vers.
1405 2653 1430 2677 2.
1452 2655 1476 2677 et
1497 2653 1522 2677 3.
1541 2665 1576 2670 —
1595 2651 1711 2677 Subinde
1737 2652 1880 2688 allegantur
1910 2654 1984 2678 Prov.
2006 2653 2035 2684 3,
2061 2654 2106 2683 16;
2128 2654 2167 2679 Ps.

1210 2697 1274 2727 409,
1298 2697 1318 2721 l.
1337 2699 1362 2721 et
1381 2696 1442 2721 Luc.
1465 2696 1492 2729 1,
1515 2696 1555 2721 19.
1574 2709 1609 2716 —-
1628 2695 1757 2727 Ambros„
1777 2698 1792 2722 l.
1809 2697 1833 2722 in
1854 2698 1914 2722 Luc.
1929 2705 1954 2722 n.
1970 2691 2168 2731 282'Appurni!

1208 2742 1299 2767 autem
1317 2747 1335 2766 a
1353 2740 1457 2767 destris
1485 2740 1582 2767 altaris
1611 2740 1724 2771 incensi,
1745 2740 1805 2774 quia
1826 2742 1931 2767 divinae
1952 2742 2051 2774 insigne
2071 2743 2167 2768 miseri-

1209 2785 1314 2811 cordiae
1334 2784 1479 2816 deserebat3
1500 2785 1631 2812 Dominus
1651 2786 1720 2811 enim
1740 2793 1755 2811 a
1775 2785 1878 2812 destris
1898 2788 1937 2812 est
1955 2786 2034 2818 mihi,
2054 2794 2086 2813 ne
2100 2794 2167 2814 com·

1208 2836 1318 2856 movear
1339 2828 1390 2863 [Ps.
1413 2829 1460 2861 115,
1481 2829 1528 2863 8.]‚
1548 2833 1572 2855 et
1591 2829 1651 2855 alibi
1671 2829 1724 2864 [ΡΞ.
1749 2831 1809 2861 120,
1830 2829 1880 2864 5.]:
1896 2830 2026 2857 Dominus
2037 2831 2166 2864 protectio

1208 2876 1255 2901 tna
1274 2881 1355 2908 saper
1375 2881 1488 2900 manum
1507 2873 1620 2900 destrae
1639 2876 1711 2900 tuae.
1729 2875 1812 2907 Atque
1834 2875 1931 2900 utinam
1958 2875 2033 2901 nobis
2058 2883 2166 2908 quoque

1208 2918 1373 2945 adolentibus
1392 2918 1494 2949 altaria,
1520 2918 1676 2944 sacrificium
1703 2918 1880 2944 deserentibus
1909 2919 2010 2944 assistat
2035 2920 2165 2951 Angelus,

1208 2964 1289 2988 immo
1309 2962 1433 2995 praebeat
1452 2970 1479 2988 se
1498 2963 1642 2988 videndum
1662 2966 1711 2988 etc.
1730 2962 1780 2989 Csr.
1801 2963 1883 2993 Beda,
1903 2963 1927 2988 in
1948 2964 2017 2988 hunc
2037 2964 2084 2989 loc.

1279 3005 1288 3020 ⁷
1311 3007 1382 3032 Vers.
1405 3007 1446 3032 16.
1465 3014 1519 3040 seq.
1539 3020 1573 3025 --
1594 3007 1716 3040 Sequitur
1736 3007 1814 3032 ludic.
1841 3007 1882 3038 13,
1905 3007 1945 3032 ts.

1279 3050 1289 3065 Β
1311 3052 1383 3077 Vcrs.
1403 3051 1429 3076 7.
1447 3058 1504 3084 seq.

1278 3094 1289 3109 ⁹
1308 3095 1376 3121 Libr.
1397 3096 1412 3121 Ι.
1433 3096 1460 3120 in
1479 3097 1540 3121 Luc.
1554 3103 1577 3121 n.
1598 3096 1646 3121 28:
1670 3094 1880 3120 «perturbamur
1900 3095 1969 3120 enim
1989 3100 2014 3121 et
2040 3103 2054 3120 a
2076 3101 2164 3122 nostro

1206 3142 1349 3166 alienamur
1368 3141 1473 3171 affectu,
1488 3140 1594 3173 quando
1608 3140 1826 3172 praestringimur
1840 3140 1949 3166 alicuius
1963 3141 2106 3172 supcrIoris
2121 3148 2164 3172 po-

1206 3185 1304 3212 testatis
1322 3192 1468 3210 occursu».
1488 3185 1537 3210 Pro
1555 3191 1636 3211 sensu
1656 3184 1733 3209 etiam
1754 3184 1775 3209 11
1795 3183 1900 3217 affectu,
1915 3188 1939 3210 et
1955 3192 2003 3216 pro
2017 3185 2164 3218 praestrin-

1206 3229 1298 3264 9imnr
1317 3230 1337 3255 ll
1353 3228 1582 3263 perstrinqimur,
1603 3229 1645 3254 alii
1664 3228 1740 3254 codd.
1755 3228 1977 3262 oonstrinqimur.
1991 3229 2163 3260 —Superius

1206 3281 1254 3307 pro
1274 3273 1381 3305 Adhuc,
1401 3273 1488 3306 quod,
1508 3276 1572 3299 teste
1591 3273 1736 3303 Forcellini,
1756 3273 1867 3299 sumitur
1882 3273 2013 3298 interdum
2027 3280 2075 3305 pro
2086 3280 2163 3307 proe-

1207 3321 1292 3349 terea,
1314 3318 1370 3343 Vat.
1391 3316 1433 3344 Ad
1450 3317 1525 3344 haec.

2215 468 2326 494 Apparitio

2201 495 2276 520 Augen
2297 498 2333 515 tri-

2199 521 2282 546 pliciter
2297 522 2333 542 de-

2224 550 2309 573 scripta.

2202 625 2227 646 lle
2244 632 2329 655 seriem-

2237 652 2293 673 bill».

2196 1316 2221 1337 L't
2236 1315 2328 1336 admira-

2236 1342 2291 1362 bilis.

2195 1844 2221 1866 U
2236 1845 2322 1866 terribi-

2241 1872 2274 1892 lis.
