2476 3921
34 761 114 789 Duplex

14 788 139 816 exemplum.

0 1613 29 1636 issi
45 1614 83 1644 lex⁴
94 1613 144 1641 vigi-

42 1643 106 1662 antia.

744 239 938 272 COMMENT.
964 239 1000 272 lN
1026 238 1264 272 EVANGELIUM
1289 239 1407 272 LUCAE
1432 240 1463 272 C.
1488 240 1563 272 xxi.

161 328 400 371 quadragesimo
423 331 532 361 octavo
546 329 575 360 ¹:
605 340 620 357 «
638 328 736 360 Pavor
761 330 792 360 et
815 327 903 360 fovea
926 331 957 360 et
988 328 1121 370 laqueus

161 390 257 423 super
281 384 325 420 te,
349 390 368 413 o
385 381 540 414 habitator
564 380 652 413 Moab
668 393 700 419 n,
717 389 774 422 per
790 389 883 422 quem
901 380 1028 422 quidem
1044 389 1120 412 car-

160 433 253 466 nales
268 434 502 476 intelliguntur,
520 433 573 475 qui
599 442 696 475 super
713 437 830 466 terram
848 433 971 472 sedent,
996 433 1034 466 de
1050 433 1120 475 qui-

160 486 221 528 bus
244 486 276 519 in
293 486 412 519 Psalmo
425 487 452 518 2:
479 499 494 515 «
511 486 664 528 Quoniam
682 486 847 519 humiliata
870 486 965 519 estin
989 486 1121 528 pulvere

160 539 264 572 anima
287 543 408 579 nostra,
433 539 667 581 conglutinatus
690 543 738 572 est
761 539 792 572 in
817 543 903 572 terra
931 543 1041 572 venter
1065 548 1120 571 no-

161 595 225 625 ster
242 604 277 630 »;
303 592 471 638 Ezechielis
503 592 652 635 vigesimo
683 596 795 626 sexto:
826 606 841 621 «
859 593 891 625 ln
924 595 1009 625 terra
1033 592 1121 625 sede-

160 645 256 684 bunt,
281 649 313 678 et
342 645 465 678 attoniti
489 654 585 687 super
617 646 781 688 repentino
813 655 888 679 casu
917 649 990 685 tuo,
1022 645 1120 678 admi-

159 699 318 732 rabuntur
341 712 372 731 n.
405 699 449 731 De
474 699 533 732 hoc
567 702 673 732 autem
705 699 810 741 posuit
842 699 994 732 Dominus
1023 708 1121 741 supra

159 751 279 785 decimo
302 752 460 794 septimos
484 752 604 794 duplex
628 752 810 794 exemplum
824 779 831 791 ,
856 752 974 785 scilicet
996 752 1035 785 do
1055 752 1121 784 die-

159 804 219 837 bus
241 805 304 838 Noe
335 808 367 838 et
400 805 439 838 de
473 805 585 838 diebus
620 806 692 844 L0t;
717 805 792 848 quia
824 805 917 847 primi
955 806 1121 847 perierunt

159 858 299 898 dilavio,
323 859 450 892 secundi
484 859 642 891 incendio.
670 859 703 892 El
735 859 774 892 de
807 859 922 892 talibus
955 860 1007 892 lob
1035 860 1120 902 vige-

158 912 237 945 simo
261 912 378 954 primo:
408 925 422 940 α
441 912 559 945 Domus
583 921 694 945 eorum
719 921 851 945 securae
875 916 950 946 sunt
973 917 1004 946 et
1028 922 1120 955 paca-

159 968 208 998 tae
225 978 255 997 ».
285 978 300 994 «
317 965 437 998 Tenent
461 969 645 1007 tympanum
670 969 701 998 et
730 966 885 999 citharam
917 970 948 999 et
983 967 1120 1009 gaudent

157 1018 196 1052 ad
212 1018 356 1056 ¹sonitum
381 1018 509 1060 organi,
532 1018 654 1052 ducunt
677 1019 709 1051 in
734 1019 823 1052 bonis
845 1019 912 1053 dies
935 1029 1010 1054 suos
1033 1023 1064 1053 et
1088 1021 1118 1053 in

157 1075 275 1114 puncto
298 1071 337 1105 ad
360 1072 482 1105 inferna
504 1072 745 1105 descendunt».

237 1125 300 1157 58.
325 1125 426 1166 (Vers.
452 1125 530 1165 36.).
554 1125 659 1158 Tertio
683 1129 838 1168 quantum
862 1126 899 1159 ad
926 1127 1120 1169 persuasio·

2 1186 137 1217 Persuaaetur
156 1188 229 1211 nem
250 1178 418 1220 propositi
432 1178 613 1221 subiungit:
639 1178 775 1221 Viyilate
790 1179 1028 1223 itaquesomni
1043 1183 1119 1212 tem-

0 1215 140 1262 fflgffiffffl'
153 1233 262 1274 pore4
285 1236 429 1264 orantes.
455 1232 684 1265 Attendenslum
710 1236 758 1265 est
781 1236 906 1272 autem,
923 1233 1007 1275 quod
1025 1233 1119 1265 simul

156 1285 258 1328 iungit
281 1285 494 1328 viyilantia‘tn
510 1289 541 1318 et
557 1285 752 1318 orationem.
770 1286 845 1318 Nam
862 1286 1003 1328 vz‘9ilare
1026 1296 1119 1328 opor-

157 1342 202 1372 tet
225 1342 334 1372 contra
368 1337 489 1371 hostem
521 1339 761 1378 extrinsecum,
790 1339 908 1372 scilicet
938 1339 1117 1379 diabolum;

157 1392 277 1435 primae
310 1393 390 1426 Petri
420 1393 576 1426 ultim05:
607 1393 740 1426 «Sohrii
773 1396 872 1426 estote
907 1396 938 1426 et
974 1393 1117 1435 vigilate,

157 1447 232 1489 quia
261 1446 463 1480 adversarius
498 1450 603 1480 vester
633 1447 809 1480 diabolus»
837 1450 912 1486 etc.;
945 1450 977 1480 et
1008 1450 1119 1480 contra

157 1499 390 1539 domesticum,
423 1500 541 1533 scilicet
572 1509 719 1539 carnem;
752 1504 782 1533 et
811 1500 880 1533 ideo
913 1500 1116 1533 Ecclesiastici

157 1551 318 1595 trigesimo
341 1552 461 1594 primo:
491 1566 506 1581 (ι
523 1553 635 1595 Vigilia
659 1553 832 1586 honestatis
863 1552 1026 1586 tabefaciet
1049 1562 1118 1586 car—

158 1615 214 1639 nes
231 1619 261 1638 ».
294 1606 438 1648 VifJilare
460 1610 586 1648 oportet
616 1606 655 1639 ad
677 1605 865 1649 profectum
888 1606 1044 1645 virtatis;
1070 1616 1119 1640 se-

157 1658 278 1691 cundae
301 1659 339 1691 acl
363 1659 542 1692 Corinthios
565 1659 700 1692 sextoss:
722 1672 738 1688 «
754 1659 787 1692 In
804 1659 952 1692 omnihus
967 1660 1119 1693 exhibea-

157 1721 227 1745 mus
251 1713 457 1755 nosmetipsos
480 1713 565 1746 sicut*
585 1713 638 1746 Dei
656 1713 817 1746 ministros
833 1713 863 1746 in
881 1714 981 1746 multa
997 1714 1118 1756 patien-

155 1765 211 1805 tia,
236 1765 266 1798 in
292 1766 405 1808 vigiliis
430 1766 538 1799 multis
554 1780 569 1795 »
599 1770 657 1799 etc.
676 1785 717 1790 —
742 1766 887 1809 Vigyilare
910 1771 1034 1809 oportet
1061 1776 1118 1810 per

154 1819 357 1852 desideriam
389 1819 692 1862 contemplaciorzis;
724 1820 924 1853 Canticorum
960 1821 1116 1863 quinto⁷:

159 1885 174 1900 α
193 1872 254 1915 Ego
277 1872 416 1912 dormio,
441 1876 472 1906 et
496 1882 550 1905 cor
580 1882 686 1906 meum
719 1873 825 1916 vigilat
842 1886 873 1913 »;
898 1878 930 1907 et
954 1874 1048 1907 Isaiae
1072 1875 1118 1907 vi-

154 1925 273 1968 gesimo
304 1929 413 1959 sexto:
443 1939 457 1955 «
477 1926 584 1959 Anima
615 1935 684 1960 mea
715 1926 904 1960 desideravit
936 1932 966 1961 te
998 1928 1029 1960 in
1062 1938 1118 1961 no-

154 1981 204 2012 cte
219 1992 236 2009 ι»
265 1983 324 2012 etc.
349 1979 386 2012 Et
401 1979 550 2022 quoniam
567 1989 625 2013 nec
641 1989 812 2022 possumus
828 1979 934 2014 hostes
950 1982 1118 2014 revincere

152 2041 211 2065 nec
234 2032 270 2065 in
294 2031 376 2065 bono
396 2032 559 2075 proficere
589 2042 647 2066 nec
679 2034 918 2067 consolationes
948 2044 1117 2077 supernas

153 2084 272 2119 habere
295 2085 355 2119 nisi
378 2095 436 2129 per
459 2086 577 2119 donum
601 2087 721 2129 gratiae
736 2087 877 2127 divinae,
900 2088 970 2121 ideo
993 2091 1117 2130 oportet

153 2149 271 2178 orare;
294 2142 325 2173 et
348 2143 516 2182 propterea
540 2140 686 2174 Matthaei
704 2140 856 2183 vigesimo
873 2140 1009 2174 sextoS:
1036 2141 1118 2174 «Vi-

152 2192 247 2235 gilate
270 2195 302 2226 et
324 2196 430 2233 orate,
454 2196 490 2226 ut
514 2202 576 2226 non
600 2192 725 2226 intretis
748 2193 780 2226 in
813 2190 1015 2226 tentationem
1029 2206 1060 2233 »ς
1085 2197 1117 2227 et

154 2245 360 2279 Ecclesiastici
382 2246 545 2289 trigesimo
570 2254 671 2279 nono:
700 2260 715 2275 «
734 2247 838 2279 Iustus
862 2255 916 2279 cor
940 2249 1034 2279 suum
1052 2249 1117 2279 tra-

152 2299 205 2333 det
239 2299 279 2332 ad
314 2299 507 2342 vigilandum
542 2299 710 2333 diluculo»
740 2303 798 2333 etc.
833 2319 875 2323 -—
908 2299 988 2341 Quia
1018 2299 1116 2342 igitur

152 2356 278 2396 oportet
309 2353 439 2395 vigilare
472 2356 602 2395 propter
634 2353 885 2386 declinationem
915 2352 1014 2391 mali,
1047 2352 1116 2385 ideo

152 2406 254 2439 addit:
285 2406 325 2439 Ut
340 2406 437 2449 digni
459 2405 652 2439 habeamini
673 2405 790 2449 fayore
806 2406 873 2439 ista
889 2406 1015 2445 omnia,
1031 2415 1117 2449 qnae

151 2458 275 2502 futura
290 2465 387 2499 sunt,
405 2460 579 2493 secundum
596 2460 672 2492 illud
690 2459 834 2492 Matthaei
853 2459 1004 2501 vigesimo
1020 2468 1116 2501 quar-

224 2696 233 2711 ¹
254 2697 329 2723 Vei-s.
349 2696 390 2723 43.
409 2711 445 2716 -
464 2697 554 2723 Glossa
582 2696 782 2724 interlinearis:
814 2698 956 2732 Tanquam
984 2697 1112 2732 laqueus,

153 2740 300 2773 insperatus
318 2744 344 2767 et
362 2744 490 2774 perpetuo
514 2741 628 2768 retinens
647 2742 721 2776 quod
743 2743 825 2768 semel
850 2743 964 2775 ceperit,
987 2749 1114 2777 superve-

151 2784 206 2811 niet
224 2784 252 2811 in
271 2792 378 2818 omnes,
399 2785 447 2820 qui
463 2785 553 2813 sedent
571 2793 654 2820 super
673 2786 770 2821 faeiem
788 2787 878 2814 omnis
891 2788 995 2820 terrae,
1015 2786 1114 2820 quibus

152 2830 255 2862 placent
274 2830 412 2856 illecebrae
431 2830 509 2857 huius
528 2831 630 2857 mundi.
649 2831 702 2858 Clr.
722 2832 912 2867 Theophylact.
931 2832 956 2858 in
976 2832 1046 2857 hunc
1065 2832 1114 2858 loc.

224 2873 234 2889 ²
253 2875 347 2901 Psalm.
368 2875 414 2908 43,
436 2876 484 2907 25,
503 2879 563 2908 post
581 2883 662 2910 quem
683 2877 774 2902 Ezecli.
793 2877 841 2908 26,
861 2877 904 2902 16.

225 2917 236 2933 ³
255 2919 330 2945 Vers.
350 2920 440 2945 26-29.
462 2920 518 2954 (cfr.
537 2921 603 2946 Gen.
621 2920 651 2953 7,
670 2920 695 2946 7.
715 2924 741 2947 ct
756 2921 798 2954 19,
822 2921 886 2955 25.).
905 2934 941 2940 -
960 2921 1113 2954 Sequuntur

106 2971 110 2973 ’
151 2962 197 2989 101)
217 2963 309 2995 2¹‚‹9.
328 2967 354 2990 et
377 2965 415 2990 19..
435 2972 492 2998 seq.

223 3006 234 3021 ¹
257 3017 270 3031 ιι
284 3008 341 3034 Non
359 3008 521 3042 quibusdam
547 3010 626 3036 certis
651 3009 746 3037 diebus
765 3011 806 3037 vel
826 3011 899 3037 horis
911 3021 937 3042 n,
957 3013 985 3037 ut
1003 3010 1114 3043 explicat

151 3052 243 3078 Glossa
262 3051 446 3080 interlinearis
467 3054 508 3088 (ex
527 3054 619 3088 Beda).
912 3047 916 3050 ⁶

223 3094 234 3110 ⁶
252 3096 327 3123 Vers.
348 3097 372 3123 8.
390 3111 426 3117 —
445 3097 562 3125 Subinde
580 3100 727 3132 allegantur
745 3100 822 3126 Eccli.
842 3100 890 3131 31,
915 3101 934 3125 l.

224 3139 235 3155 ⁰
254 3141 329 3167 Vers.
351 3141 375 3168 4.
394 3149 449 3176 seq.
469 3156 505 3162 —
524 3143 573 3169 Pro
589 3144 744 3178 profectam
771 3144 881 3172 virtutis
902 3145 959 3171 Vat.
975 3143 1114 3178 perfectio·

151 3191 213 3211 nem
230 3184 347 3212 virtutis.

224 3227 234 3243 ⁷
252 3229 329 3255 Vers.
347 3230 378 3262 2,
398 3230 440 3256 cui
459 3230 625 3257 subnectitur
643 3232 702 3258 lsai.
721 3233 764 3264 26,
784 3233 809 3258 9.

222 3271 233 3287 ⁸
253 3273 329 3299 Vers.
348 3273 391 3300 41.
410 3277 436 3301 et
453 3275 517 3301 dein
535 3276 613 3302 Eccli.
632 3276 681 3307 39,
701 3277 727 3302 6.
937 3289 939 3291 >

222 3315 234 3331 ⁹
254 3317 327 3344 Vers.
348 3318 390 3344 20.
411 3333 445 3356 ᾗ
464 3320 588 3353 Sequitur
612 3320 653 3346 ΡΒ.
675 3320 740 3352 142,
760 3321 784 3346 l.
803 3334 839 3340 —
859 3321 987 3354 Superius
1005 3327 1054 3353 pro
1074 3320 1114 3347 cle-

152 3359 324 3388 clinationem
342 3361 411 3388 mali
429 3363 486 3389 vat.
507 3362 709 3390 inclinationem
728 3363 803 3391 mali.

223 3404 246 3420 ¹⁰
265 3405 367 3433 Scilicet
384 3406 578 3435 interlinearis.
600 3408 789 3441 Theophylact.
808 3409 835 3435 in
861 3410 931 3436 hunc
950 3410 1013 3436 loc.:
1033 3409 1114 3442 Opor-

2081 245 2143 277 '539

1185 327 1260 360 t09:
1291 327 1417 360 «Orate
1441 331 1564 367 autem,
1591 338 1629 361 ne
1653 330 1707 362 fiat
1738 330 1812 372 fuga
1844 335 1947 363 vestra
1979 333 2008 364 iu
2043 334 2144 366 hieme

1184 380 1234 413 vel
1258 380 1392 413 Sabbato
1409 394 1439 412 12.
1466 381 1501 413 Et
1534 382 1591 414 hoc
1622 383 1732 415 orabat
1765 384 1918 425 Propheta
1951 385 1979 417 in
2007 386 2142 419 Psalmo:

1189 446 1205 462 «
1222 433 1371 472 Domine,
1396 434 1512 466 exaudi
1536 435 1708 468 orationem
1734 445 1852 475 meam,
1870 438 2002 470 auribus
2019 440 2144 481 percipe

1184 486 1432 520 obsecrationem
1456 496 1557 520 meam
1574 501 1588 516 2>
1612 491 1669 520 etc.
1689 506 1730 512 --
1747 489 1877 531 Oportet
1902 491 2031 532 vigilare
2051 493 2143 525 etiam

1185 543 1315 582 propter
1347 540 1553 583 adeptionem
1585 541 1678 580 boni,
1704 546 1735 574 et
1759 543 1826 576 ideo
1858 544 1960 576 addit:
1989 546 2025 576 Et
2053 551 2144 578 stare

1183 597 1260 625 ante
1283 593 1408 626 Filium
1432 593 1594 633 ltoniinis,·
1618 595 1725 628 Glossa
1738 596 1780 628 ¹⁰:
1812 609 1826 625 α
1844 597 1921 629 llaec
1945 602 1993 630 cst
2017 608 2141 631 sumina

1184 646 1396 686 beatitudinis,
1411 647 1441 679 in
1455 648 1631 689 praesentia
1643 648 1754 681 iudicis
1771 658 1918 682 securum
1933 651 2102 683 consistere
2115 665 2143 690 ος

1186 699 1237 732 lob
1262 699 1411 742 vigesimo
1436 700 1545 733 tertio:
1576 714 1591 729 «
1608 702 1684 743 Quis
1704 702 1783 736 mihi
1811 703 1945 742 tribuat,
1972 708 2006 736 ut
2031 713 2144 746 cogno-

1185 762 1268 786 scam
1292 756 1323 785 et
1353 753 1508 786 inveniam
1534 754 1621 802 illum
1647 758 1678 787 et
1695 756 1815 787 veniam
1842 765 1943 798 usque.
1967 757 2005 789 ad
2030 758 2143 790 solium

1184 806 1253 839 eius
1271 810 1308 839 »2
1331 806 1368 839 Et
1391 807 1460 840 ideo
1481 808 1679 850 Apocalypsis
1703 809 1853 850 septimo:
1884 823 1899 838 «
1918 810 1949 842 lli
1975 814 2066 849 sunt,
2091 812 2145 853 qui

1185 863 1341 893 venerunt
1356 860 1394 893 de
1412 860 1614 894 tribulatione
1630 870 1742 903 magna
1758 866 1788 895 et
1806 863 1950 895 laverunt
1967 864 2060 897 stolas
2073 874 2146 898 snas

1184 913 1214 946 in
1232 914 1384 955 sanguine
1400 914 1485 956 Agni.
1505 914 1574 947 ldeo
1591 918 1665 947 sunt
1681 919 1754 948 ante
1772 916 1922 948 thronum
1946 917 2000 949 Dei
2025 921 2056 950 et
2080 927 2146 950 ser-

1185 967 1275 1000 viunt
1291 967 1317 999 ei
1335 967 1384 1000 die
1400 976 1436 1000 ac
1454 971 1544 1000 nocte
1560 968 1591 1000 in
1610 969 1725 1010 templo
1749 969 1860 1001 eius».
1888 970 1922 1002 Et
1947 971 1996 1003 hic
2021 980 2146 1013 semper

1184 1023 1232 1053 est
1255 1020 1428 1059 orandum;
1454 1021 1537 1054 unde
1555 1022 1584 1054 in
1611 1022 1731 1055 Psalmo
1746 1024 1789 1055 ¹¹:
1812 1036 1826 1051 α
1841 1023 1942 1056 Sitivit
1957 1025 2060 1057 anima
2076 1034 2145 1058 mea

1183 1073 1222 1106 ad
1239 1074 1355 1112 Deum,
1380 1073 1496 1106 fontem
1522 1074 1647 1114 vivum;
1679 1075 1805 1117 quando
1835 1076 1955 1109 veniam
1988 1081 2018 1110 et
2049 1087 2144 1120 appa-

1184 1125 1261 1159 rebo
1283 1130 1356 1159 ante
1380 1126 1488 1159 faciem
1517 1127 1568 1160 Dei
1587 1130 1616 1160 »!

1273 1180 1326 1212 59.
1360 1180 1461 1221 (Vers.
1487 1180 1564 1221 37.).
1590 1181 1709 1223 Quarto
1737 1187 1891 1224 quantum
1924 1184 1962 1216 ad
1993 1184 2144 1217 introdu-

1183 1233 1319 1266 ctionem
1344 1233 1484 1276 exempli
1518 1234 1740 1277 subiungitur:
1768 1237 1851 1268 Erat
1886 1241 1996 1269 autem
2031 1234 2145 1270 (liebus

1183 1288 1300 1320 doeens
1324 1287 1360 1320 in
1384 1288 1515 1330 templo,
1541 1291 1577 1320 ut
1601 1289 1733 1331 vigilans
1749 1290 1831 1322 circa
1848 1291 2041 1323 eoeercitiam
2062 1292 2144 1324 acti-

1182 1351 1258 1380 vae,
1283 1344 1319 1374 ut
1342 1341 1525 1383 exemplum
1550 1342 1640 1375 daret
1663 1342 1701 1375 ad
1719 1343 1907 1375 exercitium
1925 1344 2055 1377 actionis
2073 1354 2144 1387 pei·-

1182 1394 1280 1427 fectae
1296 1420 1303 1433 ,
1339 1394 1512 1427 secundum
1554 1395 1630 1427 illud
1670 1396 1826 1429 secundae
1865 1397 1902 1428 ad
1944 1398 2142 1431 Timotheum

1182 1451 1297 1489 quarto
1311 1448 1356 1479 ¹²:
1387 1460 1401 1475 «
1421 1447 1565 1480 Praedica
1586 1448 1738 1487 verbum,
1765 1449 1844 1481 insta
1868 1454 2062 1491 opportune,
2087 1451 2144 1483 im-

1182 1504 1318 1542 portune
1336 1514 1351 1529 ³>
1380 1504 1457 1539 etc.;
1482 1505 1513 1533 et
1538 1501 1653 1533 iterum
1680 1501 1812 1534 ibidem:
1842 1503 1918 1535 «Tu
1942 1513 2017 1536 vero
2041 1504 2144 1546 vigila,

1183 1553 1214 1586 in
1238 1553 1386 1586 omnibus
1410 1553 1518 1586 labora
1536 1568 1550 1582 »
1579 1558 1637 1587 etc.
1664 1573 1705 1578 —
1733 1554 1889 1588 Noctibus
1913 1566 1989 1589 vero
2018 1558 2143 1596 exiens,

1183 1606 1383 1640 morabatur
1414 1607 1450 1640 in
1473 1612 1598 1646 monte,
1635 1608 1694 1649 qui
1716 1613 1857 1641 vocetur
1883 1609 2016 1649 Oliveti,
2032 1614 2077 1647 fut
2102 1611 2146 1642 vi-

1182 1660 1283 1702 gilans
1314 1660 1397 1693 circa
1421 1661 1525 1693 otiam
1550 1661 1838 1704 contemplativae,
1871 1662 2045 1695 secuudum
2069 1664 2146 1696 illud

1182 1714 1383 1747 Threnorum
1400 1713 1538 1747 seeundo
1552 1715 1595 1746 ¹³:
1618 1727 1632 1743 α
1650 1714 1810 1757 Consurge
1828 1716 1859 1748 in
1877 1720 1985 1755 nocte,
2010 1717 2041 1749 in
2060 1718 2146 1759 prin-

1183 1767 1264 1809 cipio
1288 1767 1484 1809 vigiliarum,
1509 1767 1634 1801 effunde
1659 1768 1740 1801 sicut
1768 1777 1882 1811 aquam
1915 1778 1970 1802 cor
2005 1774 2095 1803 tuum
2114 1783 2144 1802 n.

1184 1821 1220 1854 Et
1243 1830 1285 1854 ex
1310 1821 1360 1854 his
1383 1821 1509 1854 duobus
1540 1822 1722 1864 exemplum
1755 1823 1849 1855 dabat
1881 1824 2036 1865 perfectae
2069 1825 2145 1867 vigi-

1182 1875 1296 1907 lantiae
1320 1875 1351 1907 in
1376 1875 1478 1907 activa
1512 1879 1543 1908 et
1567 1876 1808 1918 contemplativa
1832 1877 1954 1909 cunctis
1979 1878 2145 1919 praelatis,

1183 1928 1359 1961 secundum
1383 1928 1459 1960 illud
1484 1928 1685 1961 Canticorum
1711 1929 1861 1962 terti014:
1892 1944 1907 1959 «
1926 1931 1967 1962 Eu
1994 1931 2143 1964 lectulum

1182 1981 1355 2014 Salomonis
1384 1981 1528 2014 ambiunt
1563 1982 1727 2024 sexaginta
1761 1983 1859 2016 fortes
1890 1992 1931 2016 ex
1963 1983 2143 2017 fortissimis

1183 2034 1294 2073 lsrael,
1319 2043 1429 2067 omnes
1462 2038 1603 2068 tenentes
1634 2035 1753 2077 gladios
1788 2040 1819 2069 et
1850 2036 1889 2069 ad
1920 2037 2001 2069 bella
2032 2037 2144 2071 doctis·

1181 2087 1296 2126 simi»;
1321 2090 1352 2120 et
1376 2087 1470 2120 Isaiae
1494 2088 1644 2130 vigesimo
1669 2088 1789 2130 primo:
1819 2086 1952 2132 «Super
1984 2091 2143 2132 speculam

1181 2140 1303 2173 Domini
1328 2150 1385 2183 ego
1409 2150 1498 2180 sum,
1523 2144 1609 2174 stans
1640 2141 1755 2184 iugiter
1780 2152 1836 2185 per
1859 2143 1959 2183 diem,
1985 2148 2016 2177 et
2047 2153 2143 2187 super

1181 2194 1354 2227 custodiam
1386 2203 1486 2227 meam
1519 2203 1576 2237 ego
1600 2204 1691 2234 sum,
1724 2199 1809 2229 stans
1841 2197 1914 2230 totis
1950 2198 2141 2231 noctibus».

1272 2247 1323 2279 60.
1350 2246 1450 2287 (Vers.
1477 2247 1554 2288 38.).
1580 2248 1617 2280 Et
1640 2248 1716 2290 quia
1745 2249 1816 2282 talis
1847 2250 2006 2292 praelatus
2030 2256 2061 2284 et
2086 2252 2143 2285 do-

1183 2303 1252 2333 ctor
1276 2299 1410 2333 libenter
1433 2300 1576 2340 auditur,
1601 2301 1671 2334 ideo
1694 2302 1816 2335 subdit;
1846 2304 1883 2336 El
1908 2305 2016 2336 omnis
2036 2315 2142 2347 papu-

1181 2353 1234 2385 las·
1257 2353 1453 2386 manicabat
1465 2354 1491 2374 ¹⁵
1515 2355 1561 2387 acl
1584 2365 1659 2387 eum
1677 2356 1712 2388 in
1730 2356 1864 2398 templo,
1890 2358 2011 2390 audire
2036 2358 2141 2397 illum,

1180 2409 1217 2438 ut
1252 2406 1385 2448 vigilans
1419 2406 1459 2439 ad
1493 2407 1707 2450 disciplinam,
1745 2410 1918 2443 secundum
1953 2411 2028 2444 illud
2071 2412 2143 2444 Pro-

1181 2459 1365 2492 verbiorum
1394 2463 1526 2493 octavo:
1556 2461 1646 2503 «Qui
1672 2471 1763 2494 mane
1794 2463 1992 2505 vigilaverint
2022 2464 2060 2497 ad
2093 2474 2142 2498 me

1177 2701 1213 2724 tet
1231 2698 1331 2735 igitur,
1345 2698 1519 2725 Christianum
1533 2706 1587 2725 non
1600 2700 1685 2725 solum
1706 2701 1798 2732 fugere
1816 2707 1923 2733 aspera,
1936 2701 1983 2727 sed
1996 2705 2022 2727 et
2035 2708 2141 2732 curare,

1178 2745 1207 2769 ut
1225 2743 1336 2775 gloriam
1356 2743 1475 2775 accipiat.
1500 2744 1624 2776 Angelica
1652 2744 1721 2770 enim
1751 2745 1865 2777 dignitas
1893 2749 1932 2771 est
1959 2749 2027 2771 stare
2052 2753 2141 2771 coram

1178 2788 1241 2814 Filio
1261 2788 1375 2814 hominis
1398 2791 1423 2813 et
1451 2788 1505 2814 Deo
1533 2791 1631 2814 nostro.
1659 2788 1758 2823 Anyeli
1775 2789 1846 2822 etus,
1867 2789 1951 2823 inquit
1970 2789 2072 2824 [Manli.
2097 2791 2140 2820 18,

1179 2830 1249 2866 10.],
1267 2839 1373 2866 semper
1393 2831 1482 2859 vident
1499 2832 1597 2866 faciem
1616 2832 1707 2860 Patris
1727 2833 1787 2860 mei.
1802 2848 1836 2852 —
1850 2834 1906 2860 Duo
1926 2841 2001 2867 seqq.
2020 2835 2068 2860 loci
2082 2838 2143 2860 sunt

1174 2876 1224 2903 -lob
1243 2878 1291 2908 23,
1310 2878 1335 2903 3.
1355 2880 1381 2903 et
1399 2878 1481 2909 Apoc.
1501 2877 1533 2908 7,
1555 2876 1597 2903 14.
1617 2884 1672 2910 seq.

1250 2921 1271 2936 ¹¹
1291 2922 1384 2947 Psalm.
1405 2921 1433 2947 41
1446 2940 1453 2952 ,
1473 2921 1503 2952 3,
1523 2921 1556 2947 de
1575 2928 1629 2954 quo
1648 2923 1695 2948 cfr.
1714 2929 1794 2954 supra
1814 2929 1876 2954 pag.
1896 2923 1957 2953 370,
1975 2925 2035 2948 nota
2061 2923 2098 2947 12.

1250 2965 1272 2981 ¹⁵³
1292 2966 1366 2992 Vers.
1387 2966 1412 2991 2.
1432 2968 1457 2991 et
1476 2965 1573 2991 deinde
1592 2973 1618 2991 v.
1638 2966 1664 2991 5.

1250 3009 1272 3025 ¹³
1292 3010 1367 3036 Vers.
1388 3010 1430 3035 19.
1442 3023 1478 3029 -
1497 3009 1586 3035 Glossa
1606 3008 1749 3036 ordinaria
1769 3009 1810 3043 (ex
1823 3010 1905 3043 Beda)
1920 3010 1946 3035 in
1959 3011 2021 3036 Luc.
2036 3011 2078 3041 21,
2093 3010 2139 3035 37:

1179 3054 1255 3088 Quod
1275 3053 1357 3080 verbo
1377 3054 1468 3079 docuit
1486 3054 1605 3085 exemplo
1625 3054 1724 3079 astruit.
1745 3055 1795 3087 Qui
1819 3058 1879 3080 ante
1904 3055 2053 3080 universale
2077 3054 2141 3080 iudi-

1178 3099 1248 3125 cium
1268 3102 1293 3124 et
1311 3099 1476 3130 singulorum
1495 3098 1624 3131 incertum
1644 3098 1740 3124 exitum
1761 3098 1941 3130 voluptatibus
1960 3102 1986 3124 et
2004 3098 2075 3124 curis
2087 3105 2141 3124 sae-

1178 3143 1230 3169 culi
1248 3143 1398 3169 renuntiare
1416 3145 1442 3168 et
1460 3142 1570 3174 vigilare
1590 3142 1692 3168 monuit
1704 3145 1736 3173 *ct
1754 3149 1843 3174 orare,
1857 3142 1914 3174 ipse
1927 3142 2080 3168 imminente
2093 3149 2140 3168 sua

1178 3188 1301 3221 passione
1320 3187 1469 3219 doctrinae,
1490 3186 1587 3218 vIgiliis
1606 3185 1784 3219 precibusque
1802 3186 1881 3212 instat
1899 3190 1948 3212 etc.

1250 3231 1273 3246 ¹⁴
1292 3231 1366 3257 Vcrs.
1386 3231 1411 3256 7.
1430 3237 1495 3263 seq„
1515 3234 1575 3262 post
1594 3237 1673 3263 quom
1695 3231 1751 3255 lsai.
1771 3230 1819 3260 21,
1840 3231 1865 3255 8.

1250 3274 1273 3290 ¹⁶
1292 3275 1369 3302 Card.
1388 3276 1465 3307 Ilugo
1485 3277 1510 3300 et
1533 3276 1652 3306 Lyrauus
1679 3281 1759 3300 mane
1788 3273 1860 3306 ibat‚·
1888 3274 2001 3301 subinde
2020 3279 2080 3307 post
2104 3275 2141 3301 ad

1178 3327 1241 3347 eam
1259 3319 1278 3346 C
1290 3319 1374 3345 DGH
1394 3318 1483 3352 (etiam
1503 3319 1530 3344 B.
1551 3318 1658 3351 Albert.)
1679 3318 1779 3345 addunt
1798 3318 1905 3352 venire,·
1925 3326 1973 3351 pro
1993 3319 2021 3346 in
2040 3319 2139 3354 templo

1179 3365 1200 3390 G
1219 3364 1248 3391 in
1267 3363 1405 3398 templum,
1424 3366 1450 3389 et
1477 3370 1527 3395 pro
1554 3362 1634 3389 illum
1654 3362 1699 3396 (ita
1719 3363 1797 3389 ctiam
1817 3364 1845 3389 B.
1865 3363 1976 3396 Albert.)
1997 3364 2056 3390 Yat.
2076 3371 2137 3390 cum

1178 3409 1292 3442 Vulgata
1311 3415 1383 3435 eum.
1401 3421 1437 3427 —
1456 3408 1579 3441 Sequitur
1599 3408 1675 3433 Prov.
1695 3408 1724 3439 8,
1749 3408 1788 3433 l7.

2167 1194 2309 1215 introducitur

2175 1221 2296 1247 exemplum

2190 1248 2285 1269 exercitii

2192 1275 2281 1296 activae.

2165 1568 2192 1589 Et
2208 1569 2246 1590 otii
2261 1575 2311 1590 eon-

2166 1596 2309 1623 templatime.

2167 1836 2296 1858 Notandum.

2176 2262 2268 2292 Etlectus

2161 2291 2282 2316 utriusque.
