2476 3921
44 1062 147 1086 Tertium.

8 2219 145 2257 ¹Similitudo

7 2270 9 2273 ⁴
30 2262 106 2289 triplex
121 2262 144 2283 in

6 2294 9 2310 ι
32 2288 137 2316 exemplo.

71 2341 149 2363 Prima.

744 218 940 251 COMMENT.
964 218 1001 250 IN
1025 217 1264 250 EVANGELIUM
1288 217 1406 250 LUCAE
1429 217 1461 250 C.
1488 218 1574 250 XVII.

165 364 328 402 incendio,
345 363 384 396 ad
401 363 556 395 Romanos
580 360 683 404 primo
697 361 723 393 ¹:
754 373 770 389 α
787 360 986 392 Exarserunt
1008 359 1039 391 in
1056 367 1130 391 con-

166 416 369 460 cupiscentiis
403 415 471 449 suis
505 415 536 447 in
569 414 723 452 invicem,
748 412 879 446 masculi
911 412 942 444 in
974 411 1131 444 masculos

166 469 396 512 turpitudinem
419 470 587 510 operantes
604 478 634 506 »;
651 466 690 499 de
706 465 840 509 foetore,
858 465 953 498 Isaiae
970 464 1132 506 trigesimo

165 525 299 566 quarto:
330 534 346 550 «
362 521 407 554 De
430 519 638 554 cadaveribus
654 528 765 552 eorum
782 518 928 551 ascendet
953 517 1067 556 foetor,
1085 520 1131 549 ta-

165 576 296 609 bescent
318 577 440 607 montes
463 583 481 606 a
505 572 657 615 sanguine
674 581 785 616 eorum
804 585 819 600 ι»
840 575 910 610 etc.;
927 574 959 604 et
976 571 1129 604 Psalmus:

171 641 189 658 α
205 627 358 670 Corrupti
378 630 453 660 sunt
476 628 508 659 et
522 625 750 658 abominabiles
766 624 838 657 facti
856 627 932 657 sunt
946 638 961 652 u
982 627 1040 656 etc.
1059 623 1133 655 Pro-

167 685 239 725 pter
263 682 341 714 haec
363 680 477 714 merito
500 683 576 713 sunt
599 679 670 722 igne
694 682 726 712 et
748 678 905 720 sulphure
921 676 1130 716 concremati3

164 734 250 768 unde
274 733 453 767 Bernardus
466 733 494 765 ²:
516 746 532 761 α
545 733 682 765 Flamma
705 731 907 774 gehennalis,
931 739 1052 763 moram
1069 739 1132 762 non

165 788 341 826 sustinens,
364 786 593 820 exsecrabilem
612 786 703 818 istam
720 784 883 827 praevenit
897 784 1009 817 tollere
1033 783 1133 816 natio-

164 849 237 874 nem
262 848 320 873 nec
343 849 405 875 non
429 839 523 872 etiam
550 838 695 872 tellurem
714 838 831 880 ipsam,
848 840 958 879 utpote
974 835 1131 869 consciam

165 897 270 927 tantae
291 892 501 932 confusionis,
524 891 680 925 absumsit
703 891 785 934 ignis
807 894 839 924 et
863 890 994 933 spiritus
1011 889 1133 932 procel-

167 947 272 981 larum
288 960 320 979 ».
400 989 404 991 μ

256 1001 308 1033 51.
334 1000 436 1040 (Vers.
465 999 543 1040 30.).
582 999 682 1032 sertio
704 1003 860 1041 quantum
883 998 923 1031 ad
946 997 1133 1040 exemplum

166 1053 290 1088 subdit:
316 1053 508 1087 Secundum
532 1051 638 1085 Ilaec³
661 1052 743 1091 erit,
767 1061 837 1096 qua
860 1051 913 1084 die
944 1051 1054 1084 Filius
1077 1049 1133 1083 lio-

164 1107 269 1140 minis
292 1106 502 1140 revelabitur.
522 1107 608 1140 >Haec
631 1110 679 1139 est
702 1106 769 1138 dies
792 1105 917 1144 iudicii,
942 1105 974 1137 in
998 1114 1062 1147 qua
1080 1104 1134 1137 liet

166 1160 323 1194 revelatio
347 1160 447 1202 ipsius
469 1160 585 1193 Christi
610 1163 647 1192 ut
664 1159 853 1192 Salvatoris
869 1161 1016 1200 respectu
1037 1158 1133 1191 bono-

166 1223 258 1252 rum;
283 1213 404 1256 primae
429 1213 509 1246 Petri
535 1213 652 1255 primo:
683 1212 917 1245 «custodimini
946 1220 1003 1253 per
1027 1211 1132 1250 fidem,

166 1267 198 1300 in
224 1267 357 1300 salutem
393 1269 535 1309 paratam
571 1265 705 1299 revelari
741 1264 883 1307 tempore
915 1264 1084 1297 novissimo
1101 1277 1131 1296 ».

167 1321 232 1354 Fiet
255 1321 349 1356 etiam
373 1319 524 1353 revelatio
547 1319 663 1352 Christi
696 1315 821 1352 iudicis
856 1320 1002 1360 respectu
1035 1318 1132 1349 malo—

167 1383 258 1413 rum;
283 1374 405 1416 primae
428 1373 467 1406 ad
502 1372 682 1415 Corinthios
713 1371 873 1414 quart04:
903 1384 918 1399 α
936 1371 1036 1403 Nolite
1059 1374 1132 1403 ante

166 1431 292 1470 tempus
316 1427 473 1466 iudicare,
497 1426 705 1469 quoadusque
736 1425 842 1458 veniat
877 1424 1047 1463 Dominus,
1076 1424 1132 1466 qui

166 1486 199 1515 et
222 1481 413 1514 illuminabit
436 1479 618 1513 abscondita
641 1479 845 1512 tenebrarum
870 1481 901 1511 et
918 1478 1131 1511 manifestabit

166 1534 296 1568 consilia
319 1534 462 1567 cordium
479 1546 510 1565 ».
535 1533 580 1566 De
604 1536 742 1575 utroque
759 1532 854 1565 Isaiae
870 1531 1133 1574 quinquagesimo

166 1591 276 1621 sexto:
306 1600 321 1616 tt
339 1587 432 1620 quta
455 1590 503 1619 est
526 1586 612 1619 salus
635 1594 719 1624 mea,
744 1589 781 1618 ut
808 1584 932 1623 veniat,
956 1588 988 1617 et
1011 1584 1132 1617 iustitia

165 1650 253 1681 mea,
278 1644 315 1674 ut
337 1640 498 1673 reveletur
515 1653 546 1672 ι).
573 1640 652 1673 Haec
686 1639 760 1672 dies·
788 1638 989 1672 revelationiS
1019 1637 1131 1670 similis

166 1699 215 1729 est
237 1694 381 1728 incendio
405 1686 631 1733 Sodomorum,
655 1693 731 1736 quia
747 1693 778 1726 in
803 1693 856 1725 illo
872 1692 972 1735 ipsius
989 1701 1133 1734 praeces-

166 1748 208 1782 sit
230 1748 432 1790 exemp1um3
457 1747 488 1780 in
513 1747 668 1780 Canonica
691 1746 827 1779 Iudae⁶:
857 1759 873 1774 «
890 1746 977 1778 Sicut
1000 1745 1133 1778 Sodoma

166 1805 198 1835 et
221 1801 398 1834 Gomorrha
421 1803 453 1834 et
486 1800 638 1833 finitimae
674 1799 816 1832 civitates
840 1798 932 1831 simili
957 1798 1050 1831 modo
1073 1807 1132 1831 ex-

165 1855 339 1888 fornicatae
362 1857 394 1888 et
416 1854 569 1887 abeuntes
596 1856 667 1895 post
691 1861 817 1885 carnem
851 1852 1001 1891 alteram,
1033 1851 1133 1884 factae

167 1911 243 1943 sunt
266 1908 469 1951 exemplum,
493 1907 574 1950 ignis
597 1906 716 1940 aeterni
741 1915 873 1949 poenam
898 1905 1089 1939 sustinentes
1100 1917 1131 1944 »;

167 1966 199 1996 et
222 1962 365 1996 similiter
389 1961 545 1995 secundae
576 1960 658 1993 Petri
683 1959 839 1993 secundo:
870 1972 885 1988 «
901 1959 1049 1992 Civitates
1078 1960 1133 1992 So-

166 2016 333 2049 domorum
358 2018 389 2047 et
412 2014 716 2053 Gomorrhaeorum‚
741 2013 773 2046 in
800 2008 942 2046 ‘cinerem
968 2012 1131 2055 redigens,

166 2068 330 2102 eversione
345 2067 519 2106 damnavit,
535 2067 718 2109 exemplum
731 2075 843 2100 eorum
856 2066 911 2109 qui
924 2066 1018 2109 impie
1030 2067 1133 2100 acturi

168 2125 260 2161 sunt,
284 2130 405 2164 ponens
421 2135 451 2153 2».

258 2175 309 2207 59..
337 2174 372 2207 Et
394 2174 464 2207 ideo
486 2173 784 2207 ᾱῑοῑιιιιςεοαηαατη
807 2172 903 2213 haee,
920 2177 956 2206 ut
972 2163 1132 2219 simne'sit

166 2228 351 2271 exemplam
375 2231 530 2274 quantum
548 2227 588 2261 ad
604 2227 820 2266 demeritum,
844 2230 1000 2269 quantum
1025 2227 1064 2259 ad
1081 2227 1133 2259 iu-
1150 2226 1154 2229 “

167 2281 307 2314 dicandi
316 2281 452 2314 modum
469 2285 501 2314 et
509 2285 672 2324 ,quantum
689 2280 728 2314 ad
743 2280 958 2323 supplicium.
972 2281 1132 2322 Quantum

168 2332 447 2377 addemerilum,
471 2334 565 2377 quia,
589 2334 672 2367 sicut
702 2334 734 2367 in
758 2333 900 2366 Sodomis
925 2334 1017 2366 multi
1041 2337 1133 2367 erant

169 2388 243 2421 mali
266 2391 298 2421 et
321 2388 501 2430 paucissimi
525 2387 617 2427 boni,
642 2388 686 2421 sic
710 2391 861 2429 tempore·
876 2387 979 2420 finalis
1006 2387 1132 2426 iudicii,

169 2441 344 2474 secundum
362 2441 440 2474 illud
456 2441 538 2474 iu'fra
553 2441 674 2474 decimo
690 2444 801 2474 octavo
812 2440 844 2472 ⁶:
866 2452 882 2469 α
896 2440 1040 2478 Putasne,
1057 2448 1129 2472 cum

169 2495 293 2528 venerit
307 2494 403 2528 Filius
419 2494 565 2534 hominis,
581 2494 719 2528 Inveniet
735 2494 828 2527 fidem
846 2502 943 2535 super
961 2496 1081 2525 terram
1093 2495 1132 2524 »ἵ

242 2673 250 2688 ¹
270 2674 346 2700 Vers.
365 2673 409 2700 27.
421 2687 457 2693 —
471 2674 527 2699 Duo
546 2680 621 2707 seqq.
639 2673 688 2699 loci
708 2675 769 2699 sunt
782 2673 839 2699 lsai.
859 2672 907 2704 34,
927 2673 952 2698 3.
972 2675 998 2705 et
1017 2673 1058 2698 Ps.
1079 2673 1111 2698 ’13
1123 2692 1130 2704 ,

172 2720 197 2745 l.
211 2719 330 2751 Gregor„
349 2719 417 2744 xlv,
437 2719 568 2744 Moralsc.
589 2718 631 2744 ⁴9.
649 2725 677 2743 n.
696 2718 744 2743 ‘232
763 2718 789 2743 ln
810 2717 866 2749 ipsa
884 2717 1008 2750 qualitate
1028 2717 1131 2742 ultionis

170 2764 271 2789 notavit
283 2762 440 2797 [Dominus]
455 2763 584 2788 maculam
597 2762 723 2788 criminis.
741 2761 865 2795 Sulphw·
884 2762 986 2794 quippe
1005 2763 1129 2787 foetorem

170 2807 263 2839 habet,
282 2806 368 2841 iqnis,
388 2807 521 2832 ardorem.
539 2806 605 2839 Quia
625 2806 713 2839 itaque
737 2806 772 2832 ad
797 2813 922 2838 pesversa
951 2806 1080 2832 desideria
1100 2813 1131 2831 ex

169 2851 256 2878 carnis
270 2852 367 2877 foetore
381 2853 497 2876 arserant
516 2849 701 2884 [Sodomitae]‚
719 2850 831 2882 dignum
852 2850 911 2883 suit,
932 2853 959 2876 ut
977 2850 1056 2876 simul
1071 2850 1131 2882 igne

170 2899 197 2922 et
214 2896 340 2927 sulphure
358 2895 482 2927 perirent,
500 2898 631 2927 quatenus
649 2902 680 2920 ex
701 2895 766 2920 iusta
786 2902 870 2927 poena
889 2895 1034 2926 discerent,
1051 2902 1081 2920 ex
1095 2895 1131 2920 in-

170 2940 239 2966 iusto
257 2939 388 2965 desiderio
408 2939 472 2972 quid
493 2939 622 2965 fecissent.

243 2983 253 2999 ⁹
274 2985 358 3010 Serm.
376 2991 423 3010 seu
441 2983 499 3010 libr.
525 2984 559 3010 de
577 2984 756 3010 Conversione
768 2985 802 3011 ad
816 2985 933 3018 clericos,
946 2992 969 3010 c.
984 2985 1029 3010 20.
1041 2991 1068 3010 n.
1082 2984 1130 3010 35:

174 3028 322 3062 «Nunquid
342 3035 393 3054 non
413 3029 566 3060 gehennalis
584 3029 703 3060 namma,
724 3036 825 3055 moram
839 3036 891 3055 non
904 3029 1043 3061 sustinens,
1062 3035 1131 3054 exse-

172 3072 297 3099 crabilem
318 3073 387 3098 illam
406 3072 542 3105 praevenit
555 3073 643 3098 tollere
656 3073 803 3104 nationem,
822 3073 895 3106 quod
915 3073 998 3105 ipsius
1015 3072 1131 3105 speciali-

173 3121 212 3143 ter
230 3120 318 3143 essent
341 3120 447 3150 peccata
475 3117 612 3142 manifesta
637 3118 820 3149 praecedentia
845 3118 878 3144 ad
898 3118 1045 3144 iudicium?
1065 3117 1131 3143 Nun-

173 3161 239 3194 quid
258 3168 309 3187 non
328 3164 354 3187 et
372 3161 471 3193 ipsam,
497 3163 587 3192 utpote
614 3161 747 3187 consciam
776 3164 863 3187 tantae
889 3161 1060 3193 contusIonis,
1089 3162 1132 3187 tel-

172 3206 256 3231 lurem
275 3195 404 3231 absumsit
431 3204 510 3239 iymls,
534 3204 653 3238 sulphur
679 3206 706 3231 cl
730 3204 843 3239 spo-icus
863 3205 1052 3240 procella-rum
1078 3205 1130 3240 [ΡΞ.

175 3250 221 3283 lo,
240 3249 281 3284 7.]
292 3260 304 3273 n
315 3251 327 3275 t
346 3251 395 3276 Pro
413 3256 461 3277 nec
480 3256 534 3276 non
552 3248 633 3276 eciam
645 3248 770 3276 tellurem
784 3249 870 3283 ipsam
885 3250 930 3283 (ita
944 3251 965 3276 Η
979 3257 1040 3276 cum
1053 3249 1130 3276 Card.

173 3294 254 3328 Hug.)
275 3294 295 3320 D
315 3293 345 3328 (C
364 3301 378 3320 a
398 3295 512 3320 secunda
532 3294 623 3327 manu)
642 3295 774 3320 naturam
793 3293 918 3321 collidere
936 3294 1043 3328 ipsam,
1072 3294 1131 3320 Vat.

174 3345 223 3365 nec
240 3345 296 3365 non
314 3338 439 3366 collidere
457 3339 554 3373 ipsam,
568 3346 636 3372 quae
649 3338 726 3364 etiam
747 3346 795 3370 pro
809 3340 899 3373 utpote
916 3339 1052 3366 consciam
1071 3337 1131 3365 sub-

175 3383 258 3412 stituit
276 3384 300 3410 el
317 3390 434 3410 servam.
447 3384 497 3409 Pro
510 3382 667 3410 Bernardus
686 3383 705 3408 E
718 3383 738 3408 G
759 3383 918 3417 Greyorias.

2088 221 2152 253 443

1194 305 1280 338 Unde
1293 305 1415 338 Glossa:
1439 319 1454 334 «
1470 306 1528 347 Qui
1548 307 1671 339 interim
1690 317 1751 340 non
1769 317 1924 350 apparens
1940 309 2044 341 omnia
2061 308 2153 347 videt,

1194 362 1270 391 tunc
1292 368 1447 401 apparens
1471 360 1575 392 omnia
1599 361 1765 400 iudicabit,
1787 361 1912 403 quando
1929 366 2058 394 cunctos
2075 362 2155 394 iudi-

1194 412 1315 444 ciorum
1333 421 1464 444 suorum
1482 413 1594 446 oblitos
1611 414 1684 446 huic
1700 415 1825 447 saeculo
1849 416 2049 456 conspexerit
2067 424 2154 447 man-

1194 465 1327 507 cipatos,
1345 468 1381 497 ut
1397 465 1508 498 merito
1532 466 1665 498 debeant
1688 476 1760 499 cum
1781 467 1847 509 ipso
1863 477 1957 509 quem
1980 468 2156 500 inhabitant

1194 518 1271 550 orbe
1286 518 1382 550 deleri
1402 531 1431 550 ».
1449 536 1491 542 --
1511 518 1697 551 Secundum
1714 518 1794 552 llaec
1810 521 1902 552 etiam
1920 521 1983 552 erit
1999 525 2153 562 quantum

1194 571 1233 603 ad
1250 570 1428 603 iudicandi
1448 571 1601 611 modum,
1626 573 1700 614 quia
1716 572 1832 605 dicitur
1851 573 2011 605 Dominus
2027 575 2156 606 descen-

1195 624 1302 661 disse,-
1335 623 1463 657 Genesis
1497 624 1618 657 decimo
1653 626 1811 658 octavo²:
1849 626 1968 658 «Dixit
2004 627 2156 659 Dominus

1195 676 1353 710 Abrahae:
1367 677 1491 710 Clamor
1507 678 1714 710 Sodomorum
1727 681 1759 711 et
1774 678 2061 712 Gornorrhaeorum
2079 681 2157 713 mul-

1196 730 1357 773 tiplicatus
1380 734 1445 770 est,
1469 735 1500 764 et
1529 735 1691 773 peccatum
1728 741 1839 765 eorum
1872 736 2077 774 aggravatum
2110 739 2157 766 est

1195 784 1298 830 nImIs.
1323 784 1514 817 Descendam
1539 788 1570 818 et
1593 785 1720 825 videbo,
1744 790 1854 818 utrum
1890 787 2077 826 clamorem,
2101 789 2154 829 qui

1196 838 1282 871 venit
1305 837 1344 870 ad
1367 847 1433 877 me,
1457 847 1553 880 opere
1577 839 1848 882 compleverint».
1874 840 1923 872 Sic
1946 844 1977 872 et
1996 840 2157 872 Dominus

1196 891 1365 923 descendet
1388 891 1418 923 in
1443 890 1494 924 die
1518 891 1639 929 iudicii;
1666 892 1785 934 primae
1809 892 1847 924 ad
1864 893 2155 926 Thessalonicenses

1196 947 1311 985 quarto
1324 943 1354 975 ⁸:
1385 956 1400 972 ιι
1413 943 1566 985 Quoniam
1584 944 1649 986 ipse
1666 945 1816 978 Dominus
1833 945 1863 978 in
1881 946 1968 978 iussu
1986 950 2017 978 et
2034 946 2064 978 iu
2082 955 2156 979 voce

1198 997 1384 1039 Archangeli
1408 1000 1440 1030 et
1464 997 1494 1029 in
1519 997 1595 1030 tuba
1621 998 1671 1030 Dei
1689 998 1855 1031 descendet
1871 998 1909 1032 de
1925 999 2010 1032 caelo
2023 1013 2052 1031 n.
2071 999 2157 1032 Sicut

1197 1050 1291 1083 etiam
1306 1050 1458 1083 liberavit
1475 1051 1530 1095 Lot
1545 1051 1674 1090 iustum,
1691 1051 1866 1085 damnando
1884 1053 2012 1095 impios;
2030 1053 2156 1095 Sapien-

1198 1103 1260 1136 tiae
1283 1103 1422 1136 decimo:
1451 1117 1467 1132 α
1484 1104 1563 1137 Haec
1587 1104 1704 1137 iustum
1729 1114 1748 1137 a
1771 1106 1977 1147 pereuntibus
2001 1107 2156 1145 liberavit,

1197 1156 1405 1190 descendente
1429 1157 1500 1199 igne
1524 1157 1554 1190 in
1580 1158 1784 1200 Pentapolim,
1817 1159 1934 1201 quibus
1966 1160 1997 1192 in
2022 1160 2156 1192 testimo-

1197 1209 1284 1242 nium
1311 1207 1469 1252 nequitiae
1504 1210 1730 1253 fumigabunda
1762 1215 1883 1244 constat
1908 1216 1992 1245 terra
2015 1213 2155 1252 deserta,

1196 1266 1228 1295 et
1250 1262 1370 1295 incerto
1396 1266 1536 1305 tempore
1559 1264 1683 1297 fructus
1708 1264 1858 1298 babentes
1881 1266 2028 1305 arbores,
2053 1271 2083 1300 et
2108 1268 2155 1300 in-

1196 1316 1354 1349 credibilis
1365 1317 1487 1352 animae
1500 1318 1651 1350 memoria
1667 1322 1753 1350 stans
1766 1318 1949 1360 figmentum
1967 1320 2039 1353 salis
2053 1334 2068 1349 »
2085 1326 2155 1359 etc.;

1195 1370 1240 1401 sic
1263 1369 1356 1402 etiam
1382 1370 1443 1402 erit
1466 1370 1496 1402 in
1522 1370 1605 1403 finali
1632 1371 1754 1404 iudicio.
1782 1371 1867 1404 Unde
1890 1372 2040 1405 Glossa9:
2063 1387 2078 1402 α
2096 1375 2156 1407 Ex-

1195 1425 1292 1455 eunte
1316 1423 1389 1462 Lot,
1414 1423 1546 1456 Sodoma
1576 1424 1672 1465 perit,
1704 1424 1779 1466 quia
1814 1425 1849 1457 in
1874 1428 2157 1460 consummatione

1193 1475 1322 1508 saeculi
1343 1476 1480 1508 exibunt
1504 1477 1622 1519 Anqeli
1643 1482 1673 1510 et
1694 1478 2021 1520 separabunl'malos
2038 1481 2076 1513 cle
2091 1491 2156 1513 me-

1195 1529 1251 1561 dio
1275 1529 1442 1562 iustorum
1466 1534 1496 1562 et
1523 1530 1648 1563 mittent
1671 1541 1724 1563 eos
1759 1531 1794 1563 in
1819 1533 1990 1565 caminum
2015 1534 2104 1576 ignis·
2120 1548 2152 1573 n,

1196 1583 1279 1615 sicut
1313 1582 1430 1616 diCitur
1462 1584 1607 1617 Matthaei
1639 1584 1760 1617 decimo
1795 1586 1901 1618 tertio?
1938 1587 2026 1619 Sicut
2063 1588 2156 1620 etiam

1195 1636 1304 1669 subito
1328 1636 1376 1669 ira
1400 1637 1453 1670 Dei
1479 1637 1582 1679 impiis
1617 1639 1818 1680 supervenit,
1842 1639 1886 1672 sic
1920 1640 2014 1672 etiam
2039 1641 2099 1673 erit
2123 1641 2154 1673 in

1196 1691 1312 1723 iudicio
1337 1691 1439 1730 finali;
1459 1691 1554 1724 Isaiae
1572 1692 1785 1734 trigesim0¹⁰:
1815 1706 1831 1722 α
1847 1693 1973 1733 Subito,
1998 1694 2072 1727 dum
2094 1704 2155 1728 non

1196 1748 1362 1786 speratur,
1387 1745 1491 1778 veniet
1514 1746 1661 1778 contritio
1684 1746 1770 1784 eius,
1799 1750 1831 1779 et
1865 1751 2047 1781 conteretur
2072 1749 2158 1781 velut

1196 1798 1306 1840 lagena
1320 1811 1336 1827 ι)
1365 1802 1435 1837 etc.;
1460 1802 1491 1831 et
1514 1798 1659 1831 Matthaei
1685 1799 1833 1841 vigesimo
1857 1801 1985 1842 quinto:
2008 1815 2022 1830 ιι
2041 1802 2157 1834 Moram

1195 1855 1301 1884 autem
1326 1851 1459 1885 faciente
1482 1861 1614 1894 sponso,
1642 1853 1895 1886 dormitaverunt
1929 1863 2037 1887 omnes
2053 1868 2068 1883 »
2098 1859 2155 1888 etc.

1198 1924 1238 1927 —
1265 1905 1455 1938 Secundam
1479 1904 1559 1938 haee
1582 1906 1675 1938 etiam
1704 1906 1767 1938 crit
1794 1910 1946 1948 quantum
1971 1907 2009 1939 ad
2032 1907 2157 1950 suppli-

1196 1958 1296 1991 cium.
1321 1959 1366 1991 Illi
1383 1960 1466 1992 enim
1492 1959 1591 2002 puniti
1617 1962 1691 1992 sunt
1714 1959 1785 2001 igne
1808 1964 1839 1993 et
1863 1961 2031 2002 sulphure3
2056 1961 2154 1994 Gene-

1197 2013 1241 2047 sis
1256 2013 1378 2046 decimo
1394 2023 1476 2046 nono
1490 2014 1531 2046 ¹¹:
1561 2026 1576 2042 «
1590 2013 1737 2046 Surrexit
1760 2013 1915 2046 Abrabam
1933 2023 2022 2047 mane
2036 2028 2067 2053 »‚
2097 2028 2113 2043 α
2125 2019 2156 2048 et

1199 2067 1275 2100 vidit
1291 2067 1429 2100 favillam
1453 2067 1670 2100 ascendentem
1687 2067 1725 2100 de
1742 2070 1826 2105 terra
1850 2068 1931 2100 sicut
1953 2067 2075 2101 sumum
2092 2068 2156 2101 sor-

1196 2120 1282 2153 nacis
1295 2133 1325 2152 ».
1343 2120 1393 2153 Sic
1409 2120 1469 2154 erit
1486 2121 1517 2153 in
1534 2121 1687 2163 supplicio
1699 2121 1868 2163 impiorum
1883 2121 1914 2153 In
1931 2121 2059 2159 iudicio;
2074 2121 2157 2154 Psal-

1197 2183 1269 2207 mus
1282 2174 1325 2206 ¹²:
1347 2187 1363 2203 «
1376 2174 1464 2207 Pluet
1480 2184 1576 2217 super
1594 2178 1772 2216 peccatores
1789 2174 1930 2217 laqueos,
1948 2174 2027 2217 ignis
2043 2178 2072 2207 et
2089 2175 2156 2207 sul-

1197 2227 1284 2269 phur
1306 2230 1337 2260 et
1353 2227 1485 2269 spiritus
1502 2228 1722 2269 procellarum,
1739 2236 1812 2269 pars
1828 2227 1932 2260 calicis
1948 2236 2057 2259 eorum
2072 2240 2102 2265 »;
2124 2232 2155 2260 et

1197 2280 1368 2313 Ezechielis
1386 2280 1546 2323 trigesimo
1559 2284 1686 2313 octavo:
1709 2294 1724 2309 a
1738 2281 1840 2322 Ignem
1857 2284 1888 2313 et
1901 2281 2036 2322 sulphur
2048 2281 2158 2322 pluani

1196 2342 1294 2375 super
1310 2342 1382 2366 eum
1400 2336 1431 2366 et
1454 2342 1550 2375 super
1566 2333 1742 2366 exercitum
1767 2334 1835 2366 eius
1856 2337 1886 2366 et
1903 2342 1998 2375 super
2022 2333 2156 2375 populos

1197 2386 1333 2425 multos,
1355 2386 1410 2428 qui
1434 2389 1509 2419 sunt
1532 2395 1604 2419 cum
1628 2395 1665 2419 eo
1679 2398 1708 2425 »;
1733 2386 1816 2419 unde
1832 2390 1863 2419 et
1879 2387 2076 2428 Apocalypsis
2099 2386 2154 2419 de—

1196 2439 1278 2479 cimo
1301 2442 1433 2481 quarto:
1463 2452 1479 2468 «
1495 2439 1525 2471 Si
1550 2439 1622 2481 quis
1644 2439 1822 2472 adoraverit
1845 2439 1993 2478 bestiam,
2010 2439 2095 2472 bibet
2110 2439 2148 2472 de

1197 2492 1270 2524 vlno
1293 2491 1359 2524 irae
1382 2492 1456 2531 Dei,
1481 2492 1566 2534 quod
1590 2492 1718 2525 mistum
1742 2497 1789 2525 est
1812 2501 1899 2525 mero
1923 2492 1953 2524 in
1971 2492 2066 2525 calice
2088 2492 2153 2524 irac

2174 528 2279 549 Secunda.

2178 1909 2256 1930 Tei-lla.

1265 2670 1276 2686 ⁸
1295 2673 1414 2698 Nonnulli
1432 2672 1519 2702 codd„
1540 2677 1567 2698 ut
1586 2672 1638 2697 Dll
1660 2671 1766 2704 (quibus
1786 2671 1892 2696 inferius
1911 2671 1988 2696 etiam
2009 2671 2049 2696 alii
2075 2671 2156 2697 codd.

1195 2717 1385 2749 consentiunt),
1403 2715 1559 2743 Secundum
1579 2715 1644 2748 hoc‚·
1663 2717 1707 2741 cfr.
1728 2716 1756 2740 B.
1776 2715 1873 2740 Albert.
1892 2718 1917 2740 et
1930 2716 1956 2740 S.
1970 2715 2064 2740 Thom.
2085 2714 2151 2745 (Cat.

1194 2768 1272 2787 aurea
1294 2761 1320 2786 in
1340 2762 1402 2787 Luc.
1423 2761 1465 2786 ⁴7.
1492 2768 1516 2786 n.
1536 2761 1582 2792 8.),
1603 2761 1627 2786 in
1647 2767 1715 2792 quae
1734 2759 1815 2785 verba
1843 2759 1932 2784 Glossa
1952 2758 2152 2785 interlinearis:

1195 2807 1231 2832 lta
1249 2805 1367 2831 subitum
1386 2809 1411 2831 et
1431 2804 1579 2830 inevitabile
1598 2805 1654 2830 erit.
1673 2818 1708 2823 —-
1727 2804 1849 2836 Sequitur
1869 2804 1885 2828 l.
1905 2804 1971 2828 Petr.
1992 2804 2000 2827 -l
2014 2822 2021 2833 ,
2042 2803 2066 2828 5.

1267 2850 1278 2864 ⁴
1299 2851 1372 2876 Vers.
1392 2850 1417 2876 5.
1439 2863 1474 2868 —
1492 2848 1609 2875 Subinde
1629 2849 1754 2879 allegatur
1770 2848 1828 2873 lsai.
1850 2847 1898 2877 56,
1922 2848 1944 2871 l.

1265 2893 1277 2908 ⁶
1298 2895 1370 2920 Vers.
1389 2894 1415 2919 7.
1434 2898 1459 2919 et
1478 2894 1573 2919 deinde
1592 2894 1619 2918 Il.
1639 2893 1705 2918 Petr.
1724 2893 1748 2922 2,
1769 2892 1794 2916 6.

1266 2938 1277 2953 ⁸
1296 2940 1370 2964 Vers.
1391 2939 1414 2963 8.
1434 2951 1468 2956 —
1487 2938 1575 2963 Glossa
1595 2944 1650 2970 scq.
1669 2940 1708 2962 est
1726 2935 1868 2962 ordinaria
1894 2935 1934 2967 (ex
1954 2935 2044 2967 Beda).

1267 2983 1276 2997 ⁷
1298 2984 1370 3008 Vers.
1391 2983 1433 3008 20.
1453 2985 1478 3007 et
1497 2983 1540 3007 21.

1266 3026 1276 3041 ⁸
1297 3027 1372 3052 Vers.
1391 3027 1437 3057 46,
1458 3029 1516 3057 post
1534 3031 1613 3057 quem
1635 3025 1694 3056 Sap.
1717 3025 1762 3054 10,
1783 3024 1806 3049 6.
1827 3031 1882 3056 seq.

1266 3071 1277 3086 ⁰
1297 3072 1398 3097 Scilicet
1416 3069 1557 3097 ordinaria
1578 3069 1618 3102 (ex
1638 3069 1718 3100 Beda)
1740 3068 1765 3093 in
1793 3069 1854 3093 Luc.
1876 3068 1922 3098 Π,
1943 3068 1985 3093 28.
2004 3075 2073 3100 seq.;
2093 3069 2150 3094 alle<

1196 3119 1273 3149 gatur
1292 3116 1317 3141 in
1338 3116 1392 3148 ipsa
1414 3116 1500 3140 Matth.
1524 3115 1568 3145 13,
1588 3113 1629 3138 49.
1649 3120 1704 3145 seq.

1268 3160 1289 3174 ¹⁰
1310 3161 1384 3186 Vers.
1405 3160 1446 3185 13.
1465 3166 1519 3191 seq.
1540 3162 1564 3184 et
1583 3157 1678 3183 deinde
1698 3157 1784 3182 Maltli.
1804 3156 1845 3188 25,
1865 3157 1889 3182 5.

1267 3204 1287 3219 ¹¹
1310 3205 1383 3230 vers.
1408 3203 1449 3229 27.
1477 3210 1546 3235 seq.:
1574 3201 1712 3228 Abraham
1740 3202 1829 3227 aulem
1855 3207 2020 3233 consuram-s
2041 3207 2149 3226 mane...

1195 3248 1309 3276 inmites
1329 3250 1368 3275 est
1385 3247 1561 3275 Sodoma-m...
1584 3245 1699 3279 viditque
1719 3249 1767 3270 etc„
2134 3237 2141 3242 ”

1268 3292 1289 3307 ¹²¹
1308 3293 1403 3318 Psalm.
1423 3292 1470 3322 40,
1490 3292 1519 3323 7,
1533 3290 1574 3316 cui
1587 3290 1781 3322 subiunguntur
1801 3290 1891 3315 Ezech.
1906 3290 1954 3320 38⁷,
1968 3291 2011 3315 22.
2024 3292 2049 3314 et
2067 3290 2152 3321 Apoc-

1198 3338 1246 3370 ⁴4,
1266 3338 1338 3363 9-11.
