2476 3921
149 1885 197 1906 Alia
206 1885 233 1906 ab
243 1884 298 1906 anti-

156 1918 198 1938 qua
211 1917 300 1933 cousue-

156 1939 208 1960 tudo
216 1943 298 1960 reeens.

305 309 368 340 550

305 395 550 438 discipulorum
565 392 820 436 ar2·09antiam;
838 391 867 423 in
886 389 1023 423 secunda
1040 397 1115 421 vcro
1132 387 1264 420 animat

306 453 334 482 et
357 448 496 481 roborat
519 447 564 479 ad
587 444 829 483 constantiam,
855 443 896 475 ibi
912 444 940 474 ¹:
974 441 1030 474 Ait
1062 445 1176 473 autem
1204 439 1264 472 Do-

306 502 419 534 minus
444 499 580 533 Simoni.

396 555 428 586 In
453 552 662 595 reprimendo
692 550 790 593 igitur
818 548 1061 591 discipulorum
1096 554 1264 588 arroyan-

143 609 391 644 Primo‚quoadtiam
415 610 552 649 quatuor
576 604 823 640 introducuntur
846 603 886 635 ab
910 600 1122 643 Evangelista‚
1147 598 1265 631 scilicet

143 649 450 703 agsspfflssgziu-tz'tiyz'um
474 657 713 700 ari-oyantiam
737 656 898 698 deceyens,
917 654 1149 686 documentum
1166 660 1265 684 arro-

153 700 292 776 ιῖξὲἕὲιιοιοῖτιῗιῖῃ
307 713 461 757 gantiam
486 711 688 753 reprimens,
719 708 904 750 exemplam
935 705 1154 739 humilitatem
1185 713 1266 736 sua-

308 766 386 799 dene
410 769 441 798 et
460 764 652 807 praemium
677 763 722 795 ad
745 760 964 794 humilitatem
978 759 1145 791 alliciens.

398 818 450 851 35.
476 817 577 856 (Vers.
611 816 688 856 24).
714 815 817 847 Primo
840 813 937 855 igitur
961 815 1115 854 quantum
1138 811 1177 843 ad
1202 810 1266 843 liti-

144 881 291 934 Lssffg‘fflaflf‘
307 872 402 915 {lium
426 869 663 913 arroyantiam
686 868 833 910 deteyens
857 867 945 899 dicit:
971 866 1077 898 Facta
1093 868 1138 897 est
1155 868 1267 896 autem

167 934 277 960 detegens.

310 930 338 957 et
360 924 519 957 eontentio
550 923 636 955 inter
666 931 734 960 eos,
759 921 834 964 quis
866 929 982 952 eoram
1005 918 1174 951 videretur
1198 926 1267 949 esse

309 977 429 1010 maior.
454 977 539 1018 Quae
563 970 659 1008 suerit
682 974 778 1007 huius
801 972 1015 1006 contentionis
1046 971 1185 1009 occasio,
1212 978 1267 1002 ne-

310 1030 418 1062 scitur.
443 1028 605 1061 contentio
640 1030 743 1059 tamen
778 1029 825 1058 est
859 1025 982 1066 signum
1006 1023 1124 1056 amoris
1148 1022 1263 1064 privati

310 1082 400 1121 boni;
425 1081 509 1113 unde
534 1080 632 1113 iacobi
657 1078 814 1121 quarto2:
845 1077 958 1110 «Unde
982 1077 1064 1109 bella
1086 1079 1118 1108 et
1141 1075 1211 1108 lites
1235 1075 1267 1107 iu

309 1135 422 1167 vohis?
445 1134 552 1166 Nonne
583 1142 625 1165 ex
656 1130 935 1173 concupiscentiis,
960 1138 1042 1172 quae
1070 1128 1205 1161 militant
1235 1128 1268 1160 in

309 1187 459 1220 membris
483 1185 596 1219 vestris
612 1188 650 1217 n?
673 1184 836 1217 Contentio
859 1186 965 1216 autem
989 1182 1027 1215 de
1048 1182 1203 1224 primatu
1227 1181 1269 1213 si-

310 1249 407 1282 gnum
443 1242 490 1272 est
524 1238 648 1271 amoris
674 1236 879 1270 excellentiae
909 1239 941 1268 et
975 1235 1122 1273 dominii;
1154 1237 1186 1267 et
1217 1234 1269 1267 hic

309 1302 398 1325 amor
421 1291 561 1325 nondum
584 1294 653 1324 erat
675 1290 852 1323 exstinctus
876 1289 909 1322 in
943 1288 1096 1330 Apostolis
1119 1291 1191 1320 ante
1215 1287 1269 1320 ad-

310 1348 438 1388 ventum
464 1344 599 1386 Spiritus
635 1343 742 1376 sancti.
772 1343 858 1376 Unde
890 1342 935 1375 eis
959 1345 1083 1383 poterat
1105 1340 1166 1373 dici
1191 1339 1269 1372 illud

310 1398 430 1440 primae
453 1397 491 1430 ad
522 1397 701 1429 Corinthios
732 1395 868 1429 terti0³:
898 1408 914 1423 «
931 1395 1008 1427 Cum
1034 1394 1074 1426 sit
1108 1393 1191 1426 inter
1214 1402 1270 1426 vos

311 1452 397 1485 zelus
419 1455 451 1484 et
473 1451 644 1489 contentio,
669 1458 773 1482 nonne
796 1449 938 1482 carnales
958 1448 1033 1481 estis
1049 1451 1080 1480 et
1095 1447 1269 1480 secundum

311 1505 471 1538 hominem
495 1503 713 1536 ambulatis»?
737 1502 822 1535 Unde
854 1501 1012 1534 contentio
1044 1501 1103 1534 ista
1134 1509 1196 1533 non
1221 1502 1269 1533 est

312 1557 465 1590 trahenda
487 1557 519 1589 in
543 1556 743 1598 exemplum,
766 1555 841 1597 quia
864 1563 1009 1596 repressa
1032 1554 1091 1586 suit
1107 1562 1163 1595 per
1179 1552 1270 1585 Chri-

313 1614 397 1644 stum
428 1613 459 1643 et
494 1619 550 1652 per
585 1609 765 1651 Apostolum
794 1608 924 1640 Paulum
957 1607 1167 1640 dissuadetur.
1193 1606 1269 1649 Nam

313 1664 434 1706 primae
456 1663 495 1696 ad
519 1662 697 1695 Corinthios
720 1661 931 1694 undecimo4:
960 1673 976 1688 «
993 1660 1023 1692 Si
1047 1660 1119 1702 quis
1144 1659 1270 1692 videtur

313 1717 395 1749 inter
418 1725 474 1749 vos
490 1715 702 1748 contentiosus
725 1723 811 1753 esse,
828 1723 885 1746 nos
902 1714 994 1746 talem
1012 1712 1270 1746 consuetudinem

313 1779 375 1802 non
399 1770 567 1808 habemus,
584 1777 687 1810 neque
704 1767 838 1801 Ecclesia
862 1767 916 1800 Dei
931 1779 961 1806 »;
985 1766 1070 1808 quia,
1088 1765 1271 1799 Proverbio-

315 1832 386 1856 rum
414 1822 576 1865 vigesimo,
607 1835 622 1851 «
639 1822 740 1854 honor
772 1824 820 1854 est
850 1820 987 1859 homini,
1011 1819 1065 1862 qui
1090 1822 1215 1861 separat
1238 1826 1272 1851 se

313 1885 332 1908 a
355 1875 607 1908 contentionibus
623 1888 653 1906 ».
680 1893 720 1897 —
747 1873 805 1906 Sed
829 1874 906 1906 haec
931 1871 1125 1905 consuetudo
1142 1871 1272 1904 recessit

313 1929 353 1961 ab
376 1928 463 1967 aula;
499 1928 594 1960 immo
624 1927 723 1965 sicut,
752 1926 935 1959 imminente
962 1925 1105 1967 passione
1140 1923 1270 1962 Christi,

313 1981 543 2014 contenderunt
565 1980 603 2013 de
626 1980 780 2022 primatu,
797 1979 858 2018 sic,
875 1979 1056 2011 imminente
1080 1980 1183 2010 morte
1207 1977 1272 2019 epi—

313 2034 413 2076 scopi,
438 2033 594 2067 contentio
611 2033 646 2065 fit
661 2033 743 2065 inter
768 2032 950 2070 canonicos,
967 2031 1039 2073 quis
1054 2030 1167 2063 debeat
1182 2038 1273 2072 prae-

312 2087 396 2129 poni.
420 2087 507 2119 Unde
531 2086 647 2119 talibus
670 2088 773 2127 potest
795 2084 855 2117 dici
887 2083 965 2116 illud
993 2083 1128 2125 Apostoli
1152 2083 1273 2125 primae

313 2140 351 2172 ad
382 2139 561 2172 Corinthios
594 2137 801 2171 undecimo⁵:
833 2150 848 2166 α
864 2137 930 2169 Non
962 2136 1055 2169 laudo
1086 2144 1157 2175 vos,
1189 2128 1273 2177 quod

313 2202 376 2226 non
412 2192 442 2225 in
475 2192 605 2231 melius,
637 2191 691 2224 sed
726 2191 758 2223 in
792 2190 933 2223 deterius
957 2189 1174 2228 convenitisn;
1199 2188 1274 2231 quia

314 2245 419 2288 potius
441 2245 614 2278 adhaerent
648 2243 839 2277 contentioni
875 2242 1049 2276 carnalium
1085 2250 1181 2284 quam
1205 2241 1273 2283 paci

314 2302 345 2331 et
368 2298 481 2331 unitati
505 2297 736 2340 spiritualium,
760 2305 855 2339 quam
892 2296 937 2329 eis
968 2295 1097 2338 reliquit
1128 2294 1274 2327 Christus

314 2351 345 2383 in
370 2354 489 2390 morte,
514 2350 687 2383 secundum
722 2349 799 2382 illud
836 2349 957 2382 Ioannis
988 2348 1108 2381 decimo
1140 2351 1272 2390 quarto:

320 2417 335 2431 «
352 2404 461 2437 Pacem
493 2404 638 2445 relinquo
673 2402 779 2441 vobis,
805 2411 912 2445 pacem
948 2410 1048 2434 meam
1073 2401 1112 2434 do
1136 2400 1225 2433 vobis
1242 2413 1272 2432 ».

387 2618 395 2633 ¹
418 2618 493 2644 Vers.
512 2619 554 2650 31,
573 2617 618 2643 ubi
644 2624 693 2649 pro
718 2616 826 2644 Simoni
853 2617 897 2650 (ita
925 2617 1003 2642 etiam
1032 2617 1074 2642 alii
1104 2617 1272 2643 scholastici:

316 2663 391 2689 Card.
412 2663 503 2694 lingo,
523 2663 551 2687 B.
571 2660 667 2687 Albert.
687 2662 749 2694 etc.)
770 2661 882 2693 Vulgata
903 2660 1007 2687 Simon.
1029 2675 1063 2680 -—
1086 2662 1134 2687 Pro
1159 2660 1196 2688 ad
1213 2668 1273 2688 con-

314 2706 456 2738 stantiam,
476 2706 549 2739 quod
568 2705 647 2732 habet
665 2706 684 2731 B
705 2705 737 2738 (D
756 2712 771 2730 a
790 2705 906 2731 secunda
925 2706 1016 2739 manu)
1042 2705 1100 2731 Vat.
1121 2711 1216 2731 eorum
1235 2705 1273 2731 in-

316 2751 508 2782 constantiam,
528 2750 608 2776 ACll
629 2750 752 2776 omittunt
770 2756 875 2775 eorum.

387 2794 397 2809 ²
417 2795 492 2820 Vers.
513 2795 537 2819 ⁴.
556 2808 591 2813 —
610 2794 700 2819 Glossa
720 2793 862 2819 ordinaria
881 2793 922 2825 (ex
942 2793 1022 2826 Beda)
1043 2793 1069 2818 in
1089 2794 1151 2818 Luc.
1165 2794 1207 2823 22,
1221 2792 1273 2817 24:

316 2839 398 2866 Causa
427 2839 598 2865 contentionis
625 2837 702 2864 nobis
731 2838 876 2870 incognita,
905 2838 952 2863 sed
976 2844 1028 2863 non
1048 2840 1087 2862 est
1106 2836 1273 2866 incredibile,

316 2884 387 2917 quia,
406 2884 475 2909 iuxta
495 2883 567 2916 quod
581 2882 641 2908 alibi
655 2881 731 2916 [Luc.
747 2882 793 2914 ⁴3,
808 2880 865 2915 24.]
877 2881 1049 2914 praecipitur:
1071 2879 1224 2907 contendite
1237 2879 1274 2905 in-

316 2929 391 2954 trare
407 2934 457 2960 per
476 2928 624 2959 anquetam
639 2928 765 2959 portam,
785 2927 884 2951 honore
903 2931 931 2951 se
950 2924 1065 2950 invicem
1079 2923 1275 2955 praeveniendo

316 2971 446 2997 certarint.
466 2971 516 2996 Sed
535 2970 651 3003 qualibet
670 2977 700 2996 ex
720 2976 798 2995 causa
817 2969 1012 2999 contenderint,
1032 2975 1083 2993 non
1103 2967 1167 3000 quid
1187 2967 1275 2992 adhuc

316 3016 432 3042 carnales
451 3015 591 3047 gesserint,
610 3014 657 3039 sed
670 3014 736 3047 quid
748 3014 890 3045 spiritualis
908 3013 1030 3045 Magister
1049 3011 1165 3043 iusserit,
1185 3011 1275 3037 videa-

316 3067 384 3086 mus.
403 3059 455 3086 Csr.
473 3066 553 3091 supra
572 3065 634 3090 pag.
654 3058 720 3090 243,
739 3060 800 3083 nota
821 3058 862 3083 12.
959 3056 961 3058 “

387 3103 397 3118 ³
418 3105 491 3129 Vers.
510 3104 535 3129 3.
553 3117 589 3122 —
608 3103 645 3128 De
664 3110 719 3135 seq.
748 3102 927 3135 propositione
955 3102 1000 3127 cfr.
1030 3108 1109 3133 supra
1138 3107 1200 3133 pag.
1227 3100 1274 3132 85,

316 3152 376 3175 nota
397 3149 421 3174 Ιι.
440 3151 465 3174 et
483 3148 619 3179 Ambros,
639 3148 673 3174 X.
692 3147 717 3173 in
736 3148 798 3173 Luc.
817 3154 839 3173 c.
860 3148 901 3172 22.
922 3154 949 3172 n.
968 3147 1011 3172 50.

387 3192 398 3207 ⁴
418 3193 492 3218 Vers.
514 3192 560 3224 16,
579 3192 621 3218 cui
641 3191 803 3218 subnectitur
822 3192 899 3217 Prov.
920 3191 968 3222 20,
988 3191 1012 3216 3.

388 3237 398 3251 ⁵
417 3238 491 3263 Vers.
512 3237 554 3262 47.
574 3251 608 3256 —
628 3237 685 3262 Duo
704 3243 778 3269 seqq.
797 3236 846 3262 loci
865 3238 926 3261 sunt
945 3236 1012 3261 loan.
1033 3234 1079 3267 ⁴4,
1099 3234 1142 3260 27.
1166 3236 1191 3259 et
1209 3233 1275 3258 Gen.

317 3282 365 3313 liti,
385 3282 426 3307 24.
446 3295 482 3301 —
501 3281 628 3313 Superius
647 3288 695 3313 pro
714 3280 830 3314 episcopi
849 3280 907 3306 Vat.
927 3287 988 3305 cum
1007 3280 1029 3305 H
1044 3277 1173 3313 praelati.

387 3324 399 3340 ⁶
418 3326 493 3351 Vers.
515 3326 538 3351 l.
559 3328 584 3351 et
603 3325 628 3351 4.
646 3339 682 3344 -
700 3325 790 3350 Glossa
806 3324 987 3351 interlinearis
1002 3324 1058 3358 (cfr.
1076 3323 1174 3355 Beda):
1193 3322 1275 3356 Reqes

317 3370 437 3404 nentium
456 3369 632 3396 dominantur
652 3376 760 3401 eorum,
781 3376 828 3401 per
856 3368 998 3400 potentiam
1028 3375 1073 3394 eos
1101 3366 1275 3393 humiliantes.

318 3429 351 3433 —
371 3415 498 3447 Superius
517 3421 566 3446 pro
581 3420 632 3448 per
652 3413 758 3440 culmen
777 3412 948 3439 excellentiae
967 3412 1027 3438 Vat.
1036 3418 1087 3446 per
1100 3410 1273 3438 ambitionem

316 3457 497 3485 excellentiae.

877 300 1071 334 COMMENT.
1096 299 1133 332 IN
1157 296 1396 331 EVANGELIUM
1420 295 1539 329 LUCAE
1563 295 1595 327 C.
1620 293 1708 327 XXII.

1327 385 1414 418 Unde
1437 384 1545 426 Ioseph
1571 383 1653 416 dixit
1677 381 1830 415 fratribus
1862 380 1928 413 suis
1963 379 2091 413 Genesis
2114 378 2288 421 quadrage-

1328 437 1409 470 simo
1431 437 1560 479 quinto:
1590 448 1606 464 «
1623 435 1666 467 Ne
1690 433 1869 467 irascamini
1892 433 1924 466 in
1949 433 2000 465 via
2012 445 2042 464 x».

1419 489 1470 522 36.
1497 489 1597 531 (Vers.
1627 487 1705 529 25).
1731 486 1873 520 Secundo
1890 489 2045 528 quantum
2060 485 2099 518 ad
2116 485 2290 518 documen·
2300 489 2446 544 ἓξὲξ-ἓξὲξ

1330 547 1400 575 tum
1424 540 1662 584 arroyantiam
1697 539 1882 582 reprimens
1906 538 2027 571 subdit:
2054 538 2146 571 Dixit
2178 541 2290 570 autem
2311 543 2438 571 reprimem-

1329 596 1394 629 eis.-
1419 596 1520 637 Reyes
1550 593 1699 636 pentium
1730 592 1951 625 dominantur
1982 601 2117 630 eoram,
2142 600 2199 633 per
2223 591 2290 624 cul-

1329 657 1401 681 men
1433 647 1662 685 excellentiae,
1688 644 1863 678 secundum
1899 644 1979 677 illud
2014 643 2118 676 iudith
2142 644 2289 686 primo‘:

1335 714 1351 730 «
1367 700 1551 743 Arphaxad‚
1567 708 1627 735 rex
1643 698 1804 732 Medorum
1829 697 2055 740 subjugaverat
2077 697 2194 730 multas
2216 705 2292 739 gen-

1331 758 1378 788 tes
1401 763 1459 787 suo
1482 753 1615 795 imperio
1632 766 1662 785 n.
1693 766 1708 781 «
1725 752 1761 785 Et
1785 751 1981 794 gloriabatur
2010 750 2099 793 quasi
2124 752 2235 792 potens
2259 750 2291 782 in

1330 807 1470 850 potentia
1492 807 1654 840 exercitus
1678 805 1726 839 sui
1751 809 1783 838 et
1806 805 1837 837 in
1861 804 1961 847 gloria
1976 803 2204 846 quadrigarum
2219 812 2293 836 sua-

1331 870 1404 893 rum
1422 873 1452 892 ι».
1477 878 1521 882 -
1545 860 1586 892 Ει
1608 859 1668 903 qui
1686 861 1879 901 potestatem
1903 856 2024 889 liabent
2046 865 2149 898 super
2171 865 2225 888 eos
2242 855 2292 888 be—

1330 913 1428 956 nefici
1450 917 1634 952 vocantur,
1659 921 1716 955 per
1740 920 1855 945 nomen
1880 910 2074 944 honorabile.
2093 909 2183 943 Tales
2206 913 2292 949 sunt,

1331 967 1369 1000 de
1393 967 1511 1009 quibus
1534 967 1565 999 in
1591 966 1756 999 Psalmo⁷:
1785 965 2014 997 «Vocaverunt
2037 963 2164 996 nomina
2187 962 2293 996 suain

1332 1020 1426 1053 terris
1450 1019 1516 1052 suis
1532 1031 1563 1059 »ς
1588 1022 1620 1052 et
1651 1018 1756 1051 statim
1787 1017 1953 1050 subditur:
1983 1029 1999 1045 α
2016 1016 2131 1055 Homo,
2163 1024 2236 1049 cum
2260 1014 2292 1047 in

1332 1073 1453 1105 honore
1476 1076 1576 1111 esset,
1600 1081 1662 1104 non
1687 1071 1874 1104 intellexit»
1904 1074 1963 1103 etc.

1422 1126 1474 1158 37.
1507 1125 1608 1167 (Vers.
1642 1125 1719 1167 26.).
1752 1125 1812 1157 Vos
1834 1128 1946 1156 autem
1969 1133 2036 1156 non
2059 1122 2128 1161 sic;
2151 1122 2209 1155 sed
2235 1122 2296 1166 qui
2312 1125 2430 1174 {lfflfflf

1332 1179 1444 1212 maior
1467 1183 1513 1211 est
1536 1179 1572 1211 in
1595 1178 1686 1211 vobis
1713 1178 1776 1221 fiat
1797 1178 1886 1211 sicut
1911 1177 2043 1216 minor,
2072 1185 2130 1219 per
2166 1176 2294 1209 humili·
2423 1168 2430 1175 ’

1333 1235 1428 1264 tatem
1452 1231 1484 1263 in
1508 1231 1617 1270 corde,
1641 1230 1815 1263 secundum
1839 1230 1916 1263 illud
1933 1228 2138 1262 Ecclesiastici
2157 1228 2292 1261 terti0⁸:

1338 1297 1353 1313 α
1371 1285 1494 1326 Quanto
1518 1293 1651 1326 magnus
1674 1293 1724 1323 es,
1749 1284 1881 1317 humilia
1905 1287 1936 1316 te
1960 1283 1991 1315 in
2016 1282 2179 1321 omnibus,
2196 1285 2228 1315 et
2243 1291 2295 1315 co-

1333 1347 1401 1370 ram
1426 1338 1490 1370 Deo
1524 1337 1664 1370 invenies
1688 1337 1821 1379 gratiam
1839 1350 1868 1368 n.
1894 1337 1969 1369 Nam
2003 1335 2209 1369 Ecclesiastici
2241 1335 2295 1368 de-

1334 1392 1432 1425 cimo:
1461 1404 1476 1419 «
1494 1391 1624 1433 Magnus
1647 1394 1695 1423 est
1718 1390 1815 1423 iudex
1839 1394 1870 1423 et
1894 1394 2005 1432 potens
2028 1389 2060 1422 in
2085 1389 2223 1428 honore,
2241 1388 2296 1422 sed

1334 1455 1396 1478 non
1428 1448 1475 1478 est
1507 1445 1607 1477 maior
1631 1444 1684 1477 illo
1707 1444 1762 1486 qui
1784 1444 1874 1477 timet
1905 1444 2006 1476 Deum
2026 1456 2057 1475 n.
2090 1461 2135 1467 —
2167 1443 2207 1476 Et
2237 1442 2297 1486 qai

1331 1507 1527 1541 praecessor
1550 1501 1613 1537 est,
1637 1497 1725 1530 sicat
1752 1497 1984 1535 ministrator,
2013 1505 2071 1538 per
2102 1495 2295 1534 humiliatioe

1334 1560 1405 1584 nem
1423 1551 1454 1583 in
1471 1550 1630 1583 exteriori
1644 1549 1909 1587 conversatione,-
1932 1548 2078 1581 Matthaei
2103 1548 2254 1591 vigesimo
2267 1548 2294 1581 ⁹:

1340 1617 1355 1633 «
1372 1604 1572 1646 Quicumque
1596 1603 1734 1637 voluerit
1757 1603 1840 1636 inter
1863 1611 1919 1636 vos
1943 1602 2043 1635 maior
2067 1602 2155 1641 fieri,
2180 1601 2220 1635 sit
2243 1611 2296 1635 ve-

1335 1661 1399 1691 ster
1424 1657 1584 1696 minister;
1609 1660 1640 1690 et
1663 1657 1857 1699 quicumque
1880 1656 2018 1689 voluerit
2041 1655 2123 1688 inter
2148 1664 2203 1688 vos
2231 1655 2296 1697 pri-

1336 1720 1408 1744 mus
1431 1720 1513 1750 esse,
1538 1711 1598 1744 erit
1621 1714 1725 1743 vester
1749 1718 1862 1743 servus
1878 1723 1908 1742 n.
1935 1710 1971 1742 Et
1994 1709 2063 1742 ideo
2086 1709 2118 1741 in
2147 1708 2297 1751 parabola

1336 1773 1433 1806 supra
1456 1763 1576 1796 decimo
1601 1765 1716 1805 quarto
1739 1762 1831 1795 dicit:
1861 1775 1877 1791 α
1893 1762 1971 1794 Cum
1995 1765 2126 1795 vocatus
2142 1761 2241 1794 fueris
2257 1761 2297 1794 ad

1336 1817 1479 1859 nuptias,
1504 1816 1654 1849 recumbe
1680 1816 1710 1848 in
1741 1815 1911 1849 novissimo
1935 1816 2003 1848 loco
2019 1828 2049 1847 n.
2075 1815 2111 1848 Et
2142 1815 2297 1847 rationem

1335 1870 1450 1903 ibidem
1475 1869 1594 1902 reddit:
1623 1882 1638 1898 α
1655 1869 1735 1911 Quia
1758 1868 1880 1908 omnis,
1904 1868 1959 1910 qui
1984 1877 2017 1901 se
2033 1867 2166 1906 exaltat,
2191 1867 2297 1900 humi-

1336 1923 1482 1962 habitum
1507 1926 1538 1956 et
1561 1922 1616 1965 qui
1649 1931 1682 1955 se
1714 1922 1861 1955 humiliat
1888 1921 2082 1955 exaltabitur
2098 1934 2129 1953 ».
2155 1921 2217 1953 Hoc
2240 1929 2296 1953 au-

1337 1979 1400 2009 tem
1423 1975 1550 2015 dicitur,
1575 1984 1637 2008 non
1660 1978 1697 2008 ut
1719 1975 1837 2018 gradus
1860 1974 2037 2013 deseratur,
2055 1982 2112 2007 nec
2128 1973 2206 2006 ordo
2223 1982 2294 2016 per-

1337 2029 1496 2067 turbetur,
1514 2037 1570 2061 nec
1584 2028 1701 2061 iustitia
1713 2028 1890 2067 omittatur,
1908 2027 1962 2061 sed
1978 2030 2014 2060 ut
2030 2027 2175 2070 privatus
2191 2026 2297 2060 excel-

1337 2081 1450 2114 lentiae
1465 2090 1554 2113 amor
1570 2081 1804 2123 suppeditetur3
1822 2081 1892 2114 ideo
1910 2080 2115 2114 Ecclesiastici
2137 2079 2298 2123 trigesimo

1338 2134 1475 2167 secundo
1490 2134 1533 2166 ¹⁰:
1563 2147 1578 2162 «ι
1596 2134 1758 2167 Rectorem
1791 2137 1822 2167 te
1852 2137 2054 2177 posuerunt?
2077 2134 2145 2167 Noli
2168 2133 2296 2172 extolli3

1337 2191 1404 2221 esto
1429 2187 1461 2220 in
1477 2187 1538 2220 illis
1555 2187 1644 2229 quasi
1661 2196 1746 2221 unus
1761 2196 1803 2220 ex
1820 2188 1874 2221 eis.
1892 2187 2008 2220 Curam
2024 2188 2153 2220 illorum
2171 2187 2252 2220 habe
2264 2200 2295 2220 ι).

1338 2240 1374 2273 Et
1398 2241 1458 2273 hoc
1488 2240 1627 2273 maxime
1658 2240 1781 2273 clericis
1815 2240 1980 2282 competit,
2011 2239 2184 2272 secundum
2219 2237 2297 2272 illud
2317 2241 2448 2265 Notandum·

1341 2293 1462 2336 primae
1485 2293 1567 2326 Petri
1592 2292 1720 2335 quinto:
1749 2292 1844 2325 «Non
1868 2296 1904 2326 ut
1927 2292 2124 2325 dominantes
2140 2291 2172 2324 in
2188 2291 2299 2331 cleris,

1339 2346 1392 2379 sed
1423 2346 1525 2379 forma
1548 2345 1620 2378 sacti
1643 2345 1748 2388 gregis
1772 2355 1813 2378 ex
1836 2345 1941 2378 animo
1957 2358 1988 2377 ι).
2018 2344 2104 2378 Unde
2132 2345 2240 2378 Glossa
2253 2345 2297 2377 11;

1343 2399 1501 2433 «Necesse
1518 2402 1582 2438 est,
1599 2402 1635 2432 ut
1651 2402 1807 2432 rectorem
1831 2398 1965 2432 subditis
1988 2402 2019 2432 et
2042 2402 2175 2435 matrem
2200 2398 2299 2440 pietas

1406 2614 1417 2630 ⁷
1437 2616 1530 2642 psalm.
1551 2615 1598 2647 48,
1620 2616 1661 2641 te.
1681 2617 1707 2640 ct
1727 2615 1769 2640 ⁴3.
1787 2628 1824 2634 —
1842 2614 1932 2640 Glossa
1961 2613 2163 2640 interlinearis:
2183 2591 2227 2640 ΙΕι
2252 2614 2301 2648 qm·

1333 2662 1507 2694 potestatem,
1527 2659 1669 2691 largiendi,
1689 2657 1786 2685 habent
1804 2664 1887 2692 super
1906 2664 1951 2684 eos
1970 2656 2080 2691 benefici
2095 2659 2240 2684 vocantur.

1407 2703 1418 2719 ⁸
1437 2704 1514 2730 Vers.
1534 2704 1576 2729 20.
1596 2706 1622 2728 et
1640 2703 1737 2728 deinde
1757 2702 1804 2735 40,
1823 2702 1872 2733 27,
1892 2701 1938 2727 ubi
1957 2702 2088 2734 Vulgata:
2102 2702 2211 2734 Magnus
2224 2705 2250 2728 et
2261 2702 2299 2728 iu-

1337 2748 1387 2773 dex
1405 2751 1431 2773 et
1449 2750 1543 2780 potens
1562 2750 1601 2772 est
1620 2747 1645 2772 in
1664 2747 1778 2777 honore,
1798 2749 1823 2771 et
1841 2752 1894 2771 non
1913 2748 1953 2771 est
1970 2749 2019 2772 etc.
2032 2759 2068 2765 —-
2081 2746 2171 2774 Glossa
2190 2745 2298 2773 ordina-

1336 2791 1381 2818 ria
1401 2791 1442 2824 (ex
1460 2791 1530 2817 Beda
1550 2794 1575 2816 et
1593 2791 1711 2821 Hieron„
1725 2790 1761 2816 ΙΙΙ.
1775 2789 1922 2815 Comnient.
1936 2790 1963 2815 in
1976 2790 2064 2816 Matth.
2077 2790 2110 2815 20
2119 2809 2126 2821 ,
2140 2790 2183 2816 25.
2196 2789 2296 2824 seqq.):

1337 2836 1398 2862 Pius
1417 2836 1539 2867 Magister
1557 2842 1610 2861 non
1629 2835 1708 2860 initae
1726 2834 1898 2860 contentionis
1927 2834 2014 2866 arguit
2041 2833 2224 2869 [discipulos],
2250 2835 2298 2861 sed

1338 2881 1449 2905 formam
1463 2879 1628 2910 humilitatis,
1642 2885 1723 2911 quam
1736 2881 1888 2911 sequantur,
1902 2878 2041 2910 describit,
2054 2879 2129 2912 quasi
2143 2879 2228 2906 dicat:
2242 2879 2299 2906 Vos

1338 2930 1412 2950 more
1436 2923 1611 2949 saecularium
1631 2929 1679 2955 per
1698 2923 1886 2954 praelationem
1906 2923 2045 2955 pervenire
2063 2923 2142 2949 vultis
2166 2923 2200 2950 ad
2223 2925 2297 2956 regni

1337 2968 1549 3000 possessionem;
1568 2967 1616 2993 sed
1635 2966 1669 2993 ad
1687 2974 1820 2992 summam
1840 2967 1966 2993 virtutum
1980 2974 2032 2994 non
2046 2968 2162 3000 potentia
2179 2968 2297 3000 venitur,

1338 3012 1386 3038 sed
1405 3012 1558 3037 humilitate.

1409 3055 1420 3070 ⁹
1439 3056 1515 3082 Vers.
1535 3056 1577 3081 26.
1596 3062 1653 3089 seq.
1666 3070 1700 3074 —-
1714 3056 1770 3082 Duo
1790 3056 1897 3082 interius
1915 3056 2018 3089 allegati
2036 3056 2085 3082 loci
2099 3059 2159 3082 sunt
2171 3057 2234 3082 Luc.
2248 3055 2297 3088 44,

1340 3101 1381 3126 ⁴0.
1401 3104 1427 3126 et
1447 3101 1488 3126 Μ.

1410 3144 1433 3159 ²⁰
1451 3145 1525 3170 Vers.
1547 3145 1570 3170 t.
1589 3152 1646 3178 seq.
1658 3159 1694 3164 —
1706 3144 1829 3179 Sequitur
1850 3146 1866 3171 1.
1886 3146 1952 3171 Petr.
1973 3146 2004 3177 5,
2024 3146 2055 3177 3,
2074 3144 2119 3171 ubi
2139 3152 2188 3177 pro
2207 3144 2236 3171 in
2249 3144 2297 3172 cle-

1338 3188 1378 3215 ris
1397 3188 1478 3215 CDG
1490 3189 1511 3214 H
1530 3196 1591 3214 cum
1610 3189 1696 3220 Beda,
1715 3189 1757 3215 Vl.
1778 3189 1803 3215 in
1822 3190 1884 3216 Luc.
1904 3190 1952 3222 22,
1972 3189 2020 3221 25,
2045 3188 2074 3215 in
2092 3189 2174 3216 clero.
2193 3203 2229 3208 —
2247 3190 2296 3215 Su-

1339 3232 1427 3265 perius
1447 3239 1494 3264 pro
1513 3239 1574 3265 nec,
1594 3232 1667 3266 quod
1686 3232 1726 3258 his
1745 3232 1870 3265 occurrit,
1891 3232 1950 3258 Vat.
1978 3239 2040 3258 cum
2067 3233 2198 3258 nonnullis
2217 3233 2296 3259 codd.

1338 3275 1394 3309 vel,
1416 3279 1441 3302 et
1458 3276 1641 3310 suspendatur
1655 3283 1704 3308 pro
1717 3275 1902 3310 suppeditetur
1922 3276 1967 3309 (ita
1986 3275 2119 3310 Acon).
2138 3277 2179 3302 Du
2198 3276 2296 3309 Gange,

1338 3320 1498 3347 Glossarium
1527 3324 1589 3347 etc:
1618 3320 1811 3355 Suppeditare,
1840 3320 1988 3353 subiicere,
2016 3324 2150 3355 evertere,
2180 3321 2296 3354 pedibus

1340 3365 1505 3396 conculcare,
1525 3364 1575 3390 sub
1595 3364 1677 3396 pedes
1696 3371 1803 3396 ponere.
2055 3369 2057 3372 ’

1410 3408 1431 3423 ¹¹
1453 3409 1553 3435 Scilicet
1571 3407 1714 3435 ordinaria
1734 3408 1775 3441 (ex
1794 3407 1876 3442 Beda)
1897 3408 1923 3434 in
1942 3409 2003 3434 Luc.
2024 3410 2072 3441 22,
2092 3409 2136 3435 25.
