2476 3921
57 393 162 416 secunda.

81 1083 160 1105 Tertia.

37 1454 103 1486 Aliud
116 1462 160 1477 mo-

64 1485 137 1504 tivum.

1080 240 1116 272 ΙΝ
1142 240 1274 273 LUCAM.
2148 245 2165 275 9

273 333 302 364 7.
328 331 485 370 Secundo,
502 333 657 373 quantum
674 330 713 363 ad
730 328 987 372 confutationem
1005 328 1144 361 haereti-

182 394 240 417 cae
260 384 468 426 pravitatis¹
492 383 584 416 dicit:
610 382 657 415 Ne
681 382 831 415 Iudaicis
858 382 986 424 fabalis
1010 381 1143 420 attenti,

182 437 299 480 quibus
334 437 454 470 seducti
489 440 596 475 erant,
629 445 720 479 posse
753 436 862 477 legalia
896 436 1043 469 sufficere
1078 435 1145 468 sine

182 490 361 532 Evangelio,
386 489 423 522 in
445 489 513 522 solo
531 489 625 532 Leyis
642 488 804 521 desiderio
828 492 1034 526 tenerentur,
1059 488 1143 530 quod

181 544 234 577 illa
249 543 369 586 possint
385 543 532 576 sufficere
555 546 612 576 etc.
639 542 690 575 Vel
705 551 744 574 ne
759 541 932 574 haereticis
948 545 1005 574 etc.
1018 567 1025 580 ,
1042 550 1145 583 usque

181 597 241 630 ibi:
266 596 452 630 elaboraret
465 597 487 629 ².
525 597 560 629 Et
594 596 687 629 debet
719 596 761 628 ita
795 595 935 628 construi
962 595 1082 627 littera:
1107 599 1145 627 ut

181 649 381 689 elaboraret,
413 659 453 682 ne
478 649 627 681 Iudaicis
654 647 782 691 fabulis
810 652 868 681 etc.
895 648 931 680 Et
965 647 1050 680 circa
1086 648 1144 680 hoc

181 706 249 737 erat
272 712 352 745 opus
376 703 465 735 valde
482 702 625 735 insistere
649 701 733 734 circa
749 701 916 734 Ecclesiam
933 701 1143 743 primitivam;

181 757 265 790 unde
289 756 409 799 primae
440 755 479 788 ad
510 755 709 788 Timotheum
743 755 893 797 prim0³:
924 754 1069 797 «Rogavi
1096 758 1143 793 te⁷

181 813 217 843 ut
239 810 442 843 denuntiares
465 808 673 851 quibusdam,
698 817 737 841 ne
760 808 851 841 aliter
875 808 1025 841 docerent
1046 812 1076 841 et
1105 817 1144 841 ne

181 863 379 896 intenderent
401 862 515 895 sabulis
537 865 568 894 et
597 861 785 904 genealogiis
809 861 1037 901 interminatis,
1062 871 1144 904 quae

180 916 381 958 quaestiones
404 918 564 957 praestant
582 914 681 957 magis
696 923 793 957 quam
809 915 1055 948 aedificationem
1073 915 1143 955 Dei,

180 978 262 1012 quae
285 972 333 1002 est
356 969 386 1001 in
411 968 515 1001 tide».

268 1023 299 1055 8.
324 1022 447 1060 Tertio,
472 1025 626 1064 quantum
651 1021 689 1054 ad
709 1020 1015 1063 honorificationem
1040 1023 1144 1056 domi-

179 1076 275 1109 nicae
309 1075 494 1108 maiestatis
527 1075 648 1108 subdit:
684 1074 824 1114 Delii-ac,
849 1080 885 1108 ut
918 1076 954 1108 z'n
973 1076 1144 1119 principio

181 1128 363 1172 Evanyelii,
381 1128 555 1161 nativitate
574 1128 711 1161 loannis
725 1133 942 1170 praesumta,
961 1130 1018 1162 cui
1037 1131 1144 1162 Evan-

177 1181 301 1225 9el2'am
312 1181 479 1220 scriberet,
498 1181 558 1214 «id
579 1184 626 1214 est
639 1181 677 1214 ad
695 1182 786 1214 cuius
805 1183 1000 1222 honorem»,
1018 1186 1054 1216 ut
1069 1183 1144 1216 dicit

178 1235 329 1274 Glossa⁴;
354 1235 518 1267 indicaret
541 1239 598 1268 etc.
624 1236 800 1278 usque-ibi:
817 1236 859 1268 ab
876 1236 955 1269 atii-s*
977 1235 1142 1269 inchoata.

178 1288 221 1322 Ad
245 1289 397 1321 honorem
422 1298 559 1331 namque
593 1289 708 1322 Christi
746 1290 888 1332 scripsit;
923 1290 1005 1323 unde
1030 1291 1144 1324 Tobiae

178 1342 381 1375 duodecimo:
411 1355 426 1370 «
440 1342 676 1377 Sacramentum
703 1343 785 1385 regis
809 1343 1001 1377 abscondere
1024 1344 1142 1376 bonum

179 1398 243 1433 est,
268 1403 364 1436 opera
387 1398 492 1427 autem
517 1395 571 1427 Dei
605 1395 747 1428 revelare
771 1399 801 1428 et
826 1396 967 1428 confiteri
993 1396 1143 1429 honoria·-

179 1456 252 1480 cum
276 1450 369 1480 est».
396 1466 437 1470 —
462 1447 516 1480 Vel
541 1450 643 1489 potest
666 1448 745 1487 dici,
770 1448 853 1490 quod
881 1449 972 1481 tertio
989 1449 1143 1482 motivum

180 1504 227 1534 est
250 1500 424 1533 aedificatio
447 1500 605 1534 fraternae
629 1501 783 1541 caritatis;
809 1505 840 1534 et
864 1502 923 1535 hoc
950 1506 1052 1541 notat,
1070 1512 1143 1535 cum

178 1554 269 1587 dicit:
302 1554 360 1586 cuz'
388 1554 562 1593 scriberet,
595 1555 669 1597 quia
701 1556 892 1598 Theophila,
924 1556 978 1598 qui
1008 1569 1024 1585 «
1046 1556 1144 1589 inter-

178 1611 342 1650 pretatur:
368 1618 490 1641 amaus
514 1609 638 1647 Deum,
664 1610 713 1642 vel
738 1614 875 1642 amatas
901 1619 923 1642 a
949 1610 1038 1642 Deo⁵
1054 1623 1087 1648 »;
1112 1611 1144 1643 in

178 1670 242 1703 quo
265 1661 460 1700 ostenditur,
485 1661 569 1703 quod
592 1661 631 1694 ad
656 1662 818 1701 caritatem
842 1662 1012 1695 fraternam
1036 1663 1144 1696 aedili-

178 1713 308 1747 candam
333 1714 476 1756 scripsit,
501 1715 674 1748 secundum
710 1715 787 1748 illud
823 1716 943 1757 primae
978 1716 1016 1748 ad
1040 1716 1143 1749 Timo-

179 1767 289 1800 theum
315 1767 434 1809 primo:
465 1768 575 1801 «Finis
599 1769 756 1810 praecepti
782 1773 830 1801 est
853 1769 968 1801 caritas
992 1769 1031 1801 de
1048 1769 1142 1802 corde

178 1828 260 1861 puro
284 1822 316 1852 et
339 1820 528 1853 conscientia
551 1821 633 1853 bona
656 1824 686 1853 et
709 1821 771 1854 fide
794 1831 856 1853 non
881 1822 954 1854 ficta
970 1835 1000 1851 ».

1300 330 1328 360 9.
1357 329 1421 361 Cui
1444 330 1514 361 ideo
1536 335 1609 371 post
1634 330 1836 372 baptismum
1860 336 1917 364 etc.
1944 332 1995 364 llic
2019 332 2167 364 describi-

1209 385 1262 414 tnr
1286 391 1393 414 causa
1408 381 1565 424 formati-s·
1589 384 1654 416 sive
1679 384 1790 416 modus
1807 386 1934 425 agendi,
1953 386 2053 426 primo
2070 396 2168 428 quan-

1209 438 1275 467 tum
1300 436 1338 467 ad
1365 436 1479 468 librum
1505 437 1623 474 astum,-
1646 438 1796 476 secundo,
1821 439 1923 479 quoad
1942 440 2057 471 librum
2075 450 2168 473 anne-

1210 497 1306 527 xum,
1342 489 1459 521 scilicet
1496 491 1599 521 Actus
1635 490 1888 531 Apostolorum,-
1925 492 2033 530 tertio,
2067 494 2166 534 ‹pioad

2196 340 2262 360 (Lauta
2279 341 2319 361 tor-

2183 367 2243 386 malis
2254 367 2333 388 descri-

2198 395 2230 418 pta
2247 394 2314 418 quoad

2235 422 2282 440 Ul2.

1205 542 1383 584 protoyttm
1404 543 1672 584 praeambulum.
1697 562 1742 567 —-
1767 544 1869 576 l'ritno
1887 545 1981 585 igitur
2006 546 2107 587 quoad
2135 547 2331 581 li-t'f·m0·¹110³¹1

1209 596 1302 628 brum
1328 596 1430 628 istum
1453 596 1544 634 dicit,
1570 606 1669 638 quare
1694 598 1791 629 Lucas
1819 599 2028 640 geneahigiam
2054 600 2167 632 Christi

1208 647 1358 681 describit
1382 652 1452 690 post
1475 649 1685 690 baptismum,
1710 659 1728 681 a
1751 653 1833 682 statu
1859 652 2012 692 perfectae
2044 654 2167 691 notatis,

1208 703 1240 733 et
1262 701 1372 733 ordine
1396 702 1580 743 retrogrado
1603 703 1797 735 ascendendo
1826 713 1880 744 per
1905 705 2033 736 Nathan.
2061 706 2095 737 Et
2121 715 2168 737 ra-

1209 754 1324 787 tionem
1350 755 1447 787 huius
1471 755 1594 801 reddit,¹
1614 757 1688 798 quia
1712 756 1890 789 intendebat
1907 766 1998 799 agere
2015 758 2052 789 dc
2077 768 2168 796 aene-

1210 807 1331 840 ratione
1354 808 1485 847 Christi,
1511 809 1684 841 secundum
1709 810 1792 850 quod
1813 819 1867 851 per
1884 810 1967 842 illam
1987 811 2167 844 redut-imur

1209 861 1240 894 in
1265 862 1383 899 Deum;
1408 862 1492 904 quod
1517 862 1643 904 quidem
1676 863 1710 894 lit
1743 872 1798 904 per
1824 864 2089 902 remunerationem
2117 866 2168 897 ba-

1209 914 1385 956 ptismalem
1421 919 1452 947 et
1480 915 1676 956 adoptivam,
1701 916 1826 948 Christo
1858 917 1931 949 l³ilio
1956 918 2007 949 Dei
2034 920 2166 951 naturali

1209 968 1379 1001 reducente
1403 977 1460 1001 nos
1483 969 1520 1000 ad
1553 969 1673 1001 Patrem
1711 978 1823 1008 suum,
1850 970 1970 1002 Patrem
1996 971 2088 1003 etiam
2115 982 2168 1003 no-

1208 1025 1310 1054 strum
1336 1030 1393 1063 per
1416 1021 1623 1063 adoptionem.
1657 1022 1691 1054 Et
1726 1023 1783 1055 hoc
1807 1026 1870 1061 cst,
1895 1024 1978 1065 quod
2005 1025 2071 1056 vult
2097 1025 2168 1057 insi-

1207 1084 1307 1107 nuare
1327 1085 1390 1117 per
1414 1074 1569 1113 Nathan;
1594 1076 1684 1117 quia,
1710 1086 1782 1108 cnm
1807 1077 1949 1109 Salomon
1975 1083 2055 1109 esset
2085 1079 2167 1110 tilia>v

1208 1128 1321 1167 David,
1335 1129 1488 1161 naturalis
1504 1129 1664 1170 generatio
1682 1130 1789 1171 loseph
1807 1134 1837 1162 et
1854 1131 1966 1163 Mariae
1985 1141 2043 1163 non
2061 1140 2168 1163 :tsccn-

1208 1182 1253 1215 dit
1276 1182 1315 1215 ad
1338 1182 1435 1215 David
1461 1191 1516 1224 per
1541 1183 1660 1215 Nathan
1686 1184 1859 1216 secundum
1877 1193 2022 1222 caruerit,
2041 1185 2095 1217 sed
2112 1195 2167 1227 per

1208 1236 1404 1269 Salomonem
1430 1236 1603 1269 secundum
1629 1246 1782 1275 earnem,
1809 1247 1863 1279 per
1888 1238 2006 1270 Nathan
2026 1248 2099 1271 vero
2121 1248 2167 1271 se-

1208 1289 1346 1321 cundum
1373 1290 1600 1331 adoptionem,
1627 1294 1662 1322 ut
1691 1290 1720 1322 in
1754 1291 1846 1323 tertio
1878 1291 2039 1332 capitulo¹5
2064 1296 2167 1324 osten-

1207 1343 1310 1375 detur.
1338 1343 1372 1374 Et
1396 1343 1455 1374 hoc
1479 1346 1526 1375 est
1557 1343 1640 1384 quod
1676 1344 1742 1376 vult
1765 1344 1888 1382 dicere,
1921 1349 1951 1377 ct
1981 1345 2055 1377 dicit
2080 1346 2167 1378 valde
2190 1349 2219 1369 :0

1208 1396 1360 1433 obscure;
1385 1399 1416 1428 et
1439 1396 1532 1428 debet
1557 1396 1660 1429 littera
1684 1398 1823 1429 construi
1842 1398 1902 1429 sic:
1923 1398 1986 1431 cut
2003 1399 2071 1430 ideo
2091 1410 2166 1440 per-

1207 1449 1313 1481 missa
1337 1453 1383 1481 est
1402 1453 1548 1491 potestas
1572 1451 1762 1491 repetendae
1787 1450 1954 1483 humanae
1981 1452 2164 1484 nativitati-5

1208 1512 1230 1534 a
1251 1502 1439 1544 principio,
1464 1502 1493 1534 id
1525 1506 1573 1535 est
1608 1512 1709 1545 usque
1745 1504 1781 1535 ad
1819 1504 2025 1545 principium,
2051 1506 2167 1537 scilicet

1208 1564 1310 1598 usquc
1334 1556 1372 1588 ad
1396 1556 1515 1594 Deum,
1540 1560 1571 1588 ct
1604 1556 1661 1588 hoc
1683 1561 1758 1598 post
1790 1556 1992 1599 baptismum
2016 1568 2037 1590 a
2060 1557 2167 1600 perse—

1208 1609 1312 1641 ctt'oize
1334 1609 1576 1651 yeneratz'oanQ
1602 1609 1630 1641 id
1656 1614 1703 1642 cst
1726 1614 1796 1651 post
1819 1615 1951 1643 aetatem
1971 1612 2097 1653 triginta
2114 1622 2167 1644 an-

1208 1672 1321 1695 norum
1335 1688 1342 1701 ,
1367 1662 1448 1695 sicut
1472 1663 1501 1695 in
1522 1663 1613 1695 tertio
1629 1663 1766 1705 capitulo
1780 1664 1791 1682 ⁷
1808 1664 1948 1697 dicetur:
1973 1665 2066 1706 «lpse
2085 1665 2168 1698 lesus

1207 1720 1275 1749 erat
1299 1716 1450 1757 incipiens
1473 1716 1562 1758 quasi
1587 1726 1743 1752 annorum
1769 1717 1913 1759 triginta,
1939 1722 1974 1750 ut
1998 1719 2168 1760 putabatur

1207 1769 1292 1801 filius
1309 1769 1435 1810 loseph,
1460 1769 1514 1811 qui
1532 1769 1591 1801 suit
1608 1770 1670 1802 Heli
1690 1784 1705 1798 »
1726 1774 1803 1808 etc.;
1824 1774 1858 1802 ut
1874 1771 2013 1803 introita
2029 1781 2167 1813 (senera-

1208 1822 1306 1854 tz'onz's
1319 1821 1575 1863 indispar-abtas
1592 1822 1662 1861 Dei,
1681 1821 1710 1854 id
1724 1826 1771 1855 est
1784 1823 1898 1855 Christi
1913 1825 2052 1865 aequalis
2066 1825 2165 1863 I'atri;

248 2038 258 2053 ²
278 2039 397 2066 Nonnulli
415 2040 507 2071 codd,
528 2043 556 2067 ut
574 2040 670 2074 ACD,
689 2041 826 2075 falsitatis.

248 2082 258 2098 ²
279 2084 401 2110 Sedulius
421 2085 528 2111 Scottis:
548 2085 599 2111 Sed
619 2082 644 2111 in
659 2086 700 2112 his
718 2086 843 2113 omnibus
861 2087 896 2113 ob
910 2089 960 2113 hoc
974 2088 1141 2120 Evangelista

176 2136 225 2162 pro
244 2121 330 2155 studio
349 2129 502 2162 elaboravit,
522 2137 553 2156 ne
573 2130 652 2156 iidem
671 2131 763 2157 Graeci
783 2131 873 2157 fideles
886 2139 971 2164 nuper
991 2132 1018 2157 in
1034 2124 1140 2158 'Christo

175 2174 256 2199 renati
276 2173 386 2200 ludaicis
405 2173 498 2200 sabulis
521 2174 713 2206 deciperentur.
733 2175 840 2201 Constat
853 2176 939 2207 enim,
958 2176 1032 2209 quod
1056 2184 1141 2210 usque

176 2218 263 2244 adhuc
280 2217 386 2250 reprobi
410 2218 497 2244 ludaei
517 2218 649 2245 Christum
675 2219 701 2244 in
725 2227 803 2245 carne
822 2220 925 2246 venisse
944 2221 1089 2253 denegant,
1116 2224 1141 2246 et

175 2262 255 2288 alium
268 2261 400 2288 Christum
413 2264 554 2288 venturum
568 2263 626 2289 es'se
639 2263 801 2296 confingunt,
813 2264 933 2297 ideoque,
947 2267 1033 2297 spreta
1045 2264 1140 2291 Christi

177 2307 273 2339 gratia,
292 2314 460 2340 nequaquam
481 2307 666 2340 Evangelium,
686 2308 733 2333 sed
753 2309 806 2334 sola
825 2309 902 2340 Legis
921 2309 1060 2334 constituta
1084 2316 1141 2341 per-

176 2351 287 2377 suadent
306 2358 363 2377 esse
383 2351 514 2377 sectanda.
529 2351 625 2377 Contra
644 2353 693 2378 hos
707 2352 870 2384 Evangelista
885 2352 1017 2378 Christum
1032 2353 1083 2378 iam
1097 2360 1141 2378 na-

176 2399 231 2423 tum
252 2396 331 2422 tuisse
356 2396 482 2429 ostendit,
507 2399 532 2422 et
556 2398 605 2422 hoc
626 2404 676 2422 non
701 2397 757 2423 sine
775 2397 878 2423 idoneis
904 2396 1014 2423 testibus
1033 2397 1139 2430 astruit,

176 2440 222 2466 sed
248 2439 323 2467 omni
336 2439 542 2475 prophetatione
567 2440 771 2468 indubitabiliter
796 2440 939 2473 approbat,
964 2442 995 2467 ut
1013 2448 1091 2467 omne
1110 2447 1140 2467 os

176 2484 320 2516 reprobum
340 2483 499 2511 obstruatur
519 2484 606 2518 [Rom.
626 2486 655 2516 3,
677 2485 739 2517 t9.].
759 2486 789 2511 Et
807 2492 868 2511 cum
881 2485 996 2511 nonnulli
1017 2485 1139 2511 haeretici

176 2528 308 2555 Christum
328 2529 354 2554 in
369 2529 498 2555 mnndum
518 2529 634 2560 venisse,
647 2536 699 2555 non
719 2533 806 2555 tamen
823 2537 914 2555 veram
934 2536 1039 2555 carnem
1059 2529 1139 2555 habu-

177 2573 240 2604 isse,
259 2574 305 2599 sed
320 2575 469 2599 aethereum
485 2581 582 2606 corpus
596 2581 674 2600 suum
688 2575 722 2600 de
742 2574 897 2600 caelestibus
910 2574 1018 2600 traxisse
1031 2575 1139 2606 dogma-

177 2618 302 2649 tizabant;
322 2625 375 2644 non
395 2618 481 2644 minus
501 2620 548 2645 hos
567 2626 647 2652 quam
667 2619 723 2645 illos
742 2619 813 2645 idem
842 2619 939 2645 vitulus
958 2618 1139 2651 spiritualibus

177 2661 300 2688 cornibus
318 2663 465 2694 convincit,
485 2663 549 2688 dum
569 2662 700 2690 Christum
720 2664 867 2689 secundum
881 2670 986 2689 carnem
1006 2667 1032 2689 et
1049 2670 1139 2690 conce-

176 2709 251 2739 ptum
270 2709 296 2732 et
314 2714 345 2733 ex
364 2707 442 2733 Maria
462 2706 565 2740 virgine
583 2704 681 2734 natum¹
695 2708 774 2734 fuisse
793 2709 894 2734 asserit.
912 2708 952 2734 Ob
977 2710 1026 2734 hoc
1052 2709 1139 2742 itaque

176 2754 301 2777 cornutus
320 2752 485 2784 Evangelista
497 2752 638 2785 laboravit,
659 2760 693 2778 ne
709 2750 751 2778 alii
769 2752 887 2779 laborent
900 2756 949 2779 etc.
966 2767 998 2771 —
1012 2753 1139 2785 Superius

176 2798 236 2827 post
253 2795 348 2823 attenti
366 2796 384 2822 C
396 2797 449 2822 GK
464 2797 588 2823 omittunt
606 2796 703 2831 quibus
715 2797 818 2824 seducti
842 2796 905 2830 (UH
924 2797 1066 2830 iitducti)...
1085 2797 1139 2832 saf-

176 2839 269 2874 ᾔσθη,-
288 2840 309 2866 A
329 2840 423 2867 omittit
441 2840 577 2875 sufficere,
598 2845 623 2867 et
643 2842 664 2867 D
684 2849 733 2874 pro
751 2841 809 2868 sine
834 2842 981 2876 Evanqelz'o
997 2842 1139 2881 ‘substituit

176 2883 213 2910 ad
230 2883 355 2910 satutem.

246 2925 257 2941 ³
276 2928 351 2954 Vers.
371 2929 395 2954 3.
416 2935 472 2961 seq.
491 2943 526 2948 —
546 2930 673 2962 Superius
692 2937 741 2963 pro
760 2931 821 2957 erat
838 2937 905 2965 opas
920 2930 996 2957 ualde
1016 2930 1138 2958 insistere
1159 2935 1161 2939 ·

176 2971 197 2997 11
216 2973 275 2998 erat
294 2971 372 2998 cattle
391 2971 578 3000 insistentium.

245 3014 257 3030 ⁴
276 3017 349 3049 Quae
367 3020 407 3042 est
426 3017 497 3049 apud
516 3019 648 3050 Lyranutn
669 3018 860 3045 interlinearis.
879 3019 956 3045 Card.
980 3020 1070 3052 Hugo:
1096 3021 1137 3046 Iu-

176 3058 290 3092 dicat-et,
310 3060 368 3092 cui,
389 3060 414 3086 id
434 3064 473 3087 est
492 3062 526 3087 ad
546 3063 673 3088 honorem
694 3063 783 3095 cuius,
802 3063 899 3089 scilicet
917 3064 1024 3096 Christi,
1043 3063 1138 3090 scribe-

175 3104 216 3130 ret
234 3103 421 3137 Evanqettam.
435 3105 483 3131 Per
497 3107 546 3131 hoc
565 3106 651 3138 enim,
664 3107 737 3140 quod
755 3107 783 3132 in
796 3107 926 3140 principio
945 3108 1079 3140 Evangelii
1097 3108 1138 3133 sui

177 3148 230 3180 agit
249 3148 282 3174 de
301 3149 435 3175 nativitate
448 3150 628 3182 praecursoris
647 3150 756 3182 Christi,
776 3152 874 3178 seilicet
887 3152 1000 3184 loannis,
1020 3153 1066 3186 qui
1082 3155 1138 3178 erat

176 3191 232 3217 eius
250 3199 301 3218 vox
320 3193 361 3218 vel
380 3200 490 3225 praeco,
510 3195 638 3227 ostendit,
658 3202 686 3221 se
705 3195 738 3221 ad
764 3197 891 3222 honorem
904 3195 998 3223 Christi
1013 3196 1137 3223 scribere.

176 3248 210 3254 —
230 3235 347 3262 Subinde
366 3237 491 3269 allegatur
520 3237 586 3264 Tob.
607 3240 654 3271 12,
674 3240 699 3265 7.

246 3278 257 3294 ⁸
275 3281 307 3306 Ut
326 3280 389 3307 dicit
407 3281 492 3314 Beda,
512 3282 537 3307 in
557 3282 619 3309 Luc.
641 3284 668 3316 t,
688 3284 713 3309 3.
732 3297 768 3303 —
788 3284 910 3318 Sequitur
929 3285 946 3310 t.
968 3284 1037 3311 Tim.
1058 3286 1067 3311 vl
1080 3305 1087 3316 ,
1112 3286 1136 3312 5.

175 3336 216 3343 —->
230 3324 351 3351 Sedulius
370 3326 477 3351 Scotus:
497 3326 552 3352 Non
575 3327 677 3358 solum,
696 3327 793 3361 inquit,
817 3330 924 3361 propter
944 3330 1057 3355 Graecos
1076 3329 1137 3355 ilde·

176 3367 214 3393 les
231 3368 314 3394 Lucas
338 3369 364 3395 in
377 3376 457 3401 opere
476 3370 628 3402 evangelico
641 3371 783 3405 laboravit,
803 3373 850 3399 sed
869 3376 894 3398 et
907 3373 954 3398 alia
968 3380 1046 3399 causa
1069 3374 1138 3399 eius-

175 3411 236 3437 dem
256 3413 342 3444 operis
362 3414 470 3445 exstitit,
490 3415 540 3440 hoc
565 3417 616 3447 est,
641 3416 713 3449 quod
740 3416 795 3449 ipse
815 3417 898 3443 Lucas
917 3424 931 3443 a
958 3417 1034 3443 beato
1055 3418 1137 3444 Theo-

282 3464 312 3491 S.
332 3466 434 3493 Bonav.
447 3481 482 3487 —
497 3467 575 3493 Tom.
589 3468 633 3494 Vll

1205 2043 1275 2075 philo
1295 2043 1440 2074 postulatus
1463 2046 1532 2074 erat,
1551 2045 1681 2078 qnatenus
1706 2042 1800 2069 Christi
1826 2044 1995 2075 Evangeliuin
2023 2045 2167 2071 conscribe-

1205 2091 1257 2118 ret,
1278 2088 1351 2121 quod
1370 2091 1395 2113 et
1414 2089 1497 2113 Lucas
1517 2088 1541 2113 in
1561 2088 1697 2120 prooemio
1717 2088 1756 2113 sui
1777 2089 1910 2120 Evangelii
1931 2089 2039 2119 indicat,
2061 2090 2084 2115 id
2113 2094 2165 2121 est,

1205 2133 1378 2165 Evangelium
1393 2140 1430 2163 se,
1444 2133 1590 2164 Tlieophilo
1610 2135 1743 2164 poscente,
1762 2133 1889 2164 edidisse,
1903 2136 1928 2159 et
1944 2135 2016 2167 quod
2029 2135 2054 2160 in
2070 2135 2165 2167 Spiritu

1205 2180 1294 2203 sancto
1308 2177 1341 2202 ad
1356 2178 1405 2203 hoe
1418 2177 1590 2203 ministerium
1610 2178 1707 2203 electus
1721 2179 1817 2208 suerat,
1832 2180 1997 2210 contestans,
2011 2179 2037 2204 in
2058 2186 2086 2205 se
2098 2186 2166 2205 com-

1201 2219 1276 2253 pleta
1295 2227 1351 2246 esse
1371 2220 1532 2254 Evangyetia,
1559 2228 1628 2254 quae
1652 2220 1686 2247 ab
1710 2221 1772 2248 aliis
1798 2222 2067 2255 pseudoevangelistis
2093 2227 2165 2248 erant

1205 2271 1256 2290 non
1276 2266 1404 2297 perfecta,
1423 2265 1470 2291 sed
1490 2272 1572 2297 prave
1591 2258 1724 2292 inchoata.
1744 2265 1795 2292 Csr.
1816 2267 1843 2291 B.
1863 2266 1959 2292 Albert.
1975 2267 2011 2299 (in
2026 2269 2094 2293 hunc
2108 2275 2166 2299 pro·

1190 2308 1321 2341 togam),
1340 2309 1385 2342 qui
1405 2310 1483 2335 etiam
1503 2310 1569 2336 duas
1588 2313 1752 2342 praenotatas
1771 2311 1954 2342 explicationes
1973 2313 2052 2337 at'l‘ert.

1276 2351 1288 2367 ⁶
1308 2354 1381 2379 Vers.
1402 2354 1446 2380 23.
1476 2361 1551 2387 seqq.
1569 2368 1604 2373 —
1624 2354 1745 2380 Sedulius
1770 2356 1876 2381 Scotus:
1906 2353 1955 2381 Sed
1984 2357 2008 2381 in
2036 2357 2164 2388 principio

1204 2397 1245 2423 sui
1274 2398 1408 2429 Evangelii
1436 2405 1488 2424 non
1517 2398 1610 2424 Christi
1638 2400 1820 2432 genealogiam
1848 2401 2001 2432 proposuit,
2029 2401 2164 2434 quomodo

1204 2442 1348 2467 Matthaeus
1368 2442 1393 2467 in
1412 2450 1460 2468 suo
1482 2443 1540 2468 tecit
1560 2444 1715 2475 Evangelio,
1735 2444 1781 2470 sed
1802 2445 1888 2475 potius
1907 2445 2017 2472 loannis
2040 2450 2163 2478 tanquam

1204 2486 1383 2518 praecursoris
1402 2486 1505 2512 Domini
1525 2486 1678 2520 nativitate,
1697 2495 1776 2520 quam
1797 2488 1822 2513 in
1843 2489 1899 2514 aliis
1923 2489 2081 2521 descriptam
2108 2497 2165 2515 esse

1204 2537 1255 2555 non
1275 2530 1389 2561 viderat,
1408 2533 1579 2563 praesumta,
1593 2532 1630 2558 sic
1644 2532 1763 2563 tandem,
1784 2536 1845 2564 apto
1865 2533 1990 2564 temporis
2003 2533 2094 2558 ordine
2108 2540 2166 2559 con—

1203 2577 1323 2605 servato,
1342 2573 1435 2600 Christi
1456 2575 1616 2601 nativitatem
1637 2579 1680 2601 aut
1700 2576 1882 2607 genealogiam
1896 2577 2005 2608 pleniter
2024 2579 2163 2603 enarravit.

1204 2619 1277 2645 Unde
1297 2619 1429 2651 sequitur:
1451 2618 1501 2645 Cui
1519 2618 1575 2645 ideo
1592 2621 1655 2653 post
1673 2619 1835 2653 baptismum
1859 2620 1924 2646 Filii
1941 2621 2000 2653 Dei,
2022 2626 2046 2647 et
2065 2622 2164 2655 reliqua

1204 2669 1302 2695 usque:
1330 2662 1463 2696 permissa
1490 2664 1535 2689 est.
1564 2663 1620 2688 Non
1649 2666 1719 2688 caret
1747 2664 1864 2696 ratione,
1892 2665 1966 2697 quod
1992 2669 2050 2697 post
2070 2665 2164 2691 Christi

1203 2706 1364 2739 baptismum
1392 2708 1475 2733 Lucas
1506 2707 1624 2733 eiusdem
1655 2708 1794 2733 Salvatoris
1825 2709 2005 2740 genealogiam
2035 2710 2163 2736 edisserit..

1203 2751 1272 2777 llaec
1291 2758 1405 2784 namque
1424 2751 1541 2784 fitcultas
1560 2750 1717 2784 repetendae
1737 2751 1882 2778 nativitatis
1896 2752 2032 2780 humanae
2046 2755 2159 2786 Evange-

1203 2795 1275 2821 listao
1294 2802 1308 2820 a
1328 2795 1438 2821 Domino
1457 2802 1580 2821 concessa
1601 2799 1652 2825 est,
1672 2799 1695 2821 et
1710 2796 1833 2828 quamvis
1852 2803 1865 2821 a
1881 2796 1931 2822 sino
1950 2799 2161 2829 septuagesimae

1203 2843 1228 2866 et
1247 2840 1374 2872 septimae
1392 2839 1572 2873 petieratiom's
1592 2839 1619 2865 in
1646 2839 1750 2866 Clo-teto
1778 2839 1901 2873 impletae
1933 2842 1989 2872 ipsa
2016 2843 2097 2868 series
2122 2850 2163 2874 ge-

1202 2884 1337 2916 nealogiae
1356 2891 1403 2916 per
1422 2884 1487 2910 sslios
1507 2885 1532 2909 in
1553 2887 1639 2916 patres
1652 2884 1819 2910 ascendendo
1839 2886 1961 2916 recurrit,
1981 2893 2032 2911 non
2053 2887 2163 2919 proprio

1203 2931 1289 2954 tamen
1308 2928 1437 2960 principio
1457 2932 1535 2954 caret.
1555 2929 1654 2954 Etenim
1673 2935 1689 2954 a
1706 2928 1854 2963 principio,
1875 2930 1901 2955 id
1921 2934 1959 2955 est
1979 2930 2095 2962 Christo,
2116 2931 2161 2964 qui

1202 2977 1241 2999 est
1260 2973 1338 2999 totius
1356 2969 1495 2999 creationis
1521 2974 1692 3005 principium,
1711 2974 1863 3005 retrograda
1883 2975 2037 3006 genealogia
2057 2976 2161 3007 incipit,

1203 3021 1244 3050 ut,
1264 3008 1400 3051 quomodo
1413 3018 1446 3043 ad
1460 3018 1560 3044 Patrem
1576 3018 1733 3050 principium
1754 3018 1874 3048 recurrit,
1894 3019 1931 3044 sic
1945 3025 1958 3043 a
1979 3018 2080 3045 Christo
2094 3021 2162 3052 prin-

1202 3063 1271 3095 cipio
1290 3062 1425 3088 exordium
1446 3062 1502 3094 ipsa
1523 3062 1721 3094 generationum
1741 3063 1821 3088 serios
1840 3067 1933 3088 sumat.

1273 3105 1283 3120 ⁷
1304 3108 1379 3132 Vers.
1398 3107 1440 3132 23.
1462 3114 1536 3139 seqq.
1555 3121 1591 3126 —
1611 3108 1636 3132 ln
1658 3108 1678 3132 A
1698 3107 1811 3132 secunda
1833 3114 1925 3133 manus
1945 3112 2004 3139 post
2023 3115 2160 3135 annorum

1202 3152 1314 3178 addidit:
1332 3150 1454 3185 impletae
1476 3151 1504 3177 in
1517 3150 1636 3182 Clu-isto,
1651 3150 1678 3177 id
1696 3153 1966 3177 esti-onsummatae.
1984 3166 2020 3171 —
2041 3153 2164 3179 Sedulius

1202 3198 1305 3222 Scottis:
1317 3196 1451 3228 Sequitur:
1463 3197 1493 3222 nt
1502 3194 1698 3229 requirentibus
1709 3195 1913 3226 demonstraret,
1922 3199 1946 3221 et
1954 3196 2053 3229 reliqua
2066 3204 2163 3230 usque:

1202 3238 1402 3274 indisparabttis
1420 3238 1475 3265 Dei.
1490 3239 1617 3265 Studiosis
1630 3242 1654 3264 ct
1674 3238 1847 3271 prudentibus
1862 3240 2026 3271 Evangelista
2042 3241 2161 3267 intimare

1201 3285 1315 3315 curavit,
1336 3284 1361 3309 in
1374 3291 1428 3316 quo
1447 3290 1541 3309 arcano
1556 3283 1679 3315 mysterio
1699 3290 1750 3309 non
1764 3290 1811 3315 per
1826 3284 2005 3315 Salomonem,
2025 3285 2160 3317 quomodo

1201 3330 1354 3360 Matthaeus,
1374 3328 1420 3353 scd
1434 3335 1481 3360 per
1495 3328 1606 3359 Nathan,
1627 3328 1708 3353 illium
1723 3328 1820 3359 David,
1841 3328 1974 3353 introitum
1994 3329 2162 3356 recurrentis

1202 3372 1229 3399 iu
1248 3373 1334 3399 Deum
1353 3371 1533 3405 qeneratiom's
1552 3371 1775 3405 apprehenderat.
1802 3372 1852 3397 Sed
1878 3372 2013 3405 quomodo
2039 3374 2095 3405 ipsa
2120 3381 2164 3405 ge-

1202 3417 1320 3449 nealogia
1340 3416 1366 3442 in
1386 3416 1469 3442 Deum
1489 3417 1610 3448 recurrit,
1631 3416 1750 3448 protinus
1769 3416 1929 3447 declaratur,
1950 3423 2010 3442 cum
2026 3417 2162 3443 subditur:

2042 3471 2056 3487 0

2043 3488 2056 3495 .-

2182 578 2263 603 hange
2275 585 2324 599 ium.
