2427 3872
399 247 460 274 17ῑο

114 293 216 319 inferno
234 292 391 325 producitur
409 298 423 317 a
443 297 527 323 poena
541 290 635 316 caloris
648 290 690 316 Vll
705 289 757 315 353

115 337 149 363 59
167 350 203 356 -
221 336 295 362 venit
312 335 347 362 ab
364 333 488 361 'interiori
513 333 574 361 ibid.
594 347 628 353 ——
648 334 696 360 Per
715 334 758 360 ile-

115 384 171 408 tum
191 383 216 407 et
234 380 375 407 stridorem
395 379 515 406 dentium
529 379 680 411 intelligitur
693 385 757 404 vera

114 424 272 451 resurrectio
296 430 440 456 corporum
469 423 612 455 impiorum
641 421 704 448 ibid.
721 435 758 441 —

113 470 199 496 Fletus
217 469 245 494 in
265 469 365 494 inferno
384 474 437 493 non
450 468 499 493 erit
512 474 559 500 per
572 466 756 492 resolutionem

115 513 248 544 humoris,
276 512 324 538 sed
353 518 400 545 per
428 512 547 538 dolorem
576 514 603 537 et
628 510 755 543 gemitum

114 556 177 584 ibid.
196 569 231 576 -
250 557 271 583 si
290 556 339 582 erit
355 563 419 582 cum
437 555 605 586 resolutione,
616 555 660 580 flet
679 554 756 580 mira-

114 601 200 628 biliter
218 600 347 627 restitutio
365 599 428 627 ibid.

167 646 230 671 Ftos
248 658 282 663 —
302 644 431 676 significat
450 650 537 669 mores
556 643 681 668 honestae
693 648 757 667 con-

115 689 271 715 versationis
299 689 332 714 Vl
361 688 413 714 205
438 694 464 713 v.
483 687 499 712 3
518 701 554 705 —-
574 686 700 718 temporis
718 688 757 711 est

115 733 259 759 amoenitas
287 732 378 765 quoad
405 734 542 764 aspectum
567 731 614 756 121
639 737 666 756 v.
684 730 701 755 7
723 742 757 748 —-

115 777 245 810 significat
263 784 310 802 ver
329 783 454 809 praesens
473 774 536 802 ibid.

167 822 277 847 Ftumnn
290 833 326 840 —-
338 820 436 846 habent
454 823 541 846 ortum
560 826 576 844 a
595 819 662 844 mari
677 818 708 844 Vl
723 819 756 844 13

115 873 142 892 ν.
155 865 171 892 7
185 879 220 885 -
232 866 352 892 oriuntur
362 871 376 890 a
387 864 453 891 mari
466 871 518 890 non
533 863 630 889 ratione
641 862 758 895 proprie—

114 910 173 937 tatis
190 917 289 944 aquae,
309 909 356 936 sed
375 911 504 942 quantum
518 908 550 933 ad
569 907 703 933 defluxum
722 906 756 932 15

114 961 142 988 q.
163 954 180 979 5
198 968 232 973 -—
251 955 419 980 revertuntur
437 952 472 978 ad
490 959 579 983 mare,
598 958 652 977 non
672 954 700 977 ut
719 950 756 976 ibi

114 998 263 1032 quiescant,
276 998 323 1024 sed
336 1000 364 1023 ut
377 997 471 1023 iterum
490 997 574 1022 fluant
593 996 626 1021 13
646 1001 672 1021 v.
691 995 708 1021 7
721 1008 756 1014 —-

115 1045 209 1069 exeunt
227 1042 328 1068 occulte
346 1049 360 1067 a
380 1041 461 1073 mari,
486 1040 621 1066 manifeste
645 1040 757 1066 redeunt

116 1086 178 1114 ibid.
197 1100 233 1106 —
251 1087 362 1113 redeunt
380 1086 413 1112 ad
433 1092 506 1111 mare
525 1085 552 1110 in
566 1091 662 1117 magna
675 1084 756 1110 abun-

115 1132 203 1158 dantia
223 1132 256 1157 15
275 1138 301 1164 q.
322 1131 337 1156 5
356 1145 392 1149 —
411 1133 507 1156 exeunt
525 1137 539 1155 a
563 1129 628 1155 mari
647 1129 755 1154 latenter

114 1179 140 1202 et
164 1175 215 1202 sub
234 1179 302 1202 terra
321 1178 347 1201 et
365 1182 413 1207 per
432 1174 561 1208 quasdam
583 1174 755 1200 excolationes

114 1219 176 1247 ibid.
196 1233 231 1239 —
254 1222 356 1245 cessant
383 1225 441 1245 esse
465 1221 491 1244 et
519 1218 664 1249 siccantur,
692 1224 754 1243 cum

115 1267 217 1291 cessant
235 1265 317 1290 liuere
335 1266 361 1289 et
379 1263 518 1296 quiescunt
538 1262 570 1288 14
590 1269 617 1288 v.
636 1262 652 1288 7

168 1323 202 1328 —
223 1308 313 1335 dicunt
330 1307 518 1334 abundantiam
538 1310 564 1332 et
580 1306 708 1339 impetum
722 1306 755 1332 Vt

115 1352 167 1379 349
186 1353 220 1379 54
240 1366 275 1372 -
293 1352 442 1384 significant
455 1352 566 1384 gratiam
588 1352 618 1377 13
639 1358 665 1377 v.
685 1350 701 1376 7
721 1364 756 1370 —

115 1398 187 1424 Dona
210 1400 236 1423 et
261 1397 360 1429 gratiae
384 1396 496 1429 Spiritus
524 1396 606 1422 sancti
634 1395 756 1421 dicuntur

114 1442 172 1468 eius
191 1442 299 1468 fiumina
319 1441 370 1467 350
391 1441 424 1467 56

169 1500 204 1504 -
222 1486 330 1512 Fluvius
349 1489 470 1511 ostensus
498 1484 585 1510 loanni
611 1484 757 1517 procedens

90 1552 93 1565 2
115 1530 149 1556 de
167 1530 231 1556 sede
250 1530 296 1556 Dei
315 1532 355 1556 est
373 1529 491 1556 Christus
510 1529 542 1555 Vi
562 1528 609 1554 541
634 1529 650 1553 9

152 1575 266 1601 waus
284 1588 319 1594 -
347 1573 483 1606 sanguinis
510 1576 566 1599 erat
594 1573 683 1605 passio
710 1572 758 1598 im·

115 1619 215 1645 munda
233 1622 260 1645 et
282 1625 344 1645 cum
372 1619 524 1644 difficultate
552 1616 687 1650 portabilis
713 1616 756 1642 Vll

116 1664 168 1690 210
187 1664 221 1690 78
240 1676 276 1683 -
298 1663 435 1695 sanguinis
463 1665 502 1688 est
529 1661 640 1688 morbus
658 1661 758 1687 incura-

115 1708 191 1740 bilis,
208 1715 289 1741 quem
309 1707 437 1733 Dominus
455 1707 559 1733 sanavit
573 1706 605 1732 Vi
620 1706 672 1732 587
691 1706 707 1731 7
723 1720 757 1724 —

115 1753 164 1778 Per
183 1753 282 1778 fluxum
301 1752 438 1784 sanguinis
461 1751 613 1783 intelligitur
630 1748 756 1783 superbia

116 1795 178 1826 ibid.

169 1841 271 1867 Fontine
289 1854 325 1860 —
344 1844 383 1867 est
401 1847 430 1867 se
450 1841 587 1866 humiliare
600 1847 647 1873 per
659 1846 759 1866 memo-

116 1885 183 1911 riam
203 1885 349 1918 tragilitatis
367 1892 431 1911 suae.
452 1885 493 1911 Vll
513 1885 565 1910 339
586 1885 618 1910 13

170 1930 295 1956 For-:rmus
313 1944 348 1948 ——
368 1931 490 1956 Peccator
514 1929 627 1955 efficitur
645 1929 758 1956 foetidus

117 1980 165 2006 per
183 1974 284 2006 peccati
304 1973 495 2006 impudentiam
516 1973 548 1999 Vl
569 1972 619 1999 399
639 1974 674 1999 30

169 2019 245 2045 Fottn
265 2033 298 2037 —
317 2018 468 2050 significant
486 2017 567 2043 verba
581 2017 708 2044 discretae
721 2019 758 2044 lo<

117 2063 229 2089 cationis
248 2063 281 2089 Vi
300 2063 353 2089 205
370 2070 400 2089 ν.
417 2061 433 2087 3
453 2075 489 2081 -
506 2061 654 2094 significant
674 2062 757 2088 verba

118 2113 146 2132 se
165 2107 313 2133 excusantis
331 2107 374 2133 Vli
394 2107 445 2132 339
465 2107 494 2132 11

169 2151 254 2177 Fouss
270 2165 306 2171 —
324 2154 364 2177 est
382 2158 397 2176 a
419 2151 474 2176 Deo
502 2149 673 2176 subtrahente
701 2157 758 2183 gra·

116 2195 179 2221 tiam
200 2196 291 2222 merito
313 2198 400 2222 nostro
420 2194 453 2221 Vi
473 2194 523 2221 382
543 2195 578 2220 55

102 2271 104 2273 ,
170 2240 234 2266 Fons
253 2253 285 2260 -
300 2240 410 2271 dicitur,
432 2239 478 2265 ubi
507 2241 612 2265 emanat
636 2245 704 2272 aqua
723 2240 758 2266 de

116 2287 184 2310 terra
213 2284 238 2310 in
267 2284 421 2317 superficie,
450 2284 492 2309 vel
520 2283 546 2309 in
570 2284 703 2316 profundo
724 2284 757 2310 Vi

117 2329 163 2354 29¹
190 2329 222 2354 13
264 2320 268 2323 ’

169 2386 204 2392 -
222 2372 341 2399 Christus
360 2375 399 2399 cst
427 2373 483 2398 fons
506 2375 636 2405 quantum
656 2372 691 2398 ad
719 2373 758 2398 Di-

115 2417 252 2443 vinitatem
270 2420 295 2443 et
314 2421 443 2450 quantum
463 2417 495 2442 ad
516 2416 703 2442 humanitatem
724 2416 757 2442 Vi

117 2461 169 2487 556
191 2462 200 2487 1
224 2474 259 2481 -
278 2463 297 2487 A
319 2463 388 2487 fonte
413 2461 514 2487 Christo
544 2460 680 2486 derivatur
698 2461 758 2486 fons

116 2506 273 2538 sapientiae,
303 2505 511 2537 misericordiae,
541 2505 654 2536 gratiae,
685 2504 758 2535 spiri-

117 2550 194 2576 tualis
221 2549 348 2582 laetitiae,
376 2550 446 2576 vitae
470 2552 592 2575 aeternae
610 2548 662 2574 555
687 2549 703 2574 2
722 2562 758 2566 -

118 2595 260 2627 sapientiae
278 2597 305 2620 et
323 2592 520 2620 misericordiae
539 2596 578 2618 est
595 2595 685 2619 contra
707 2598 759 2618 ma-

117 2639 187 2670 lum,
212 2640 270 2665 fons
298 2639 398 2670 gratiae
426 2642 452 2664 et
478 2637 621 2670 spiritualis
648 2634 759 2662 laetitiae

117 2686 258 2715 promovet
278 2683 304 2708 in
323 2682 408 2716 bono,
427 2684 485 2708 fons
503 2682 573 2708 virae
591 2684 712 2707 aeternae
725 2682 758 2706 ef·

118 2729 202 2755 fundit
219 2727 368 2761 praemium
398 2728 459 2755 ibid.
483 2742 519 2748 —
537 2728 693 2760 sapientiae,
712 2727 759 2752 mi-

119 2773 292 2804 sericordiae,
307 2773 419 2805 gratiae,
432 2771 573 2805 spiritualis
585 2771 709 2804 laetitiae,
723 2771 761 2796 vi-

119 2820 160 2843 tae
182 2820 303 2843 aeternae
321 2817 478 2849 adaptantur
503 2817 621 2850 quinque
649 2815 759 2841 vulneri-

119 2861 170 2887 hus
188 2860 284 2887 Christi
303 2860 337 2887 ib.
358 2861 373 2887 4

172 2918 207 2924 --
225 2906 253 2931 ln
272 2905 325 2931 vita
345 2908 449 2931 aeterna
469 2908 508 2931 est
527 2906 584 2930 fons
607 2903 760 2930 indeficiens

119 2953 144 2975 et
153 2951 268 2983 perfecte
279 2950 397 2975 reficiens
407 2949 439 2975 Vl
451 2950 503 2974 292
514 2950 547 2975 22
562 2963 594 2968 —
609 2947 760 2980 sapientiae,

119 2994 328 3025 misericordiae,
348 2994 462 3026 gratiae,
485 2993 626 3026 spiritualis
651 2992 760 3018 laetitiae

119 3039 236 3070 aperitur
253 3038 331 3064 nobis
350 3038 375 3063 in
394 3038 447 3063 vita
466 3036 530 3068 ista,
550 3038 607 3063 fons
630 3037 700 3062 vitae
718 3043 761 3062 ae-

119 3086 209 3109 ternae
227 3089 292 3108 vero
311 3085 371 3114 post
390 3082 416 3107 in
435 3082 517 3114 gloria
536 3081 588 3107 555
608 3081 623 3106 4

173 3127 260 3152 Fonm
279 3139 314 3145 —
340 3126 456 3152 inductio
481 3127 581 3151 formae
606 3128 645 3151 est
667 3131 760 3150 secun-

121 3171 186 3196 dum
205 3170 403 3202 dispositionem
423 3170 549 3196 materiae
562 3169 605 3195 Vii
620 3169 634 3194 6
653 3169 688 3194 22

174 3215 295 3241 Foamni:
314 3227 349 3233 --
368 3217 407 3241 est
425 3221 455 3240 ex
476 3214 584 3240 materia
603 3212 760 3246 praeiacenti

121 3259 219 3292 aliquid
239 3260 323 3284 facero
342 3259 375 3285 Vi
395 3259 443 3284 181
468 3264 495 3284 ν.
515 3259 556 3284 18.
575 3257 624 3283 tat
637 3263 664 3283 v.
679 3257 713 3283 25
726 3269 761 3277 ——-

785 201 821 234 lN
845 198 1138 233 COMMENTARIOS
1161 198 1191 232 S.
1217 198 1443 231 SCRIPTURAE

848 289 1000 315 Fottch'rto
1020 302 1055 306 —
1069 287 1214 314 idololatria
1229 286 1362 313 fornicatio
1375 287 1437 312 dici-

795 336 837 359 tur
857 333 890 359 Vi
909 333 961 358 366
980 333 1015 357 58
1035 344 1069 350 —-
1087 332 1181 358 Anima
1194 332 1324 363 peccatrix
1337 330 1438 357 inducit

796 377 1002 409 fornicationem,
1028 382 1126 408 sponso
1145 375 1251 401 vidente
1276 375 1328 400 624
1356 376 1373 400 3
1402 389 1436 394 --

795 421 960 447 Fornicarius
990 420 1123 445 neminem
1155 422 1230 451 putat
1261 422 1362 444 castum
1395 419 1437 445 Vli

795 466 847 491 502
866 465 882 490 3
901 478 937 484 -
962 463 1102 495 spiritualis
1129 466 1168 489 εει.
1195 469 1316 489 recessus
1340 470 1354 488 a
1383 463 1437 489 Deo

795 509 828 534 Vi
849 509 899 534 199
920 515 945 534 ν.
967 508 1000 534 12

848 554 972 579 ΡοιιειτΑΝ
990 565 1026 571 —-
1043 552 1086 577 vel
1105 554 1145 577 est
1163 554 1223 577 nota
1252 550 1437 582 dubitationis,

795 598 837 623 vei
857 596 983 623 libertatis
1001 595 1103 622 arbitrii
1123 595 1156 621 Vl
1181 596 1234 621 292
1254 596 1298 621 18.
1322 595 1375 621 317
1393 595 1436 620 78.

795 641 847 667 360
867 641 900 667 29
920 655 955 659 -
975 641 1000 666 in
1020 641 1074 666 Deo
1094 647 1145 666 non
1173 642 1310 672 praenotat
1337 639 1438 665 dubita-

795 686 907 716 tionem,
926 685 974 711 sed
987 684 1087 710 arbitrii
1101 684 1263 710 voluntatem
1280 684 1323 709 Vii
1338 683 1390 709 506
1404 684 1436 709 18

847 730 992 755 Fonrt‘runo
1011 742 1046 748 —
1064 728 1220 754 Fortitudini
1239 728 1325 760 magis
1344 734 1438 753 conve

794 773 832 800 nit
850 781 946 800 nomen
966 774 1078 806 virtutis,
1098 773 1173 806 quasi
1192 773 1218 798 vi
1236 773 1333 798 tuentis
1352 772 1378 797 in
1397 779 1437 797 su-

794 819 914 845 stinendo
933 819 1038 844 difficile
1056 821 1082 843 et
1109 816 1294 850 aggrediendo
1323 817 1436 843 arduum

795 862 828 889 Vl
847 864 899 889 162
919 871 945 889 ν.
964 863 979 888 7
994 876 1028 881 —-
1042 863 1115 888 iuvat
1128 863 1161 888 ad
1174 862 1349 889 resistendum
1368 862 1437 887 malo

794 908 863 934 illato
881 907 916 933 76
935 914 961 933 v.
981 908 1010 933 11
1034 922 1070 926 —-
1089 907 1137 933 Per
1166 907 1342 933 fortitudinem
1367 909 1437 932 recte

793 959 842 978 nos
861 952 991 978 habemus
1009 952 1044 977 ad
1063 952 1200 984 passiones
1225 950 1365 977 tristabiles
1383 951 1436 976 162

794 1004 820 1022 v.
838 996 855 1021 7
880 1010 915 1016 -
944 999 1113 1028 computatur
1142 995 1208 1022 inter
1233 996 1304 1021 dona
1328 998 1437 1021 naturae

795 1040 827 1066 49
846 1048 872 1074 q.
895 1041 909 1066 4
928 1054 964 1060 —-
982 1047 1036 1066 non
1056 1043 1122 1066 esta
1139 1042 1216 1073 forte,
1230 1040 1278 1066 sed
1294 1046 1309 1065 a
1329 1039 1384 1065 Deo
1403 1039 1437 1064 76

793 1092 820 1111 v.
839 1086 873 1110 12

846 1143 882 1148 -
900 1129 985 1154 Homo
1005 1129 1104 1154 homini
1120 1129 1277 1154 coniunctus
1290 1130 1329 1154 est
1348 1128 1438 1154 fortior

793 1173 826 1199 Vi
856 1173 889 1198 40
918 1180 945 1198 ν.
975 1174 1007 1198 12
1028 1187 1062 1191 -
1082 1172 1165 1199 Fortis
1190 1180 1243 1198 non
1268 1173 1404 1205 expellitur
1422 1179 1437 1197 a

793 1217 880 1243 minus
899 1217 957 1242 forti
977 1217 1019 1242 Vii
1040 1217 1091 1242 293
1113 1216 1145 1242 48

845 1275 882 1281 -
909 1262 999 1287 Fortes
1018 1264 1123 1293 portant
1142 1261 1247 1293 pondus
1266 1260 1325 1286 belii
1346 1261 1379 1286 vt
1404 1261 1437 1286 93

793 1313 820 1332 v.
833 1307 848 1332 3
860 1319 898 1326 -
911 1307 938 1331 ln
953 1305 1103 1331 fortitudine
1116 1305 1234 1338 corporis
1253 1312 1307 1331 non
1327 1308 1366 1331 est
1383 1306 1438 1337 glo·

793 1350 915 1377 riandum
941 1350 988 1375 144
1008 1357 1035 1376 v.
1055 1350 1065 1374 1
1090 1361 1124 1369 ——·
1143 1356 1198 1375 non
1215 1350 1386 1382 praeferenda
1400 1356 1438 1375 sa-

793 1395 908 1428 pientiae
920 1395 954 1420 79
969 1401 994 1420 v.
1011 1394 1042 1420 16
1061 1407 1095 1413 --
1108 1394 1222 1420 caritatis
1234 1397 1274 1420 est
1286 1393 1368 1420 robur
1381 1399 1436 1420 cor—

793 1439 834 1465 dis
853 1438 886 1465 57
906 1446 932 1464 v.
952 1439 967 1464 8
988 1452 1023 1457 --
1043 1438 1141 1464 fortiter
1155 1438 1269 1464 adversa
1281 1438 1437 1470 aggreditur

794 1488 820 1510 et
847 1486 938 1510 contra
963 1482 1026 1509 vitia
1046 1483 1189 1508 reluctatur
1208 1483 1251 1508 Vll
1274 1482 1324 1508 143
1345 1483 1378 1508 36
1402 1495 1438 1501 -

795 1527 921 1561 probatur
941 1528 966 1553 in
984 1527 1061 1560 aquis
1078 1526 1275 1553 tribulationum
1295 1526 1330 1552 55
1350 1526 1383 1552 49
1403 1541 1437 1545 —

795 1573 870 1605 impii
890 1572 1069 1598 fortitudinem
1089 1577 1139 1603 pro
1164 1571 1260 1597 iustitia
1287 1569 1385 1597 habent
1404 1571 1437 1596 Vi

796 1619 841 1645 121
866 1626 893 1645 ν.
914 1619 946 1643 10
960 1633 995 1636 -
1008 1618 1083 1650 lmpii
1103 1617 1280 1644 fortitudinem
1299 1623 1375 1643 suam
1390 1622 1438 1649 pro

794 1664 852 1696 lege
881 1662 977 1689 habent
997 1663 1047 1688 122
1066 1670 1093 1688 v.
1114 1663 1146 1688 12
1166 1674 1199 1681 —-
1219 1663 1308 1688 Fortes
1327 1664 1439 1694 pereunt

795 1710 903 1740 propter
923 1714 997 1733 suam
1019 1707 1194 1739 insipientiam
1213 1707 1248 1732 78
1268 1714 1294 1732 v.
1314 1706 1348 1732 15

848 1753 964 1779 Fon-rum
984 1765 1020 1771 —
1048 1751 1145 1784 duplex
1172 1753 1213 1777 est
1241 1751 1274 1776 Vi
1294 1751 1345 1776 526
1365 1749 1382 1776 5
1402 1762 1436 1768 -——

795 1799 863 1824 inter
883 1796 952 1823 bona
971 1797 1090 1822 fortunae
1114 1798 1283 1828 computatur
1308 1795 1438 1828 prosperi*

795 1844 834 1868 tas
853 1845 878 1867 et
897 1841 974 1875 quies
993 1841 1026 1867 49
1045 1846 1072 1874 q.
1094 1840 1108 1865 4

847 1886 934 1912 Foauu
953 1900 988 1905 —-
1006 1888 1046 1912 est
1064 1885 1106 1911 vel
1126 1884 1322 1917 poenitentiale,
1340 1884 1385 1910 vei
1402 1884 1438 1910 iu-

795 1931 889 1957 diciale
908 1931 940 1956 Vl
961 1930 1014 1956 5l5
1034 1930 1067 1955 52
1081 1942 1116 1948 -
1129 1928 1248 1955 Christus
1266 1936 1319 1954 non
1339 1929 1437 1954 inveni-

795 1978 836 2001 tur
854 1975 882 2000 in
903 1976 959 2001 foro
978 1974 1129 2000 mundanae
1148 1973 1331 2006 negotiationis
1350 1971 1401 1999 572
1421 1971 1436 1999 3

795 2031 829 2039 --
848 2018 967 2046 Christus
996 2016 1088 2045 liberat
1115 2017 1150 2043 ab
1175 2018 1343 2044 accusatione
1370 2017 1437 2050 legis

794 2064 909 2096 divinae,
919 2070 1026 2090 oausam
1041 2063 1067 2088 in
1081 2064 1168 2088 forum
1183 2061 1379 2089 misericordiae
1390 2063 1437 2088 de-

794 2109 918 2135 ducendo
936 2107 989 2134 574
1008 2115 1035 2133 v.
1056 2107 1089 2132 10
1110 2120 1143 2125 -—
1162 2107 1258 2133 dicitur
1282 2113 1332 2140 pro
1353 2107 1437 2139 pretio

795 2153 838 2180 Vll
859 2153 905 2179 371
932 2153 974 2179 41.
993 2152 1039 2178 551
1065 2151 1098 2177 40

848 2198 996 2224 Famulus
1015 2210 1048 2215 -
1067 2195 1242 2222 Miserendum
1262 2199 1301 2222 est
1320 2196 1437 2228 peccanti

794 2245 903 2275 propter
921 2242 1085 2274 fragilitatem
1104 2241 1295 2268 humanam-Vi
1309 2241 1343 2266 60
1362 2248 1388 2266 v.
1403 2241 1437 2266 20

847 2288 999 2313 ΡιιΑκειεουε
1017 2299 1050 2305 -
1070 2292 1131 2312 cum
1151 2285 1336 2317 infirmaretur,
1357 2285 1438 2310 noluit

795 2332 907 2357 frustum
927 2331 1001 2363 pellis
1019 2336 1118 2362 ponere
1142 2329 1298 2355 intrinsecus
1317 2331 1377 2354 ante
1395 2336 1438 2360 pe-

795 2378 861 2406 ctus,
873 2375 924 2401 nisi
937 2375 1015 2401 etiam
1035 2376 1145 2407 poneret
1163 2373 1276 2399 exterius
1289 2375 1378 2398 contra
1391 2372 1438 2398 du·

795 2420 936 2451 plicitatem
956 2419 1001 2444 Vll
1022 2419 1073 2444 219
1092 2418 1108 2443 7
1122 2430 1156 2437 ——u
1171 2418 1196 2442 in
1215 2419 1299 2443 morte
1319 2415 1437 2448 dicebat,

794 2464 869 2496 quod
887 2466 949 2489 tunc
969 2462 1110 2494 incipiebat
1129 2461 1196 2487 bene
1216 2462 1301 2487 facere
1321 2461 1371 2486 228
1392 2461 1424 2485 38

849 2507 951 2532 Fani-:n
970 2521 1004 2525 ——
1023 2507 1126 2532 Fratres
1149 2505 1244 2531 Christi
1265 2507 1326 2530 sunt
1345 2507 1436 2530 natura

796 2551 836 2576 vei
856 2550 992 2576 affectione
1011 2550 1052 2576 vel
1072 2549 1229 2582 cognatione
1248 2549 1281 2574 Vi
1295 2548 1347 2574 340
1368 2548 1382 2573 4
1402 2562 1437 2567 -

795 2598 884 2621 noster
902 2598 942 2621 est
960 2594 1078 2621 Christus
1098 2593 1141 2620 Vll
1161 2594 1213 2620 513
1233 2592 1266 2619 37

848 2653 884 2658 -
903 2647 950 2671 per
970 2639 1103 2665 caritatem
1124 2638 1234 2664 trahitur
1257 2636 1291 2663 ab
1319 2637 1389 2668 aliis,
1410 2637 1438 2663 ut

796 2683 916 2715 proficiat
935 2684 968 2710 Vl
987 2683 1040 2709 610
1059 2683 1075 2708 7
1095 2694 1131 2702 --
1148 2683 1268 2708 Fratrum
1297 2682 1438 2708 concordia

795 2728 997 2754 commendatur
1017 2728 1060 2762 Vll
1081 2727 1132 2753 142
1158 2728 1191 2753 32
1210 2740 1246 2746 -—
1267 2727 1384 2753 Fratrum
1404 2727 1438 2752 af-

797 2772 873 2798 tectio
893 2772 961 2798 uniri
981 2771 1060 2799 debet
1085 2778 1133 2805 per
1157 2772 1322 2798 voluntatum
1343 2770 1438 2796 indivi-

795 2816 906 2847 sionem,
924 2817 1090 2843 conversatio
1105 2816 1172 2842 uniri
1187 2822 1234 2848 per
1253 2821 1358 2841 morum
1378 2822 1437 2841 con-

796 2860 923 2892 cordiam,
943 2864 969 2887 et
987 2861 1106 2893 operatio
1125 2866 1172 2893 per
1186 2863 1304 2886 mutuam
1325 2859 1437 2885 subven-

797 2905 895 2930 tionem
916 2905 947 2930 Vl
968 2906 1019 2930 609
1040 2905 1054 2931 4
1071 2919 1110 2924 -
1128 2904 1267 2930 Fraternae
1285 2903 1391 2929 unitatis
1403 2904 1438 2928 ef·

798 2949 880 2974 fectus
899 2953 959 2975 sunt
978 2956 1074 2975 novem
1094 2948 1127 2975 ib.
1147 2955 1174 2974 v.
1195 2948 1222 2972 ll

850 2993 1042 3019 Faiunutmn
1065 3007 1096 3012 -—
1115 2991 1234 3019 cavenda
1253 2994 1292 3017 est
1321 2992 1347 3016 in
1374 2991 1438 3023 peri·

797 3037 862 3062 culis
881 3037 924 3063 vlt
945 3037 996 3063 552
1017 3037 1046 3063 41

850 3082 933 3107 Funus
951 3095 985 3101 -—-
999 3082 1024 3106 in
1036 3081 1163 3107 omnibus
1175 3079 1388 3112 reprehensibilis
1399 3082 1439 3104 est

798 3125 840 3150 Vll
861 3125 912 3150 519
932 3125 965 3151 56
985 3139 1020 3144 -
1039 3125 1175 3157 potissime
1194 3123 1395 3155 reprehenditur
1413 3123 1438 3148 in

797 3168 838 3194 his
850 3166 961 3199 actibus,
980 3169 1026 3202 qui
1046 3169 1159 3194 maxime
1178 3168 1275 3194 debent
1288 3167 1343 3192 fleri
1357 3167 1383 3192 in
1398 3174 1439 3192 ve-

797 3213 873 3238 ritate
891 3212 952 3239 ibid.

849 3257 940 3283 chus
961 3270 993 3276 —
1012 3260 1051 3283 est
1069 3256 1181 3290 qualitas
1199 3256 1283 3281 activa
1309 3259 1334 3280 et
1355 3255 1440 3287 magis

122 3302 219 3328 Eadem
244 3305 284 3328 est
301 3309 380 3329 causa
400 3302 562 3328 formationis
589 3304 615 3328 et
638 3302 761 3327 reforma·
797 3301 919 3326 atllietiva
940 3301 982 3327 Vll
1004 3301 1054 3327 353
1076 3301 1109 3326 59
1128 3314 1163 3320 -·
1182 3303 1221 3326 est
1246 3299 1384 3326 infidelitas
1404 3299 1438 3324 Vi

122 3347 199 3373 tionis
216 3347 269 3372 107
288 3353 315 3373 ν.
335 3347 345 3372 1

229 3399 259 3426 S.
274 3399 377 3426 Bonav.
388 3413 423 3419 —
436 3400 512 3426 Tom.
526 3399 578 3425 Vll.

799 3344 849 3370 483
871 3345 903 3370 32

1757 242 1817 268 FUL

1527 287 1643 312 Fauen-s
1660 300 1694 305 -
1714 294 1743 312 ex
1764 287 1870 319 palmite
1889 286 2018 319 originem
2039 287 2119 313 habet

1476 337 1490 356 a
1504 331 1557 357 vite
1571 331 1603 356 Vi
1619 331 1670 356 447
1686 331 1698 344 ⁸
1720 343 1755 350 υ·
1774 331 1943 357 Frumentum
1963 333 2048 357 solum
2068 333 2118 358 fru-

1475 375 1577 406 ctificat,
1600 375 1706 408 quando
1726 376 1868 401 seminatur
1888 376 1930 401 Vii
1956 375 2004 401 484
2026 377 2058 401 33
2082 389 2116 396 —

1475 419 1560 445 Arbor
1573 426 1650 445 secus
1662 420 1732 444 viam
1747 426 1798 445 non
1812 420 1960 452 fructificat,
1976 427 2022 446 nec
2037 422 2116 446 homo
2139 417 2142 420 ’

1475 467 1620 495 occupatus
1640 464 1707 489 circa
1727 464 1807 489 multa
1827 464 1878 489 536
1899 464 1932 489 50

1528 520 1563 527 ——
1583 507 1697 533 Arbores
1720 508 1888 539 spiritualiter
1915 508 2042 534 fructibus
2066 509 2115 540 pri-

1474 555 1572 577 vantur
1591 558 1638 582 per
1658 552 1809 583 gelicidium
1839 552 1979 585 iniquitatis
1999 553 2041 579 Vll
2064 554 2113 578 162

1475 596 1509 621 99
1529 609 1563 615 —-
1588 596 1703 621 Arbores
1730 596 1898 627 spiritualiter
1923 597 2049 622 fructibus
2078 604 2115 622 re

1475 640 1586 671 plentur,
1601 646 1661 665 cum
1674 641 1892 672 appropinquant
1911 641 1988 666 calori
2001 642 2115 666 caritatis

1475 682 1538 709 ibid.
1560 697 1595 701 —
1619 683 1740 715 designat
1760 684 1807 708 tria
1834 691 1928 715 genera
1950 686 2081 710 fructuum
2101 692 2115 710 a

1475 727 1587 752 Domino
1607 728 1794 760 requisitor-um
1815 728 1840 753 in
1860 729 1953 760 triplici
1977 732 2042 754 statu
2065 729 2115 754 340

1477 772 1509 796 18
1529 772 1608 797 -in
1637 771 1731 797 arbore
1759 778 1773 797 a
1801 772 1909 798 Domino
1938 773 2051 804 plantata
2081 780 2117 799 re·

1474 816 1555 849 quirit
1573 816 1714 842 duodecim
1736 818 1836 842 tructus
1854 816 1901 842 341
1926 818 1960 842 20

1527 874 1563 880 -
1582 861 1680 893 gratiae
1698 864 1724 886 et
1743 861 1842 892 gloriae
1861 861 2019 893 colliguntur
2032 862 2057 887 in
2072 862 2118 888 du-

1474 905 1533 937 plici
1553 911 1639 931 messe
1659 905 1691 930 vt
1711 905 1763 930 300
1783 905 1816 930 68
1838 919 1871 923 -
1897 905 1956 931 [idei
1977 909 2064 931 manet
2084 907 2116 931 ad

1474 950 1584 975 salutem
1604 953 1630 975 et
1648 950 1852 975 consolationem
1877 956 1924 982 per
1943 949 2060 975 divinam
2080 956 2117 975 re-

1475 994 1683 1020 munerationem
1694 993 1740 1019 451
1757 994 1789 1019 23
1803 1006 1838 1012 ——
1851 994 1957 1019 affertur
1970 994 1995 1019 in
2006 994 2116 1019 aliorum

1476 1038 1651 1064 conversione
1670 1037 1731 1064 ibid.
1751 1052 1785 1057 —
1811 1038 1919 1070 triplicis
1946 1038 2118 1064 continentiae

1477 1083 1527 1108 129
1548 1090 1573 1108 ν.
1596 1083 1628 1108 13

1528 1142 1563 1146 -
1582 1127 1731 1159 significant
1755 1127 1904 1153 mercedem
1933 1130 2054 1152 aeternae
2081 1135 2117 1153 re-

1476 1171 1625 1198 tributionis
1646 1172 1678 1197 Vt
1693 1173 1744 1198 205
1760 1180 1785 1198 v.
1799 1173 1813 1197 3
1828 1186 1863 1191 —
1876 1172 2024 1204 significant
2037 1179 2117 1204 opera

1476 1216 1591 1241 hominis
1611 1216 1661 1241 133
1676 1223 1703 1242 ν.
1717 1217 1733 1241 5
1748 1231 1781 1235 —
1795 1217 1912 1243 autumni
1927 1217 2044 1243 caelestis
2060 1220 2119 1242 sunt

1475 1260 1585 1286 curandi
1600 1261 1646 1286 121
1670 1268 1696 1286 ν.
1716 1261 1732 1286 7
1745 1275 1780 1279 -
1794 1261 1856 1287 casti
1877 1264 1916 1287 est
1934 1264 2037 1287 aeterna
2058 1261 2118 1286 bea-

1476 1304 1559 1330 titudo
1581 1305 1630 1330 -129
1650 1311 1676 1330 v.
1698 1306 1730 1330 12

1530 1363 1561 1367 -
1576 1349 1722 1375 Duodecim
1737 1350 1817 1375 horae
1830 1350 1881 1376 diei
1896 1350 2044 1382 significant
2055 1350 2118 1376 duo—

1474 1393 1561 1419 decim
1581 1394 1681 1419 tructus
1701 1394 1813 1426 Spiritus
1833 1395 1913 1420 sancti
1935 1395 1967 1420 Vi
1989 1394 2038 1420 400
2059 1394 2092 1419 30

1527 1450 1562 1456 -
1581 1436 1644 1463 boni
1664 1438 1752 1469 opens
1771 1438 1844 1463 omni
1869 1441 1990 1470 tempore
2009 1439 2116 1471 requiri-

1475 1484 1516 1507 tur
1533 1488 1549 1507 a
1569 1481 1645 1507 nobis
1664 1482 1707 1507 Vll
1726 1482 1761 1507 75
1780 1483 1823 1507 20.
1844 1483 1895 1507 339
1919 1483 1948 1508 13
1968 1496 2003 1502 -—-
2023 1483 2117 1514 dignos

1475 1526 1649 1557 poenitentiae
1661 1531 1767 1552 necesse
1787 1529 1825 1552 est
1844 1527 1930 1552 facere
1948 1526 1982 1552 75
2003 1528 2045 1552 23.
2066 1527 2117 1552 339

1476 1570 1508 1595 13
1527 1581 1562 1589 --
1581 1570 1638 1596 Non
1657 1570 1799 1603 aequaliter
1819 1569 1852 1596 ab
1872 1570 1996 1597 omnibus
2016 1572 2118 1604 quaerit

1475 1614 1603 1640 Dominus
1623 1615 1737 1641 fructum
1758 1614 1820 1641 boni
1839 1615 1927 1647 operis
1953 1616 2004 1641 340
2032 1616 2064 1641 15
2083 1630 2119 1635 -

1477 1658 1503 1684 in
1522 1659 1630 1684 infantia
1651 1665 1702 1685 non
1722 1660 1858 1692 quaeritur
1870 1663 1979 1692 propter
1992 1659 2065 1685 liberi
2080 1667 2118 1686 ar-

1477 1702 1546 1729 bitrii
1565 1703 1698 1729 desectum
1718 1703 1779 1730 ibid.
1799 1718 1833 1723 --
1853 1704 1880 1730 in
1900 1705 2009 1737 pueritia
2030 1705 2117 1738 requi-

1475 1748 1541 1774 ritur
1559 1748 1647 1781 aliquo
1669 1748 1747 1774 modo
1766 1751 1792 1774 et
1810 1749 1836 1774 in
1858 1749 1991 1775 iuventute
2005 1750 2118 1775 maxime

1475 1790 1538 1819 ibid.
1554 1806 1588 1812 —
1604 1792 1730 1819 Dominus
1743 1796 1875 1825 exspectat
1887 1794 2062 1826 negligentem
2084 1794 2117 1819 ad

1476 1838 1589 1863 fructum
1610 1836 1671 1863 boni
1690 1838 1778 1870 operis
1797 1845 1883 1871 usque
1895 1838 1929 1864 ad
1943 1842 2117 1871 senectutem,

1475 1884 1501 1907 et
1511 1882 1616 1908 tandem
1624 1884 1722 1914 profert
1732 1882 1897 1909 severitatem
1906 1883 2047 1909 sententiae
2056 1882 2117 1909 ibid.

1526 1939 1563 1946 —
1582 1927 1684 1953 inutiles
1702 1928 1850 1960 significant
1870 1928 1966 1953 malam
1980 1934 2116 1953 conversa-

1474 1971 1572 1997 tionem
1592 1970 1625 1997 Vi
1646 1971 1695 1997 173
1717 1979 1743 1997 ν.
1762 1972 1779 1997 7
1799 1984 1833 1990 --
1852 1971 1937 1997 Arbor
1955 1978 2006 1997 non
2021 1972 2118 1997 faciens

1475 2016 1588 2041 fructum
1607 2016 1742 2042 excidetur
1762 2015 1812 2041 447
1833 2016 1848 2041 3

1528 2073 1561 2079 —-
1589 2061 1725 2086 Fructuosi
1751 2060 1898 2092 suscipiunt
1925 2059 2039 2085 verbum
2069 2060 2115 2084 Do·

1474 2105 1539 2131 mini
1556 2105 1647 2138 quoad
1665 2105 1825 2136 cognitivum
1840 2107 1866 2129 et
1877 2104 2040 2134 affectivam,
2059 2104 2117 2129 reti-

1474 2153 1536 2176 nent
1553 2150 1644 2183 quoad
1665 2149 1864 2174 memorativum
1884 2152 1909 2174 et
1928 2149 2040 2174 fructum
2059 2149 2117 2173 atie-

1474 2198 1536 2221 runt
1547 2195 1637 2227 quoad
1649 2194 1823 2226 operativam‚
1838 2193 1864 2217 in
1877 2192 2010 2225 patientia,
2027 2192 2115 2225 quoad

1475 2239 1607 2271 passivam
1626 2242 1652 2264 et
1670 2238 1879 2270 supportativam
1900 2237 1943 2262 vtt
1965 2236 2016 2261 195
2037 2237 2065 2261 21

1527 2284 1587 2309 Fnut
1607 2296 1641 2302 —
1659 2286 1699 2308 est
1717 2282 1793 2307 alicui
1813 2281 1850 2306 rei
1869 2287 1960 2305 amore
1975 2281 2114 2306 inhaerere

1475 2330 1583 2359 propter
1602 2333 1630 2352 se
1649 2326 1682 2351 Vi
1702 2326 1748 2351 121
1767 2332 1794 2351 v.
1810 2325 1825 2350 6
1839 2338 1874 2344 -
1888 2331 1940 2350 uno
1957 2325 2037 2350 modo
2051 2324 2113 2350 dicit

1475 2372 1641 2397 dilectionem
1660 2369 1771 2395 alicuius
1791 2374 1852 2395 cum
1872 2369 2044 2402 quietatione,
2065 2369 2115 2394 alio

1476 2415 1555 2441 modo
1566 2415 1753 2448 quietationem
1764 2416 1789 2439 et
1799 2413 1997 2439 delectationem
2013 2414 2045 2439 52
2059 2421 2086 2446 q.
2100 2414 2114 2438 3

1474 2472 1509 2479 -
1529 2459 1626 2485 Fruitio
1646 2464 1734 2484 rerum
1755 2461 1794 2484 est
1813 2458 1918 2483 dilectio
1938 2464 2040 2483 summa
2056 2457 2116 2484 ibid.

1474 2517 1509 2522 —
1528 2504 1564 2529 Eo
1585 2503 1676 2528 fruitur
1694 2502 1769 2535 quis,
1789 2502 1815 2527 ln
1834 2509 1888 2535 quo
1907 2503 2019 2535 quiescit
2033 2510 2116 2535 appe-

1475 2546 1536 2573 titus
1555 2548 1589 2572 20
1608 2548 1659 2572 v.l
1683 2561 1718 2565 —-
1738 2547 1834 2572 Fruitio
1854 2547 1954 2572 interna
1981 2551 2019 2573 est
2041 2547 2116 2580 quasi

1474 2592 1610 2624 quoddam
1630 2591 1722 2617 vinum
1753 2591 1853 2623 gratiae
1871 2591 1922 2617 547
1944 2592 1959 2616 5
1980 2605 2013 2609 —
2033 2592 2117 2617 Locus

1475 2635 1603 2661 fruitionis
1628 2638 1667 2661 est
1685 2635 1711 2661 ln
1731 2636 1804 2662 caelo
1824 2636 1875 2662 509
1896 2636 1929 2661 26
1949 2649 1984 2655 ——
2004 2632 2045 2661 isti
2065 2643 2117 2661 non

1476 2682 1596 2706 fruuntur
1622 2679 1712 2711 bonis,
1737 2680 1837 2713 quibus
1856 2680 1926 2706 Deus
1944 2687 1996 2706 non
2015 2680 2059 2705 dat
2079 2686 2117 2705 sa-

1474 2725 1554 2751 lutem
1574 2731 1622 2751 nec
1642 2725 1758 2758 quietem
1779 2724 1811 2750 49
1831 2732 1858 2758 q.
1880 2725 1894 2750 4

1528 2770 1688 2795 Fauusnruu
1707 2782 1743 2789 -·
1762 2770 1796 2795 Ex
1825 2769 1913 2801 granis
1944 2768 2064 2793 frumenti
2091 2768 2117 2793 tlt

1474 2814 1550 2846 panis
1568 2812 1669 2846 optime
1687 2813 1806 2839 reficiens
1826 2813 1858 2838 Vi
1880 2812 1931 2838 449
1953 2812 1985 2837 14

1528 2859 1608 2884 Fucus
1625 2871 1661 2877 —
1680 2858 1775 2883 dicitur
1789 2856 1883 2887 herba,
1903 2862 1971 2889 quae
1991 2856 2065 2887 tingit
2087 2856 2116 2880 Vl

1476 2902 1527 2928 195
1547 2902 1579 2927 15
1598 2913 1634 2921 ·-—
1653 2901 1748 2927 dicitur
1772 2900 1882 2933 quilibet
1906 2900 1977 2925 color
1996 2899 2118 2925 adulteri-

1476 2953 1525 2972 nus
1554 2945 1614 2972 ibid.
1636 2959 1669 2964 —-
1689 2945 1784 2971 dicitur
1812 2945 1883 2969 color
1911 2943 2064 2969 innaturalis
2092 2947 2117 2968 et

1475 2990 1551 3023 quasi
1573 2989 1737 3015 adulterinus
1765 2987 1826 3014 ibid.
1846 3002 1880 3006 —
1900 2987 1995 3012 dicitnr
2021 2988 2116 3012 animai

1475 3035 1519 3066 api
1538 3034 1637 3063 simile,
1661 3032 1733 3065 quod
1759 3039 1811 3057 non
1834 3031 1977 3062 niellfflcat,
1997 3032 2043 3057 sed
2063 3032 2114 3057 mci

1475 3079 1585 3104 devorat
1603 3076 1663 3102 ibid„
1690 3089 1725 3095 —
1751 3075 1846 3101 dicitur
1870 3075 2038 3101 mendacium
2058 3076 2114 3101 sive

1477 3124 1547 3148 haus
1566 3124 1591 3146 et
1610 3120 1686 3146 dolus
1706 3119 1767 3145 ibid.

1530 3166 1598 3191 Fucn
1621 3178 1652 3184 ο
1673 3165 1764 3189 Timor
1785 3165 1845 3195 fuga
1867 3166 1905 3189 est
1923 3163 1956 3188 Vt
1971 3163 2022 3189 387
2039 3164 2070 3189 18
2084 3178 2118 3182 -

1478 3209 1651 3235 illercenarius
1679 3208 1744 3239 fugit
1772 3207 1883 3233 tacendo
1912 3207 1972 3233 ibid.
1995 3208 2118 3234 —licita

1478 3257 1516 3280 est
1536 3254 1560 3279 in
1581 3252 1764 3285 persecutione
1784 3251 1830 3277 291
1858 3252 1897 3277 12.
1918 3251 1969 3277 408
1988 3251 2022 3277 72

1532 3298 1631 3323 Fumea
1645 3309 1679 3316 —
1692 3303 1743 3322 non
1758 3296 1857 3328 indiget
1870 3303 2012 3328 praecone,
2033 3295 2079 3321 sed
2093 3296 2118 3321 in

1479 3343 1611 3368 momento
1619 3347 1666 3373 per
1672 3341 1828 3366 universum
1839 3340 1931 3366 orbem
1940 3340 2119 3365 manifestatur

1977 3393 2011 3418 95
