2427 3872
331 261 397 295 736

604 306 670 331 θεν

332 371 335 373 ,
386 364 422 370 -
440 350 558 376 irascitur
577 357 628 375 non
647 357 695 382 per
717 349 796 375 animi
820 348 970 374 commotio·

332 401 407 426 nem,
427 395 473 420 sed
492 401 540 426 per
559 395 652 426 culpae
669 394 783 425 rigidam
805 393 970 425 punitionem

333 440 368 465 VI
388 439 420 465 43
440 447 467 464 v.
482 439 496 464 6
509 452 544 458 -
557 438 643 464 reddit
663 438 760 464 inutilia
779 444 861 470 opera
879 437 972 469 implo-

331 490 392 510 rum
412 482 474 509 ibid.

386 541 422 546 —
440 527 581 560 aliquando
601 526 718 552 restituet
742 526 862 552 auditum
887 528 913 551 et
936 525 971 550 in-

333 571 464 597 tellectum
492 571 609 596 veritatis
636 570 735 602 populo
753 570 910 596 ludaeorum
929 569 972 595 Vll

333 615 385 641 560
405 615 439 641 64

336 679 338 681 >
389 659 625 685 -iustoiudicio
654 659 699 685 dat
726 658 868 691 aliquando
890 658 973 684 malos

333 704 465 737 praelatos
489 704 522 729 Vl
541 704 570 729 81
594 711 621 729 v.
644 703 658 729 4
678 717 713 722 —
731 710 778 735 per
797 703 880 729 malos
900 702 973 728 mini-

334 752 402 774 stros
420 749 500 774 multa
520 747 589 774 bona
607 748 699 780 implet
718 747 768 773 409
788 747 823 772 75
844 746 872 772 3*

388 787 424 810 4
443 793 579 818 consuevit
597 791 751 824 impendere
769 791 896 817 beneficia
911 794 973 816 tem-

336 844 401 870 pore
419 837 511 862 festivo
529 837 563 862 Vl
582 836 633 861 303
654 836 669 861 3

390 882 534 907 DevonA‘rio
552 894 588 900 -
607 880 737 906 honorum
765 880 910 905 alienorum
933 885 975 903 re-

336 925 519 958 prehensibilis
554 927 594 950 est
624 928 732 956 propter
762 923 899 949 avaritiam
930 922 973 948 Vll

337 970 390 996 519
410 969 444 995 55

390 1013 502 1039 Devo‘rto
520 1027 556 1032 —
575 1015 614 1038 est
633 1013 732 1038 fructus
751 1011 857 1044 spiritus
875 1011 909 1036 Vl
924 1010 973 1035 ¹63

338 1065 365 1083 v.
385 1058 400 1083 9
420 1071 455 1077 —-
474 1058 574 1083 interna
594 1059 632 1082 est
651 1056 727 1089 quasi
755 1057 850 1081 humor
869 1058 894 1080 et
913 1054 975 1080 viri-

338 1102 405 1128 ditas
425 1102 477 1128 205
496 1109 521 1127 11.
541 1102 557 1127 3
576 1115 611 1119 —-
630 1104 669 1126 est
686 1100 761 1133 quasi
781 1099 916 1132 quoddam
936 1098 976 1123 vi-

336 1153 401 1172 num
420 1146 520 1178 gratiae
539 1145 591 1171 547
611 1145 627 1171 5
647 1158 681 1163 —
700 1144 801 1169 interna
827 1146 866 1169 est
883 1143 975 1168 vinum

337 1190 480 1216 laetificans
499 1190 545 1215 271
571 1189 603 1215 13
623 1202 659 1208 -
678 1189 761 1214 Vinea
790 1187 920 1219 significat
943 1188 976 1213 af-

338 1235 463 1261 fectiones
490 1234 638 1260 devotionis
667 1234 700 1258 22
729 1240 757 1258 v.
785 1233 800 1257 8
820 1247 856 1250 —
875 1235 913 1257 est
932 1239 977 1257 un-

338 1282 466 1311 guentum
494 1279 642 1310 spirituale,
667 1284 720 1311 quo
750 1277 873 1309 perungit
891 1276 978 1302 anima

337 1326 423 1349 -totum
452 1322 584 1349 Christum
613 1322 663 1348 593
692 1329 720 1347 v.
739 1322 754 1347 3
773 1336 809 1340 -—
828 1322 928 1346 interna
947 1321 978 1346 si-

340 1368 479 1400 gnificatur
498 1374 546 1399 per
564 1367 720 1392 suavitatem
734 1365 862 1398 unguenti
874 1365 909 1390 79
922 1372 948 1391 v.
963 1365 972 1390 ¹

338 1425 376 1432 —
393 1412 547 1444 exprimitur
565 1411 592 1436 in
621 1413 755 1442 unguento
779 1411 862 1435 effuso
882 1409 933 1435 410
953 1410 977 1435 3.

341 1456 392 1482 412
414 1456 446 1481 10
465 1469 500 1475 -—
528 1455 669 1481 laetificans
692 1454 847 1486 designatur
871 1460 919 1486 per
938 1460 978 1479 ae-

340 1503 411 1526 stum
432 1500 474 1526 Vll
503 1499 554 1525 334
584 1500 617 1525 83
636 1514 671 1517 -
700 1498 853 1524 Devotionis
871 1498 977 1530 signum

340 1547 379 1570 est
398 1547 513 1570 sternere
541 1544 697 1569 vestimenta
718 1543 768 1568 492
789 1542 823 1568 54
840 1557 877 1560 —
896 1543 977 1568 Devo-

339 1589 419 1614 tiouis
446 1588 552 1620 signum
582 1591 621 1613 est
649 1587 760 1613 elevatio
788 1587 925 1612 oculorum
944 1587 977 1612 Vl

339 1633 391 1659 467
410 1633 426 1659 2

393 1692 428 1695 —
447 1677 562 1703 Dulcedo
582 1676 731 1702 devotionis
758 1676 841 1701 oritur
859 1682 889 1701 ex
908 1682 977 1701 com-

339 1722 482 1754 punctione
500 1721 534 1747 Vl
554 1721 600 1746 27¹
635 1721 667 1746 ¹3
685 1735 721 1738 —
740 1720 822 1746 oritur
840 1727 872 1745 ex
895 1719 977 1745 consi-

340 1766 473 1792 deratione
491 1765 621 1792 dilationis
640 1764 750 1797 praemii
765 1764 797 1789 Vl
817 1764 869 1789 320
889 1764 918 1789 11
942 1778 977 1781 -

340 1810 490 1836 Devotionis
513 1813 679 1841 unguentum
708 1808 844 1834 conficitur
871 1814 901 1833 ex
921 1814 977 1839 spe-

339 1854 431 1880 ciebus
444 1853 651 1886 pretiosissimis,
664 1853 692 1878 id
705 1856 744 1878 est
763 1852 886 1878 omnibus
907 1851 977 1878 Chri-

338 1899 371 1925 sti
390 1898 523 1934 beneficiis
542 1898 584 1923 Vll
604 1898 655 1923 586
675 1898 709 1922 72

391 1956 428 1962 -
445 1934 558 1975 perfecta
580 1942 639 1967 facit
657 1948 785 1974 quaerere
809 1944 834 1966 et
862 1940 978 1966 detinere

339 1987 475 2013 inventum
492 1987 535 2013 Vll
556 1986 601 2012 ¹¹¹
627 1986 660 2011 95
679 2000 714 2005 —
734 1985 871 2011 Devotioni
890 1985 978 2010 iuncta

339 2035 378 2058 est
397 2032 509 2057 visitatio
528 2031 630 2056 Domini
650 2030 701 2056 357
720 2030 755 2056 75

392 2089 428 2095 -
447 2077 516 2102 lavat
528 2076 644 2101 animam
657 2076 689 2101 Vl
704 2075 754 2100 599
769 2082 794 2100 v.
809 2075 825 2099 6
835 2089 870 2092 -
883 2073 978 2099 mentis

339 2121 399 2147 facit
411 2121 598 2153 trausmIgrare
610 2121 636 2146 in
650 2123 766 2146 montem
780 2119 882 2145 Domini
897 2118 948 2144 545
962 2118 977 2143 5

339 2165 493 2191 —interna
520 2167 636 2191 aufertur
661 2172 676 2190 a
703 2164 804 2190 tristitia
830 2164 898 2189 mala
926 2162 976 2188 607

340 2218 367 2237 v.
387 2211 420 2236 20
439 2225 474 2229 -
494 2211 590 2236 Sensus
609 2209 697 2236 deficit
717 2212 825 2241 propter
844 2208 978 2234 inconsue-

340 2256 458 2282 tudinem
483 2254 630 2281 devotionis
654 2254 706 2280 556
731 2254 747 2279 5
766 2267 800 2272 —-
820 2253 918 2278 Sensus
936 2252 979 2278 de-

340 2300 455 2326 vofionis
474 2300 568 2331 ligatur
580 2306 595 2324 a
614 2305 707 2324 somno
727 2298 821 2333 culpae
840 2297 892 2323 587
905 2304 931 2322 V.
947 2296 974 2321 ¹¹

340 2358 376 2364 —
395 2345 508 2370 Amissio
527 2346 620 2376 gustus
648 2342 797 2368 devotionis
816 2345 856 2367 cst
874 2342 979 2373 signum

340 2390 433 2416 mortis
451 2388 591 2421 spiritualis
611 2388 662 2413 558
681 2394 709 2413 v,
728 2386 761 2412 47
780 2401 816 2405 —
834 2387 980 2418 Recupera-

343 2435 378 2460 tio
398 2436 491 2466 gustus
510 2432 658 2459 devotionis
677 2434 715 2458 est
728 2431 833 2463 signum
847 2431 916 2456 vitae
929 2431 980 2463 spi-

342 2478 442 2505 ritualis
461 2478 513 2504 559
533 2485 558 2503 v.
579 2477 611 2502 47

395 2536 431 2542 —
450 2523 519 2548 Deus
539 2521 671 2548 invenitur
690 2523 798 2553 propter
810 2520 978 2546 devotionem

341 2568 464 2598 affectus,
483 2569 593 2598 apparet
611 2572 658 2598 per
678 2565 925 2597 contemplationem
943 2565 980 2590 in-

342 2612 458 2637 tellectus
476 2611 509 2636 Vl
530 2611 580 2636 112
599 2618 626 2636 ν.
646 2611 662 2635 2
675 2624 710 2628 -
723 2609 867 2635 Devotione
879 2609 979 2634 interna

342 2659 451 2681 vacatur
470 2654 681 2686 contemplationi
700 2654 735 2680 75
755 2661 780 2679 v.
797 2654 828 2678 10
841 2667 877 2673 -
896 2654 980 2679 Devo-

344 2700 421 2726 tionis
432 2701 534 2725 fervore
545 2697 699 2731 postulanda
711 2698 837 2730 sapientia
848 2698 898 2723 ¹66
909 2705 936 2723 v.
946 2698 974 2723 2¹

396 2758 432 2762 —
449 2743 567 2770 Christus
585 2742 658 2768 dedit
670 2743 819 2773 exemplum
834 2742 981 2768 devotionis

343 2789 378 2814 Vl
397 2788 448 2814 6¹8
469 2788 484 2812 3
504 2801 539 2806 -—
558 2787 657 2812 interna
686 2786 830 2812 necessaria
856 2789 895 2811 est
918 2786 982 2811 viris

344 2831 554 2864 contemplativis
572 2830 607 2856 74
635 2838 661 2856 v.
688 2831 720 2855 ¹0
748 2844 783 2849 —
802 2830 886 2856 Homo
905 2830 982 2862 spiri-

345 2877 422 2903 tualis
440 2875 518 2902 debet
537 2875 600 2907 ungi
619 2874 761 2901 devotione
774 2875 867 2900 mentis
881 2874 915 2900 ad
936 2875 981 2900 de-

344 2928 433 2947 corem
452 2920 504 2946 6¹9
523 2927 550 2945 v.
570 2919 597 2945 4¹

398 2979 433 2984 ——
452 2967 480 2990 ut
499 2964 531 2990 sit
550 2964 603 2990 Deo
621 2965 738 2996 accepta,
756 2966 916 2989 concurrunt
930 2970 982 2989 ma-

344 3016 394 3035 nus
412 3008 562 3041 operando,
580 3008 670 3040 lingua
688 3007 833 3038 laudando,
852 3014 928 3033 mens
945 3014 983 3033 re-

346 3053 484 3079 ctificando
512 3053 555 3078 Vll
581 3052 614 3077 53
640 3051 668 3077 4¹
697 3065 733 3071 -
758 3051 866 3077 Devotio
892 3051 982 3083 populi

345 3105 409 3130 erga
437 3097 569 3123 Christum
595 3096 796 3122 commendatur
825 3096 870 3121 ¹¹¹
895 3096 929 3121 95
948 3110 983 3114 -

345 3142 526 3168 manifestatur
554 3141 580 3166 in
606 3140 758 3166 adoratione
786 3143 811 3166 et
838 3140 915 3166 laude
941 3140 982 3165 Vll

345 3186 397 3211 ¹¹9
417 3186 450 3212 26

402 3230 522 3255 Dexrem
542 3244 577 3248 —
596 3228 726 3261 significat
744 3228 813 3254 bona
834 3229 866 3254 Vl
880 3228 914 3253 79
928 3236 954 3253 v.
967 3229 983 3254 2

345 3288 382 3294 -
401 3274 446 3300 dat
471 3274 613 3305 intelligere
631 3273 701 3299 bona
721 3276 824 3299 aeterna
849 3272 910 3299 ibid.
931 3273 977 3298 511

346 3319 382 3344 35
401 3332 434 3337 -
455 3318 584 3349 significat
602 3318 698 3343 electos
717 3317 763 3342 52¹
790 3318 821 3342 16

401 3375 435 3379 -—
454 3361 499 3386 Dei
519 3361 632 3393 protegit
651 3364 676 3386 et
703 3360 831 3392 praemiat
849 3361 931 3386 iustos
950 3360 982 3386 Vl

351 3405 398 3430 ¹42
418 3412 443 3431 v.
465 3405 496 3430 ¹7

1196 259 1311 291 INDEX
1334 258 1462 291 RERUM

1059 347 1183 373 Dinotus
1200 361 1235 365 —
1255 347 1401 372 Daemones
1419 348 1479 371 sunt
1496 344 1645 376 incorporei

1008 391 1051 416 Vll
1070 391 1122 416 205
1140 391 1174 416 59
1192 404 1228 410 -·
1246 390 1377 422 superbus
1395 397 1455 415 cum
1469 389 1523 415 suis
1540 388 1617 415 sociis
1631 394 1646 413 e

1007 436 1080 461 caelo
1090 435 1214 467 expulsus
1223 438 1262 460 est
1273 435 1304 460 Vl
1316 435 1366 460 160
1378 442 1404 460 ν.
1416 434 1425 459 ¹
1443 431 1479 452 4
1492 432 1646 458 maledictus

1008 482 1047 505 est
1065 479 1248 505 maledictione
1266 479 1358 510 culpae
1371 481 1397 503 et
1409 484 1511 509 poenae
1525 477 1574 502 ¹98
1589 483 1616 502 v,
1629 477 1644 501 8

1008 537 1043 542 —
1062 523 1209 549 Daemones
1227 523 1319 548 fortius
1344 522 1493 548 cruciantur
1514 521 1563 546 ¹46
1583 527 1610 545 v.
1630 520 1645 545 9

1009 582 1043 586 —
1062 567 1155 593 cecidit
1180 567 1205 592 in
1231 567 1365 592 falsitatem
1385 570 1411 592 et
1430 565 1573 591 vanitatem
1594 564 1645 589 367

1010 612 1038 637 61
1062 626 1097 630 -
1115 611 1209 637 Malitia
1229 610 1325 637 diaboli
1344 609 1436 636 habuit
1454 609 1572 639 initium,
1598 615 1646 634 nec

1010 655 1043 681 ab
1061 656 1133 681 initio
1154 657 1236 681 factus
1255 658 1293 681 est
1313 655 1397 680 malus
1422 661 1437 680 a
1457 661 1499 686 se,
1523 653 1571 680 sed
1598 656 1646 678 sta-

1010 700 1055 726 tim
1075 702 1134 732 post
1153 700 1254 725 initium
1273 699 1325 725 368
1350 699 1384 724 70
1411 713 1445 717 -
1468 699 1550 723 Parva
1572 703 1646 723 mora

1010 745 1056 770 fuit
1073 745 1139 770 inter
1159 744 1216 769 eius
1234 743 1394 769 creationem
1413 746 1439 768 et
1457 743 1559 774 lapsum
1584 741 1647 768 ibid.

1063 803 1099 807 —
1117 788 1263 814 Daemones
1281 787 1427 820 perduntur
1454 789 1562 819 propter
1589 792 1648 818 pec·

1011 835 1098 858 catum
1116 832 1256 864 superbiae
1274 831 1308 857 ab
1327 831 1400 857 initio
1419 834 1445 857 et
1464 834 1571 863 propter
1591 837 1649 862 pec-

1011 880 1067 902 cata
1087 876 1256 908 superaddita
1281 875 1307 901 in
1334 878 1450 901 extremo
1478 875 1576 901 iudicio
1605 875 1647 900 Vll

1001 921 1062 946 ’106
1082 921 1115 946 73
1135 935 1169 938 -
1189 920 1287 945 corruit
1299 920 1525 951 sempiternaliter,
1539 918 1649 944 totaliter

1012 968 1037 990 et
1055 964 1293 996 irrecuperabiliter
1318 964 1369 989 293
1397 963 1430 988 49
1448 977 1484 982 —
1504 963 1649 988 Daemones

1011 1008 1194 1041 superbientes
1213 1008 1346 1033 definitive
1366 1007 1474 1039 proiecti
1493 1009 1554 1032 sunt
1567 1013 1581 1032 a
1596 1007 1649 1032 Deo

1012 1053 1045 1078 33
1074 1052 1107 1077 97
1135 1066 1170 1071 —
1198 1051 1326 1084 Origenes
1356 1051 1418 1077 falso
1447 1051 1552 1081 docuit,
1577 1050 1651 1076 Chri-

1012 1099 1081 1122 stum
1100 1103 1149 1128 pro
1168 1095 1344 1121 daemonibus
1362 1095 1390 1120 in
1408 1094 1469 1120 aere
1482 1095 1510 1120 in
1530 1094 1580 1120 ssne
1593 1097 1650 1120 esse

1013 1147 1169 1172 passurum,
1197 1143 1222 1165 et
1245 1139 1282 1165 sic
1310 1146 1356 1165 eos
1382 1140 1437 1165 fore
1455 1139 1598 1165 salvandos
1618 1139 1649 1164 Vl

1007 1185 1065 1210 198
1084 1192 1110 1210 v.
1131 1185 1164 1210 ¹0

1067 1244 1102 1248 —
1120 1229 1282 1261 significatus
1301 1228 1349 1254 fuit
1366 1235 1414 1260 per
1433 1231 1545 1254 statuam
1559 1228 1652 1254 Danie—

1015 1274 1046 1299 lis
1065 1274 1098 1299 Vl
1118 1274 1169 1299 553
1191 1273 1206 1299 4
1234 1288 1268 1292 —
1292 1273 1354 1306 quia
1377 1273 1533 1299 adversatur
1559 1272 1651 1303 nobis,

1015 1318 1075 1344 ideo
1095 1318 1189 1344 dicitur
1216 1321 1320 1344 satanas
1348 1318 1391 1343 Vll
1411 1317 1462 1343 552
1483 1317 1516 1343 42
1537 1331 1571 1336 -·
1589 1317 1652 1343 Dae-

1016 1371 1108 1390 mones
1135 1366 1264 1389 vocantur
1291 1370 1355 1389 aves
1380 1363 1444 1389 coeli
1472 1363 1514 1388 vel
1544 1365 1652 1395 propter

1015 1416 1091 1434 suam
1110 1409 1275 1434 velocitatem
1293 1409 1336 1434 vel
1355 1410 1463 1440 propter
1482 1408 1652 1440 rapacitatem

1017 1454 1048 1479 Vl
1068 1453 1101 1478 87
1120 1460 1148 1478 v.
1167 1453 1200 1478 20
1213 1467 1249 1471 -
1262 1453 1408 1478 Daemones
1422 1451 1539 1478 habitant
1553 1452 1579 1477 in
1592 1452 1653 1477 aere

1015 1497 1156 1529 caliginoso
1170 1496 1230 1523 ibid.
1244 1511 1280 1516 —
1293 1497 1439 1523 Daemones
1451 1496 1654 1529 deprehendunt

1015 1545 1040 1567 et
1065 1545 1228 1574 cognoscunt
1256 1542 1309 1567 illas
1337 1540 1508 1573 cogitationes
1536 1544 1652 1573 nostras,

1014 1593 1084 1619 quae
1108 1593 1155 1618 per
1181 1586 1255 1618 signa
1282 1586 1480 1611 manifestantur
1500 1584 1534 1612 ib.
1555 1593 1582 1618 q.
1602 1585 1612 1610 ¹

1066 1645 1102 1650 —
1125 1631 1221 1656 invidit
1249 1630 1360 1657 felicitati
1388 1631 1535 1663 primorum
1563 1636 1654 1662 paren-

1015 1678 1070 1701 tum
1090 1676 1121 1701 Vl
1143 1676 1193 1701 ¹26
1208 1682 1234 1700 v.
1249 1676 1283 1700 25
1297 1689 1330 1693 —
1345 1675 1412 1700 lllors
1425 1674 1530 1700 intravit
1543 1674 1569 1699 in
1583 1675 1654 1699 hunc

1014 1718 1142 1744 mundum
1163 1725 1210 1750 per
1229 1717 1364 1743 diabolum
1384 1720 1572 1749 suggerentem
1591 1715 1655 1742 ibid,

1013 1776 1049 1781 —
1068 1762 1162 1788 occidit
1181 1763 1296 1794 primum
1317 1762 1453 1787 hominem
1475 1761 1654 1793 promittendo

1014 1807 1095 1832 vitam
1115 1809 1140 1831 et
1158 1806 1280 1838 negando
1301 1809 1412 1831 mortem
1432 1806 1483 1831 366
1503 1805 1531 1830 6¹

1067 1865 1103 1869 —-
1122 1851 1248 1876 Maximus
1266 1854 1306 1876 est
1329 1852 1400 1876 furor
1427 1850 1588 1876 daemonum
1616 1856 1655 1875 re-

1015 1898 1106 1927 spectu
1126 1895 1230 1926 generis
1250 1895 1357 1920 humani
1378 1895 1419 1920 Vll
1440 1895 1491 1921 205
1515 1895 1547 1920 59
1568 1908 1601 1913 —
1615 1897 1655 1920 est

1016 1939 1147 1964 homicida
1167 1938 1201 1964 ab
1220 1939 1291 1964 initio
1311 1939 1415 1971 generis
1434 1939 1541 1964 humaui
1556 1939 1587 1965 Vl
1602 1939 1653 1965 366

1016 1983 1059 2008 61.
1078 1984 1129 2009 368
1143 1983 1177 2009 70
1190 1998 1225 2001 -
1238 1986 1276 2009 est
1289 1983 1396 2009 coluber
1409 1984 1533 2009 mordens
1552 1984 1584 2008 83
1598 1991 1626 2011 v.
1639 1984 1653 2008 8

1015 2041 1050 2046 —
1068 2028 1141 2053 venit
1165 2035 1213 2060 per
1236 2028 1420 2060 suggestiones
1447 2027 1481 2053 78
1508 2035 1534 2053 v.
1558 2028 1592 2053 ¹5
1619 2041 1655 2047 —

1015 2072 1092 2098 intrat
1111 2072 1136 2097 in
1155 2073 1270 2097 animam
1289 2072 1459 2104 suggerendo
1480 2072 1530 2098 433
1551 2072 1584 2098 43
1606 2071 1635 2098 3·

1068 2130 1103 2136 —
1122 2117 1217 2143 dicitur
1236 2124 1381 2149 suggerere
1400 2117 1442 2142 vel
1462 2117 1602 2143 incendere
1621 2117 1654 2142 Vl

1016 2160 1067 2186 427
1087 2161 1120 2186 14
1140 2160 1169 2187 2*
1186 2175 1222 2180 -
1241 2162 1343 2187 occulte
1369 2162 1490 2194 suggerit
1517 2164 1654 2194 peccatum

1016 2205 1063 2230 22¹
1088 2212 1115 2231 v.
1135 2205 1167 2230 ¹8
1188 2219 1221 2224 —
1240 2205 1359 2238 suggerit
1376 2206 1464 2231 omnia
1483 2209 1590 2238 peccata
1604 2206 1655 2231 368

1017 2249 1050 2274 68
1069 2263 1105 2269 —
1124 2250 1206 2276 malas
1225 2250 1397 2282 cogitationes
1420 2250 1535 2276 immittit
1559 2257 1656 2282 sugge-

1017 2294 1100 2319 rendo
1119 2300 1167 2325 per
1185 2294 1350 2320 occasionem
1371 2294 1422 2320 427
1443 2294 1475 2320 14
1489 2308 1524 2314 -
1536 2298 1576 2320 est
1587 2295 1656 2326 prin-

1018 2338 1117 2370 cipium
1146 2339 1265 2364 omnium
1288 2342 1457 2371 peccatorum
1486 2346 1533 2371 per
1561 2346 1656 2371 sugge-

1017 2383 1127 2408 stionem
1148 2386 1173 2409 et
1197 2383 1407 2414 occasionaliter,
1426 2391 1478 2409 non
1496 2390 1602 2415 semper
1621 2384 1656 2409 ef-

1018 2428 1112 2453 fective
1131 2428 1182 2453 368
1202 2428 1231 2453 7¹

1070 2487 1105 2490 —
1124 2472 1212 2504 arguit
1230 2472 1364 2498 hominem
1390 2472 1532 2504 sophistice
1557 2473 1591 2498 ad
1619 2479 1656 2499 se-

1016 2516 1168 2542 ducendum
1188 2517 1220 2542 Vl
1241 2517 1291 2542 606
1312 2525 1339 2542 v.
1358 2518 1373 2542 8
1392 2531 1428 2536 —
1451 2517 1539 2549 arguit.
1556 2517 1591 2543 ad
1619 2524 1656 2543 se-

1016 2561 1167 2587 ducendum
1187 2561 1343 2593 decipiendo
1361 2569 1409 2594 per
1421 2562 1617 2594 suggestionem
1631 2564 1657 2587 et

1017 2612 1065 2637 per
1083 2613 1172 2631 rerum
1192 2606 1368 2631 ostensionem
1386 2605 1449 2632 ibid.
1468 2621 1503 2624 —
1522 2609 1561 2632 est
1580 2613 1657 2632 accu-

1017 2655 1087 2676 sator
1108 2651 1221 2676 hominis
1241 2651 1274 2675 87
1287 2658 1314 2676 v,
1328 2651 1361 2676 20
1375 2664 1410 2669 —-
1423 2653 1529 2676 accusat
1541 2650 1656 2676 animam

1018 2695 1191 2726 peccatricem
1212 2694 1263 2720 573
1283 2695 1298 2720 3
1319 2709 1354 2713 -—
1373 2702 1404 2720 ex
1432 2694 1593 2726 malignitate
1617 2701 1656 2720 ac-

1019 2742 1106 2771 cusat,
1134 2742 1160 2764 et
1187 2739 1247 2764 ideo
1276 2742 1315 2764 est
1338 2738 1424 2770 magis
1452 2738 1657 2770 prosternendus

1018 2790 1099 2816 quam
1119 2783 1266 2809 audiendus
1285 2783 1336 2808 574
1356 2789 1371 2807 a
1390 2797 1425 2800 —
1444 2783 1590 2808 Daemones
1614 2789 1657 2808 ac-

1019 2830 1111 2853 cusant
1138 2827 1300 2852 voluntatem
1325 2830 1440 2852 nostram
1465 2827 1498 2852 87
1527 2834 1552 2859 q.
1583 2828 1598 2853 2
1622 2840 1657 2846 —-

1019 2872 1165 2897 Daemones
1183 2878 1236 2897 non
1255 2872 1370 2896 referunt
1389 2871 1442 2896 Deo
1467 2873 1592 2904 tanquam
1621 2871 1658 2896 di-

1019 2916 1111 2948 stanti,
1129 2915 1177 2941 sed
1205 2918 1329 2948 tanquam
1358 2915 1439 2940 iudici
1459 2914 1520 2941 ibid.
1538 2928 1574 2933 —
1592 2915 1658 2940 Dae-

1020 2967 1113 2986 mones
1131 2966 1161 2986 ex
1181 2960 1266 2985 officio
1282 2959 1348 2985 mala
1361 2958 1502 2985 observant
1514 2962 1539 2985 et
1552 2959 1658 2985 damna-

1021 3005 1116 3031 tionem
1143 3007 1286 3036 procurant
1313 3002 1374 3029 ibid.
1393 3017 1428 3022 —
1447 3004 1593 3029 Daemones
1621 3004 1658 3029 di·

1020 3052 1115 3075 cuntur
1134 3049 1188 3074 Deo
1216 3051 1320 3080 portare
1346 3048 1436 3073 merita
1457 3048 1523 3073 mala
1543 3047 1604 3074 ibid.
1623 3061 1658 3067 —

1022 3094 1167 3119 Daemones
1185 3093 1310 3118 malitiam
1330 3096 1445 3117 nostram
1459 3095 1621 3124 cognoscunt
1633 3096 1659 3118 et

1021 3138 1206 3170 cognoscendo
1241 3139 1420 3162 memorantur
1439 3140 1464 3163 et
1491 3139 1570 3163 testes
1597 3140 1658 3163 sunt

1022 3182 1083 3209 ibid.
1103 3197 1137 3201 -
1155 3185 1195 3208 cst
1213 3185 1323 3213 exactor,
1343 3181 1388 3214 qui
1408 3182 1487 3213 exigit
1506 3189 1555 3214 pro
1580 3182 1657 3214 culpa

1022 3234 1134 3260 poenam
1155 3227 1304 3265 infernalem
1326 3225 1368 3251 Vll
1388 3226 1439 3251 335
1460 3226 1492 3251 86

1073 3285 1108 3291 —
1119 3272 1265 3297 Daemones
1275 3273 1403 3296 venantur
1412 3270 1513 3296 animas
1522 3270 1657 3296 hominum

1023 3317 1054 3342 Vl
1068 3317 1101 3341 63
1115 3323 1141 3340 v.
1157 3316 1189 3341 27
1204 3329 1237 3333 ——
1250 3319 1289 3341 est
1302 3317 1375 3346 pater
1388 3315 1488 3346 peccati
1502 3314 1544 3340 Vll
1559 3315 1609 3340 333
1624 3315 1657 3340 78

1074 3375 1109 3378 -
1119 3359 1218 3385 Diaboli
1233 3359 1409 3385 invitatorium
1423 3359 1457 3384 ad
1470 3361 1606 3390 peccatum
1621 3361 1660 3385 est

1023 3404 1136 3435 vanitas,
1157 3404 1293 3436 iniquitas,
1319 3402 1441 3435 avaritia,
1460 3403 1607 3435 voluptates
1626 3402 1659 3428 vt

1974 299 2028 325 DlA

1685 343 1730 368 121
1754 350 1782 368 v.
1811 342 1826 368 6
1846 357 1879 362 -—
1900 343 1978 368 trahit
2006 343 2131 369 deorsum
2156 349 2204 375 per
2232 349 2321 375 super-

1683 386 1769 419 biam,
1793 393 1841 419 per
1866 386 2018 418 avaritiam,
2047 394 2094 419 per
2121 387 2249 413 luxuriam
2269 388 2320 413 568

1683 438 1711 456 v.
1732 430 1763 456 44
1782 444 1818 450 —
1836 434 1913 456 vexat
1931 437 2024 456 servos
2051 438 2113 457 suos
2141 431 2166 457 in
2194 431 2322 464 operibus

1683 475 1728 500 luti
1748 475 1865 500 luxuriae
1883 478 1909 500 et
1933 475 2020 500 lateris
2048 475 2173 501 avaritiae
2191 479 2217 501 et
2235 476 2322 508 palca-

1683 526 1743 545 rum
1763 518 1904 551 superbiae
1923 519 1973 545 ¹76
1987 527 2012 545 v.
2027 520 2060 545 ¹6
2073 520 2204 546 —illudit
2223 521 2322 546 homini

1684 563 1719 589 ad
1736 563 1917 589 seducendum
1942 570 1991 595 per
2019 564 2260 596 concupiscentiam
2279 566 2323 591 ho⁴

1684 614 1793 638 norum,
1812 607 1977 639 divitiarum,
1996 608 2161 640 voluptatum
2182 609 2233 635 6¹7
2253 610 2269 634 6
2287 624 2324 628 —-

1684 651 1745 684 quia
1765 651 1889 677 deorsum
1909 651 2011 684 cecidit,
2025 651 2134 678 libenter
2147 660 2239 679 omnes
2251 654 2324 680 deor-

1684 702 1744 721 sum
1763 696 1878 721 traheret
1897 696 1939 721 Vll
1959 695 1994 721 94
2017 696 2047 721 19
2067 709 2103 715 -
2122 700 2246 729 procurat
2265 705 2324 730 pec-

1686 743 1803 765 catorum
1822 739 1973 766 occasiones
1992 740 2025 765 Vt
2048 740 2082 765 78
2112 748 2139 766 v.
2159 741 2192 766 15
2214 755 2249 761 —
2268 748 2324 774 per-

1687 785 1752 809 fecte
1770 783 1875 809 obsidet
1898 784 2059 816 implicando
2086 785 2202 810 animam
2222 786 2247 811 in
2267 793 2325 818 pec·

1687 832 1774 854 catum
1793 827 1854 854 ibid.

1739 887 1775 891 —-
1793 875 1873 899 tentat
1891 873 1926 899 ad
1944 873 2130 905 decipiendum
2150 874 2182 899 Vl
2199 875 2249 900 127
2268 875 2325 910 v25

1686 931 1722 935 -
1740 923 1792 942 non
1812 920 1892 942 tentat
1910 917 2035 950 aliquem,
2053 918 2105 944 nisi
2125 921 2152 944 ut
2164 918 2260 951 vincat,
2273 926 2326 945 non

1688 964 1716 986 ut
1734 961 1854 986 vincatur
1873 961 1906 986 87
1925 969 1952 994 q.
1973 962 1982 987 ¹
2006 976 2042 980 —
2060 962 2081 987 si
2095 963 2263 995 cognovisset
2281 970 2327 995 pa-

1688 1005 1804 1030 tientiam
1825 1004 1877 1036 lob,
1896 1012 2033 1038 nunquam
2053 1013 2114 1031 eum
2128 1009 2253 1033 tentasset
2264 1006 2326 1034 ibid.

1687 1063 1724 1068 —
1741 1056 1794 1074 non
1814 1049 1884 1081 capit
1901 1049 1950 1075 nisi
1970 1056 2110 1081 perversos
2130 1051 2172 1077 Vll
2191 1051 2243 1077 552
2257 1051 2290 1077 42

1741 1107 1777 1112 -
1795 1093 1905 1119 libenter
1924 1094 2034 1120 destruit
2052 1089 2180 1127 principia
2194 1095 2327 1127 honitatis,

1688 1137 1750 1170 quia
1770 1137 1906 1164 insidiatur
1918 1141 2023 1164 nostrae
2035 1139 2113 1165 saluti
2124 1140 2168 1165 Vll
2182 1139 2232 1165 ¹94
2247 1140 2256 1165 ¹
2265 1140 2279 1165 8
2292 1154 2327 1160 -

1689 1182 1751 1207 nihil
1778 1182 1882 1215 quaerit
1908 1182 1959 1208 nisi
1986 1186 2102 1209 nostram
2131 1183 2328 1210 damnationem

1689 1230 1814 1259 tanquam
1841 1226 1894 1252 iam
1920 1227 2059 1253 damnatus
2078 1227 2141 1254 ibid.
2167 1242 2203 1246 —
2226 1228 2329 1254 Diaboli

1689 1271 1850 1297 desiderium
1869 1278 1974 1303 semper
1986 1272 2072 1298 estad
2085 1272 2264 1298 seductionem
2284 1272 2329 1298 bo-

1689 1322 1794 1347 norum,
1813 1319 2059 1349 quantumcumque
2071 1316 2106 1342 ab
2119 1311 2329 1349 aliis'expellatur

1691 1359 1742 1385 294
1771 1360 1805 1386 52
1825 1374 1859 1379 —-
1878 1360 1992 1386 maxime
2019 1361 2188 1394 prosequitur
2211 1368 2257 1387 eos
2282 1361 2330 1395 qui
2372 1381 2375 1382 ν

1690 1404 1784 1430 vivunt
1802 1404 1828 1430 in
1846 1405 1996 1431 austeritate
2015 1405 2085 1431 vitae
2104 1406 2138 1432 95
2157 1405 2191 1431 24

1743 1449 1898 1475 —inducit
1921 1449 1948 1475 in
1973 1450 2069 1475 mentis
2093 1450 2275 1476 alienationem
2295 1450 2329 1476 vt

1691 1493 1741 1518 369
1761 1493 1796 1519 73
1815 1507 1849 1512 -
1868 1494 1960 1520 Aufert
1977 1488 2084 1520 sensum
2104 1494 2142 1521 eis
2160 1501 2228 1527 quos
2247 1494 2330 1527 possi-

1691 1537 1744 1569 det,
1762 1538 1913 1564 infatuando
1931 1545 2023 1564 eorum
2044 1542 2144 1565 mentes
2162 1539 2205 1565 Vll
2224 1539 2275 1565 206
2295 1539 2330 1564 62

1690 1596 1726 1600 -
1744 1583 1828 1608 aufert
1853 1582 1880 1608 in
1907 1583 2015 1608 homine
2042 1583 2170 1615 triplicem
2198 1583 2330 1616 loquelam

1692 1627 1743 1652 289
1763 1627 1797 1652 39
1816 1641 1852 1645 -
1870 1630 2000 1659 potestate
2016 1631 2123 1660 accepta
2142 1634 2248 1660 semper
2268 1627 2331 1653 inci-

1691 1673 1727 1696 tat
1746 1671 1880 1696 hominem
1898 1671 1932 1697 ad
1957 1675 2066 1703 peccata
2093 1672 2145 1697 392
2171 1672 2204 1697 27
2227 1686 2263 1690 -—-
2281 1678 2332 1704 per

1691 1715 1867 1741 carnalitatem
1886 1716 2006 1748 inquinat
2029 1716 2125 1742 multos
2144 1715 2205 1742 ibid.
2224 1730 2260 1735 —
2284 1717 2330 1741 ha-

1691 1759 1736 1785 bet
1753 1759 1893 1785 ruditatem
1913 1760 1940 1785 in
1958 1767 1995 1793 se,
2014 1760 2191 1786 carnalitatem
2212 1760 2333 1792 suggerit.

1692 1804 1718 1829 in
1737 1804 1795 1829 aliis
1813 1803 1874 1830 ibid.

1744 1862 1780 1867 —
1798 1851 1878 1874 tentat
1890 1850 1918 1874 ut
1937 1849 1977 1873 leo
1996 1851 2021 1874 et
2040 1852 2068 1874 ut
2086 1848 2166 1874 draco
2180 1848 2223 1874 Vll
2236 1848 2271 1873 95
2286 1849 2331 1874 25.

1692 1892 1743 1918 552
1757 1892 1785 1918 41
1804 1907 1838 1911 -
1857 1892 1951 1924 infligit
1974 1892 2072 1918 homini
2092 1899 2204 1924 poenam
2225 1893 2255 1918 Vl
2280 1893 2331 1917 ¹89

1693 1937 1708 1962 8
1727 1952 1763 1955 -
1782 1937 1908 1963 Daemoni
1936 1938 2056 1963 solatium
2086 1941 2124 1963 est
2143 1937 2265 1963 obsidere
2284 1937 2332 1962 ho-

1692 1981 1790 2007 minem
1805 1985 1830 2007 et
1848 1985 2008 2008 tormentum
2027 1981 2150 2007 exhibere
2163 1981 2206 2007 Vll
2225 1981 2276 2007 203
2296 1981 2331 2007 52

1692 2040 1727 2044 ——
1740 2026 1902 2052 delectantur
1920 2026 1946 2052 in
1966 2026 2079 2058 peccatis
2098 2026 2150 2052 392
2169 2026 2203 2051 27
2345 2060 2347 2062 q

1745 2085 1781 2089 —-
1799 2078 1874 2097 suam
1893 2074 1972 2097 vocat
1990 2071 2115 2102 domum,
2134 2078 2164 2096 ex
2192 2077 2244 2104 qua
2264 2077 2332 2095 non-

1692 2114 1757 2140 dum
1777 2114 1852 2146 plene
1871 2115 1996 2146 expulsus
2015 2115 2113 2145 fuerat,
2137 2116 2163 2140 et
2181 2113 2275 2139 iterum
2294 2120 2332 2138 re-

1692 2159 1731 2184 dit
1749 2159 1792 2184 Vll
1813 2158 1864 2184 294
1884 2159 1918 2185 53
1937 2173 1972 2177 -
1992 2159 2090 2184 Domus
2109 2159 2166 2184 eius
2184 2161 2224 2184 est
2242 2164 2332 2190 pecca-

1694 2205 1734 2228 tor
1751 2202 1815 2229 ibid.
1834 2217 1870 2222 —
1887 2202 2005 2229 ambulat
2024 2210 2071 2235 per
2089 2203 2144 2229 loca
2158 2203 2269 2235 deserta,
2288 2208 2333 2227 vo-

1693 2248 1748 2273 lens
1767 2247 1792 2272 in
1811 2247 1860 2273 illis
1873 2247 1995 2273 umbram
2010 2247 2184 2279 negligentiae
2196 2250 2222 2272 et
2234 2248 2331 2272 fontem

1694 2292 1867 2318 contumeliae
1887 2291 2026 2324 fabricare,
2046 2295 2074 2318 ut
2102 2291 2140 2317 ibi
2159 2291 2241 2324 possit
2260 2290 2332 2324 quie·

1693 2343 1767 2362 scere
1786 2336 1819 2363 ib.
1839 2337 1872 2362 52
1891 2351 1927 2354 -
1947 2343 1997 2362 11011
2026 2337 2137 2369 quiescit
2154 2336 2203 2362 nisi
2230 2336 2258 2361 in
2286 2335 2332 2367 eis,

1693 2381 1719 2406 in
1738 2380 1836 2414 quibus
1851 2381 1950 2407 invenit
1968 2381 2089 2407 defluxus
2112 2380 2332 2413 concupiscentia-

1693 2433 1752 2451 rum
1772 2425 1833 2452 ibid.
1853 2440 1888 2445 ·-
1906 2433 1959 2452 non
1978 2425 2119 2459 requIe-scit
2138 2426 2162 2451 in
2182 2424 2277 2451 sanctis
2295 2424 2332 2449 vi-

1693 2470 1737 2501 ris,
1757 2470 1857 2496 afflictis
1876 2473 1901 2496 et
1921 2470 2072 2501 maceratis,
2092 2470 2139 2496 sed
2158 2469 2192 2495 ab
2211 2469 2249 2495 eis
2267 2468 2333 2500 fugit

1693 2514 1754 2542 ibid.

1745 2573 1781 2579 —-
1800 2566 1851 2585 non
1871 2559 2028 2591 permittitur
2041 2559 2109 2584 male
2122 2559 2207 2584 facere
2221 2557 2269 2583 nisi
2283 2564 2332 2590 pro

1694 2607 1813 2636 tempore
1832 2603 1874 2629 Vll
1904 2603 1937 2629 95
1962 2603 1996 2629 25
2016 2617 2050 2621 ——
2075 2610 2126 2628 non
2148 2605 2233 2635 potest
2251 2608 2332 2634 super

1695 2649 1829 2674 hominem
1849 2647 2003 2679 ascendere,
2029 2648 2078 2673 nisi
2107 2648 2187 2673 homo
2206 2647 2231 2672 ei
2250 2646 2332 2679 proci-

1694 2693 1739 2718 dat
1757 2692 1902 2718 voluntarie
1921 2692 1954 2717 92
1976 2692 2008 2717 15
2027 2706 2063 2710 -
2076 2699 2130 2717 11011
2149 2691 2228 2717 habet
2246 2697 2333 2722 posse,

1694 2737 1741 2762 nisi
1761 2739 1889 2769 quantum
1908 2739 2030 2767 peccator
2049 2736 2073 2761 ei
2092 2736 2137 2762 dat
2154 2743 2185 2761 ex
2200 2741 2271 2760 mera
2284 2741 2332 2760 vo-

1694 2782 1790 2807 luntate
1809 2780 1860 2806 392
1880 2780 1914 2805 27
1932 2795 1966 2799 -
1986 2781 2048 2806 nihil
2068 2780 2166 2806 homini
2186 2782 2271 2809 nocet,
2283 2778 2332 2804 nisi

1694 2827 1774 2851 homo
1794 2824 1936 2857 acquiescit
1954 2824 1987 2849 Vl
2015 2824 2064 2850 117
2085 2832 2110 2850 ν.
2132 2825 2163 2849 ¹3
2184 2838 2217 2843 -
2241 2827 2334 2855 regnat

1694 2877 1741 2902 per
1759 2869 1871 2895 liberum
1890 2875 1989 2901 pravae
2008 2869 2149 2895 voluntatis
2167 2874 2334 2900 consensum,

1695 2922 1746 2941 non
1765 2914 1872 2946 propria
1891 2914 1987 2939 virtute
2007 2913 2057 2938 427
2078 2913 2111 2939 ¹4
2132 2912 2160 2939 2·
2178 2926 2213 2932 ·-
2232 2915 2271 2938 est
2291 2913 2334 2937 110-

1695 2959 1740 2985 stis
1758 2957 1854 2984 debilis
1872 2963 1962 2983 contra
1982 2958 2130 2983 resistentes
2148 2956 2210 2984 ibid.

1748 3017 1782 3022 —
1803 3010 1854 3028 non
1872 3004 1958 3034 potest
1977 3004 2075 3027 tentare
2089 3002 2154 3027 ultra
2167 3008 2247 3034 quam
2262 3000 2332 3026 Deus

1695 3047 1821 3080 permittit
1840 3047 1871 3072 Vl
1892 3046 1943 3072 393
1963 3046 1997 3071 55
2010 3059 2045 3065 —
2057 3052 2112 3071 non
2131 3048 2216 3077 potest
2235 3048 2334 3070 tentare

1695 3092 1745 3117 nisi
1765 3092 1818 3117 Deo
1837 3091 2004 3123 permittente
2023 3090 2066 3115 Vll
2086 3090 2137 3116 552
2158 3090 2190 3115 42
2209 3104 2245 3108 -
2264 3089 2334 3114 Deus

1695 3143 1743 3169 per
1762 3135 1896 3161 diabolum
1915 3134 2010 3167 probat
2024 3134 2132 3160 sanctos
2146 3134 2177 3159 Vl
2193 3133 2242 3159 409
2257 3133 2291 3158 75
2305 3131 2334 3158 3·

1699 3194 1730 3199 —
1749 3180 1876 3206 Dominus
1895 3178 2007 3205 diabolis
2020 3179 2087 3204 iusto
2100 3178 2197 3204 iudicio
2210 3177 2335 3210 permittit

1697 3225 1776 3251 multa
1796 3224 1839 3250 Vtt
1853 3223 1905 3250 204
1919 3223 1951 3249 56
1965 3236 2001 3242 -
2013 3229 2118 3255 semper
2131 3222 2262 3248 desiderat
2274 3227 2335 3253 per-

1696 3269 1770 3302 sequi
1799 3268 1871 3294 viros
1896 3268 1991 3298 iustos,
2011 3267 2057 3293 scd
2086 3274 2138 3292 non
2166 3269 2264 3299 potest,
2285 3264 2334 3290 nisi

1696 3316 1823 3347 quantum
1844 3311 2001 3345 permittitur
2019 3318 2034 3337 a
2055 3311 2164 3337 Domino
2183 3311 2235 3337 552
2250 3309 2282 3335 42
2298 3322 2334 3328 -

1696 3357 1810 3384 concutit
1832 3357 1905 3382 viros
1924 3357 2067 3388 perfectos,
2093 3355 2160 3381 sicut
2187 3353 2334 3381 concutitur

1697 3401 1809 3428 triticum
1828 3401 1855 3426 in
1882 3399 1970 3426 cribro
1989 3398 2050 3426 ibid.
2069 3413 2105 3419 —
2123 3405 2228 3431 semper
2255 3396 2335 3423 habet
