2427 3872
398 244 463 271 CIlR
483 245 521 278 (2)

125 288 225 320 spernit
244 289 328 314 Deum
347 292 403 314 tum
417 292 526 321 propter
539 289 708 315 commissam
723 296 767 314 au-

126 333 284 364 ctoritatem,
304 331 365 359 tum‘
383 336 492 366 propter
516 333 768 359 consubstantialita-

125 379 179 403 tem
198 377 245 403 261
269 377 302 403 27
322 391 358 397 -
371 378 484 404 inferens
498 378 684 404 contumeliam
697 377 768 404 Chri-

124 424 165 447 sto
184 421 323 447 inhonorat
342 422 445 448 Patrem
464 422 497 448 Vl
527 421 579 448 367
608 423 642 448 66
662 436 697 442 -
717 422 766 455 Qui

124 465 213 497 ipsum
233 473 287 492 non
307 469 432 492 verentur
451 473 501 492 nec
529 467 613 493 Deum
637 474 686 493 nec
710 467 767 493 eius

124 510 244 535 nuntium
264 509 426 536 verebuntur
445 511 488 537 Vll
508 511 559 537 506
580 511 613 536 18

178 569 213 573 -
230 562 292 581 cum
310 556 456 581 reverentia
482 554 629 582 adorandus
648 556 691 582 Vll
712 557 764 582 209

125 598 160 624 74
179 613 214 617 —
233 603 275 634 est(
291 599 362 625 solus
380 600 426 633 qui
450 599 602 626 adorandus
626 603 679 632 est,
698 604 724 627 et
742 601 765 627 ei

124 642 322 669 tabernaculum
343 644 537 670 aedificandum
558 644 609 670 238
631 645 664 670 67

176 701 212 707 -
230 688 377 714 secundum
403 689 547 715 humanam
576 692 697 716 naturam
727 694 766 716 est

123 732 351 764 honorificandus,
379 740 434 758 non
466 734 676 760 contemnendus
707 742 766 767 pro-

122 778 181 808 pter
208 777 414 803 humiliationem
440 777 625 804 incarnationis
654 779 686 804 Vl
713 779 764 805 313

124 820 158 846 55
187 820 216 846 2*
234 835 270 841 -
297 822 437 854 dupliciter
466 823 638 849 honorandus
663 826 692 849 ut
719 824 765 849 Dei

123 864 207 891 virtus
225 868 251 891 et
269 866 398 898 sapientia
417 866 460 893 Vll
480 866 532 892 563
552 867 587 892 75

158 910 174 935 2
192 924 228 928 —
247 909 350 936 Natura.
369 911 467 943 duplex
486 911 511 936 in
531 911 633 938 Christo
654 912 695 938 Vll
710 912 761 937 516

122 952 156 978 47
171 958 210 972 ’-
228 954 255 980 10
274 954 376 981 Christo
395 955 494 988 aliquid
513 955 635 982 divinum
655 962 766 988 appare-

122 996 168 1024 bat
194 997 228 1024 ib.
258 998 292 1024 46
311 1000 392 1025 —In
411 999 514 1026 Christo
539 1003 599 1026 sunt
626 1000 696 1026 duae
722 1007 765 1026 na-

121 1045 196 1068 turae
215 1043 293 1069 valde
311 1043 453 1075 sublimes,
477 1044 524 1070 sed
550 1045 662 1071 maxime
687 1044 766 1070 subli-

121 1086 173 1112 mis
197 1087 287 1113 divina
316 1088 348 1113 Vl
375 1088 422 1114 241
448 1089 464 1114 5
483 1103 519 1106 -
543 1088 571 1114 In
596 1088 698 1115 Christo
727 1092 766 1114 est

121 1131 250 1158 Divinitas
269 1132 340 1158 unita
361 1133 492 1159 humanae
515 1136 624 1158 naturae
648 1132 709 1159 ibid.
729 1147 765 1152 —

121 1176 148 1201 In
169 1175 256 1202 Verbo
276 1176 411 1202 incarnato
426 1176 608 1202 consideratur
622 1180 714 1202 natura
729 1177 765 1202 di-

121 1220 184 1245 vina
204 1224 229 1246 et
257 1222 372 1246 humana
397 1221 448 1246 246
470 1222 478 1246 1
503 1235 539 1239 -—-
559 1221 586 1246 111
604 1220 707 1247 Christo
726 1225 765 1247 est

121 1271 179 1290 esse
198 1265 317 1291 divinum
344 1268 370 1291 et
388 1272 446 1291 esse
470 1266 632 1297 humanum,
661 1266 765 1292 visibile

121 1311 148 1335 et
166 1309 310 1340 invisibile,
325 1310 451 1336 miserum
465 1312 491 1335 et
504 1310 649 1341 gloriosum
665 1310 715 1336 463
730 1311 763 1337 35

174 1368 210 1372 -
228 1361 280 1379 non
294 1357 393 1380 tantum
407 1357 463 1380 erat
475 1355 563 1386 homo,
577 1361 671 1380 verum
685 1355 763 1380 etiam

121 1398 200 1429 Deus,
219 1398 292 1431 quod
312 1397 467 1424 ostendebat
486 1399 667 1430 magnitudine
687 1399 763 1425 111113-

121 1442 242 1468 culorum
262 1442 304 1468 Vll
334 1442 385 1467 299
405 1443 439 1467 68
459 1457 494 1461 »—
514 1443 596 1469 Nemo
615 1444 762 1470 secundum

121 1486 283 1518 scripturam
303 1490 328 1512 et
346 1486 427 1512 sidem
446 1494 461 1512 a
481 1487 601 1520 patribus
627 1491 763 1521 acceptam

120 1533 206 1562 potest
220 1530 327 1556 inficiari
347 1531 480 1563 duplicem
499 1532 556 1558 eius
569 1536 691 1559 naturam
711 1534 763 1560 517

121 1575 164 1607 50,
183 1574 213 1600 51
235 1589 270 1593 -
289 1578 328 1601 est
346 1575 424 1601 simul
442 1576 512 1603 Deus
531 1580 557 1602 et
576 1579 655 1603 homo
675 1577 707 1605 ib.
729 1578 758 1604 5l

119 1633 154 1637 -—
167 1619 237 1645 Deus
256 1620 339 1645 111οι115
352 1623 391 1646 est
404 1622 499 1652 homo,
512 1621 619 1648 Creator
634 1615 762 1655 creatura,

119 1663 266 1690 immensus
285 1671 398 1696 parvus,
424 1665 543 1692 Verbum
563 1667 664 1698 11113115,
683 1671 764 1694 aeter-

119 1715 171 1734 nus
198 1710 350 1741 temporalis
375 1710 426 1736 296
456 1711 490 1736 60
513 1711 594 1737 —In
614 1711 703 1738 Verbo
729 1713 763 1738 in-

119 1757 226 1779 carnato
244 1757 283 1780 est
302 1755 365 1780 unio
393 1755 491 1781 summi
511 1757 609 1782 amoris
627 1760 653 1782 et
671 1764 764 1783 conne-

119 1797 203 1824 xionis
221 1799 335 1825 duarum
353 1802 506 1826 naturarum
527 1800 579 1826 395
599 1801 632 1827 34

173 1857 209 1861 —-
227 1843 320 1869 Anima
339 1851 392 1870 non
418 1848 458 1870 est
482 1845 601 1871 medium
626 1845 764 1872 distantiae

121 1886 145 1912 in
165 1887 261 1913 unione
280 1888 426 1915 DIvinitatis
445 1893 470 1915 et
483 1889 569 1916 carnis
582 1897 630 1916 nec
644 1891 763 1916 medium

120 1931 292 1964 colligentiae,
306 1933 352 1959 sed
366 1934 553 1966 congruentiae
567 1934 600 1959 Vl
614 1935 666 1960 389
680 1935 709 1960 31
728 1949 763 1954 --

121 1975 226 2008 Triplex
245 1979 339 2003 natura
357 1985 404 2004 seu
423 1978 568 2004 substantia
589 1979 614 2004 in
633 1986 685 2005 una
704 1986 763 2012 per-

109 2027 184 2046 vsona
203 2020 296 2047 Christi
309 2021 438 2054 figuratur
457 2030 504 2055 per
523 2023 571 2049 tria
590 2026 646 2049 sata
665 2024 764 2050 farinae

120 2064 163 2091 Vll
176 2064 228 2090 349
243 2064 276 2091 45
290 2080 325 2085 —
335 2068 361 2092 ln
374 2066 477 2093 Christo
487 2074 549 2093 caro
565 2070 604 2093 est
616 2068 763 2100 antiquum,

120 2108 205 2134 anima
226 2117 342 2142 novum,
363 2111 487 2137 Divinitas
505 2113 640 2137 aeternum
660 2111 722 2138 ibid.

173 2168 209 2172 —
228 2155 381 2181 Secundum
408 2156 541 2188 duplicem
569 2159 690 2182 naturam
718 2157 762 2183 ali-

120 2204 173 2230 qua
192 2198 316 2225 dicuntur
334 2200 369 2226 de
387 2199 490 2226 Christo
509 2202 617 2232 propter
636 2200 762 2227 unitatem

120 2242 269 2275 hypostasis
289 2244 320 2270 Vl
341 2245 393 2270 283
413 2244 447 2270 27
466 2258 501 2264 -
520 2244 657 2277 Quaedam
670 2245 763 2272 dicun-

121 2289 164 2312 tur
182 2287 216 2313 de
235 2288 337 2315 Christo
349 2289 496 2314 secundum
510 2288 629 2314 divinam
642 2292 763 2316 naturam

121 2338 199 2364 pure,
219 2332 349 2359 abstracta
369 2334 484 2359 humana
504 2336 610 2364 natura,
630 2334 762 2366 quaedam

121 2376 268 2403 secundum
294 2379 436 2403 humanam
465 2384 547 2409 pure,
573 2378 705 2410 quaedam
725 2386 762 2404 se-

121 2421 238 2447 cundum
259 2423 403 2448 humanam
423 2424 501 2454 prout
521 2422 591 2447 unita
605 2422 710 2448 divinae
720 2424 762 2449 vel

121 2471 136 2489 0
155 2472 283 2492 converso
303 2466 355 2492 449
376 2466 409 2491 15
423 2479 457 2485 -
470 2466 573 2499 Aliquid
594 2466 690 2492 dicitur
705 2474 763 2493 esse

121 2509 162 2535 vel
180 2516 234 2536 non
262 2517 320 2537 esse
348 2510 442 2537 Christi
470 2510 616 2536 secundum
641 2514 761 2537 naturam

120 2553 163 2578 vel
181 2554 325 2586 originem,
344 2555 490 2581 secundum
510 2555 628 2580 divinam
641 2559 761 2582 naturam

121 2598 164 2623 vel
192 2599 348 2631 humanam,
373 2599 526 2631 simpliciter
553 2600 595 2625 vel
622 2599 764 2626 discretive

121 2641 172 2668 344
192 2643 226 2668 26
245 2658 280 2662 -
300 2644 373 2676 Quae
391 2643 498 2675 proprie
516 2644 678 2670 conveniunt
690 2644 762 2671 Chri-

121 2689 161 2712 sto
180 2694 232 2713 non
251 2688 412 2713 conveniunt
430 2687 471 2713 alii
490 2691 626 2714 creaturae
644 2689 695 2714 539
716 2689 732 2714 5

126 2741 128 2743 ·
174 2745 209 2750 —
222 2732 298 2758 Fides
311 2732 456 2758 Divinitatis
474 2734 500 2757 et
519 2732 688 2758 humanitatis
701 2736 762 2759 sunt

121 2774 175 2801 duo
203 2776 302 2802 minuta
326 2776 460 2802 offerenda
488 2777 532 2802 Vll
551 2777 602 2803 523
623 2778 638 2802 8
659 2792 694 2796 -
714 2778 762 2804 Per

121 2818 201 2845 tidem
221 2820 389 2847 humanitatis
407 2823 538 2847 assumtae
557 2822 710 2853 pervenitur
728 2823 762 2849 ad

122 2862 318 2896 intelligentiam
332 2865 509 2897 generationis
527 2868 648 2893 aeternae
665 2866 696 2892 Vl
710 2864 762 2892 470

123 2906 157 2932 15
168 2921 204 2927 -
217 2909 243 2934 10
256 2908 358 2935 Christo
370 2909 502 2935 credenda
515 2912 555 2935 est
574 2910 763 2937 humanitas-et

127 2950 253 2979 Divinitas
272 2953 323 2979 516
343 2954 386 2980 62.
406 2953 457 2979 518
478 2953 512 2979 66
525 2967 560 2972 —-
574 2957 682 2986 propter
707 2955 764 2981 uni-

121 2997 201 3022 tatem
232 2998 381 3030 hypostasis
408 3000 447 3023 est
474 2997 607 3024 obiectum
635 2999 697 3025 ssdei
725 3007 763 3026 se-

122 3040 238 3066 cundum
257 3045 398 3075 utramque
417 3044 536 3067 naturam
557 3041 608 3068 449
629 3043 662 3069 15

175 3098 210 3103 —-
228 3086 377 3112 credendus
394 3089 434 3112 est
451 3093 531 3112 verus
544 3087 615 3113 Deus
633 3090 659 3113 et
678 3088 759 3115 homo

123 3127 166 3153 Vll
185 3129 237 3154 516
258 3130 300 3156 47.
319 3130 371 3156 517
390 3129 424 3156 50
443 3143 478 3149 -
490 3130 660 3158 confitendus
681 3139 762 3159 verus

123 3171 193 3198 Deus
212 3176 238 3200 et
260 3175 339 3201 homo
362 3175 413 3200 313
435 3175 468 3200 12

176 3231 211 3236 -
231 3218 365 3251 Scriptura
384 3219 417 3244 de
436 3218 539 3245 Christo
563 3219 627 3246 dicit
645 3223 671 3246 et
689 3221 762 3254 quod

122 3264 245 3288 aeternus
257 3265 283 3289 et
295 3263 368 3296 quod
382 3263 498 3289 mortalis
512 3264 544 3289 Vl
559 3263 610 3289 420
624 3264 666 3297 49,
680 3264 714 3291 50
728 3279 763 3284 -

122 3303 196 3330 Circa
214 3305 309 3333 Christi
328 3310 468 3340 utramque
480 3310 601 3335 naturam
625 3309 763 3342 utriusque

124 3350 270 3378 testamenti
281 3351 386 3377 Intentio
396 3351 574 3384 principaliter
586 3356 706 3379 versatur
721 3354 763 3379 Vll

799 201 836 234 IN
859 201 1152 235 COMMENTARIOS
1176 202 1205 235 S.
1231 203 1456 236 SCRIPTURAE

806 289 858 316 517
878 290 907 316 51
931 304 967 308 -
986 292 1015 315 ιιι
1033 291 1113 316 homo
1132 291 1202 317 Deus
1227 295 1266 317 est
1294 292 1449 318 tundamen-

805 337 860 359 tum
881 334 1038 360 christianae
1063 335 1197 367 religionis
1224 339 1250 361 et
1272 337 1449 368 complemen-

805 381 860 404 tum
881 378 933 404 518
954 379 983 404 51
1007 393 1042 397 --
1062 379 1101 404 Ad
1115 379 1208 405 Christi
1222 380 1391 406 Divinitatem
1406 383 1447 407 vel

805 423 995 448 humanitatem
1026 423 1191 449 reducuntur
1222 431 1315 450 omnes
1346 426 1447 452 articuli

804 466 866 492 fidei
884 466 946 494 ibid.

857 526 892 529 —
911 514 950 537 est
975 512 1052 544 gigas
1075 512 1197 544 geminae
1222 513 1384 540 substantiae
1404 515 1446 540 Vll

804 555 854 581 379
875 556 909 581 63
928 571 964 574 -
982 556 1077 582 Christi
1097 560 1177 588 caput
1199 561 1239 583 est
1258 558 1387 585 Divinitas
1405 566 1449 584 ae-

804 602 889 631 terna,
915 600 997 632 pedes
1025 601 1174 627 humanitas
1198 605 1315 627 assumta
1341 603 1367 628 in
1396 604 1447 629 1100

803 645 969 670 5300010100ι
991 645 1022 670 Vl
1043 645 1094 670 508
1115 646 1148 671 20

856 702 892 708 —-
910 688 1115 722 praenuntiatus
1144 690 1191 716 suit
1215 698 1229 716 a
1252 691 1323 723 Lege
1341 695 1367 717 et
1385 693 1448 718 Pro-

803 733 888 765 phetis
908 734 940 759 VI
961 734 1012 759 266
1033 734 1066 759 92
1082 748 1115 752 —
1128 734 1168 760 Ab
1188 735 1312 762 omnibus
1331 737 1447 769 Prophe-

803 777 835 803 tis
868 778 1034 810 praedictum
1062 781 1115 809 est,
1144 778 1277 806 Christum
1307 781 1391 807 Deum
1420 782 1446 807 in

803 829 909 848 carnem
929 826 1070 848 venturum
1092 823 1134 848 Vll
1154 824 1169 848 8
1183 824 1199 848 6
1212 838 1247 843 -
1261 824 1286 849 10
1301 825 1371 857 Lege
1386 833 1446 858 pro-

804 865 956 892 mittebatur
975 874 1029 893 non
1043 870 1144 893 tantum
1159 868 1274 901 ludaeis,
1289 870 1333 895 sed
1348 873 1373 895 et
1387 877 1447 902 gen-

803 910 874 936 tibus
893 911 926 936 Vl
946 911 998 936 295
1018 911 1051 937 40
1071 926 1106 930 -
1125 913 1273 944 promissus
1301 917 1356 939 erat
1376 914 1446 940 habi-

803 955 932 981 tatoribus
951 956 1095 987 Galilaeae,
1118 957 1228 983 Iudaeae
1247 960 1273 983 et
1292 951 1446 990 Ierusalem,

803 1002 828 1025 et
848 1000 873 1025 hi
893 1006 955 1025 eum
985 1000 1171 1032 exspectabant
1196 1004 1222 1027 et
1240 1002 1274 1028 ad
1294 1003 1381 1035 ipsum
1401 1011 1447 1029 ve-

803 1043 910 1069 niebant
938 1044 981 1070 Vll
1011 1044 1062 1070 124
1083 1045 1116 1070 42
1135 1059 1170 1064 -
1190 1047 1337 1078 promissus
1366 1047 1446 1073 tribui

803 1088 866 1114 luda
885 1086 947 1114 ibid.
961 1102 997 1108 —
1015 1089 1072 1115 eius
1092 1090 1227 1121 generatio
1246 1091 1357 1117 carnalis
1375 1099 1389 1117 a
1410 1093 1447 1118 lu-

803 1132 875 1158 daeis
894 1136 950 1158 erat
969 1134 1145 1160 communiter
1173 1135 1286 1167 credita,
1309 1137 1446 1163 aeternalis

802 1184 816 1202 a
837 1178 973 1209 Prophetis
992 1178 1142 1210 praedicata
1163 1179 1214 1205 516
1235 1179 1268 1205 47

855 1234 891 1240 -
909 1222 1060 1253 praedictus
1078 1226 1134 1248 erat
1152 1223 1302 1250 nasciturus
1320 1225 1354 1251 de
1374 1226 1446 1251 Beth-

803 1265 888 1291 lehem
918 1266 950 1291 Vl
980 1267 1031 1292 266
1062 1267 1094 1292 93
1115 1281 1150 1287 -
1179 1268 1300 1294 Verbum
1329 1269 1445 1296 incarna-

802 1312 858 1334 tum
884 1310 1021 1342 cognitum
1046 1311 1095 1337 ruit
1119 1319 1167 1344 per
1193 1313 1373 1340 testimonium
1398 1322 1445 1340 au-

803 1354 946 1379 thenticum
967 1355 1071 1381 Ioannis
1099 1356 1151 1382 254
1176 1357 1210 1382 36
1229 1371 1265 1377 -
1283 1358 1309 1383 10
1328 1359 1445 1385 adventu

802 1405 850 1424 suo
870 1398 962 1425 habuit
986 1400 1166 1427 testimonium
1187 1403 1336 1434 angelicum
1356 1407 1381 1429 et
1401 1405 1446 1430 hu-

802 1449 924 1474 manum,
943 1444 1104 1476 simplicium
1124 1448 1150 1471 et
1168 1448 1354 1480 perlectorum,
1368 1455 1446 1474 sexus

801 1487 885 1513 virilis
904 1491 930 1514 et
957 1488 1095 1516 muliebris
1124 1490 1166 1516 Vll
1197 1492 1230 1517 62
1260 1492 1289 1517 81
1314 1506 1350 1511 -
1368 1496 1446 1519 natus

802 1531 894 1558 habuit
912 1533 1092 1560 testimonium
1112 1541 1126 1560 a
1147 1538 1241 1561 natura
1269 1537 1373 1562 caelesti
1398 1544 1446 1569 per

801 1577 917 1610 stellam,
936 1585 951 1603 a
970 1582 1061 1604 natura
1082 1580 1268 1612 supercaelesti
1292 1588 1340 1613 per
1359 1582 1446 1614 Ange-

802 1622 840 1647 los
859 1624 885 1647 et
903 1629 918 1647 a
936 1626 1030 1648 natura
1049 1623 1206 1650 subcaelesti
1220 1624 1283 1651 ibid.
1302 1640 1335 1644 -—
1357 1626 1381 1651 111
1396 1633 1445 1652 500

801 1667 917 1693 adventu
946 1666 1039 1693 habuit
1057 1668 1236 1695 testimonium
1256 1669 1291 1695 ab
1310 1672 1381 1696 omni
1401 1678 1447 1704 ge-

801 1718 863 1737 nere
883 1718 1057 1744 personarum
1067 1732 1074 1744 ,
1088 1716 1116 1739 ut
1128 1713 1321 1740 inexcusabiles
1337 1715 1385 1741 sint
1400 1716 1445 1748 qui

801 1762 855 1782 0011
875 1756 986 1782 credunt
1005 1757 1146 1789 Evangelio
1159 1757 1223 1784 ibid.
1240 1772 1276 1778 -·
1294 1758 1389 1788 Christi
1402 1760 1446 1785 ad-

803 1804 898 1826 ventus
916 1801 1087 1827 annuntiatus
1106 1809 1120 1827 a
1135 1802 1231 1827 Ioanne
1244 1803 1277 1828 30
1292 1803 1325 1828 82
1339 1817 1374 1823 -
1387 1811 1446 1836 pro-

801 1845 898 1870 missus
917 1852 932 1870 a
952 1846 1089 1877 Prophetis
1117 1853 1132 1871 a
1161 1847 1255 1873 Ioanne
1284 1850 1446 1874 monstratur

801 1896 926 1921 praesens
945 1889 996 1915 413
1017 1890 1051 1915 30

855 1948 890 1952 -
902 1933 1039 1960 Adventus
1054 1934 1196 1961 Salvatoris
1209 1935 1235 1961 in
1248 1942 1354 1962 carnem
1369 1943 1445 1968 prae-

801 1978 936 2004 nuntiatus
955 1981 995 2004 est
1014 1982 1041 2004 ut
1063 1978 1173 2005 visibilis
1198 1980 1282 2005 oculis
1309 1981 1396 2006 carnis
1420 1983 1446 2006 et

802 2024 830 2048 ut
855 2022 975 2048 salutaris
1003 2023 1036 2048 Vl
1065 2023 1112 2049 631
1148 2030 1171 2048 v.
1200 2024 1216 2049 6
1235 2037 1271 2043 -
1289 2023 1444 2056 Congruum

801 2069 865 2097 erat,
884 2067 957 2100 quod
976 2067 1046 2092 nulla
1065 2068 1194 2099 professio
1213 2070 1258 2094 aut
1274 2075 1351 2094 sexus
1370 2068 1445 2095 dees-

801 2114 840 2137 set
859 2111 884 2137 in
904 2111 1087 2144 prophetando
1106 2112 1149 2137 Vll
1170 2111 1204 2138 64
1224 2111 1258 2137 87

854 2168 890 2174 -
908 2156 1027 2188 Tempus
1052 2156 1182 2182 adventus
1202 2153 1296 2182 Christi
1315 2155 1444 2188 probatur

801 2206 848 2232 per
867 2203 971 2232 tempus
984 2207 1078 2232 regum
1092 2202 1117 2226 et
1129 2200 1297 2226 sacerdotum
1317 2201 1359 2226 Vll
1379 2201 1413 2226 70
1427 2201 1443 2226 5

801 2257 836 2263 -
860 2244 978 2276 Tempus
1005 2244 1136 2270 adventus
1163 2244 1256 2270 Christi
1285 2245 1443 2271 sufficienter

799 2291 903 2320 poterat
930 2288 1055 2320 cognosci
1084 2295 1132 2321 per
1151 2289 1299 2320 Scripturas
1317 2289 1347 2314 ’71
1371 2290 1388 2315 5
1407 2303 1442 2308 -

801 2333 951 2359 Adventum
971 2332 1066 2359 Christi
1085 2333 1135 2359 Lex
1155 2336 1180 2359 et
1204 2334 1351 2365 Prophetae
1369 2340 1442 2366 prae-

801 2376 923 2403 dicabant
934 2377 1078 2409 manifeste,
1091 2377 1138 2403 sed
1148 2384 1231 2410 prave
1244 2377 1442 2410 exponebantur

801 2429 814 2447 a
835 2422 980 2448 Pharisaeis
1000 2422 1051 2448 309
1073 2422 1123 2447 100

852 2480 889 2486 -
906 2467 1043 2492 Adventus
1060 2465 1154 2492 Christi
1174 2466 1201 2492 in
1220 2473 1325 2492 carnem
1345 2467 1442 2499 dignus

799 2514 839 2536 est
857 2510 1040 2541 admiratione,
1059 2510 1198 2536 dilectione
1211 2514 1236 2536 et
1249 2511 1394 2536 imitatione
1408 2511 1441 2536 vl

800 2555 853 2581 594
875 2556 884 2580 1
902 2569 938 2574 -
951 2554 1099 2581 admirabili
1119 2555 1272 2587 dignatione
1290 2555 1324 2581 de
1337 2562 1442 2581 summo

799 2600 872 2626 venit
884 2599 917 2625 ad
930 2600 1014 2625 imum
1028 2599 1062 2626 ib.
1075 2601 1090 2625 2
1111 2613 1144 2618 -
1164 2599 1278 2625 mirabili
1291 2600 1442 2631 dignatione

799 2644 871 2670 venit
878 2651 926 2676 pro
934 2644 1039 2670 homine
1046 2644 1148 2676 perdito
1156 2644 1232 2677 quasi
1239 2651 1287 2676 pro
1294 2644 1374 2671 nihilo
1380 2643 1442 2671 ibid.

853 2702 888 2708 —
916 2689 1002 2715 Missio
1030 2689 1086 2714 Filii
1115 2689 1160 2714 Dei
1189 2689 1217 2714 In
1246 2689 1375 2715 mundum
1397 2690 1442 2715 suit

801 2734 944 2759 maximum
965 2732 1124 2759 beneficium
1145 2734 1188 2759 VII
1209 2734 1261 2759 506
1282 2734 1313 2759 18
1335 2748 1368 2752 -
1388 2734 1444 2760 Mis-

800 2778 839 2804 sio
857 2778 911 2804 Filii
932 2778 978 2804 fuit
997 2785 1028 2804 ex
1041 2779 1143 2804 occulto
1156 2781 1182 2804 et
1194 2778 1370 2805 secretissimo
1384 2786 1443 2811 pro—

800 2823 886 2854 posito
905 2826 931 2848 et
950 2822 1058 2849 consilio
1078 2822 1124 2848 Dei
1144 2822 1207 2849 ibid.
1219 2836 1255 2842 --
1273 2823 1359 2849 missio
1372 2822 1442 2849 Chri-

800 2867 833 2892 sti
851 2870 891 2893 est
908 2867 1060 2893 veneranda
1080 2870 1188 2899 propter
1206 2867 1382 2892 excellentiam
1398 2867 1441 2892 Pa·

801 2911 846 2937 tris
865 2911 990 2937 mittentis
1009 2914 1035 2936 et
1052 2911 1106 2936 Filii
1135 2911 1207 2936 missi
1232 2914 1258 2936 et
1277 2914 1385 2943 propter
1404 2911 1440 2936 in-

800 2955 944 2988 digentiam
963 2962 1055 2981 eorum
1075 2954 1174 2988 quibus
1191 2955 1300 2981 mittitur
1314 2955 1346 2980 VI
1359 2955 1411 2981 574
1426 2956 1435 2980 1

853 3014 889 3020 -
907 3000 999 3026 Carnis
1018 3000 1150 3032 susceptio
1170 2999 1216 3025 ruit
1230 3000 1317 3031 primo
1331 2999 1441 3031 promis-

799 3051 828 3070 sa
847 3044 969 3070 Abrahae
987 3046 1013 3070 et
1031 3043 1191 3076 repromlssa
1220 3043 1306 3069 David
1335 3043 1377 3069 Vll
1407 3043 1440 3068 86

800 3088 833 3114 60
852 3102 888 3108 -
905 3088 1055 3120 Conceptus
1073 3087 1168 3114 Christi
1197 3087 1339 3120 figuratus,
1368 3093 1441 3119 prae-

799 3132 933 3158 nuntiatus
951 3135 977 3158 et
995 3131 1129 3158 credibilis
1148 3133 1231 3158 sactus
1249 3131 1337 3157 multis
1350 3137 1440 3156 conce-

800 3176 889 3209 ptibus
901 3177 1029 3202 sterilium
1043 3177 1075 3202 26
1095 3176 1129 3202 65
1143 3190 1178 3196 -—
1191 3176 1285 3203 Christi
1305 3175 1440 3207 generatio

800 3220 947 3246 secundum
960 3227 1067 3246 carnem
1085 3223 1125 3246 est
1143 3220 1244 3246 initium
1262 3219 1396 3251 Evangelii
1407 3219 1440 3244 87

801 3265 834 3291 60
853 3279 889 3284 -
908 3265 1055 3291 Promissus
1074 3264 1195 3291 Abrahae
1215 3264 1247 3290 40
1269 3264 1328 3289 130.
1342 3263 1393 3289 344
1408 3263 1436 3288 31

853 3322 889 3328 -
907 3309 1108 3341 exspectabatur
1128 3312 1252 3342 tanquam
1267 3307 1393 3333 Dominus
1406 3310 1442 3332 to-

801 3353 852 3380 tius
871 3353 964 3379 mundi
976 3353 1009 3379 Vl
1023 3354 1075 3379 322
1095 3353 1129 3379 24
1142 3366 1177 3373 -
1190 3351 1314 3379 omnibus
1331 3351 1442 3384 promis-

1733 250 1797 277 CIIR
1819 252 1855 284 (2)

1486 300 1531 318 sus
1545 293 1620 319 datus
1640 297 1679 320 est
1697 295 1848 321 novissimis
1861 297 1961 322 Sanctis
1975 297 2017 323 vlt
2030 298 2081 323 308
2095 298 2129 322 93

1487 351 1519 355 -
1543 338 1684 364 Promissio
1714 341 1778 365 iacta
1808 347 1822 365 a
1851 341 1941 366 divina
1970 341 2129 373 benignitate

1487 381 1591 413 impleta
1612 383 1660 408 11111
1678 390 1692 408 3
1712 383 1801 409 divina
1817 385 1940 416 veritate,
1953 386 2061 418 quando
2075 393 2129 412 car—

1485 433 1544 451 nem
1565 430 1680 453 nostram
1701 429 1816 460 suscepit
1836 430 1868 454 33
1889 430 1922 454 99
1936 444 1970 449 -
1984 431 2131 457 misericor-

1485 470 1544 496 diae
1563 478 1626 496 suae
1645 473 1799 499 recordatus
1818 477 1865 506 est,
1885 475 1960 500 cuius
1978 482 2028 500 1100
2043 479 2129 507 potest

1485 514 1619 546 oblivisci,
1639 519 1683 542 aut
1703 517 1739 542 ira
1761 518 1885 543 contineri
1906 518 1967 544 ibid.

1538 573 1573 578 —
1593 560 1684 586 Modus
1710 562 1885 593 generationis
1913 562 2006 589 Christi
2035 571 2128 590 secun-

1484 603 1548 629 dum
1570 604 1731 636 Scripturam
1752 610 1807 632 erat
1831 608 1962 638 occultus,
1992 608 2038 634 sed
2063 612 2125 634 nota

1485 651 1540 673 erat
1559 656 1680 681 propago
1699 653 1725 676 et
1744 651 1817 676 locus
1836 652 1869 677 Vl
1884 652 1935 677 347
1957 652 1988 677 43
2010 666 2043 671 —-
2057 653 2127 678 Chri-

1484 693 1515 718 sti
1535 694 1700 725 conceptioni
1719 695 1865 721 secundum
1880 697 2044 728 prophetiam
2059 704 2129 723 com-

1484 736 1589 769 petebat
1608 739 1747 772 Nazareth,
1767 740 1894 766 nativitati
1914 742 2062 767 Bethlehem
2085 743 2126 768 Vll

1486 781 1519 806 45
1539 782 1554 806 6
1576 796 1608 800 -
1629 786 1668 809 est
1688 784 1736 809 ssos
1755 788 1898 816 conceptus
1926 785 1952 810 in
1981 787 2037 812 loco
2057 787 2127 812 ssoris

1484 829 1509 852 et
1527 828 1553 852 in
1573 828 1668 853 ilerum
1698 831 1818 860 tempore
1847 831 1875 855 21
1906 831 1938 856 43
1959 845 1992 849 —
2012 831 2127 858 debebat

1483 877 1542 896 esse
1560 878 1574 896 a
1594 872 1718 898 Nazareth
1749 873 1781 899 Vl
1802 875 1853 899 266
1873 875 1906 900 93
1927 889 1961 894 -
1981 876 2127 902 Nazaraeus

1484 915 1569 941 dictus
1588 919 1627 949 est
1646 924 1660 942 a
1680 917 1805 943 Nazareth
1831 919 1882 944 352
1902 919 1946 945 70.
1965 920 2016 946 353
2036 921 2070 946 75
2090 935 2127 940 -

1483 960 1629 986 secundum
1650 962 1771 987 vaticinIa
1792 966 1848 988 erat
1861 964 2007 990 Nazaraeus
2026 965 2059 990 de
2078 966 2125 990 Ga-

1483 1003 1556 1029 lilaea
1575 1005 1618 1030 Vll
1648 1005 1682 1030 65
1711 1006 1745 1031 90
1765 1020 1801 1025 —
1820 1007 1915 1033 dicitur
1943 1008 2091 1035 Nazarenus
2110 1017 2123 1035 a

1485 1048 1568 1080 patria
1588 1049 1621 1074 Vl
1636 1049 1686 1074 496
1704 1050 1732 1075 31

1536 1107 1572 1112 -
1601 1092 1663 1119 alibi
1691 1094 1828 1128 concaptus
1856 1099 1907 1127 est,
1939 1096 1999 1122 alibi
2031 1101 2122 1128 natus,

1483 1136 1545 1162 alibi
1573 1137 1716 1170 educatus,
1736 1142 1764 1164 ut
1783 1139 1873 1165 lateret
1892 1140 1989 1172 implos
2009 1141 2124 1167 incarna-

1483 1181 1562 1207 tionis
1581 1183 1734 1214 mysterium
1749 1183 1791 1208 Vll
1807 1183 1840 1209 45
1855 1185 1870 1209 6
1886 1198 1919 1203 ——
1933 1189 2076 1217 conceptus
2099 1187 2124 1211 in

1483 1226 1608 1258 Galilaea,
1638 1226 1662 1251 in
1693 1227 1785 1253 Iudaea
1814 1231 1905 1260 natus,
1932 1229 1956 1254 in
1985 1230 2124 1256 Ierusalem

1483 1270 1622 1296 crucifixus
1643 1270 1692 1296 124
1708 1271 1740 1297 42
1755 1285 1791 1291 -
1804 1276 1946 1304 conceptus
1959 1281 2049 1299 mense
2063 1275 2124 1300 Illar-

1483 1315 1519 1340 tio
1538 1315 1572 1340 ad
1591 1316 1769 1347 reparandum
1796 1317 1928 1343 hominem
1949 1322 1974 1343 et
1994 1319 2124 1344 mundum

1483 1366 1515 1385 eo
1535 1366 1624 1385 mense
1643 1360 1779 1385 conditum
1800 1362 1833 1386 20
1854 1361 1881 1386 41

1537 1417 1572 1422 -
1601 1404 1647 1429 suit
1675 1407 1819 1436 conceptus
1847 1406 1902 1431 sine
1930 1407 2028 1432 semine
2047 1408 2125 1438 virili,

1483 1451 1560 1473 natus
1579 1448 1635 1474 sine
1648 1448 1739 1474 dolore
1754 1450 1854 1481 Matris,
1868 1450 1993 1476 immunis
2005 1451 2039 1476 ab
2053 1453 2125 1477 omni

1483 1496 1592 1524 peccato
1611 1495 1636 1518 et
1655 1497 1776 1519 mortuus
1796 1501 1844 1525 pro
1858 1495 1994 1520 hominum
2015 1500 2122 1527 peccato

1483 1537 1526 1562 Vll
1546 1537 1597 1562 370
1617 1538 1651 1562 36
1664 1551 1700 1556 -
1713 1542 1857 1569 conceptus
1876 1543 1914 1564 cst
1934 1546 1981 1570 per
2002 1540 2126 1565 secunda—

1483 1581 1579 1607 tionem
1600 1581 1716 1614 Virginis
1736 1583 1769 1607 20
1790 1582 1824 1608 40
1843 1597 1878 1602 -
1898 1583 2017 1608 Humana
2032 1588 2125 1610 natura

1484 1626 1509 1651 in
1528 1625 1631 1652 Christo
1651 1633 1700 1658 per
1719 1626 1843 1652 virtutem
1860 1627 1971 1659 Spiritus
1985 1628 2066 1653 sancti
2080 1629 2126 1654 suit

1483 1674 1609 1702 concepta
1629 1673 1655 1696 et
1675 1677 1721 1702 per
1741 1671 1797 1696 eius
1818 1671 1928 1702 gratiam
1949 1672 2055 1698 divinae
2080 1680 2127 1698 na-

1483 1717 1557 1740 turae
1576 1715 1648 1741 unita
1669 1715 1700 1740 97
1726 1716 1759 1741 36
1779 1729 1814 1735 —-
1836 1720 1981 1748 conceptus
2009 1717 2034 1742 in
2061 1724 2126 1743 ver.-

1483 1762 1536 1790 tre,
1556 1766 1636 1792 quem
1656 1759 1714 1791 ipse
1733 1760 1792 1785 fecit
1812 1760 1862 1785 296
1883 1761 1916 1786 60
1931 1775 1966 1780 -
1979 1761 2125 1794 incompre-

1483 1803 1618 1829 hensibilis
1645 1803 1828 1830 continebatur
1847 1805 1872 1840 10
1893 1809 1984 1831 ventre
2004 1805 2064 1832 ibid.
2090 1820 2126 1825 —

1482 1851 1601 1880 portatus
1620 1848 1646 1874 in
1665 1853 1739 1874 utero
1758 1856 1854 1875 novem
1880 1850 2030 1882 mensibus,
2056 1851 2124 1876 deci-

1483 1899 1526 1918 mo
1547 1893 1668 1918 inchoato
1688 1892 1748 1919 ibid.
1775 1908 1809 1911 —
1829 1894 1876 1919 suit
1896 1894 1921 1919 in
1941 1898 2014 1919 utero
2037 1895 2124 1921 Matris

1482 1943 1577 1962 novem
1597 1936 1732 1963 mensibus
1751 1940 1776 1963 et
1789 1945 1833 1963 sex
1847 1937 1941 1963 diebus
1956 1938 1987 1963 Vl
2003 1939 2048 1964 151
2067 1946 2092 1963 v.
2107 1940 2123 1964 2

1481 1994 1516 2000 -
1542 1984 1632 2006 manet
1656 1981 1682 2006 in
1710 1981 1792 2008 domo
1821 1982 1887 2007 uteri
1915 1982 2051 2014 virginalis
2075 1990 2123 2014 pcr

1481 2025 1657 2056 praesentiam
1678 2026 1762 2051 carnis
1791 2026 1835 2051 Vll
1862 2026 1912 2051 476
1937 2026 1961 2051 :t
1985 2039 2020 2045 —
2040 2027 2123 2052 sactus

1481 2072 1520 2094 est
1539 2069 1608 2094 Deus
1627 2072 1653 2095 et
1678 2070 1757 2095 homo
1787 2070 1813 2095 in
1841 2075 1915 2096 utero
1945 2070 2061 2102 Virginis
2089 2071 2123 2096 vt

1481 2112 1532 2138 548
1552 2112 1568 2139 4
1587 2127 1621 2131 -
1640 2113 1664 2138 10
1679 2114 1853 2140 incarnatione
1867 2114 1994 2140 habitavit
2007 2115 2032 2140 in
2046 2118 2121 2141 utero

1481 2157 1596 2189 Virginis
1616 2148 1651 2183 us
1663 2158 1688 2183 in
1707 2159 1804 2190 templo
1824 2158 1875 2183 549
1897 2158 1925 2184 4’

1533 2215 1568 2221 -
1586 2209 1638 2227 11011
1657 2205 1696 2228 051
1714 2203 1818 2234 genitus
1836 2202 1982 2229 secundum
1998 2207 2118 2230 naturam

1478 2249 1644 2278 corruptam,
1663 2246 1710 2272 sed
1729 2253 1778 2278 per
1796 2246 1919 2272 virtutem
1933 2247 2050 2273 divinam
2065 2248 2122 2280 Spi—

1479 2290 1544 2315 ritus
1562 2291 1643 2316 sancti
1664 2295 1821 2322 conceptus,
1835 2291 1894 2316 ideo
1913 2291 2009 2317 dicitur
2028 2292 2119 2318 desur-

1478 2341 1538 2360 sum
1558 2335 1661 2360 venisse
1682 2335 1713 2360 Vl
1733 2335 1784 2360 289
1804 2336 1838 2360 62
1857 2349 1892 2354 -
1911 2336 2058 2361 secundum
2078 2343 2121 2368 ge-

1478 2379 1640 2404 nerationem
1661 2380 1831 2411 temporalem
1860 2387 1912 2405 non
1940 2379 2052 2406 habebat
2079 2387 2122 2412 pa-

1479 2426 1544 2448 trem
1565 2430 1673 2454 verum,
1693 2423 1738 2449 scd
1760 2424 1922 2456 putativum,
1937 2425 1998 2457 quia
2017 2425 2050 2450 de
2065 2425 2121 2450 Wr-

1479 2468 1539 2500 gine
1557 2471 1633 2493 natus
1654 2469 1695 2494 Vll
1716 2469 1749 2494 85
1770 2469 1803 2494 58
1824 2483 1857 2487 --
1871 2469 1975 2495 Falsum
1989 2472 2036 2499 est,
2048 2469 2119 2495 Chri-

1478 2516 1547 2538 stum
1567 2520 1598 2538 ex
1617 2513 1695 2538 Maria
1717 2520 1824 2545 prorsus
1843 2514 1969 2540 sumsisse
1982 2514 2119 2540 exordium

1478 2557 1511 2582 Vl
1531 2557 1583 2582 247
1603 2557 1619 2582 5
1638 2571 1674 2576 -
1693 2558 1754 2583 Eius
1772 2564 1870 2590 corpus
1889 2557 1923 2583 ab
1943 2558 2046 2584 instanti
2060 2565 2120 2584 con-

1478 2601 1605 2633 ceptionis
1624 2602 1672 2627 fuit
1699 2603 1844 2634 perrectum
1873 2602 2068 2634 organizatione
2094 2607 2120 2628 et

1479 2646 1574 2671 deinde
1592 2645 1778 2678 perficiebatur
1797 2647 1865 2672 mole
1884 2646 1935 2671 277
1957 2646 1989 2671 42
2008 2638 2044 2666 *-
2063 2647 2121 2672 nul-

1479 2691 1531 2716 lum
1552 2697 1648 2716 munus
1666 2691 1765 2722 gratiae
1795 2690 1886 2716 habuit
1914 2694 2020 2722 postea,
2046 2691 2119 2724 quod

1478 2741 1530 2761 non
1550 2734 1685 2760 habuisset
1711 2741 1726 2759 a
1754 2734 1927 2767 conceptione
1956 2735 2002 2760 261
2031 2735 2064 2760 69
2084 2749 2119 2753 -

1479 2782 1531 2805 tam
1551 2779 1577 2804 in
1596 2781 1725 2810 conceptu
1745 2786 1826 2811 quam
1856 2778 1882 2804 in
1911 2782 1970 2804 ortu
1995 2779 2043 2804 suit
2061 2786 2119 2805 san-

1477 2824 1610 2850 ctissimus
1629 2823 1672 2848 Vll
1692 2823 1725 2848 34
1747 2823 1796 2847 104

1530 2881 1565 2887 -
1583 2867 1707 2893 assumsit
1725 2873 1830 2892 carnem
1850 2867 1883 2892 de
1903 2873 2000 2898 genere
2014 2867 2119 2892 ludaeo-

1476 2919 1535 2938 rum
1555 2912 1588 2937 VI
1607 2911 1658 2936 252
1679 2911 1711 2936 26
1730 2924 1766 2930 -
1785 2911 1932 2936 secundum
1953 2917 2058 2936 carnem
2079 2915 2119 2936 051.

1476 2963 1507 2982 ex
1526 2955 1644 2981 Israelitis
1664 2955 1707 2981 Vll
1726 2955 1759 2980 63
1781 2955 1814 2980 83
1834 2969 1868 2973 »-
1886 2958 1925 2980 051
1937 2955 2021 2986 gloria
2034 2954 2118 2987 plebis

1477 3000 1566 3030 lsrael,
1585 2999 1620 3024 de
1638 3006 1692 3031 quo
1710 3002 1786 3024 natus
1799 3003 1838 3024 est
1851 2999 1997 3024 secundum
2011 3006 2118 3025 carnem

1478 3044 1510 3069 60
1529 3044 1564 3069 72
1583 3057 1618 3063 -
1636 3046 1676 3068 051
1694 3049 1724 3069 ex
1745 3043 1847 3069 Iudaeis
1867 3043 1900 3068 Vl
1920 3044 1972 3069 295
1993 3043 2025 3069 37

1529 3101 1564 3106 —
1582 3090 1622 3113 est
1640 3094 1685 3113 rex
1704 3094 1734 3112 ex
1753 3088 1853 3113 semine
1874 3087 1958 3113 David
1970 3087 2118 3113 secundum

1477 3138 1581 3157 carnem
1602 3134 1679 3157 natus
1708 3131 1751 3157 Vll
1776 3131 1826 3157 493
1857 3132 1889 3157 56
1909 3145 1945 3151 -
1963 3135 2002 3157 051
2026 3138 2117 3157 scmcn

1477 3175 1563 3201 David
1591 3175 1752 3207 promissum
1782 3175 1815 3201 45
1843 3176 1860 3200 7
1879 3189 1915 3194 —
1933 3175 1985 3201 ilde
2003 3175 2119 3201 creditur

1477 3226 1507 3245 ex
1526 3219 1627 3245 semine
1639 3220 1731 3245 ‘David
1750 3223 1827 3245 uatus
1847 3220 1893 3245 471
1918 3220 1946 3244 61
1971 3233 2006 3238 -
2025 3223 2064 3244 est
2085 3219 2119 3245 de

1477 3264 1558 3289 domo
1576 3263 1661 3289 David
1675 3267 1783 3296 propter
1797 3263 2002 3289 incarnationem
2017 3263 2051 3289 39
2067 3263 2117 3289 124

1477 3320 1513 3326 -
1530 3310 1586 3333 erat
1605 3307 1638 3333 de
1657 3307 1757 3333 semine
1781 3307 1867 3333 David
1892 3307 2039 3332 secuudum
2064 3313 2120 3332 car·

1478 3358 1538 3377 nem
1558 3351 1591 3376 Vl
1605 3351 1655 3377 252
1676 3352 1709 3377 26
1728 3365 1764 3371 -
1782 3354 1838 3377 erat
1855 3358 1887 3377 ex
1905 3351 2004 3376 semine
2024 3350 2119 3381 David,
