2476 3921
154 762 284 785 Subdivisio.

148 1664 178 1694 De
193 1663 293 1693 informa-

146 1693 205 1711 tione
215 1695 292 1717 prima.

304 246 367 278 3-10

302 332 527 374 duplicitatem
558 338 597 361 ea:
629 327 802 360 timiditate
830 325 1031 362 venientem;
1062 324 1093 356 in
1126 323 1264 356 secunda

303 395 392 423 vero,
408 383 640 425 cupiditatem,
657 380 738 412 infra
753 379 861 412 eodem
879 378 1017 420 capitulo
1031 379 1059 409 ¹:
1078 377 1136 410 Ait
1150 381 1262 409 autem

302 439 332 472 ei
354 437 491 482 quidam
514 435 552 467 de
576 433 676 467 turba
699 437 758 466 etc.

344 552 428 579 Primo
448 551 480 577 ad
499 549 638 577 cavendam
658 541 841 582 duplicitatem
860 545 1006 572 venientem
1024 553 1057 572 ex
1075 544 1223 572 timiditate

621 592 706 619 monet
724 589 937 626 quadrupliciter.

394 702 495 735 Prima
513 704 618 733 autem
636 707 709 741 pars
734 697 828 730 habet
843 700 981 739 quatuor
998 698 1119 737 parteS‚
1136 694 1168 726 in
1185 703 1262 736 qua-

305 766 376 790 rum
409 755 510 797 prima
542 752 706 795 informat
740 750 787 783 ad
820 749 1001 782 cavendam
1035 747 1263 784 dolositatem,-

305 810 336 842 in
360 807 496 842 secunda
518 804 685 848 confortat
707 803 754 836 ad
785 801 1004 844 repellendam
1028 800 1239 833 timiditatem
1254 825 1262 838 ,

306 864 389 896 ibi2:
418 862 495 894 Dico
518 864 628 892 autem
653 857 743 890 vobis
766 856 886 889 amici-s
909 858 986 892 etc.;
1012 854 1044 886 in
1069 853 1162 886 tertia
1187 862 1262 885 vero

306 917 425 949 invitat
454 915 500 947 ad
529 911 792 946 conservandam
821 908 1054 945 veracitatem,
1085 907 1149 939 ihi:
1184 906 1264 938 Dico

306 975 414 1003 autem
438 967 546 1000 vobis:
574 965 705 1002 Omnis,
729 964 926 1007 quicumque
949 960 1120 1003 confessus
1136 964 1214 998 etc.;
1232 959 1264 991 in

305 1026 419 1065 quarta
442 1030 516 1053 vero
536 1019 666 1052 animat
690 1017 735 1049 ad
751 1015 937 1048 habendam
959 1014 1187 1051 securitatem,
1205 1012 1263 1044 ibi:

308 1077 391 1109 Cum
414 1079 523 1106 autem
555 1072 708 1105 inducent
739 1079 793 1102 vos
825 1069 860 1100 in
887 1076 1089 1111 syna-qoqas.
1124 1066 1159 1098 Et
1191 1068 1266 1098 sunt

306 1131 381 1162 istae
407 1131 511 1170 partes
534 1126 591 1158 sibi
616 1122 914 1165 correspondentes,
938 1121 1012 1163 quia
1036 1120 1117 1153 duae
1144 1122 1265 1161 postre-

307 1192 374 1215 mae
398 1179 643 1222 correspondent
666 1177 790 1210 duabus
813 1175 933 1217 primis.

449 1293 600 1322 Insui-matio
619 1292 713 1328 duplex
732 1292 764 1318 ad
783 1290 922 1318 cavendam
941 1289 1114 1317 dolositatem.

398 1393 546 1427 lnformat
569 1395 674 1424 autem
699 1387 923 1431 discipulos'ad
947 1387 1129 1420 cavendam
1149 1385 1268 1419 dolosi-

309 1453 406 1481 tatem
431 1446 649 1480 informatione
672 1443 788 1476 celebri
811 1446 842 1475 et
858 1441 1076 1474 informatione
1100 1439 1267 1472 credibili:

309 1500 439 1539 celebri,
457 1500 600 1541 inquam,
616 1500 746 1540 propter
762 1494 1006 1528 multitudinem
1023 1492 1140 1525 turbae
1152 1485 1182 1530 ἣ
1199 1502 1268 1524 cre-

310 1554 422 1592 dibili,
447 1556 575 1595 propter
599 1549 827 1583 certitudinem
852 1557 984 1580 causae.

400 1608 430 1638 2.
457 1605 558 1646 (Vers.
591 1604 643 1644 1.).
670 1603 771 1634 Primo
795 1601 891 1643 igitur
913 1604 1068 1643 quantum
1092 1599 1130 1631 ad
1159 1598 1270 1631 multi-

312 1660 457 1693 tudinem
489 1657 606 1690 turbae
636 1655 800 1688 reddentis
829 1654 1086 1686 admonitionem
1118 1651 1271 1684 celeb-rem

311 1714 444 1747 dicitur:
469 1711 581 1744 Multis
611 1713 722 1742 autem
747 1707 854 1740 turbis
885 1705 1198 1744 circumstantibus,
1223 1705 1290 1753 ita·

312 1772 349 1800 ut
370 1777 404 1799 se
428 1765 565 1798 invicem
583 1762 833 1799 conculcarent;
857 1764 888 1794 et
912 1761 986 1799 boc,
1003 1760 1078 1802 quia
1101 1759 1273 1801 unusquis-

310 1830 373 1864 que
397 1819 519 1853 volebat
542 1818 569 1850 ei
594 1816 865 1858 appropinquare,
890 1814 955 1847 sive
980 1817 1109 1855 propter
1132 1812 1278 1845 salutem

312 1873 512 1910 habendam,
533 1871 615 1904 sicut
631 1877 729 1910 supra
752 1868 882 1901 sexto4:
906 1881 921 1896 «
937 1867 1045 1900 Omnis
1066 1866 1160 1899 turba
1176 1874 1274 1907 quae-

312 1927 400 1960 rebat
423 1935 496 1959 eum
530 1928 690 1966 tangere»
718 1925 795 1960 etc.;
825 1922 890 1954 sive
922 1925 1052 1963 propter
1083 1919 1273 1952 doctrinam

310 1978 576 2022 suscipiendam,
605 1977 687 2010 sicut
719 1976 799 2009 infra
829 1974 950 2008 decimo
981 1974 1109 2016 quinto:
1140 1986 1156 2001 «
1178 1973 1273 2005 Erant

308 2033 599 2076 vappropinquantes
633 2030 672 2062 ad
711 2030 812 2062 lesum
849 2028 1007 2070 publicani
1034 2041 1049 2056 n
1088 2030 1169 2066 etc.;
1206 2026 1272 2058 sive

311 2090 440 2129 propter
464 2085 563 2127 ipsius
585 2083 700 2116 Christi
721 2083 898 2115 videndam
922 2080 1169 2123 benignitatem,
1190 2079 1272 2112 sicut

311 2140 342 2173 in
367 2140 470 2181 figura
493 2138 609 2171 dicitur
633 2137 685 2169 lob
719 2136 867 2178 vigesimo
891 2144 994 2167 nono:
1025 2147 1040 2162 «
1056 2134 1199 2176 Cumque
1224 2141 1272 2165 se-

311 2194 417 2226 derem
442 2192 531 2234 quasi
563 2200 640 2230 rex,
665 2190 888 2223 circumstante
920 2188 1083 2226 exercitu,
1115 2196 1201 2220 eram
1225 2190 1271 2219 ta-

311 2256 382 2280 men
408 2245 615 2278 moerentium
647 2244 823 2276 consolator
839 2256 869 2274 ».
894 2242 926 2274 In
951 2244 1037 2274 tanta
1062 2240 1272 2273 multitudinis

312 2299 488 2342 praesentia
519 2295 651 2331 celebris
681 2300 750 2329 erat
772 2295 923 2328 doctrina.
953 2313 997 2318 —
1026 2294 1155 2335 Propter
1186 2293 1271 2335 quod

312 2353 434 2387 subdit.-
462 2352 570 2394 Coepit
593 2351 699 2384 dicere
715 2350 760 2382 ad
777 2348 957 2390 discipulos
980 2357 1071 2385 suos,
1089 2347 1119 2379 in
1141 2350 1270 2389 aperto,

311 2407 387 2449 quia
410 2406 525 2438 veritas
556 2414 618 2437 non
643 2403 778 2445 requirit
810 2402 963 2439 latebras,
988 2400 1162 2433 secundum
1195 2399 1271 2432 illud

312 2460 434 2493 loannis
457 2459 578 2492 decimo
609 2456 761 2490 octavo⁵z
791 2468 806 2483 «ι
826 2455 886 2496 Ego
910 2454 1012 2496 palam
1044 2454 1168 2486 locutus
1200 2462 1271 2485 sum

313 2513 448 2551 mundo,
472 2521 529 2553 ego
560 2519 684 2552 semper
707 2508 798 2541 docui
824 2508 854 2540 in
888 2507 1052 2549 synagogis
1075 2511 1106 2539 et
1130 2507 1161 2538 in
1194 2511 1273 2538 tem-

313 2567 364 2609 plo
382 2580 396 2595 n
424 2569 482 2598 etc.
509 2565 545 2597 Et
568 2564 661 2596 talem
684 2562 814 2595 decebat
836 2569 904 2594 esse
934 2560 1109 2593 doctrinam
1134 2559 1172 2592 ad
1200 2568 1273 2592 con-

894 236 1087 269 COMMENT.
1113 236 1150 268 ΙΝ
1176 234 1414 268 EVANGELIUM
1438 233 1555 266 LUCAE
1578 232 1610 265 C.
1634 231 1694 265 Xll.

1326 322 1486 355 tutandam
1511 321 1751 354 Pharisaeorum
1769 319 1919 352 malitiam
1930 344 1938 358 ,
1954 327 2036 361 quae
2052 327 2177 360 semper
2192 327 2287 360 quae-

1326 376 1369 408 rit
1385 375 1551 413 latebram,
1568 374 1643 417 quia
1671 386 1686 402 «
1703 373 1861 406 contraria
1877 371 2043 405 contrariis
2058 375 2213 405 curantur
2226 371 2239 390 ⁸
2255 384 2270 400 n
2280 396 2288 410 ‚

1327 433 1358 462 et
1382 429 1512 461 tenebra
1535 436 1592 470 per
1616 428 1723 460 lumen
1748 426 1929 468 expellitur.

1417 481 1446 513 3.
1473 481 1603 522 Propter
1626 479 1711 522 quod
1734 478 1875 511 additur:
1903 477 2064 511 Attendite
2083 487 2106 510 a
2129 476 2288 520 fermento
2301 484 2444 515 conuatypo*

1330 533 1614 571 Pharisaeorum,
1639 532 1728 575 quod
1749 535 1795 564 est
1818 530 2025 574 hypocrisis,
2050 530 2081 563 id
2096 534 2144 563 est
2167 533 2289 569 cavete,
2335 517 2414 534 ‘'¹⁵¹⁰''
2443 521 2444 526 ¹

1327 596 1366 620 ne
1390 587 1457 620 sitis
1481 586 1681 628 hypocritae,
1705 585 1787 617 sicut
1811 584 1986 623 Pharisaei,
2010 592 2149 626 quorum
2173 583 2236 616 vita
2258 588 2290 616 et

1327 640 1470 673 doctrina
1501 642 1631 681 propter
1663 638 1813 671 malitiam
1845 641 1876 670 et
1906 637 2059 670 fallaciam
2089 635 2290 679 fermentum

1327 693 1458 731 dicitur,
1482 692 1556 734 quia
1572 691 1750 733 corrumpit
1765 690 2079 733 imperceptibiliter,·
2095 690 2175 723 Osee
2199 689 2292 732 septi-

1328 755 1379 779 mo
1397 746 1427 777 ⁷:
1456 759 1471 774 «
1488 745 1613 787 Quievit
1636 745 1801 787 paululum
1826 744 1935 777 civitas
1957 753 1976 776 a
1999 743 2167 782 fermento,
2191 743 2290 776 donec

1327 799 1572 832 fermentaretur
1596 802 1695 831 totum
1713 811 1744 830 n.
1769 797 1950 840 Corrumpit
1973 797 2067 830 etiam
2090 796 2290 829 universali-

1329 856 1395 889 ter,
1428 852 1510 884 sicut
1543 851 1659 884 dicitur
1695 851 1815 893 primae
1845 850 1884 883 ad
1919 850 2098 882 Corinthios
2128 849 2239 892 quinto
2259 849 2290 881 ⁸:

1334 918 1349 933 «
1366 904 1520 937 Modicum
1544 904 1690 937 fermenti
1714 904 1892 945 corrumpit
1915 906 2011 936 totam
2035 912 2172 936 massam
2189 915 2229 942 »3
2260 905 2293 935 et

1329 958 1398 991 ideo
1421 958 1584 991 subditur:
1615 970 1630 986 ιι
1649 958 1830 999 Expurgate
1846 960 1937 990 vetus
1960 957 2169 995 fermentum,
2191 960 2227 989 ut
2250 956 2292 989 si-

1330 1012 1369 1044 tis
1393 1020 1473 1044 nova
1496 1010 1677 1052 conspersio
1692 1023 1723 1042 υ.
1750 1011 1810 1042 Hoc
1834 1013 1940 1043 autem
1965 1013 2011 1042 est
2036 1013 2127 1042 vetus
2149 1008 2292 1051 fermen-
2311 1014 2444 1042 Duplexser-

1330 1068 1419 1101 tum,
1445 1063 1529 1105 quod
1561 1063 1702 1096 consistit
1733 1063 1764 1095 in
1796 1061 2030 1104 fraudulentia
2060 1063 2232 1095 doctrinae
2262 1064 2294 1094 et
2327 1044 2427 1064 mmm

1329 1116 1462 1149 malitia
1491 1116 1586 1148 vitae.
1618 1116 1705 1149 Unde
1737 1116 1851 1149 ibidem
1884 1115 2053 1148 subditur:
2084 1129 2100 1144 «
2123 1116 2229 1158 Neque
2260 1114 2293 1147 in

1331 1171 1485 1203 fermento
1509 1169 1645 1202 malitiae
1668 1174 1699 1202 et
1723 1169 1895 1211 nequitiae,
1920 1169 1974 1202 sed
1997 1169 2028 1202 in
2053 1169 2171 1211 azymis
2194 1168 2294 1201 since-

1332 1223 1433 1257 ritatis
1457 1227 1489 1256 et
1509 1223 1651 1256 veritatis
1668 1236 1700 1255 ».
1724 1223 1767 1255 Ab
1792 1223 1850 1256 hoc
1866 1223 2021 1255 fermento
2044 1225 2170 1255 revocat
2185 1222 2216 1255 in
2234 1222 2295 1255 hoc

1332 1278 1417 1316 loco;
1434 1281 1465 1310 et
1481 1276 1519 1310 de
1541 1277 1599 1309 hoc
1616 1276 1646 1308 in
1664 1276 1767 1318 figura
1786 1276 1902 1309 dicitur
1918 1275 2153 1309 Deuteronomii
2174 1275 2295 1308 decimo

1332 1335 1423 1364 sexto
1444 1331 1479 1362 ⁹:
1509 1344 1524 1358 «
1546 1330 1611 1363 Non
1640 1329 1804 1372 apparebit
1831 1329 2054 1362 fermentatum
2085 1328 2117 1361 in
2148 1327 2295 1361 omnibus

1332 1385 1449 1418 finibus
1473 1384 1536 1417 tuis
1552 1397 1583 1422 υ,
1608 1383 1684 1425 quia
1708 1383 1784 1416 haec
1808 1383 1966 1415 simulatio
1989 1386 2020 1415 et
2044 1382 2220 1424 hypocrisis
2242 1381 2296 1414 de-

1333 1439 1385 1472 bet
1408 1438 1547 1480 elongari
1572 1447 1590 1470 a
1621 1436 1744 1470 cunctis
1767 1436 1917 1478 operibus
1940 1436 2070 1474 nostris,
2095 1439 2126 1468 et
2157 1435 2296 1468 maxime
2315 1440 2440 1462 Notandum-

1333 1502 1351 1524 a
1374 1491 1540 1524 devotione
1562 1489 1757 1533 spiritua-ik
1781 1489 1907 1522 Levitici
1924 1489 2061 1522 secundo
2077 1489 2120 1521 ¹⁰:
2150 1501 2166 1518 «
2186 1488 2296 1521 Omnis

1334 1545 1467 1583 oblatio,
1503 1552 1584 1586 quae
1619 1543 1770 1576 offeretur
1802 1542 1953 1581 Domino,
1988 1542 2108 1584 absque
2142 1541 2300 1575 fermento

1334 1599 1388 1631 fiet
1412 1610 1447 1637 »3
1480 1597 1519 1630 ab
1550 1596 1730 1639 afflictione
1760 1595 1949 1638 corporali;
1980 1594 2215 1628 Deuteronomii
2243 1594 2297 1627 de-

1335 1652 1416 1684 cimo
1440 1654 1547 1684 sexto:
1577 1663 1591 1678 «
1610 1651 1733 1692 Septem
1756 1649 1867 1682 diebus
1883 1648 2029 1682 comedes
2051 1648 2228 1681 afflictionis
2243 1657 2298 1690 pa-

1336 1714 1406 1737 nem
1424 1704 1543 1746 absque
1558 1703 1714 1736 fermento
1727 1714 1757 1742 »3
1774 1711 1792 1734 a
1807 1702 2054 1744 praedieatione
2070 1701 2177 1734 divini
2191 1701 2283 1733 verbi
2287 1712 2298 1738 ,-

1338 1758 1435 1790 Exodi
1460 1757 1610 1799 vigesimo
1639 1756 1749 1789 tertio:
1779 1769 1794 1784 «ι
1812 1756 1878 1788 Non
1902 1755 2078 1788 immolabis
2108 1763 2205 1797 super
2236 1754 2299 1787 fer-

1338 1815 1480 1844 mentum
1504 1810 1688 1852 sanguinem
1713 1809 1833 1842 hostiae
1850 1823 1880 1841 ».

1426 1865 1456 1897 lt.
1483 1864 1569 1896 Unde
1592 1863 1757 1905 Scriptura
1780 1862 1884 1901 docet,
1902 1862 1962 1895 hoc
1979 1862 2090 1894 vitium
2107 1871 2175 1895 esse
2198 1862 2299 1894 vitan·
2318 1865 2442 1914 Ηξνοοτῑεῑῗ.

1336 1919 1412 1952 dum
1435 1922 1584 1960 tanquam
1608 1917 1746 1951 maxime
1774 1916 2004 1957 corruptivum.
2029 1916 2113 1949 Licet
2135 1919 2242 1949 autem
2259 1915 2299 1948 sit
2313 1899 2337 1915 ’Β
2352 1898 2444 1941 “xum

1339 1972 1478 2005 maxime
1509 1970 1746 2012 corruptivum,
1771 1979 1832 2002 non
1862 1973 1965 2002 tamen
1997 1973 2044 2002 est
2072 1969 2204 2011 capitale
2227 1977 2299 2011 pec-

1337 2030 1460 2065 catum,
1493 2025 1568 2067 quia
1591 2025 1659 2057 eius
1689 2023 1851 2065 corruptio
1881 2022 2008 2055 aliunde
2039 2025 2198 2055 causatur.
2223 2022 2299 2055 Nam

1338 2079 1526 2123 hypocrisis
1549 2078 1702 2120 originem
1726 2077 1824 2109 trahit
1847 2085 1865 2109 a
1886 2085 1965 2108 vana
1987 2075 2104 2118 gloria,
2127 2078 2158 2108 et
2181 2075 2301 2108 haeca
2318 2080 2369 2101 Eius
2383 2078 2445 2105 origo.

1338 2133 1502 2175 superbia;
1528 2136 1559 2165 et
1584 2131 1652 2164 ideo
1675 2130 1789 2163 merito
1812 2132 2015 2171 comparatur
2039 2129 2215 2171 hypocrisis
2230 2127 2299 2172 fer-

1337 2190 1452 2219 mento.
1478 2186 1555 2218 Nam
1580 2185 1662 2218 sicut
1685 2184 1877 2217 fermentum
1906 2182 1993 2215 inflat
2022 2185 2054 2215 et
2076 2181 2215 2215 inflando
2244 2191 2299 2214 va-

1337 2249 1413 2272 num
1436 2239 1509 2272 facit
1532 2239 1623 2271 etsie
1647 2237 1837 2279 corrumpit,
1862 2236 1907 2269 sic
1927 2236 2076 2278 superbia
2099 2235 2236 2268 inflando
2252 2235 2299 2268 in-

1337 2293 1474 2326 troducit
1494 2292 1663 2325 vanitatem
1679 2290 1812 2333 gloriae,
1837 2293 1868 2322 et
1892 2290 1968 2322 haec
1985 2289 2106 2322 vanitas
2128 2288 2300 2321 introducit

1336 2346 1501 2379 salsitatem
1525 2347 1791 2386 corrumpentem.
1810 2343 1895 2376 Unde
1919 2343 1978 2375 hoc
1995 2342 2186 2375 fermentum
2211 2351 2300 2375 cave-
2313 2344 2456 2399 Effiffigffffw

1336 2403 1390 2432 tur
1410 2408 1466 2441 per
1486 2399 1650 2431 veritatem
1668 2397 1911 2430 humiliationis
1931 2395 2162 2434 voluntariae,
2176 2395 2301 2438 9loria·

1337 2453 1435 2485 tionis
1461 2453 1626 2491 internae,
1654 2451 1854 2494 sigynationis
1880 2450 2101 2488 extrinsecae,
2126 2449 2299 2482 secundum

1337 2506 1414 2538 illud
1430 2505 1585 2538 secundae
1601 2505 1639 2538 ad
1656 2505 1834 2537 Corinthios
1850 2504 1952 2546 primo
1967 2505 2009 2536 ¹¹:
2038 2517 2054 2532 «
2071 2503 2177 2536 Gloria
2193 2506 2301 2536 nostra

1338 2559 1415 2591 haec
1437 2562 1501 2597 est,
1527 2558 1740 2591 testimonium
1764 2557 1971 2590 conscientiae
1996 2561 2138 2596 nostrae,
2163 2556 2248 2599 quod
2268 2556 2300 2588 in

386 2779 394 2793 ¹
416 2779 491 2804 Vcrs.
508 2779 550 2804 -Ι3,
566 2792 601 2797 --
618 2778 677 2803 Post
697 2776 868 2810 cupiditatem
883 2777 903 2801 H
918 2776 991 2801 addit
1003 2783 1037 2801 eat
1051 2775 1147 2802 timore
1160 2775 1188 2809 [.'
1202 2782 1273 2801 anzo-

313 2823 377 2857 re?]
395 2823 466 2849 male
483 2821 640 2849 accendente
658 2821 851 2855 procedentem.

386 2866 396 2881 ²
416 2867 491 2892 Vers.
514 2866 543 2897 45
563 2866 634 2891 tertia
656 2873 718 2897 pars
737 2865 827 2896 incipit
846 2872 873 2890 V.
892 2865 922 2895 8,
941 2870 1034 2897 quarta
1054 2871 1079 2890 v.
1101 2865 1110 2889 ¹l
1123 2866 1143 2889 1.

386 2909 397 2924 ⁸
416 2911 499 2937 Codd.
518 2912 538 2936 Α
550 2910 568 2936 C
579 2910 600 2935 D
610 2910 627 2935 F
638 2911 674 2941 ll,
688 2909 792 2941 omissis
803 2916 873 2942 quae
885 2912 1044 2941 sequuntur:
1065 2908 1197 2939 credibili,
1212 2915 1274 2941 pro-

312 2957 374 2989 pter
393 2954 577 2981 certitudinem
595 2960 701 2980 causae.
714 2946 806 2979 Pilimo
826 2952 910 2986 icitur
929 2954 1062 2986 quantum
1080 2952 1116 2979 ad
1127 2952 1274 2979 ‘inultitudi-

316 3007 377 3026 nem
395 2998 504 3031 turbae,
529 3000 621 3030 legunt
644 2997 758 3030 Celebri,
784 2997 913 3031 inquam,
938 3000 1050 3031 propter
1075 2997 1275 3024 multitudinem

316 3043 411 3071 turbae
429 3043 562 3070 reddentis
581 3042 789 3069 admonitionem
809 3043 878 3075 (Vat.
898 3041 1139 3076 informationem).

387 3088 398 3103 ¹
420 3088 492 3113 Vers.
513 3088 558 3118 19,
578 3090 636 3119 post
655 3092 734 3120 quem
754 3087 817 3112 Luc.
841 3087 884 3117 15,
905 3087 929 3112 l.
948 3090 973 3112 et
993 3086 1037 3112 lob
1056 3087 1103 3116 29,
1124 3086 1166 3111 25.

386 3131 397 3146 ⁶
418 3133 491 3158 Vere.
510 3133 552 3167 20„
572 3145 607 3151 —
626 3132 752 3163 Superius
771 3138 819 3163 pro
842 3130 958 3165 requirit
977 3131 1033 3156 Vat.
1053 3130 1167 3164 quaerit.

386 3176 398 3191 ⁶
417 3173 567 3203 Secundum
593 3177 718 3207 (Ji-egon,
743 3175 837 3202 xxiv.
863 3175 951 3201 Moral.
974 3182 997 3200 c.
1023 3176 1047 3200 2.
1074 3182 1100 3200 n.
1125 3176 1155 3206 2;
1181 3176 1227 3200 cfr.
1248 3175 1273 3200 ll.

316 3222 410 3248 Homil.
429 3222 453 3247 in
474 3222 570 3252 Evang.
591 3221 680 3246 homil.
701 3221 743 3246 ³2.
763 3227 789 3246 n.
809 3219 837 3251 ὣς
857 3220 974 3250 Ariston,
994 3219 1021 3244 ll.
1034 3219 1116 3244 Ethlc.
1134 3226 1156 3245 c.
1177 3220 1206 3244 3:
1228 3219 1275 3244 Me-

316 3266 459 3292 dicationes
479 3272 524 3297 pei·
543 3264 670 3290 contraria
691 3264 748 3290 fleri
766 3267 967 3290 consueverunt.
979 3278 1014 3282 —
1029 3263 1163 3295 Ambros.¹
1183 3263 1236 3289 Vll.
1250 3263 1274 3288 in

316 3311 379 3336 Luc.
400 3316 422 3335 c.
444 3310 486 3336 ⁴2.
504 3316 530 3334 n.
561 3310 622 3335 109:
642 3309 848 3335 Pulcherrimum
873 3309 960 3334 locum
980 3308 1108 3333 tenendae
1126 3308 1275 3340 simplicita-

317 3355 349 3380 tis
366 3357 392 3379 et
403 3354 575 3379 aemulandae
594 3353 654 3379 ssdei
667 3353 785 3379 Salvator
803 3353 938 3378 intexuit...
958 3353 1031 3385 Quae
1045 3352 1115 3378 enim
1136 3353 1220 3378 maior
1236 3355 1275 3377 est

295 3398 487 3431 'simplicitatis
512 3397 644 3429 illecebra,
670 3404 749 3430 quam
776 3400 804 3423 ut
830 3397 1018 3430 unusquisque·
1035 3399 1191 3429 cognoscat,
1211 3396 1275 3423 late-

1339 2774 1416 2800 bram
1429 2773 1536 2807 fraudis
1550 2780 1607 2798 csse
1626 2780 1678 2798 non
1692 2773 1786 2804 posse?
1800 2786 1835 2791 -
1849 2772 1897 2797 Pro
1917 2771 2024 2805 quaerit
2040 2770 2171 2797 latebram
2191 2770 2209 2797 C
2222 2771 2242 2796 D
2252 2771 2269 2796 F
2279 2771 2301 2796 G

1338 2818 1443 2852 quaerit
1463 2817 1602 2844 latentiam
1621 2817 1655 2851 [ll
1672 2816 1803 2850 latentia].

1410 2861 1418 2876 ⁷
1441 2864 1515 2888 Vei-s.
1537 2863 1563 2892 b.
1585 2861 1633 2887 'ubi
1654 2861 1794 2887 ACDFG
1814 2861 2110 2895 omittuntpaululum,
2130 2865 2156 2886 et
2177 2861 2301 2892 Vulgata,

1338 2915 1419 2941 quam
1438 2908 1557 2940 sequitur
1577 2907 1649 2937 Vnt,
1668 2905 1801 2932 substituit
1819 2913 1836 2932 a
1862 2905 2045 2932 commistione
2063 2904 2191 2939 fermenti
2209 2911 2258 2936 pro
2283 2911 2301 2930 α

1338 2953 1479 2986 fermento.

1410 2994 1421 3010 θ
1441 2996 1514 3021 Vcrs.
1536 2996 1565 3026 6,
1585 2998 1737 3027 postquem
1752 3003 1778 3020 v.
1795 2995 1821 3020 7.
1841 2999 1866 3020 et
1879 2994 1992 3020 subinde
2005 3002 2030 3019 v.
2046 2995 2071 3019 8.
2084 2993 2169 3019 Codd.
2187 2994 2207 3019 A
2218 2993 2237 3019 C
2249 2993 2301 3019 DG

1339 3041 1373 3066 do
1386 3048 1412 3065 v.
1426 3040 1450 3065 7.
1465 3040 1575 3064 afferunt
1588 3040 1651 3065 baec
1661 3040 1745 3065 solnm
1760 3038 1840 3064 verba
1860 3039 2020 3072 Expuryate
2032 3039 2108 3064 vetus
2124 3037 2300 3071 fermentum,

1339 3090 1364 3110 ct
1383 3085 1456 3115 dein,
1477 3084 1597 3116 pluribus
1616 3084 1727 3116 omissis,
1747 3086 1943 3115 prosequuntur
1957 3081 2029 3116 quod
2047 3081 2168 3109 consistit
2180 3081 2208 3108 in
2226 3082 2302 3116 frau-

1339 3127 1459 3153 dulentia
1477 3131 1526 3152 etc.

1410 3169 1421 3185 ⁰
1442 3171 1514 3197 Vers.
1538 3172 1567 3202 4,
1594 3171 1638 3197 ubi
1665 3171 1776 3203 Vulgata
1801 3171 1964 3204 fermentum
1990 3176 2038 3202 pro
2057 3170 2250 3203 fermentatum
2276 3172 2302 3195 et

1340 3216 1461 3242 terminis
1482 3224 1530 3247 pro
1548 3216 1659 3250 finibus.

1411 3259 1432 3274 ¹⁰
1454 3261 1528 3286 Vers.
1548 3262 1557 3287 1
1566 3262 1589 3286 l.
1603 3274 1638 3280 —-
1652 3261 1708 3286 Duo
1727 3267 1801 3293 seqq.
1822 3259 1869 3285 loci
1890 3262 1950 3284 sunt
1967 3259 2042 3284 Deut.
2066 3259 2112 3290 16,
2132 3259 2156 3284 3.
2176 3261 2202 3284 ct
2220 3258 2300 3284 Exod.

1339 3306 1381 3331 23.
1405 3306 1449 3336 18,
1469 3306 1494 3330 in
1513 3306 1589 3331 ciuus
1609 3305 1660 3330 fine
1681 3305 1791 3336 vulgata
1811 3307 1836 3330 et
1856 3304 1913 3329 Vat.
1932 3310 2014 3337 super
2034 3303 2166 3337 fermento
2191 3301 2301 3336 sanqui—

1341 3357 1400 3376 nem
1422 3349 1542 3376 eictimae
1561 3356 1643 3376 meae.

1412 3394 1431 3408 ¹¹
1454 3395 1528 3420 Vers.
1550 3395 1590 3420 la.
