2427 3872
449 222 503 248 lUD

153 265 225 297 ipsos
253 264 426 297 detegebant,
455 266 520 291 dum
549 267 651 292 veritati
677 267 797 299 seipsos

151 309 323 341 opponebant.
342 307 409 336 ibid!

206 368 240 373 —
260 354 417 380 ludaeorum
447 354 598 387 reprobatio
624 356 757 388 plangitur
782 363 795 381 a

151 399 280 431 Propheta
301 399 344 425 Vll
364 399 417 425 507
437 401 466 425 21
484 413 520 419 --
534 400 689 426 ludaeorum
709 407 798 432 repro·

151 442 221 468 batio
241 443 371 475 liguratur
390 444 416 469 in
437 451 534 470 novem
555 445 664 476 leprosis
690 445 741 470 436
761 445 794 470 33

152 501 185 505 -
203 486 337 519 reprobati
366 489 473 514 suerunt
501 492 609 520 propter
636 496 729 515 eorum
756 496 796 515 su-

150 531 270 564 perbiam
292 531 343 557 457
365 532 398 558 24

203 590 239 595 —
259 583 307 608 pro
328 577 441 603 maxima
462 581 535 609 parte
555 579 659 604 suerunt
671 577 794 604 obdurati

151 621 192 646 Vll
214 621 264 646 482
285 622 319 646 28
340 635 374 640 ——
394 621 516 647 obdurati
538 624 642 648 suerunt
661 623 688 648 in
701 630 794 648 eorum

149 665 260 697 perfidia
279 665 331 691 524
352 667 379 691 11
405 680 439 684 —-—
464 673 557 692 eorum
582 667 723 692 obduratio
748 674 795 699 ap-

148 712 236 742 paret,
249 710 310 743 quia
324 712 393 736 tanta
413 710 575 743 benignitate
593 710 689 737 Christi
708 712 795 736 nolue-

148 757 210 780 runt
228 755 337 780 emolliri
359 754 410 780 357
430 755 465 780 74

203 813 236 817 -
256 802 365 832 propter
384 806 460 825 suam
489 800 667 826 carnalitatem
696 800 794 832 repulsi

147 846 208 869 sunt
221 851 235 869 a
255 851 338 876 regno
359 844 403 869 Dei
425 845 467 870 Vll
489 845 539 870 353
560 845 589 870 61
607 859 642 864 -
655 848 732 871 erunt
746 852 792 870 no-

147 888 248 914 vissimi
269 891 378 921 propter
396 888 549 921 superbiam
569 888 604 915 ib.
624 890 657 914 62

200 947 235 951 -
254 933 418 966 quaerebant
446 934 588 959 Dominum
617 941 669 960 non
699 934 733 960 ad
753 935 796 959 ha-

147 977 280 1009 bendum,
309 978 357 1004 sed
385 978 420 1004 ad
448 979 664 1011 persequendum
689 979 722 1004 Vl
742 979 794 1004 307

147 1022 181 1048 24
200 1036 236 1042 —-
254 1026 412 1055 quaerentes
426 1022 558 1049 Christum
579 1023 613 1049 ad
633 1030 794 1056 persequen-

146 1067 211 1093 dum
231 1074 284 1093 non
304 1070 426 1100 poterant
444 1075 506 1093 eum
526 1068 646 1094 invenire
665 1068 690 1093 in
711 1068 794 1100 gloria

146 1112 198 1137 360
218 1112 246 1137 31
265 1127 301 1131 -
315 1112 340 1138 in
359 1112 470 1138 Galilaea
490 1120 544 1138 non
564 1112 794 1146 persequebantur

146 1156 294 1188 Christum,
314 1157 376 1190 quia
397 1156 432 1183 ibi
452 1165 505 1183 non
519 1160 592 1183 erant
611 1159 737 1183 zelatores
750 1159 793 1183 Le-

147 1201 188 1233 gis
207 1202 258 1227 339
280 1203 295 1227 2
309 1215 344 1221 -
358 1202 426 1228 Dum
446 1202 556 1235 quidam
577 1201 701 1228 volebant
720 1202 794 1228 Chri-

146 1248 216 1272 stum
231 1253 326 1278 capere
337 1250 462 1280 tanquam
477 1247 591 1278 malum,
605 1247 714 1280 quidam
729 1254 793 1273 vero

146 1291 279 1317 dimittere
306 1295 433 1325 tanquam
462 1291 578 1323 bonum,
608 1294 729 1318 frustrata
755 1295 793 1318 est

147 1336 305 1362 machinatio
317 1337 517 1363 Pharisaeorum
529 1337 575 1363 351
589 1337 617 1362 61
633 1351 668 1356 -
679 1337 792 1370 Quidam

146 1381 259 1407 maiores
290 1381 454 1414 quaerebant
484 1381 616 1407 Christum
646 1383 793 1414 apprehen-

145 1426 221 1458 dere‚
241 1433 293 1451 non
312 1427 429 1452 valentes
448 1425 532 1452 verbo
551 1426 673 1452 resistere
692 1427 743 1452 347
759 1426 787 1452 41

201 1485 234 1489 ——
254 1471 475 1503 conspiraverunt
488 1474 579 1496 contra
592 1471 724 1497 Christum
739 1478 792 1496 non

147 1523 177 1542 ex
196 1516 358 1548 ignorantia,
378 1516 424 1541 sed
438 1523 469 1541 ex
483 1518 552 1541 certa
573 1516 669 1541 malitia
683 1516 726 1541 Vll
740 1516 791 1541 506

147 1561 180 1585 19
199 1575 234 1578 -
255 1560 411 1586 ludaeorum
432 1560 592 1593 conspiratio
609 1561 636 1585 in
652 1560 791 1586 Dominum

145 1608 327 1631 consummata
356 1608 395 1630 est
424 1611 472 1637 per
497 1605 699 1631 obstinationem
721 1605 792 1630 mali-

145 1650 197 1676 tiae
218 1650 250 1675 Vl
271 1649 322 1675 414
344 1649 375 1675 Ἰ17
389 1663 425 1669 -
438 1650 576 1682 requirunt
596 1649 729 1676 Christum
744 1651 792 1675 sol-

144 1695 213 1720 licite
241 1694 276 1720 ad
294 1694 545 1726 reprehendendum
567 1694 618 1720 376
640 1695 672 1720 18
692 1710 727 1713 -
747 1695 792 1720 im-

145 1742 266 1772 pugnant
286 1739 463 1765 excellentiam
487 1739 582 1765 Christi
602 1739 720 1765 docentis
740 1739 791 1765 369

145 1783 179 1810 76
190 1799 226 1802 —
236 1784 463 1816 conspiraverant,
476 1791 568 1810 omnes
579 1784 732 1810 confitentes
743 1784 791 1809 Do-

145 1829 247 1855 mInum
267 1831 394 1862 tanquam
414 1828 547 1855 Christum
561 1829 656 1854 eiicere
672 1836 703 1854 ex
716 1836 791 1861 syna-

145 1881 215 1906 goga
239 1873 286 1899 341
306 1873 339 1898 14
361 1888 394 1891 -
414 1874 640 1905 conspiraverant,
655 1874 792 1900 credentes

144 1918 171 1944 in
189 1917 321 1944 Christum
341 1925 356 1944 e
376 1925 514 1950 synagoga
533 1918 628 1943 eiicere
648 1921 673 1943 et
692 1925 791 1944 nomen

146 1962 241 1989 Christi
260 1963 348 1989 delere
368 1962 419 1988 378
440 1963 473 1988 28

198 2021 234 2026 -
253 2007 377 2033 volebant
401 2006 534 2033 Christum
561 2007 681 2033 occidere
701 2009 790 2033 contra

144 2053 223 2084 Legis
242 2052 396 2078 mandatum
417 2052 450 2078 Vl
471 2051 523 2077 345
544 2052 577 2077 27
597 2065 632 2070 —-
651 2059 681 2077 ex
705 2052 792 2078 cordis

144 2097 242 2123 malitia
272 2097 446 2129 praevaricati
475 2099 536 2122 sunt
555 2097 653 2128 Legem
674 2095 736 2122 ibid.
756 2112 791 2115 -—

146 2141 245 2167 crimen
275 2142 331 2167 lesu
360 2141 532 2167 interficiendi
563 2148 616 2166 non
648 2148 791 2173 agnoscen-

146 2189 200 2217 tes,
220 2186 269 2218 ipsi
299 2186 419 2217 arguenti
448 2185 630 2211 conviciantur
648 2185 683 2211 ib.
703 2186 736 2211 28
756 2199 791 2205 —-

145 2231 273 2256 invidiam
293 2230 391 2256 diaboli
411 2231 543 2256 imitantes
564 2231 704 2256 voluerunt
720 2230 791 2257 Chri-

145 2279 215 2301 stum
235 2276 381 2301 interlicere
401 2275 451 2301 367
473 2276 501 2300 61
520 2290 555 2293 -
569 2282 583 2300 a
603 2275 710 2301 diabolo
726 2276 791 2301 exci-

146 2320 191 2345 tati
211 2320 375 2353 quaerebant
393 2319 527 2346 Christum
547 2319 694 2345 interficere
708 2320 758 2345 339
775 2321 790 2345 2

200 2379 235 2384 -
249 2365 353 2397 peiores
366 2363 470 2390 diabolo
484 2368 565 2395 erant,
585 2365 699 2390 volendo
719 2371 792 2396 prae-

146 2410 255 2441 cipitare
275 2409 407 2435 Christum
428 2409 470 2434 Vll
492 2409 541 2433 103
562 2409 595 2434 59
615 2423 651 2427 -
670 2416 722 2434 non
746 2416 791 2434 va-

146 2455 251 2480 luerunt
271 2454 444 2486 praecipitare
463 2452 596 2478 Chr1stum
614 2452 676 2479 ibid.
690 2468 724 2471 ——
739 2461 791 2478 non

147 2502 291 2530 potuerunt
309 2498 441 2524 Christum
468 2498 596 2529 attingere
622 2505 669 2523 nec
688 2498 792 2523 laedere

149 2543 200 2568 104
220 2544 253 2568 62

202 2602 236 2607 -
257 2587 343 2613 ludaei
363 2586 497 2613 habebant
516 2586 686 2612 intentionem
705 2593 793 2612 carna-

148 2633 199 2657 lem
219 2633 252 2658 ad
272 2632 404 2658 Christum
433 2631 557 2657 veniendi
579 2631 612 2656 Vl
642 2631 692 2657 572
723 2631 737 2656 4
759 2646 791 2649 —-

148 2677 304 2702 ludaeorum
325 2676 464 2702 consilium
484 2679 574 2701 contra
594 2675 725 2701 Christum
741 2675 791 2700 407

149 2721 182 2746 67
196 2735 231 2740 -
245 2721 297 2746 iam
312 2728 359 2752 per
372 2720 596 2752 conspirationem
617 2721 709 2745 mortis
722 2720 793 2746 Chri-

149 2765 182 2791 sti
200 2766 352 2797 repulerant
370 2765 481 2797 gratiam
502 2764 547 2789 Dei
573 2764 624 2789 417
644 2764 678 2789 35
698 2779 732 2782 ——
752 2772 793 2790 co-

149 2810 300 2841 gitaverunt
318 2809 451 2835 Christum
471 2808 625 2839 interficere,
644 2809 715 2834 nullo
734 2816 793 2834 con-

150 2854 294 2880 tradicente
315 2853 365 2879 408
385 2854 414 2879 71

203 2913 238 2917 -
257 2899 329 2923 Multi
354 2898 511 2924 ludaeorum
540 2897 720 2922 veneruntad
748 2898 793 2922 Pa-

150 2944 213 2968 scha
233 2950 261 2968 se
280 2943 394 2968 exterius
406 2943 551 2972 mundare,
564 2942 611 2967 sed
625 2941 732 2966 interius
746 2949 793 2973 per

151 2987 292 3012 voluntatis
306 2987 478 3012 homicidium
494 2986 630 3019 inquInare
644 2986 675 3010 Vt
695 2985 744 3011 409
758 2986 793 3011 73

150 3046 185 3049 —
204 3031 367 3063 quaerebant
387 3032 525 3057 Dominum
540 3031 574 3056 ad
588 3031 753 3063 perdendum
767 3030 793 3055 in

151 3075 248 3106 templo
268 3075 302 3100 ib.
315 3075 350 3100 74
369 3089 404 3095 -
418 3078 587 3105 erraverunt,
601 3075 662 3107 quia
676 3082 727 3100 non
743 3076 795 3100 sue-

152 3123 213 3145 runt
232 3120 380 3151 Scripturas
399 3120 506 3146 scrutati
530 3120 581 3145 353
601 3119 635 3144 75
655 3133 689 3137 -—
709 3119 794 3150 magis

152 3165 293 3189 voluerunt
312 3165 397 3190 facere
421 3168 512 3190 contra
532 3164 615 3189 Deum
636 3170 717 3196 quam
736 3170 795 3188 cen-

153 3211 191 3233 tra
212 3209 345 3233 hominem
366 3209 417 3234 407
437 3209 471 3233 66
484 3222 519 3228 -
538 3208 625 3234 ludaei
644 3207 795 3233 nesciebant

153 3259 226 3277 sacra
251 3255 276 3278 et
301 3256 401 3278 secreta
427 3253 535 3279 consilia
561 3256 586 3278 et
611 3252 795 3284 dispositiones

153 3296 187 3321 de
212 3296 333 3328 passione
362 3300 386 3322 ct
414 3297 604 3323 resurrectione
624 3296 717 3323 Christi
745 3295 795 3321 124

155 3348 180 3365 v.
203 3342 235 3366 22

824 179 859 211 ΙΝ
883 178 1176 211 COMMENTARIOS
1200 180 1229 212 S.
1255 181 1481 214 SCRlPTURAE

888 281 923 286 —
943 267 1045 293 ludaeis
1064 266 1201 293 obduratis
1219 267 1338 294 Christus
1356 276 1384 294 se
1405 269 1479 295 tradi-

834 312 872 337 dit
892 311 926 336 Vl
946 311 992 336 48l
1018 312 1047 336 21
1072 325 1105 329 —-
1126 315 1314 343 percusserunt
1333 313 1480 344 Christum,

834 356 895 388 quia
916 356 973 387 ipse
992 356 1076 381 voluit
1095 356 1138 381 Vll
1153 356 1203 381 563
1217 356 1252 381 75
1266 372 1300 375 -
1316 358 1409 382 trustra
1425 365 1480 390 per-

833 400 914 426 secuti
936 403 998 426 sunt
1016 400 1150 426 Christum
1171 404 1231 426 ante
1250 404 1356 433 tempus
1376 403 1407 427 Vl
1427 402 1479 427 347

834 445 862 471 41
887 459 922 464 -
945 451 997 470 non
1025 448 1169 476 potuerunt
1197 446 1319 471 occidere
1347 446 1478 472 Christum

833 492 893 515 ante
913 493 1018 521 tempus
1038 490 1154 521 patiendi
1175 490 1222 515 391
1249 490 1290 515 42.
1311 491 1363 515 392
1383 491 1416 516 50

886 548 921 553 -
940 534 1028 560 ludaei
1043 534 1206 560 tradiderunt
1225 534 1357 560 Christum
1375 542 1403 561 ex
1424 543 1478 560 ma-

833 579 950 610 lignitate
969 581 995 604 et
1021 578 1119 604 invidia
1145 579 1178 603 Vl
1203 579 1255 604 615
1278 580 1286 603 1
1311 593 1346 598 -
1366 580 1478 605 tradide-

833 626 894 648 runt
922 622 1055 648 Christum
1085 630 1114 648 ex
1145 623 1242 649 invidia
1272 624 1319 648 601
1345 631 1370 648 v.
1391 624 1420 649 21
1444 638 1478 643 -

833 667 999 693 tradiderunt
1017 667 1150 693 Christum
1171 675 1200 693 ex
1219 668 1315 693 malitia
1331 668 1382 693 494
1396 668 1430 693 24
1443 683 1478 687 -

832 711 996 737 tradiderunt
1014 711 1147 738 Christum
1168 712 1218 737 488
1239 713 1282 745 62,
1302 713 1334 738 63

885 757 1038 782 —Duritia
1069 757 1249 789 perversitatis
1278 758 1304 782 in
1327 757 1428 783 ludaeis
1453 761 1478 783 et

832 801 937 833 negatio
966 802 1083 827 veritatis
1112 802 1160 827 suit
1189 809 1269 827 causa
1301 802 1478 828 damnationis

832 845 925 872 Christi
947 846 980 872 Vl
1001 846 1051 872 493
1073 847 1115 877 15,
1137 847 1169 872 16
1189 860 1225 866 -
1243 854 1336 872 eorum
1357 848 1478 879 proposi-

832 893 887 916 tum
907 890 1038 923 originem
1059 891 1135 917 traxit
1152 898 1183 916 ex
1203 891 1312 917 avaritia
1333 896 1359 917 et
1378 892 1475 917 invidia

832 935 874 961 Vll
895 935 947 961 507
969 936 1000 960 19
1021 949 1056 954 -
1075 935 1233 961 ludaeorum
1253 936 1412 968 conspiratio
1438 944 1477 962 ro-

831 979 882 1005 bur
902 980 1003 1012 accepit
1022 987 1052 1006 ex
1072 980 1215 1012 proditoris
1244 981 1423 1013 indignatione
1443 981 1475 1007 Vl

833 1024 883 1049 410
914 1026 923 1050 1
949 1038 985 1044 -
1013 1025 1099 1057 gavisi
1124 1028 1184 1050 sunt
1212 1025 1246 1051 de
1273 1025 1370 1051 malitia
1398 1026 1477 1051 ludae

831 1069 873 1094 Vll
895 1069 942 1094 541
967 1070 982 1094 6

883 1129 918 1132 -
939 1121 999 1140 cum
1020 1114 1115 1146 gladiis
1134 1118 1266 1147 quaerunt
1285 1115 1356 1141 illum
1376 1115 1421 1148 qui
1442 1116 1477 1141 ul·

831 1162 869 1184 tro
890 1166 918 1184 se
937 1159 1016 1185 tradit
1046 1160 1087 1185 Vll
1107 1159 1158 1185 560
1179 1160 1212 1184 66
1232 1173 1268 1179 -
1287 1160 1314 1185 in
1333 1163 1410 1186 nocte
1429 1167 1476 1192 per

830 1204 992 1235 proditorem
1022 1207 1154 1236 quaerunt
1185 1211 1265 1237 quem
1295 1205 1414 1237 quotidie
1441 1205 1476 1230 vi-

829 1248 929 1274 debant
955 1248 980 1274 in
1010 1249 1109 1281 templo
1138 1249 1277 1275 docentem
1307 1250 1354 1275 56l
1388 1250 1421 1275 66
1441 1265 1476 1268 -

829 1296 962 1326 quaerunt
990 1294 1078 1319 virum
1108 1294 1205 1319 iustum
1235 1294 1302 1320 sicut
1333 1295 1475 1326 latronem,

830 1339 957 1363 inermem
978 1345 1039 1364 cum
1059 1339 1154 1370 armis,
1174 1339 1262 1364 lumen
1283 1346 1377 1364 verum
1399 1339 1423 1364 in
1443 1343 1477 1365 te-

830 1382 919 1408 nebris
939 1382 1000 1409 ibid.

882 1442 917 1445 —
946 1434 977 1453 ex
1007 1428 1121 1453 versutia
1152 1435 1216 1459 prae
1245 1428 1340 1454 timore
1368 1428 1475 1460 populi,

829 1472 901 1504 quod
922 1478 970 1503 per
989 1479 1017 1497 se
1037 1479 1088 1497 non
1117 1475 1229 1504 possunt
1253 1474 1358 1498 efficere
1383 1473 1476 1498 volunt

829 1516 953 1542 manibus
981 1516 1110 1548 praesidis
1140 1517 1183 1542 Vll
1204 1516 1255 1542 510
1276 1517 1309 1542 26
1328 1532 1364 1535 -
1382 1517 1476 1542 volunt

828 1561 962 1586 immunes
979 1568 1109 1593 apparere
1137 1568 1150 1585 a
1181 1564 1266 1586 morte
1294 1561 1390 1587 Christi
1412 1560 1475 1587 ibid.

828 1619 863 1625 --
883 1606 1021 1631 dolositate
1046 1606 1150 1637 culpam
1177 1605 1268 1631 mortis
1291 1605 1384 1631 Christi
1405 1606 1474 1631 vole-

829 1650 891 1676 bant
910 1651 1050 1676 resundere
1070 1651 1096 1675 in
1117 1651 1242 1681 Pilatum,
1262 1650 1307 1676 sed
1329 1657 1380 1676 non
1400 1657 1475 1676 excu-

828 1699 918 1721 santur
938 1695 970 1721 Vl
993 1695 1042 1721 487
1062 1695 1095 1720 55
1108 1698 1258 1720 —tantum
1272 1694 1395 1720 sitiebant
1407 1702 1474 1720 mor-

830 1743 880 1765 tem
895 1740 1003 1771 Christi,
1023 1740 1095 1773 quod
1112 1740 1157 1765 diu
1177 1747 1229 1765 non
1250 1743 1372 1771 poterant
1385 1747 1473 1772 exspe-

829 1789 899 1810 ctare
920 1785 970 1810 486
992 1785 1025 1810 52
1046 1799 1080 1803 -
1099 1792 1150 1810 non
1169 1785 1325 1810 introierunt
1349 1784 1375 1809 in
1401 1791 1472 1816 prae-

829 1830 924 1855 torium
934 1849 940 1860 ,
954 1836 987 1855 ne
1000 1829 1241 1855 contaminarentur
1256 1829 1384 1860 sanguine
1403 1828 1473 1855 Chri-

829 1874 860 1900 sti
880 1873 942 1900 ibid.

882 1933 917 1938 -
932 1918 1095 1944 tradiderunt
1105 1918 1236 1945 ChriStum
1251 1918 1332 1943 Pilato
1346 1920 1471 1951 tanquam

829 1964 1023 1988 malefactorem
1056 1963 1085 1988 Vl
1115 1963 1165 1988 480
1195 1963 1228 1988 20
1250 1962 1474 1995 —imponebant

829 2007 945 2040 Christo,
965 2008 1039 2040 quod
1058 2008 1135 2033 vellet
1153 2015 1181 2033 se
1200 2014 1292 2039 regem
1313 2009 1399 2033 facere
1412 2014 1473 2033 con-

829 2056 867 2078 tra
887 2052 1027 2078 Caesarem
1051 2051 1100 2077 488
1130 2052 1162 2077 64
1192 2066 1225 2070 —-
1251 2052 1354 2078 Christo
1373 2052 1472 2077 crimen

830 2098 922 2123 salsum
951 2097 1091 2129 imponunt
1111 2097 1161 2122 486
1182 2097 1225 2122 53.
1248 2096 1299 2122 487
1320 2096 1353 2122 54
1374 2111 1408 2115 -
1426 2096 1473 2122 im-

829 2145 932 2174 ponunt
961 2142 1055 2172 Pilato,
1074 2142 1096 2167 si
1116 2141 1248 2167 Christum
1269 2141 1396 2173 dimittat,
1418 2141 1473 2166 infi-

829 2187 960 2213 delitatem
987 2190 1077 2212 contra
1096 2186 1235 2212 Caesarem
1257 2185 1308 2211 492
1330 2186 1361 2210 13
1382 2200 1416 2204 --
1436 2186 1473 2210 Pi-

828 2232 878 2257 lato
898 2231 994 2257 volenti
1009 2231 1120 2256 liberare
1140 2230 1272 2256 Christum
1292 2231 1415 2256 resistunt
1434 2237 1473 2255 ae-

827 2276 946 2302 cusando
965 2279 990 2302 et
1009 2276 1195 2302 comminando
1216 2275 1261 2301 491
1286 2276 1302 2301 7
1322 2290 1357 2294 -
1376 2275 1472 2301 malitia

828 2322 961 2346 nolentem
982 2321 1091 2346 Pilatum
1111 2321 1240 2346 inducunt
1253 2320 1286 2345 ad
1301 2320 1472 2345 iudicandum

829 2369 853 2391 et
867 2363 1000 2391 volentem
1020 2364 1152 2391 Christum
1172 2364 1285 2390 liberare
1300 2365 1426 2390 inducunt
1439 2364 1471 2389 ad

829 2410 1062 2435 condemnandum
1085 2410 1134 2435 486
1155 2410 1183 2435 51
1203 2424 1237 2428 —
1256 2410 1380 2434 resistunt
1393 2405 1472 2434 Pilato

829 2455 919 2480 nitenti
940 2454 1072 2480 Christum
1093 2453 1204 2479 liberare
1225 2453 1276 2479 489
1304 2454 1338 2479 70

882 2513 917 2517 —
949 2506 1001 2524 non
1034 2497 1167 2523 habebant
1194 2501 1349 2529 potestatem
1380 2498 1472 2522 interti-

829 2543 914 2569 ciendi
935 2545 1042 2575 propter
1061 2542 1132 2568 diem
1159 2544 1269 2573 festum,
1297 2542 1338 2567 vcl
1365 2545 1472 2574 propter

829 2588 970 2620 imperium
995 2588 1173 2612 Romanorum
1195 2587 1226 2611 Vl
1248 2586 1298 2611 488
1319 2587 1352 2611 60
1373 2601 1404 2604 -
1426 2587 1473 2612 Le-

830 2640 891 2664 gem
911 2633 1023 2663 allegant
1043 2638 1090 2663 pro
1110 2638 1151 2663 se,
1171 2638 1232 2656 cum
1247 2631 1279 2657 sit
1292 2634 1383 2656 contra
1401 2632 1472 2663 ipsos

831 2678 876 2703 491
902 2679 916 2702 8
937 2691 972 2696 -
991 2680 1071 2701 totam
1092 2676 1196 2707 culpam
1216 2676 1307 2701 mortis
1321 2675 1413 2702 Christi
1433 2683 1473 2701 su-

831 2729 879 2754 per
898 2729 926 2747 se
946 2720 1109 2752 recipiebant
1129 2721 1180 2745 499
1202 2720 1234 2745 42

884 2780 919 2785 —-
941 2768 1122 2791 convenerunt
1151 2772 1244 2790 omnes
1272 2765 1298 2790 in
1328 2772 1409 2790 unum
1440 2765 1471 2790 ad

831 2818 910 2836 unam
941 2810 1065 2836 malitiam
1095 2810 1334 2834 consummandam
1358 2810 1400 2834 Vll
1422 2809 1472 2834 564

829 2856 863 2880 78
884 2870 918 2873 —
943 2854 1075 2879 duxerunt
1102 2853 1233 2879 Christum
1263 2854 1288 2878 in
1318 2853 1472 2883 concilium,

830 2907 882 2925 non
903 2900 936 2925 ad
956 2898 1136 2928 iudicandum,
1155 2898 1201 2923 sed
1222 2898 1256 2923 ad
1275 2897 1472 2923 observandum

831 2943 893 2969 ibid.
914 2958 947 2961 —
968 2944 994 2968 ln
1014 2943 1124 2967 concilio
1153 2942 1285 2967 denudata
1315 2945 1353 2967 est
1380 2948 1471 2967 eorum

832 2988 927 3013 malitia
941 2988 1054 3017 occulta,
1070 2994 1150 3019 quam
1165 2990 1254 3011 contra
1268 2986 1401 3011 Christum
1415 2993 1474 3011 con-

831 3035 955 3063 ceperant
973 3031 1035 3057 ibid.
1061 3046 1094 3049 —
1119 3038 1169 3055 non
1189 3033 1319 3062 quaerunt
1338 3037 1352 3054 a
1372 3029 1473 3054 Christo

832 3076 979 3107 veritatem,
1000 3079 1027 3101 ut
1047 3076 1219 3106 instruantur,
1239 3074 1285 3099 scd
1306 3077 1333 3099 ut
1353 3074 1471 3099 insidien-

832 3123 874 3145 tur
893 3119 926 3145 ib.
946 3120 980 3144 79
1000 3134 1035 3138 -
1054 3118 1217 3152 quaerebant
1246 3122 1274 3143 ut
1294 3118 1419 3143 increduli
1440 3117 1472 3144 ib.

833 3164 865 3188 80
885 3179 920 3182 —
939 3164 1102 3197 quaerebant
1122 3168 1149 3189 ut
1169 3164 1259 3189 discoli
1279 3162 1312 3188 ib.
1333 3164 1361 3187 81

885 3222 921 3227 -
935 3215 982 3233 nec
995 3209 1103 3234 credere
1115 3209 1263 3237 volucrunt,
1274 3207 1405 3233 Christum
1416 3213 1473 3232 esse

833 3253 967 3283 Messium,
987 3259 1034 3278 nec
1054 3252 1214 3284 respondere
1233 3252 1256 3276 ei
1276 3258 1323 3276 nec
1343 3251 1473 3276 dimittere

834 3296 876 3321 Vll
897 3296 948 3321 564
969 3297 997 3320 81
1029 3310 1063 3315 —-
1089 3296 1275 3327 malignitatem
1296 3302 1371 3320 suam
1391 3299 1474 3320 osten-

834 3340 898 3365 dunt
919 3341 944 3365 ln
970 3341 1120 3372 replicando
1140 3340 1173 3366 ib.
1195 3341 1226 3365 83
1246 3353 1281 3358 —-
1302 3346 1393 3364 xerum
1415 3346 1474 3364 cen-

2098 188 2161 219 775

1817 229 1869 254 lUD

1518 270 1659 296 cludebant
1679 274 1704 296 et
1724 275 1810 297 tamen
1838 274 1931 299 salsum
1957 274 2066 300 evidens
2088 282 2163 307 repu-

1519 314 1608 340 tabant
1629 315 1680 340 5655
1702 316 1734 341 83

1571 373 1606 378 --
1625 366 1718 385 corum
1745 362 1902 392 perversitas
1922 367 2030 394 apparet
2050 363 2076 388 in
2097 365 2161 393 hoc,

1517 404 1590 435 quod
1609 404 1773 436 quaerebant
1793 406 1859 430 mala
1884 406 2026 432 intentione
2047 408 2088 433 Vll
2110 408 2161 433 565

1518 447 1551 472 84
1571 462 1605 466 -—
1632 449 1791 475 Perversitas
1820 451 1959 476 voluntatis
1987 458 2078 476 eorum
2105 459 2162 483 per-

1517 492 1636 517 vertebat
1656 493 1781 518 iudicium
1812 493 1874 520 ibid.
1892 509 1927 513 —
1946 496 2017 527 quod
2043 496 2161 521 Christus

1516 536 1617 562 dixerat
1635 537 1716 563 dubie
1735 538 1890 569 arguebant,
1911 539 1997 570 ipsum
2018 541 2160 566 asseruisse

1516 579 1578 606 ibid.
1608 595 1641 599 -—
1669 582 1827 613 reputabant
1863 584 1995 609 Christum
2034 588 2158 617 tanquam

1516 624 1701 656 blasphemum
1723 631 1806 652 morte
1826 627 1937 658 dignuin
1959 627 2020 653 ibid.

1570 683 1604 688 —
1623 670 1780 696 ludaeorum
1809 672 1950 697 multitudo
1979 673 2101 698 convenit
2126 673 2159 698 ad

1516 713 1692 745 multipliciter
1706 714 1837 741 Christum
1851 716 2029 741 accusandum
2052 717 2092 742 Vll
2108 718 2158 743 566

1517 759 1531 783 3
1551 772 1586 777 —
1605 759 1766 785 accusabant
1790 759 1921 786 Christum
1949 764 2073 793 tanquam
2103 762 2160 787 eius

1514 803 1657 828 adversarii
1678 803 1740 830 ibid.
1752 818 1788 823 —
1801 808 1925 830 accusant
1943 804 2075 831 Christum
2092 807 2159 832 sicut

1515 851 1668 879 peccantem
1698 849 1722 874 in
1752 850 1895 881 populum,
1916 850 1941 875 in
1962 850 2107 882 principem
2135 855 2159 876 et

1515 892 1541 917 in
1561 893 1644 918 Deum
1670 892 1731 919 ibid.
1757 908 1791 912 —
1816 893 1938 920 subversi
1967 898 1992 920 et
2020 894 2159 921 subverso-

1514 943 1556 962 res
1575 940 1671 963 vocant
1689 937 1822 964 Christum
1842 938 2029 965 subversorem
2048 939 2109 966 ibid.
2123 955 2157 958 —

1514 985 1647 1014 quaerunt
1666 988 1679 1007 a
1700 982 1813 1014 Christo,
1825 983 1845 1008 si
1860 987 1929 1009 esset
1942 985 2056 1016 Messias,
2076 985 2110 1010 ad
2123 985 2158 1010 in-

1514 1026 1663 1052 sidiandum
1684 1030 1709 1052 et
1729 1028 1906 1054 accusandum
1926 1028 1988 1054 ibid.
2011 1044 2045 1047 —
2065 1036 2158 1061 aggra-

1514 1074 1576 1096 vant
1594 1072 1788 1097 accusationem
1809 1075 1898 1098 contra
1918 1072 2051 1098 Christum
2070 1073 2120 1098 567
2142 1075 2157 1099 6

1513 1130 1548 1133 -
1568 1116 1663 1142 iniuste
1687 1120 1811 1142 accusant
1836 1116 1967 1142 Christum
1987 1117 2022 1143 de
2040 1125 2159 1143 commo-

1514 1160 1585 1186 tione
1604 1160 1667 1187 ibid.
1687 1175 1722 1180 —
1741 1168 1833 1187 eorum
1859 1162 2003 1187 constantia
2033 1169 2085 1188 non
2111 1163 2158 1188 ruit

1514 1205 1607 1237 virtus,
1626 1205 1671 1231 sed
1702 1206 1846 1237 pertinacia
1876 1207 1927 1232 568
1958 1207 1991 1231 12
2010 1221 2046 1225 -
2064 1214 2157 1232 eorum

1513 1250 1657 1275 constantia
1677 1257 1729 1275 non
1746 1249 1870 1276 veniebat
1884 1258 1914 1276 ex
1928 1257 2018 1276 amore
2033 1251 2156 1282 iustitiae,

1514 1295 1560 1320 sed
1580 1302 1610 1320 ex
1630 1295 1712 1320 livore
1732 1295 1848 1320 invidiae
1867 1294 1929 1321 ibid.

1567 1353 1603 1358 —
1622 1338 1754 1364 habebant
1773 1339 1990 1365 consuetudinem
2008 1340 2157 1366 dimittendi

1514 1383 1540 1408 in
1561 1385 1657 1416 pascha
1667 1404 1673 1415 ,
1692 1384 1718 1408 in
1732 1391 1786 1416 quo
1799 1387 1872 1409 erant
1885 1391 1899 1408 a
1913 1384 2038 1409 servitute
2056 1383 2156 1410 lIberati

1515 1428 1546 1453 Vl
1568 1428 1618 1453 490
1637 1428 1672 1453 72
1686 1441 1720 1447 -
1734 1435 1765 1453 ex
1784 1428 1975 1454 consuetudine
1992 1428 2157 1454 dimittebant

1513 1473 1540 1498 in
1551 1473 1594 1498 die
1604 1474 1668 1498 testo
1680 1474 1793 1505 paschae
1805 1480 1885 1498 unum
1896 1480 1927 1498 ex
1938 1473 1989 1498 reis
2002 1473 2045 1498 Vll
2059 1473 2110 1498 570
2122 1474 2151 1499 21

1513 1532 1547 1535 -
1565 1518 1713 1549 noluerunt⁷
1732 1517 1863 1543 Christum
1878 1517 1981 1542 liberari
2002 1521 2110 1550 propter
2123 1518 2157 1543 in-

1513 1562 1660 1588 nocentiam
1681 1569 1730 1587 nec.
1749 1569 1796 1594 per
1815 1562 1979 1588 clementiam
1998 1563 2029 1588 Vl
2051 1563 2102 1588 490
2121 1563 2156 1589 73

1565 1621 1599 1624 --
1619 1606 1685 1631 mira
1705 1606 1802 1632 malitia
1822 1607 1949 1632 latronem
1967 1607 2070 1633 Christo
2084 1614 2157 1639 prae-

1511 1651 1626 1676 tulerunt
1654 1650 1686 1676 Vl
1717 1650 1768 1676 490
1788 1651 1822 1676 73
1841 1666 1877 1669 -
1897 1652 2016 1683 piissimo
2045 1652 2156 1678 Domino

1511 1696 1690 1726 praetulerunt
1716 1696 1902 1727 impiissimum
1924 1697 2084 1722 homicidam
2112 1697 2155 1723 Vll

1510 1740 1562 1764 570
1583 1741 1616 1765 22
1638 1754 1670 1758 -
1691 1740 1819 1765 Salvatori
1845 1742 2025 1772 praetulerunt
2050 1741 2156 1767 seditio-

1510 1791 1568 1810 sum
1578 1804 1584 1815 ,
1605 1784 1765 1810 benefactori
1786 1785 1869 1810 furem
1884 1788 1909 1810 et
1921 1785 2022 1810 auctori
2036 1785 2105 1811 vitae
2119 1786 2156 1810 vi-

1511 1832 1563 1854 tam
1584 1829 1731 1855 homicidae
1758 1828 1791 1855 ib.
1812 1830 1844 1854 23
1865 1844 1899 1847 -
1919 1830 2041 1861 lmpietas
2061 1837 2152 1855 eorum

1511 1873 1557 1899 suit
1576 1881 1680 1899 summa
1701 1874 1837 1899 reddendo
1857 1874 2013 1899 destructori
2034 1874 2113 1899 vitam
2129 1878 2153 1899 et

1509 1918 1652 1944 auferendo
1672 1919 1752 1943 vitam
1774 1919 1836 1944 sonti
1856 1919 1935 1944 totius
1955 1919 2022 1943 vitae
2042 1917 2104 1944 ibid.
2119 1932 2153 1936 —

1510 1969 1602 1988 eorum
1623 1970 1748 1994 perversa
1775 1963 1896 1988 voluntas
1915 1963 2090 1994 multipliciter
2109 1969 2151 1994 ap-

1510 2010 1584 2039 paret
1604 2007 1651 2033 571
1677 2007 1710 2033 25

1562 2066 1598 2070 -
1619 2052 1799 2077 clamaverunt
1823 2052 1858 2077 ad
1879 2051 2011 2078 Christum
2029 2052 2150 2078 occiden-

1510 2096 1574 2122 dum
1595 2096 1638 2121 Vll
1658 2096 1710 2121 507
1730 2097 1763 2121 20
1782 2110 1818 2115 --
1837 2103 1889 2121 non
1909 2097 1993 2122 solum
2022 2099 2151 2129 quaerunt

1510 2141 1631 2166 occidere
1659 2140 1808 2171 Christum,
1832 2147 1925 2166 verum
1954 2141 2032 2166 etiam
2051 2141 2150 2166 crucili-

1510 2191 1573 2216 gere
1593 2184 1639 2209 571
1670 2184 1704 2209 25
1723 2198 1758 2203 -
1781 2183 1904 2209 volebant
1928 2183 2058 2209 subiicere
2081 2183 2152 2210 Chri-

1509 2234 1578 2255 stum
1599 2236 1700 2261 poenae
1720 2229 1909 2255 maledictionis
1929 2232 2052 2262 tanquam
2074 2229 2150 2254 male-

1510 2275 1624 2305 dictum,
1653 2281 1684 2299 ex
1712 2274 1865 2299 crudelitate
1890 2277 1915 2298 et
1934 2273 2069 2298 iracundia
2088 2273 2151 2299 ibid.

1510 2333 1544 2336 —
1564 2318 1777 2350 praetenderant,
1797 2318 1870 2350 qnod
1890 2317 2009 2343 Christus
2023 2322 2050 2342 ut
2063 2324 2149 2349 repro-

1510 2363 1560 2388 bus
1580 2362 1728 2395 patiebatur
1748 2362 1799 2388 575
1820 2363 1852 2387 38

1562 2422 1597 2426 —
1617 2407 1709 2432 faciem
1738 2406 1833 2432 Christi
1862 2407 2016 2432 velaverunt
2036 2407 2077 2432 vll
2098 2407 2148 2432 569

1515 2452 1543 2477 tt
1563 2467 1597 2470 —
1617 2452 1753 2482 velabant,
1778 2451 1959 2483 conspuebant
1978 2455 2002 2476 et
2022 2452 2151 2483 percutie-

1510 2496 1572 2522 bant
1601 2496 1692 2522 faciem
1721 2495 1815 2521 Christi
1845 2496 1895 2521 563
1926 2497 1960 2521 75
1986 2496 2150 2521 —illudunt

1508 2540 1654 2571 Christum,
1667 2541 1728 2573 quia
1743 2541 1855 2572 dixerat,
1868 2548 1895 2565 se
1909 2547 1966 2565 esse
1985 2547 2078 2565 verum
2093 2541 2151 2565 Pro·

1509 2586 1616 2617 phetam
1636 2584 1669 2611 ib.
1683 2586 1717 2610 76
1733 2599 1768 2604 -·
1782 2585 1908 2618 inquinati
1923 2589 1947 2610 et
1961 2584 2151 2610 abominabiles

1510 2630 1630 2656 divinum
1651 2633 1729 2662 caput
1749 2629 1843 2655 Christi
1862 2633 2050 2661 percusserunt
2070 2628 2105 2655 ib:
2116 2629 2149 2653 77

1564 2689 1598 2692 —
1617 2675 1677 2700 victi
1698 2674 1838 2700 vivacitate
1858 2674 1965 2699 rationis
1978 2678 2077 2705 rectae,
2091 2680 2152 2699 con-

1510 2722 1615 2744 vertunt
1634 2725 1662 2743 se
1681 2719 1715 2743 ad
1735 2725 1826 2750 preces
1839 2719 1881 2743 vll
1899 2718 1945 2743 571
1970 2719 2003 2743 27
2024 2732 2057 2736 —-
2077 2718 2150 2750 quod

1510 2771 1561 2788 non
1582 2766 1723 2795 potuerunt
1743 2763 1908 2788 criminando
1927 2766 1953 2787 et
1971 2762 2151 2787 ratiocinando

1510 2807 1627 2833 obtinere
1661 2808 1752 2832 volunt
1779 2807 1906 2838 perticere
1935 2807 2091 2838 postulando
2126 2811 2151 2831 et

1511 2852 1678 2876 vociferando
1698 2850 1758 2876 ibid.
1779 2866 1813 2869 -—
1833 2857 1937 2882 semper
1958 2851 2104 2876 institerunt
2117 2851 2151 2876 ad

1510 2899 1622 2921 mortem
1643 2895 1736 2920 Christi
1756 2894 1818 2920 ibid.

1562 2953 1598 2958 —
1618 2946 1668 2964 non
1689 2940 1790 2964 suerunt
1817 2939 1928 2964 inclinati
1951 2939 1984 2964 ad
2005 2939 2152 2964 misericor-

1510 2984 1580 3009 diam
1608 2984 1700 3015 poenis
1718 2987 1743 3008 et
1762 2983 1913 3015 opprobriis
1932 2983 2026 3009 Christi
2046 2983 2079 3008 Vl
2103 2983 2150 3008 199

1512 3028 1538 3053 41
1564 3042 1596 3046 -
1618 3028 1783 3059 pertinaciter
1812 3028 1941 3058 petierunt
1971 3027 2064 3052 Christi
2084 3034 2151 3052 rnor-

1511 3076 1562 3097 tem
1578 3072 1623 3097 491
1649 3073 1674 3097 6.
1698 3072 1747 3097 493
1771 3072 1802 3096 16
1818 3086 1851 3089 -
1865 3072 2036 3103 perversitate
2051 3075 2150 3103 petunt.

1510 3116 1640 3142 Christum
1661 3116 1780 3141 damnari
1800 3119 1884 3141 morte
1901 3115 2080 3141 crudelissima
2100 3115 2150 3140 493

1515 3161 1553 3185 15.
1575 3160 1625 3185 495
1645 3161 1677 3185 26
1698 3174 1733 3179 -
1752 3159 1884 3185 Christum
1909 3160 2151 3185 condemnaverunt

1511 3205 1680 3236 persuasione
1713 3204 1760 3229 124
1790 3211 1815 3228 v.
1844 3204 1876 3229 20
1907 3218 1939 3221 -
1969 3204 2151 3229 crucifixerunt

1511 3249 1642 3275 Christum
1662 3256 1708 3279 per
1737 3248 1873 3277 invidiam,
1894 3256 1945 3273 non
1966 3256 2013 3279 per
2032 3249 2151 3279 ignoran-

1512 3294 1573 3318 tiam
1595 3293 1635 3318 Vll
1651 3293 1701 3317 506
1721 3293 1749 3317 19
1763 3306 1798 3311 -
1810 3293 1885 3324 quasi
1904 3293 2029 3318 latronem
2043 3293 2149 3324 affigunt

1513 3337 1583 3362 cruci
1603 3337 1720 3362 oninium
1741 3337 1943 3368 Redemptorcm
1964 3337 2015 3362 575
2036 3338 2067 3362 38
