2476 3921
142 379 220 401 Severa
234 383 267 399 re-

122 406 219 433 probatio
233 411 267 426 su-

122 432 244 462 perborum.

128 855 222 882 Regnum
232 859 278 875 eae-

127 883 194 903 iorum
206 883 238 902 est
248 886 279 901 sa-

127 914 163 929 cra
172 908 276 929 doctriua.

158 1544 223 1573 item.-
233 1545 264 1564 est

172 1573 245 1597 gratia.

132 1703 191 1727 item,
207 1702 280 1729 gloria.

151 2339 280 2361 Notandum.

285 230 350 261 460

374 316 426 349 32.
451 315 550 357 (Vers.
583 313 657 354 17.).
690 312 805 354 Quinto
835 313 989 353 quantum
1021 309 1059 341 ad
1094 316 1243 340 severam

285 369 505 413 superborum
528 366 790 409 reprobationem
814 363 1024 397 subinfertur:
1050 363 1155 394 Amen
1171 359 1244 392 dieo

287 424 393 457 vobis:
420 423 624 465 Quicumque
646 429 713 452 non
744 417 904 460 acceperit
927 425 1069 459 reymtm
1093 414 1153 447 Dei
1181 414 1243 446 utl

283 487 381 520 puer,
404 485 470 508 ηοη
493 473 633 507 intrabit
656 473 692 505 in
715 472 819 510 itlad;
843 470 932 513 quasi
956 469 1055 502 dicat:
1080 468 1134 510 qui
1153 476 1244 500 recu-

287 533 334 562 sat
358 527 518 561 humiliari
543 529 671 568 propter
696 523 876 566 superbiam
900 521 1003 555 cordis
1027 521 1093 559 sui,
1118 529 1179 552 non
1197 518 1243 551 in-

289 571 448 615 troibitin
477 579 552 612 illud
577 587 709 620 regnum
735 586 790 619 per
807 574 991 609 sententiam
1016 572 1157 606 veritatis
1176 571 1242 604 Dei.

289 634 374 667 Unde
402 632 546 666 Matthaei
570 631 691 664 decimo
714 629 866 662 octavo22
896 640 912 656 α
928 626 990 659 Nisi
1014 625 1157 658 conversi
1176 624 1244 656 fue-

289 688 358 721 ritis
379 691 410 720 et
437 685 614 719 efficiamini
645 684 727 717 sicut
750 682 892 724 parvuli,
921 690 981 713 non
1013 678 1182 712 introibitis
1213 677 1244 709 in

290 749 421 783 regnum
446 739 603 772 caelorum
618 752 648 769 ».
673 737 747 769 Nam
772 738 912 777 oportet,
937 742 1009 766 eum
1034 732 1089 774 qui
1106 731 1175 764 vult
1198 730 1245 762 in—

292 800 376 826 trare
400 794 430 825 in
456 800 607 833 regnum,
631 798 699 823 esse
723 790 804 821 sicut
828 796 979 830 puerum,
1002 786 1033 818 id
1056 788 1104 818 est
1127 792 1244 826 purum

290 852 320 880 et
345 855 487 888 parvum.
513 846 661 887 Regnum
686 846 791 875 autem
813 841 980 874 coeloram
1004 838 1120 871 dicitur
1143 845 1246 869 sacra

291 900 459 937 doctrina,
484 898 522 930 ad
552 906 647 939 quam
672 896 724 938 qui
751 896 818 928 vult
844 894 964 932 venire,
996 895 1134 934 oportet,
1162 889 1247 932 quod

291 953 491 993 semetipsum
509 951 600 983 faciat
624 951 705 982 sicut
722 957 866 990 puerum.
885 947 970 980 Unde
993 945 1140 978 Glossass:
1163 957 1177 972 «
1191 944 1246 975 Re-

289 1016 395 1049 9nam
418 1005 604 1042 caelorum,
629 1003 660 1035 id
687 1007 735 1035 est
757 1001 930 1034 doctrinam
964 998 1119 1041 Evangelii
1134 1024 1142 1036 ,
1166 997 1248 1030 sicut

292 1068 371 1102 puer
395 1059 543 1091 iubemur
559 1057 711 1098 accipere.
729 1055 809 1087 Puer
826 1055 856 1086 in
878 1052 1023 1095 discendo
1047 1061 1108 1084 non
1125 1054 1248 1083 contra-

292 1113 366 1145 dicit
389 1111 588 1148 doctoribus,
612 1119 673 1142 non
700 1108 836 1141 rationes
863 1111 894 1140 et
917 1106 1013 1139 verba
1039 1104 1079 1137 ad
1102 1104 1248 1137 resisten-

292 1166 366 1198 dum
391 1163 568 1206 componit,
593 1162 647 1195 sed
672 1162 804 1194 fideliter
829 1160 976 1202 suscipit,
1001 1159 1198 1199 obtemperat
1218 1159 1249 1189 et

293 1218 473 1260 quiescit».
499 1216 568 1249 ldeo
591 1215 707 1248 dicitur
742 1213 885 1246 Matthaei
911 1212 1120 1245 undecimo4:
1158 1224 1173 1239 «
1190 1210 1249 1243 Ab-

295 1271 441 1304 scondisti
466 1271 542 1303 haec
565 1279 583 1302 a
607 1268 800 1310 sapientibus
823 1270 854 1299 et
874 1265 1083 1308 prudentibus
1106 1267 1137 1297 et
1161 1272 1249 1296 reve-

294 1324 363 1357 lasti
388 1333 424 1357 ea
447 1323 588 1367 parvulis
605 1335 639 1361 »;
663 1325 695 1354 et
718 1320 853 1353 Danielis
878 1319 996 1361 primo:
1026 1331 1041 1346 α
1056 1317 1163 1350 Pueris
1193 1325 1250 1349 au-

295 1382 357 1410 tem
382 1378 431 1410 his
453 1376 538 1409 dedit
556 1376 641 1408 Deus
664 1374 825 1408 scientiam
842 1371 873 1406 et
896 1372 1091 1414 disciplinam
1109 1371 1139 1403 in
1165 1369 1249 1402 omni

297 1431 406 1463 libro»
436 1434 493 1463 etc.

384 1483 436 1515 33.
470 1484 619 1524 Reynam
649 1481 741 1514 etiam
767 1480 936 1513 caelorum
967 1478 1083 1511 dicitur
1113 1477 1249 1520 gyratio,

295 1537 332 1569 de
357 1546 420 1579 qua
443 1545 540 1577 supra
562 1535 682 1568 decimo
698 1534 829 1576 septimo
846 1533 876 1565 ⁵:
899 1546 914 1561 «
933 1534 1071 1574 Regnum
1098 1531 1151 1563 Dei
1168 1531 1252 1563 intra

296 1600 349 1623 vos
372 1594 465 1623 est».
490 1589 525 1621 Et
549 1589 608 1621 hoc
632 1597 693 1620 non
721 1587 815 1620 datur
832 1587 889 1619 nisi
915 1586 1022 1628 pueris
1048 1594 1103 1627 per
1127 1583 1252 1616 mundi-

296 1644 369 1676 tiam
393 1647 424 1676 et
441 1642 667 1678 humilitatem;
693 1640 790 1673 lacobi
809 1643 936 1682 quarto:
967 1652 982 1667 «
999 1639 1083 1671 Deus
1106 1637 1252 1679 superbis

296 1697 430 1735 resistit,
455 1695 629 1728 humilibus
645 1697 750 1726 autem
772 1693 824 1725 dat
847 1692 978 1734 gratiam
995 1705 1026 1723 ».
1045 1709 1086 1715 —
1104 1692 1253 1733 Regynum

296 1749 462 1782 caelorum
489 1747 694 1780 nihilominus
720 1746 836 1778 dicitur
858 1745 969 1788 9loria
1000 1748 1155 1781 aeteram
1178 1744 1253 1775 Mat-

297 1803 379 1836 thaei
404 1802 524 1835 decimo
548 1800 684 1833 tertiossx
715 1812 728 1827 a
746 1798 921 1840 Fulgehunt
945 1797 1017 1830 iusti
1042 1797 1124 1830 sicut
1152 1796 1197 1829 sol
1221 1796 1270 1828 in'

298 1864 393 1897 regno
417 1854 516 1886 Patris
539 1861 650 1886 eorum
664 1866 694 1883 ».
721 1852 755 1883 Et
781 1851 838 1883 hoc
862 1860 923 1882 non
946 1849 1039 1882 datur
1056 1849 1114 1881 nisi
1128 1858 1255 1891 parba-

298 1909 358 1947 lis,
390 1907 563 1940 secundum
591 1905 667 1937 illud
699 1904 841 1936 Matthaei
873 1903 1000 1945 quinto:
1030 1902 1145 1934 «Beati
1177 1910 1255 1943 pau-

299 1970 389 2002 peres
413 1960 545 2002 spiritu‚
577 1958 724 2001 quoniam
756 1957 896 1999 ipsorum
921 1959 968 1988 est
998 1964 1130 1997 regnum
1149 1955 1255 1987 *caelo-

299 2023 371 2046 rum
389 2025 425 2051 »;
450 2015 488 2045 etv
511 2012 604 2044 etiam
634 2010 770 2053 pueris,
801 2010 855 2051 qui
885 2012 959 2041 sunt
990 2008 1077 2050 puri,
1110 2007 1255 2040 Matthaei

299 2067 423 2109 quinto:
454 2079 469 2093 «
490 2065 571 2097 Beati
604 2063 722 2096 mundo
746 2063 854 2101 corde,
886 2062 1034 2104 quoniam
1066 2060 1123 2102 ipsi
1156 2060 1255 2092 Deum

300 2119 498 2157 videbunt».
524 2117 608 2150 L'nde
632 2116 781 2149 Glossa⁷:
811 2129 826 2144 α
844 2115 930 2148 Sicut
955 2123 1033 2156 puer
1065 2123 1126 2146 non
1151 2122 1257 2155 perse-

300 2176 388 2205 verat
412 2172 441 2203 in
467 2171 532 2209 ira,
565 2171 667 2203 laesus
699 2178 759 2202 non
785 2168 944 2206 meminit,
969 2177 1030 2200 non
1063 2166 1256 2208 concupiscit

301 2225 484 2263 mulierem,
510 2233 569 2256 non
595 2223 709 2264 cogitat
732 2222 780 2254 vel
799 2221 939 2263 loquitur
962 2220 1099 2259 malum3
1125 2220 1168 2252 sic
1186 2228 1255 2258 vos,

300 2278 358 2311 nisi
385 2278 476 2310 talem
501 2276 706 2310 innocentiam
731 2279 762 2308 et
787 2274 953 2316 puritatem
979 2273 1170 2312 habueritis,
1195 2282 1257 2305 non

302 2331 458 2363 intrabitis
482 2331 512 2362 in
545 2337 677 2371 regnum
702 2328 860 2360 caelorum
877 2341 908 2359 n.
933 2327 992 2368 Qui
1025 2336 1100 2369 ergo
1132 2328 1257 2359 recusat

304 2385 488 2426 parvitatem
517 2381 702 2415 humilitatis
725 2385 756 2413 et
786 2380 955 2422 puritatem
986 2380 1175 2418 sanctitatis,
1207 2379 1258 2411 ille

303 2437 433 2478 despicit
456 2436 536 2468 vitae
560 2437 705 2467 aeternae
728 2433 892 2472 meritum;
917 2436 947 2465 et
971 2432 1039 2466 ideo
1062 2441 1188 2465 necesse
1212 2435 1260 2465 est

305 2488 466 2531 reprobari
492 2497 547 2529 per
578 2486 718 2519 divinum
751 2485 917 2524 iudicium,
948 2489 983 2518 ut
1014 2494 1075 2517 non
1100 2485 1196 2517 intret
1228 2484 1259 2517 in

305 2550 437 2583 regnum
463 2541 639 2578 caelorum,
668 2538 721 2571 sed
744 2539 827 2571 foras
859 2538 993 2580 pellatur
1017 2538 1149 2579 procul;
1182 2538 1260 2579 Apo-

305 2594 437 2635 calypsis
460 2592 613 2626 ultim0⁸:
644 2605 658 2621 «
675 2591 761 2624 Foris
784 2600 876 2623 canes
899 2594 930 2623 et
953 2591 1081 2623 venefici
1107 2594 1138 2623 et
1158 2591 1260 2631 impu-

306 2647 365 2679 dici
390 2650 421 2678 et
445 2645 534 2678 idolis
558 2644 729 2677 servientes
751 2657 779 2675 ι».
806 2643 935 2684 Propter
959 2642 1042 2684 quod
1066 2642 1097 2674 in
1123 2642 1259 2675 Psalmo:

380 2856 386 2870 ¹
411 2857 466 2882 Vat.
487 2863 547 2881 cuni
568 2855 677 2886 Vulgata
697 2853 781 2884 sicut,·
801 2854 847 2878 cfr.
866 2853 893 2877 B.
914 2851 1009 2878 Albcrt.
1029 2855 1054 2877 ct
1076 2853 1218 2877 Gorranus.
1238 2852 1264 2877 ln

309 2904 356 2927 bac
376 2901 553 2933 propositione
572 2899 590 2925 C
602 2899 623 2924 D
641 2898 764 2924 omittunt
783 2896 864 2928 vobis,
880 2900 905 2922 ct
924 2896 1084 2922 substituunt
1104 2903 1164 2922 cum
1184 2897 1204 2921 G
1225 2903 1263 2921 re·

308 2945 404 2979 ceperit
423 2952 471 2977 pro
490 2943 638 2977 acceperic;
657 2943 678 2968 G
703 2943 728 2967 in
748 2943 799 2967 flue
819 2942 880 2973 legit
902 2948 971 2974 puer
990 2940 1052 2972 iste,
1075 2943 1130 2967 ‘non
1154 2931 1266 2966 intrabit

309 2989 386 3016 illud.
1225 3006 1235 3018 s

380 3033 389 3047 ²
410 3034 484 3058 Vcrs.
504 3033 528 3058 3.
540 3045 576 3051 —
589 3032 625 3057 De
644 3030 801 3062 etymologia
822 3029 935 3055 nominis
951 3035 1021 3062 puer
1041 3030 1086 3054 cfr.
1105 3035 1185 3060 supra
1205 3034 1267 3059 pag.

310 3079 375 3110 283,
394 3076 457 3103 nota
474 3077 499 3102 7.

381 3121 391 3135 ³
412 3121 512 3147 Scilicet
530 3119 671 3146 ordinaria
698 3119 738 3153 (ex
764 3118 844 3150 Beda)
871 3117 896 3142 in
922 3118 984 3143 Luc.
1005 3117 1051 3149 18,
1079 3116 1268 3150 47:13eynum

314 3166 373 3197 Dei,
393 3165 419 3191 id
439 3168 478 3191 est
497 3168 545 3191 etc.
565 3163 616 3190 Cir.
634 3171 714 3196 supra
733 3170 794 3195 pag.
815 3162 881 3194 346,
901 3164 961 3187 nota
982 3161 1006 3187 4.

383 3209 394 3224 ⁴
415 3209 488 3235 Vers.
509 3209 556 3240 25,
576 3211 635 3241 post
653 3214 733 3241 quem
754 3208 818 3233 Dan.
838 3207 862 3239 1,
882 3206 924 3232 17.

383 3252 394 3267 ⁶
415 3253 488 3279 Vei-s.
508 3253 550 3278 21.
570 3252 622 3279 Cir.
640 3259 720 3284 supra
741 3258 764 3277 c.
790 3251 814 3277 9,
835 3258 859 3276 n.
879 3251 909 3282 3;
929 3257 951 3276 c.
971 3250 1013 3275 11.
1033 3257 1058 3275 n.
1079 3249 1120 3275 46.
1140 3254 1201 3275 otc.
1222 3250 1267 3275 12.

313 3305 338 3323 n.
358 3297 400 3323 tt.
419 3305 490 3330 seq„
510 3296 553 3328 ubi
573 3296 651 3322 etiam
671 3296 704 3322 de
724 3296 797 3322 tertia
811 3295 962 3327 acceptione
980 3294 1059 3328 reqni
1076 3293 1269 3321 caelorum-—

313 3342 435 3375 Sequitur
453 3341 505 3367 iac.
524 3341 552 3374 k,
573 3342 597 3367 6.

376 3385 394 3401 ’ὓ
415 3386 490 3412 Vers.
509 3385 551 3411 253.
572 3399 603 3405 -
623 3386 680 3413 Duo
699 3392 773 3418 seqq.
793 3384 841 3411 loci
860 3387 921 3410 sunt
939 3384 1026 3410 Matth.
1046 3383 1077 3414 5,
1097 3383 1122 3410 3.
1141 3386 1166 3409 et
1186 3383 1210 3409 8.

1279 382 1282 385 »
1308 367 1369 390 non
1395 356 1568 390 salvabitur
1596 355 1626 387 in
1656 353 1859 387 multitudine
1890 353 2018 386 virtutis
2041 361 2117 386 suae
2133 364 2169 391 »;
2200 352 2269 385 ideo

853 221 1046 254 COMMENT.
1071 220 1108 252 IN
1132 217 1370 251 EVANGELIUM
1395 215 1511 248 LUCAE
1536 214 1568 246 C.
1593 213 1693 246 XVlll.

1313 318 1329 333 α
1345 305 1410 337 Non
1435 303 1575 336 salvatur
1600 310 1659 335 rex
1683 310 1740 343 per
1765 301 1896 334 multam
1925 300 2096 338 virtutem,
2121 302 2151 332 et
2182 299 2268 341 gigas

1309 411 1411 444 Iudith
1428 418 1510 442 nono
1523 409 1550 440 ⁹:
1573 421 1589 437 cr
1601 407 1735 450 Superbi
1752 416 1815 439 non
1836 406 1891 439 tibi
1910 406 2099 448 placuerunt
2115 405 2155 438 ab
2170 404 2268 444 initio,
2418 402 2420 436 l

1308 463 1362 496 sed
1387 462 1554 495 humilium
1584 461 1639 494 tibi
1665 469 1791 502 semper
1822 463 1854 493 et
1880 462 2120 492 mansuetorum
2153 458 2269 501 placuit

1307 515 1485 556 deprecatio
1505 528 1536 547 ».
1562 514 1621 556 Qui
1645 513 1742 556 igitur
1774 522 1836 546 non
1863 512 1929 545 vult
1952 512 2093 545 damnari
2127 520 2269 544 necessa-

1308 569 1392 602 rium
1429 568 1524 601 habet
1557 567 1736 605 humiliari;
1772 566 1841 599 ideo
1876 564 2081 598 Ecclesiastici
2114 564 2269 607 septimo:

1314 622 1478 655 «Humilia
1509 621 1598 654 valde
1629 620 1776 662 spiritum
1808 623 1919 658 tuum;
1951 619 2099 661 quoniam
2133 618 2270 651 vindicta

1309 675 1413 708 carnis
1436 675 1540 717 impii,
1565 674 1645 716 ignis
1668 677 1699 707 et
1723 673 1840 706 vermis
1860 685 1891 704 ».

1376 790 1490 817 Secundo
1509 789 1650 817 curiositas
1669 789 1697 815 in
1716 788 1866 824 possidendo
1886 787 2040 815 confutatur
2059 786 2208 822 dupliciter.

1401 889 1452 922 34.
1481 890 1519 921 El
1542 887 1760 931 inter-royavil
1776 897 1851 919 eum
1872 887 2011 930 quidam
2027 889 2086 918 etc.
2113 885 2182 918 Post
2198 894 2272 918 con-

1311 943 1494 976 futationem
1520 941 1711 975 curiositatis
1735 941 1765 973 in
1796 940 2025 982 perscrutando
2053 939 2198 982 sequitur
2222 939 2273 972 hic

1312 996 1448 1029 secunda
1465 1004 1537 1037 pars
1557 995 1653 1028 huius
1670 995 1768 1036 partis
1783 995 1819 1033 ¹⁰,
1836 994 1867 1026 in
1885 1003 1948 1036 qua
1965 993 1999 1026 fit
2016 992 2200 1035 confutatio
2215 1001 2273 1025 ea-

1312 1049 1476 1082 rio-sitacis
1501 1049 1535 1081 z'n
1556 1047 1773 1090 possz'dendo,·
1797 1050 1828 1080 et
1844 1047 1904 1080 hoc
1928 1046 2056 1088 quidem
2074 1045 2148 1079 facit
2171 1045 2275 1088 dupli·
2294 1041 2390 1071 Divisio?
2431 1052 2432 1058 ¹

1313 1103 1401 1140 citer,
1426 1102 1528 1144 primo
1544 1102 1661 1134 scilicet
1685 1099 1945 1133 commendando
1961 1103 2210 1141 pau-pertatem,
2227 1107 2275 1132 se-

1313 1154 1416 1188 cundo
1428 1153 1646 1197 approbando
1658 1153 1901 1191 liberalitatem,
1915 1152 1996 1185 inl'ra
2008 1151 2129 1185 decimo
2142 1160 2224 1184 nono
2234 1152 2274 1183 ¹²:

1314 1209 1354 1240 Et
1376 1208 1548 1250 inmersas
1568 1206 1824 1249 perambulabat
1850 1204 1986 1238 Iericho.

1422 1322 1522 1357 Primo,
1542 1321 1736 1349 commendando
1754 1320 1935 1355 paupertatem
1954 1319 2169 1355 quadrupliciter.

1405 1422 1643 1463 Paupertatem
1674 1422 1778 1452 autem
1815 1418 1953 1451 ostendit
1985 1416 2277 1450 commendabilem

1315 1479 1343 1508 et
1366 1473 1614 1517 approbabilem
1637 1482 1678 1506 ex
1703 1476 1858 1515 quatuor:
1883 1472 2001 1513 primo,
2027 1471 2148 1504 ratione
2167 1469 2277 1514 perse·
2296 1473 2424 1496 subdivisio-

1317 1529 1433 1562 ettonis
1457 1529 1493 1561 in
1529 1528 1644 1560 merito
1679 1536 1761 1564 sao;
1785 1525 1940 1564 secundo,
1973 1525 2093 1558 ratione
2121 1522 2276 1567 imperfe-
2440 1521 2441 1526 ’

1316 1582 1434 1614 etionis
1458 1581 1493 1613 in
1517 1580 1708 1618 contrario,
1733 1579 1774 1612 ibi
1790 1579 1835 1611 ¹²:
1853 1578 1914 1611 His
1931 1577 2077 1616 auditis,
2101 1577 2278 1610 contrista-

1319 1640 1373 1667 tus
1395 1639 1461 1673 est;
1485 1634 1594 1673 tertio,
1613 1633 1733 1666 ratione
1750 1630 2048 1665 consummationis
2064 1630 2100 1662 in
2113 1630 2278 1672 praemio,

1317 1689 1378 1721 ibi:
1404 1688 1462 1720 Ait
1486 1692 1598 1720 autem
1622 1687 1763 1719 Petras.-
1798 1686 1879 1718 Eece
1902 1688 1977 1722 etc.;
2002 1686 2135 1726 quarto,
2160 1683 2280 1715 ratione

1317 1741 1522 1784 diqrzationis
1549 1739 1674 1773 Christi
1695 1740 1730 1772 in
1754 1738 1917 1781 exemplo,
1942 1737 1999 1770 ibi:
2025 1736 2195 1769 Assamsit
2217 1745 2280 1769 au-

1318 1799 1378 1827 tem
1406 1795 1497 1826 lesus
1520 1793 1694 1826 daocleeim
1718 1791 1909 1834 cli-scipulos.

1409 1847 1440 1879 ln
1465 1845 1650 1888 explicando
1681 1848 1787 1878 autem
1818 1844 1975 1877 meritum
2004 1841 2171 1886 perlectae
2193 1832 2279 1885 pauss
2307 1846 2424 1894 Pauregltaff

1316 1899 1457 1942 pertalis
1481 1902 1618 1941 quatuor
1633 1898 1881 1930 introducuntur
1892 1923 1900 1936 ,
1917 1896 2034 1930 scilicet
2051 1878 2437 1948 iizte1·r09atio,⁰r¹⁰÷¹i'i'3³n⁹5¹m²2?i

1319 1961 1383 1994 qua
1405 1951 1588 1994 quaeritur,
1605 1950 1681 1993 quid
1697 1950 1871 1993 agendum;
1889 1949 2079 1992 responsio,
2096 1958 2159 1991 qua
2175 1951 2280 1982 osten·
2297 1932 2376 1976 2:1013'-er
2395 1932 2437 1954 ΨΒ

1319 2005 1423 2043 ditur,
1448 2014 1512 2047 quo
1536 2003 1744 2043 tendendum;
1769 2002 1986 2046 informatio,
2012 2012 2075 2045 qua
2098 2002 2280 2036 declaratur

1320 2059 1379 2091 iter
1405 2058 1621 2096 salutiserum3
1646 2056 1850 2096 exhortatio,
1867 2066 1931 2099 qua
1947 2056 2099 2089 suadetur
2123 2056 2184 2088 iter
2207 2064 2280 2098 per-

1321 2112 1450 2145 sectum.

1413 2165 1464 2198 35.
1491 2165 1591 2207 (Vers.
1620 2165 1694 2205 18.).
1721 2164 1823 2197 Primo
1859 2164 1955 2206 igitur
1983 2166 2139 2205 quantum
2171 2161 2210 2195 ad
2233 2162 2283 2195 in-
2303 2166 2405 2188 Primum-

1323 2218 1577 2261 terroqalz'onem
1588 2244 1597 2257 ‚
1614 2227 1678 2260 qua
1694 2218 1878 2260 quaeritur,
1895 2217 1977 2261 qaid
1994 2216 2174 2259 agendum,
2190 2215 2283 2249 dicit:

1324 2273 1362 2304 Et
1384 2271 1603 2314 interroyavit
1625 2281 1701 2303 eam
1725 2271 1864 2315 quidam
1882 2271 2049 2313 princeps.
2068 2289 2110 2294 —
2128 2270 2180 2303 Hic
2197 2269 2284 2302 vide-

1323 2329 1386 2364 tur,
1400 2325 1484 2368 quod
1497 2325 1680 2358 Ambrosius
1692 2329 1723 2358 et
1740 2325 1820 2358 Beda
1836 2324 1893 2358 sibi
1912 2324 2136 2357 contradicant.
2154 2323 2285 2356 Ambro-

1324 2379 1390 2411 sius
1407 2379 1489 2411 enim
1506 2378 1595 2416 dicit,
1620 2376 1704 2420 quod
1728 2378 1787 2410 iste
1804 2378 2009 2420 interrogavit
2025 2378 2128 2411 lesum
2151 2377 2286 2410 interro-

1323 2431 1446 2473 gatione
1467 2428 1626 2464 tentativa
1642 2435 1671 2463 et
1687 2431 1844 2469 caricem
1860 2433 1892 2463 et
1908 2430 1967 2463 hoc
1984 2430 2142 2472 colligitur
2159 2433 2226 2462 tum
2244 2438 2286 2462 cx

1325 2485 1384 2518 hoc
1396 2510 1403 2523 ,
1427 2484 1512 2526 quod
1536 2485 1688 2517 Dominus
1711 2484 1814 2526 ipsum
1832 2483 2053 2526 reprehendit,
2072 2487 2138 2516 tum
2157 2492 2199 2516 ex
2215 2483 2285 2521 hoc,

1325 2537 1409 2580 quod
1433 2538 1499 2579 ipse
1534 2537 1655 2569 Domini
1689 2536 1854 2569 consilium
1890 2545 1953 2568 non
1984 2536 2167 2578 acceptavit.
2200 2535 2286 2568 Unde

1325 2590 1508 2622 Ambrosius
1532 2589 1563 2622 in
1587 2589 1751 2622 Glossa¹³:
1781 2601 1796 2617 α
1814 2589 1949 2621 Versuta
1979 2588 2039 2621 fuit
2068 2587 2287 2630 interrogatio,

1326 2646 1357 2674 et
1380 2641 1450 2674 ideo
1473 2644 1585 2683 arguta
1609 2641 1772 2683 responsio
1788 2654 1818 2672 n.
1844 2640 1924 2673 Beda
1954 2645 2061 2673 autem
2085 2640 2178 2679 dicit,
2203 2639 2288 2683 quod

2303 2272 2405 2300 Quaestio
2418 2271 2444 2293 iu-

2330 2299 2412 2321 cidens.

1401 2850 1410 2865 ⁷
1431 2851 1532 2877 Scilicet
1550 2849 1692 2876 ordinaria
1712 2850 1752 2882 (ex
1773 2850 1853 2883 Beda)
1874 2850 1900 2875 in
1919 2851 1980 2876 Luc.
2002 2850 2048 2881 18,
2072 2850 2110 2875 16.

1401 2894 1411 2909 ⁸
1432 2895 1505 2920 Vcrs.
1527 2895 1574 2925 15,
1595 2898 1652 2926 post
1671 2901 1750 2927 quem
1771 2895 1810 2919 Ps.
1831 2895 1880 2925 32,
1902 2895 1942 2919 16.

1402 2937 1413 2952 ⁹
1433 2938 1508 2964 Vers.
1529 2938 1571 2963 16.
1590 2952 1626 2957 -
1645 2937 1763 2963 Subinde
1782 2938 1910 2969 allegatur
1929 2938 2004 2963 EcclI.
2024 2938 2050 2968 7,
2071 2938 2113 2963 19.

1368 3019 1371 3022 ¹
1404 2982 1426 2997 ¹⁰
1445 2982 1497 3009 Csr.
1515 2989 1595 3014 supra
1614 2990 1636 3008 c.
1659 2982 1700 3008 17.
1720 2990 1744 3007 n.
1765 2982 1808 3008 35.

1404 3026 1423 3041 ¹¹
1447 3027 1521 3052 Vers.
1544 3027 1569 3052 1.
1589 3040 1624 3045 -
1643 3027 1692 3052 Pro
1712 3025 1899 3053 liberalitatem
1918 3027 1977 3052 vat.
1999 3025 2156 3053 libertatem.

1405 3070 1426 3085 ¹²
1449 3072 1520 3096 Vcrs.
1541 3071 1588 3096 23:
1609 3070 1656 3096 His
1676 3070 1720 3096 ille
1738 3070 1837 3097 auditis
1858 3071 1902 3104 (ita
1924 3072 1980 3097 Vat.
1994 3078 2055 3096 cuin
2076 3070 2201 3102 Vulgata;
2221 3069 2291 3095 idcm

1333 3115 1442 3141 recurrit
1461 3115 1525 3140 intra
1541 3122 1565 3140 n.
1581 3114 1649 3148 ⁴2.);
1669 3115 1773 3141 tertium
1795 3114 1905 3141 habetur
1918 3123 1946 3141 v.
1960 3116 2001 3140 28.
2021 3118 2047 3140 et
2065 3117 2188 3148 quartum
2208 3120 2235 3140 v.
2248 3114 2291 3144 31,

1334 3159 1379 3185 ubi
1400 3159 1458 3184 vat.
1477 3166 1538 3185 cum
1560 3159 1670 3191 Vulgata
1689 3159 1784 3185 omittit
1802 3158 1947 3193 discipulos
1967 3159 2051 3192 (quod
2065 3159 2142 3184 etiarn
2157 3158 2235 3184 codd.
2254 3158 2293 3183 in-

1334 3204 1371 3229 t'ra
1390 3210 1416 3229 n.
1437 3202 1479 3229 52.
1499 3202 1621 3237 [excepto
1640 3202 1675 3237 11]
1695 3207 1720 3230 et
1739 3204 1782 3229 53.
1801 3204 1943 3237 omittunt).

1407 3246 1430 3261 ¹⁹
1444 3243 1551 3278 ‘Scilicet
1570 3246 1712 3274 ordinaria
1732 3247 1773 3281 (ex
1801 3247 1933 3285 Ambros„
1952 3247 2014 3273 Vlll.
2033 3247 2060 3273 ln
2079 3247 2142 3273 Luc.
2160 3253 2183 3273 c.
2204 3246 2246 3271 18.
2265 3253 2291 3271 n.

1336 3292 1388 3325 65.)
1409 3292 1434 3317 ln
1453 3292 1516 3325 Luc.
1536 3292 1583 3325 18,
1604 3293 1645 3318 19.
1664 3293 1754 3318 Glossa
1773 3291 1955 3319 interlinearis
1970 3292 2012 3325 (ex
2024 3291 2138 3323 Hieron„
2158 3291 2196 3318 111.
2215 3290 2293 3317 Com-

1336 3340 1416 3363 ment.
1435 3337 1462 3363 in
1482 3337 1568 3363 Matth.
1589 3337 1637 3369 19,
1658 3336 1709 3370 16.)
1730 3337 1755 3362 ln
1774 3337 1837 3363 Luc.
1857 3337 1904 3369 18,
1925 3337 1972 3362 ⁴8:
1998 3337 2046 3363 Hic
2064 3336 2141 3363 dives
2158 3338 2184 3362 et
2202 3341 2294 3367 super-

1337 3381 1400 3414 bus,
1419 3389 1471 3408 non
1489 3380 1551 3407 <oto
1570 3381 1708 3413 discentis,
1727 3381 1774 3408 sed
1793 3381 1913 3408 tentantis
1932 3381 2084 3414 interrogat.
