2427 3872
314 263 378 296 760

597 307 665 333 nou

316 354 344 378 31
371 352 398 379 i*
418 366 451 371 —-
471 353 541 378 Deus
559 353 693 377 hominem
711 352 809 377 iustum
823 350 915 376 exaltat
928 350 953 376 in

316 398 413 430 gratia,
433 397 514 428 gloria
534 399 559 421 et
577 397 646 421 fama
665 396 717 421 595
738 395 753 420 2

369 453 404 460 —·-
423 440 592 473 Operationes
620 440 758 465 hominum
787 439 954 470 corriguntur

316 493 365 517 per
394 485 491 510 donum
512 484 653 516 sapientiae
681 487 706 509 et
734 483 845 515 Spiritus
872 482 955 508 53110ιί

316 529 466 555 missionem
481 528 513 553 Vi
529 529 578 553 170
593 535 620 553 v.
634 528 665 553 18
686 541 720 547 -
735 533 781 559 per
799 526 953 559 sapientiam

317 577 423 599 sanatur
451 565 471 598 a*
494 572 617 598 caecitate
645 572 788 597 intellectus
815 574 841 596 et
865 577 954 596 corru—

318 618 407 649 ptione
435 618 541 642 affectus
570 616 615 641 171
640 622 667 641 v.
689 616 720 641 19
740 629 774 634 -
793 622 823 641 ex
844 615 953 641 naturali

316 662 413 687 virtute
433 661 590 687 insufficiens
614 660 705 686 estad
733 660 890 685 intellectum
917 659 955 684 iu—

318 705 446 731 diciorum
475 705 522 730 Dei
552 704 602 729 167
626 711 652 729 v.
672 704 688 729 5
707 718 741 723 —
761 710 841 735 capax
861 707 900 729 est
918 710 955 729 sa·

317 750 429 782 pientiae
457 752 509 774 tam
538 751 640 774 creatae
668 753 748 780 quam
774 748 903 773 increatae
921 747 954 773 ib.

318 801 343 819 v.
363 795 379 819 2
397 806 434 812 —
453 796 547 823 tentat,
566 796 594 818 ut
613 793 709 818 veritas
734 792 875 818 innotescat
894 798 955 823 pro-

318 837 389 863 banti
409 837 460 862 320
480 837 513 862 14

372 894 406 901 -—
425 882 485 914 quia
505 882 593 912 lapsus
621 884 660 907 est
687 886 735 912 per
759 879 955 912 suggestionem

319 926 403 957 angeli
423 925 498 955 maii,
517 930 665 956 congruum
692 927 761 954 erat,
781 923 853 956 quod
873 929 956 948 resur·

320 972 392 1001 geret
412 975 459 1001 per
477 969 650 994 ministerium
671 968 733 993 boni
753 967 796 993 Vll
816 967 844 992 21
871 967 903 991 42
921 979 954 984 -—

319 1013 437 1044 perditus
456 1013 610 1044 redemptus
629 1014 668 1037 est
687 1018 735 1043 per
754 1010 956 1036 immensitatem

319 1057 401 1082 divini
421 1056 518 1081 amoris
538 1057 569 1081 Vl
590 1057 641 1081 282
662 1055 695 1080 26
716 1069 749 1073 -—
769 1054 887 1087 perditus
912 1054 957 1079 sai-

318 1104 395 1126 vatur
415 1107 461 1132 per
480 1100 611 1125 Christum
632 1106 645 1124 a
660 1099 779 1129 miseria,
791 1099 888 1124 ditatur
901 1105 957 1129 gra·

318 1145 367 1175 tia,
387 1143 542 1170 sublimatur
570 1144 595 1168 in
626 1144 706 1174 gloria
728 1143 779 1168 595
799 1143 813 1167 3
834 1156 868 1160 —
887 1141 958 1168 Chri-

318 1192 373 1214 stus
402 1194 486 1220 genus
514 1189 660 1213 humanum
690 1187 798 1219 proprio
829 1186 958 1218 sanguine

318 1232 430 1258 redemit
450 1232 500 1256 160
519 1238 546 1256 v.
566 1232 575 1256 1
594 1245 628 1249 ——
642 1231 729 1256 Genus
743 1232 888 1256 humanum
902 1237 958 1256 5311-

321 1276 399 1308 guine
419 1276 512 1302 Christi
532 1275 700 1307 redemptum
721 1278 759 1300 est
788 1275 829 1300 Vli
853 1274 903 1300 548
924 1275 957 1300 29

372 1335 407 1338 -
426 1320 607 1345 reconciliatus
627 1322 665 1344 est
678 1326 726 1351 per
739 1326 844 1344 crucem
861 1320 891 1344 Vl
908 1320 957 1344 198

318 1372 345 1390 v.
364 1365 381 1390 7
399 1377 435 1383 —
454 1364 539 1390 erucis
558 1364 656 1389 virtute
674 1366 699 1389 et
718 1364 861 1389 imitatione
880 1366 959 1389 trans-

322 1412 385 1435 cunt
411 1415 483 1434 mare
508 1408 585 1434 huius
604 1408 696 1433 mundi
716 1408 768 1433 197
788 1415 814 1433 ν.
833 1408 849 1433 5
868 1422 903 1426 -—
922 1408 958 1433 De

320 1453 482 1485 plenitudine
500 1452 593 1478 Christi
618 1452 726 1485 quidam
747 1452 868 1477 homines
893 1452 959 1477 acei-

320 1497 395 1528 piunt
413 1500 439 1522 et
457 1497 584 1527 ditantur,
604 1496 712 1529 quidam
732 1499 819 1522 autem
840 1496 959 1528 accipere

321 1547 371 1566 non
393 1544 526 1566 merentur
546 1541 596 1566 539
617 1541 632 1565 8

373 1598 408 1604 —
427 1592 454 1611 se
474 1585 589 1617 disponit
608 1585 640 1610 ad
661 1586 741 1611 vitam
759 1585 919 1617 spiritualem
933 1588 959 1610 et

321 1630 398 1655 etiam
424 1636 438 1654 a
461 1630 514 1654 Deo
534 1629 681 1661 disponitur
701 1630 835 1661 tripliciter
855 1630 886 1655 Vl
907 1630 952 1654 561

321 1673 336 1698 3
356 1686 390 1693 ·—
409 1681 436 1699 se
450 1673 590 1705 disponere
602 1673 681 1699 dehet
693 1674 839 1699 secundum
852 1674 958 1699 diversa

322 1722 439 1749 tempora
460 1719 492 1743 58
513 1725 539 1743 v.
562 1718 594 1743 15

374 1775 409 1780 -
428 1762 554 1787 Dominus
574 1762 598 1787 in
618 1762 747 1794 praesenti
772 1762 891 1788 homines
911 1762 958 1787 mi-

322 1812 394 1830 seros
421 1811 479 1830 esse
506 1806 603 1835 voluit,
633 1809 661 1830 ut
688 1812 733 1831 eos
759 1805 853 1837 probet
872 1806 903 1830 Vl
921 1805 958 1831 35

321 1856 349 1874 v.
368 1849 400 1874 17
419 1863 454 1868 -
474 1850 585 1874 fructum
600 1849 678 1874 habet
691 1853 750 1880 post
764 1849 957 1875 tribulationem

322 1893 364 1918 Vll
384 1893 435 1917 537
455 1893 488 1918 50
508 1907 541 1910 —
562 1899 609 1924 per
627 1900 672 1918 sex
691 1896 787 1918 aetates
805 1900 866 1919 cum
884 1893 959 1919 Chri-

321 1940 361 1962 sto
381 1936 459 1962 debet
479 1936 595 1962 tribulari
609 1940 634 1961 et
647 1936 773 1968 cruciligi,
788 1940 816 1962 ut
834 1937 859 1962 iu
875 1940 958 1962 morte

322 1988 367 2006 sua
388 1980 482 2006 habeat
501 1979 690 2005 sabbatismum
711 1980 762 2005 585
782 1981 816 2005 67

374 2039 408 2043 -
428 2024 566 2050 Hominem
586 2024 611 2049 in
631 2024 761 2055 praesenti
790 2024 843 2049 vita
864 2024 959 2056 premit

322 2069 420 2094 malum
449 2068 625 2099 ignorantiae,
653 2068 760 2100 culpae,
791 2073 893 2099 poenae
926 2068 957 2093 Vi

322 2113 402 2137 6021
427 2126 462 2131 -
482 2113 605 2138 Homines
629 2115 690 2137 sunt
716 2112 831 2143 obsessi,
859 2112 958 2144 ignari,

323 2156 410 2181 miseri
430 2156 480 2181 538
500 2157 516 2181 7
537 2169 569 2174 ——
590 2157 614 2181 in
632 2156 685 2181 vita
710 2159 749 2182 est
778 2157 804 2182 in
829 2157 958 2188 periculo,

322 2200 346 2225 in
365 2199 456 2225 labore
475 2203 500 2225 et
520 2200 544 2225 in
560 2200 653 2225 dolore
672 2201 705 2225 56
724 2207 750 2233 q.
770 2202 781 2226 1
813 2213 844 2219 —-
865 2201 889 2226 in
910 2202 959 2227 1130

322 2245 374 2270 vita
395 2245 506 2270 existens
523 2245 600 2277 quasi
619 2245 646 2270 111
659 2245 741 2270 aliena
755 2245 836 2271 domo
854 2252 959 2277 compa-

320 2292 391 2314 ratur
411 2289 505 2321 hospiti
526 2289 576 2314 142
596 2296 622 2314 v.
644 2290 676 2314 15

373 2347 406 2351 ——
428 2334 592 2364 humiliatur,
612 2334 676 2359 dum
703 2334 726 2359 ei
755 2341 801 2359 sua
823 2333 958 2360 infirmitas

318 2377 455 2403 innotescit
473 2377 506 2403 Vl
526 2379 577 2403 320
598 2378 630 2403 14
649 2392 684 2396 -
697 2379 832 2404 Humanae
850 2381 958 2404 naturae

322 2422 407 2447 vilitas
426 2422 616 2448 consideranda
636 2426 723 2448 contra
739 2423 891 2455 superbiam
907 2423 958 2448 580

320 2472 347 2490 v.
369 2466 376 2490 1
402 2478 435 2484 ——
456 2466 491 2491 Ne
520 2468 598 2492 homo
626 2467 734 2492 excedat
759 2473 806 2499 per
825 2473 959 2499 praesum-

322 2509 432 2539 tionem,
460 2510 573 2539 ostendit
602 2511 727 2536 Dominus
755 2512 885 2537 defectum
914 2513 958 2537 110-

322 2559 414 2578 manae
433 2554 613 2584 impotentiee;
632 2561 666 2579 ne
684 2558 789 2580 corruat
808 2562 856 2586 per
868 2556 960 2587 despe-

322 2597 460 2627 rationem,
480 2596 615 2629 subiungit
634 2599 756 2623 auxilium
785 2599 960 2625 miserationis

322 2640 427 2667 divinae
445 2641 495 2665 567
518 2641 526 2665 1
551 2654 585 2659 -·-
606 2641 709 2673 fragiles
727 2645 751 2667 et
771 2643 845 2674 proni
864 2644 897 2668 ad
917 2650 960 2668 va-

322 2691 383 2710 nam
404 2685 513 2716 gloriam
537 2691 588 2709 non
602 2684 699 2710 debent
720 2691 748 2710 se
761 2686 832 2717 ipsos
854 2687 960 2712 laudare

323 2730 373 2754 360
403 2729 435 2754 27
468 2728 494 2753 i·
514 2742 547 2746 —-—
567 2729 624 2753 Vita
653 2729 767 2754 hominis
793 2732 833 2755 est
860 2730 960 2755 vanitas

322 2773 355 2798 74
376 2780 403 2798 ν.
421 2773 436 2797 9
457 2786 491 2792 -
510 2773 536 2797 in
556 2773 614 2798 loco
642 2773 797 2798 eminentiae
826 2773 859 2798 de
888 2774 960 2799 facile

322 2817 373 2842 ruit
393 2817 434 2842 Vll
450 2817 478 2841 91
500 2817 530 2842 12
543 2830 578 2835 —-
592 2817 647 2842 Non
660 2820 699 2842 est
714 2816 810 2842 honum
825 2823 882 2842 esse
895 2817 960 2843 inter

324 2862 441 2887 homines
461 2862 492 2886 Vl
514 2861 546 2886 40
566 2869 591 2893 q.
612 2862 622 2886 1

376 2919 409 2923 -
425 2906 551 2938 plantator
566 2906 657 2931 vineae
670 2909 708 2931 est
722 2904 791 2931 Deus
804 2906 846 2931 Vll
861 2906 911 2931 503
927 2907 954 2931 11

376 2962 412 2968 --
436 2951 642 2975 antonomastice
670 2953 708 2975 est
736 2951 782 2975 Dei
811 2950 889 2975 Filius
916 2950 959 2975 Vll

323 2994 376 3020 384
398 2994 412 3020 8

374 3050 409 3057 -
431 3038 489 3062 Tria
510 3045 605 3070 genera
635 3039 770 3064 hominum
791 3039 833 3064 Vll
854 3038 904 3064 348
926 3039 958 3064 44

323 3097 355 3100 -
384 3083 505 3115 Quinque
531 3087 590 3108 sunt
618 3083 778 3109 differentiae
807 3084 958 3114 hominum,

322 3127 390 3152 duae
411 3126 495 3151 bonae
513 3130 538 3152 et
558 3131 608 3153 tres
629 3129 711 3153 maiae
732 3127 781 3153 486
804 3127 836 3153 io
855 3142 890 3146 ——
903 3128 957 3153 AlIa

323 3177 384 3202 pars
403 3171 539 3197 hominum
561 3171 669 3197 intendit
689 3172 772 3197 bonae
791 3172 894 3203 actioni,
908 3172 956 3198 alia

323 3215 549 3247 contemplationi,
568 3216 640 3241 tertia
662 3216 797 3241 ambitioni
818 3217 850 3242 Vl
871 3216 922 3242 567
942 3217 957 3241 3

375 3272 409 3278 —
428 3259 537 3292 quilibet
555 3263 594 3285 est
613 3259 708 3285 domus
728 3261 768 3286 vel
783 3261 837 3292 Dei,
850 3262 892 3286 vel
906 3261 958 3286 dia·

323 3302 372 3328 boli
393 3303 435 3328 Vll
456 3304 505 3329 333
525 3304 559 3329 78
578 3318 612 3323 —
632 3308 676 3330 aut
694 3309 733 3330 est
761 3305 811 3330 sub
830 3308 957 3337 potestate

321 3347 380 3379 Dei,
400 3351 444 3373 aut
461 3347 557 3373 diaboli
578 3349 628 3374 292
650 3348 683 3373 47
702 3362 736 3367 ——-
755 3355 823 3382 quos
835 3349 957 3375 diabolus

322 3392 444 3423 possidet,
464 3391 565 3418 Christo
584 3396 732 3424 repugnant
750 3394 800 3419 293
822 3394 850 3419 51
870 3407 902 3413 -—
917 3401 955 3419 ca-

1182 259 1295 293 lNDEX
1320 260 1448 293 RERUM

992 350 1061 382 pitur
1080 356 1095 375 a
1114 349 1220 375 diabolo
1239 350 1389 382 ignoranter
1407 352 1433 375 et
1446 356 1493 381 per
1511 348 1631 374 fraudem

992 394 1024 419 Vl
1044 394 1078 419 76
1098 400 1125 419 ν.
1146 394 1179 419 12
1465 428 1467 431 ⁴

1044 451 1078 456 ——
1097 436 1217 464 animalis
1235 438 1269 463 de
1287 437 1390 463 Christo
1410 438 1464 463 Deo
1490 443 1542 462 non
1561 439 1632 462 recte

991 482 1068 507 sentit
1087 482 1129 508 Vll
1150 481 1202 507 225
1221 482 1249 507 31
1274 495 1309 501 —-
1329 481 1437 507 111-013115
1456 487 1508 507 non
1528 486 1632 506 consur·

992 526 1029 557 git
1048 532 1096 557 per
1120 526 1241 557 spiritum
1267 526 1319 551 595
1339 526 1367 551 31
1392 540 1427 544 -
1448 525 1555 551 01013115
1580 532 1631 550 non

992 570 1062 602 capit
1079 576 1127 595 nec
1145 570 1229 596 credit
1247 576 1362 602 superna
1382 568 1444 595 ibid.

1045 628 1080 632 ——
1099 614 1198 640 Stultus
1215 614 1311 640 dicitur
1331 615 1411 639 homo
1432 613 1581 639 mundanus
1598 612 1632 638 Vl

993 658 1026 683 52
1046 665 1072 683 ν.
1087 658 1102 683 8
1115 672 1150 676 -
1163 659 1322 689 mundanus,
1342 658 1500 689 contemptis
1513 657 1632 689 aeternis,

994 702 1074 727 inhiat
1099 702 1207 728 terrenis
1235 701 1297 728 ibid.
1319 716 1352 720 -—
1373 702 1397 727 in
1417 701 1516 735 quibus
1540 704 1634 733 regnat

993 746 1092 771 ruditas
1122 746 1319 778 intelligentiae,
1344 746 1482 771 carnalitas
1510 745 1633 777 coucupi-

993 789 1118 821 scentiae,
1138 790 1268 822 cupiditas
1295 788 1433 822 avaritiae,
1453 792 1513 815 sunt
1531 789 1632 822 porcini

994 834 1036 859 Vll
1056 833 1108 858 392
1128 833 1160 858 27
1180 845 1216 853 -—
1234 833 1336 865 porcini
1356 833 1418 859 nihii
1436 834 1526 859 valent
1543 833 1577 859 ad
1597 833 1633 858 vi-

994 880 1060 909 tam,
1080 877 1127 903 sed
1146 878 1230 903 solum
1249 878 1283 903 ad
1303 877 1434 903 interitum
1454 877 1516 904 ibid.

1047 935 1081 940 —-
1106 921 1247 953 spiritualis
1271 924 1297 947 et
1321 921 1408 947 bonus
1438 920 1491 948 Deo
1516 925 1633 947 0510011-

995 965 1099 990 iunctus
1117 971 1164 997 per
1183 965 1295 997 gratiam
1315 966 1348 990 Vi
1367 966 1401 991 97
1422 973 1449 991 v.
1467 966 1482 990 7
1503 980 1538 984 —
1555 966 1632 998 spiri—

994 1009 1092 1034 ritualis
1110 1012 1135 1034 et
1153 1009 1240 1035 bonus
1258 1009 1326 1035 redit
1343 1009 1377 1035 ad
1402 1009 1486 1035 Deum
1507 1010 1533 1035 in
1551 1010 1634 1042 gloria

995 1056 1054 1084 post
1072 1053 1199 1079 iudicium
1224 1053 1285 1079 ibid.

1047 1110 1082 1114 -—
1102 1097 1253 1123 Humanum
1273 1104 1358 1129 genus
1383 1097 1511 1129 figuratur
1541 1098 1565 1123 in
1591 1099 1634 1123 ho-

996 1140 1079 1171 mine,
1098 1140 1144 1173 qui
1163 1140 1298 1167 descendit
1316 1141 1350 1166 ab
1370 1141 1509 1167 ierusalem
1530 1142 1555 1167 in
1575 1142 1634 1168 leri—

995 1186 1058 1215 cho,
1077 1184 1103 1209 id
1131 1188 1171 1210 est
1197 1191 1212 1210 a
1242 1185 1364 1217 paradiso
1393 1185 1419 1211 in
1439 1186 1570 1212 mundum
1590 1186 1634 1212 Vll

996 1229 1041 1254 271
1067 1229 1099 1254 62
1119 1229 1264 1255 -incidit
1292 1229 1317 1255 in
1346 1233 1502 1261 potestatem
1530 1230 1635 1256 daemo-

995 1279 1072 1304 num,
1101 1273 1146 1305 qui
1171 1274 1352 1305 spoliaverunt
1379 1279 1439 1299 eum
1468 1274 1586 1307 gratuitis
1610 1278 1635 1300 et

995 1317 1199 1342 vulneraverunt
1218 1317 1244 1342 in
1263 1317 1425 1343 naturalibus
1445 1317 1507 1344 ibid.
1522 1330 1558 1337 ——
1571 1318 1635 1344 Sub-

996 1364 1075 1387 tracta
1096 1361 1142 1386 fuit
1167 1362 1190 1386 ei
1214 1361 1357 1387 similitudo
1384 1365 1410 1387 et
1437 1362 1562 1388 remansit
1581 1362 1635 1388 sola

997 1405 1084 1436 imago
1098 1404 1159 1431 ibid.
1172 1419 1207 1425 —
1218 1409 1257 1431 est
1270 1405 1428 1437 exspoliatus
1441 1409 1548 1438 propter
1561 1413 1636 1431 aver-

996 1450 1096 1474 sionem
1111 1454 1136 1475 et
1148 1450 1301 1475 vulneratus
1313 1453 1422 1482 propter
1435 1450 1635 1476 conversionem

997 1492 1059 1519 ibid.

1048 1551 1084 1556 -—
1103 1538 1253 1564 Humanum
1278 1545 1361 1570 genus
1385 1541 1424 1564 est
1451 1544 1559 1564 caecum
1588 1546 1636 1571 per

996 1582 1137 1608 carentiam
1158 1583 1223 1608 lucis
1246 1583 1390 1614 sapientiae
1414 1583 1457 1608 Vll
1478 1582 1528 1608 470
1548 1583 1581 1608 58
1602 1596 1635 1601 -—

996 1629 1034 1652 est
1053 1627 1208 1652 mendicans
1226 1634 1274 1659 per
1293 1627 1424 1652 defectum
1444 1625 1543 1659 gratiae
1562 1632 1587 1652 et
1599 1627 1636 1653 iu-

998 1671 1081 1696 stitiae
1100 1670 1162 1697 ibid.
1181 1684 1216 1690 —-
1235 1672 1323 1697 Genus
1352 1673 1495 1697 humanum
1516 1673 1635 1697 excaeca-

996 1718 1050 1741 tum
1070 1719 1109 1741 est
1128 1722 1175 1747 per
1188 1716 1358 1748 cupiditatem
1373 1716 1555 1748 temporalium
1574 1714 1635 1741 ibid.

1048 1774 1084 1779 —
1094 1760 1248 1786 indecorum
1262 1764 1301 1786 est
1312 1760 1413 1786 homini
1425 1767 1518 1786 curare
1530 1761 1563 1786 de
1576 1759 1636 1786 cibo

996 1805 1037 1829 vel
1056 1804 1090 1830 de
1109 1807 1182 1830 veste
1203 1805 1244 1830 Vll
1265 1805 1315 1830 319
1334 1805 1369 1830 33

1048 1862 1084 1866 -
1103 1849 1168 1874 Tres
1187 1852 1274 1881 partes
1293 1849 1396 1880 generis
1419 1849 1529 1875 humani
1549 1849 1636 1874 intelli-

996 1896 1093 1924 guntur
1113 1900 1160 1925 per
1180 1893 1227 1919 tria
1247 1896 1301 1919 sata
1321 1893 1418 1919 farinae
1433 1894 1473 1919 Vii
1488 1893 1538 1919 349
1554 1893 1587 1919 45
1601 1907 1636 1911 -—-

996 1938 1083 1962 Genus
1101 1938 1246 1962 numanum
1276 1938 1404 1969 liguratur
1434 1937 1457 1963 in
1477 1937 1583 1963 duobus
1602 1938 1635 1963 ia-

996 1980 1115 2006 tronibus
1134 1980 1186 2006 575
1204 1982 1239 2006 38

1049 2038 1081 2043 -
1103 2025 1214 2050 Humani
1235 2025 1338 2056 generis
1356 2025 1501 2051 reinventio
1520 2025 1635 2051 iucunda

997 2072 1106 2094 vocetur
1125 2069 1253 2100 gaudium
1273 2069 1387 2100 nuptiale
1414 2069 1456 2095 Vll
1476 2070 1526 2095 386
1549 2070 1580 2094 13
1600 2081 1636 2089 —-

997 2111 1044 2138 l’ro
1063 2113 1170 2138 humani
1189 2113 1295 2145 generis
1313 2113 1492 2139 reinventione
1509 2114 1637 2139 exsultant

996 2157 1120 2182 caelestes
1138 2157 1210 2183 cives
1229 2156 1290 2183 ibid.

1048 2214 1084 2220 ——
1102 2202 1216 2227 Humani
1235 2202 1340 2233 generis
1364 2202 1521 2228 universitas
1546 2201 1636 2227 intelli-

996 2246 1065 2278 gitur
1085 2252 1132 2278 per
1150 2246 1218 2272 duos
1237 2246 1303 2272 tilios
1323 2247 1366 2272 Vll
1389 2247 1440 2272 390
1464 2247 1497 2272 22
1517 2259 1553 2264 —
1570 2246 1636 2272 desi-

996 2294 1091 2322 gnatur
1120 2298 1166 2323 per
1193 2291 1349 2318 drachmam
1375 2298 1455 2317 unam
1475 2291 1521 2316 511
1547 2291 1580 2316 30
1600 2306 1635 2309 -

997 2336 1124 2367 liguratur
1137 2336 1162 2361 in
1176 2336 1296 2367 denario,
1315 2336 1377 2369 quia
1395 2338 1434 2361 est
1452 2336 1486 2361 de
1499 2336 1561 2361 limo
1573 2334 1635 2362 ibid.

1047 2392 1084 2399 —-
1102 2380 1149 2405 fuit
1168 2381 1235 2406 sicut
1254 2381 1312 2405 ovis
1331 2387 1430 2411 errans,
1443 2387 1584 2413 quousque
1597 2387 1636 2406 ca·

996 2424 1047 2449 ruit
1066 2427 1173 2456 pastore
1196 2425 1238 2450 Vll
1267 2424 1317 2450 384
1341 2425 1357 2449 9
1387 2437 1422 2443 --
1441 2426 1567 2450 Pereunte
1591 2426 1636 2451 ho·

997 2469 1081 2499 mine,
1109 2472 1245 2494 creaturae
1272 2469 1405 2494 rationalis
1432 2475 1559 2494 numerus
1581 2471 1636 2494 erat

998 2512 1150 2539 imminutus
1169 2513 1204 2539 ib.
1233 2512 1265 2538 10
1290 2525 1324 2532 -—
1344 2516 1451 2545 paratur
1479 2513 1512 2539 ad
1531 2513 1634 2539 ruinam

997 2557 1038 2582 vei
1059 2562 1104 2589 per
1122 2557 1299 2589 arrogantiam
1319 2557 1345 2582 in
1365 2557 1507 2589 prosperis,
1526 2557 1567 2582 vel
1589 2564 1636 2589 per

998 2601 1195 2626 inconstantiam
1215 2601 1240 2626 in
1260 2601 1379 2627 adversis
1399 2601 1449 2626 549
1469 2602 1503 2627 34

1050 2645 1283 2671 ——infructuosus
1309 2645 1434 2671 reciditur
1453 2646 1496 2671 Vll
1520 2646 1571 2671 536
1602 2645 1635 2670 50

997 2700 1032 2707 ——-
1051 2692 1195 2720 occupatus
1214 2689 1282 2714 circa
1311 2689 1391 2714 multa
1420 2696 1473 2715 non
1499 2690 1637 2715 a-uctisscat

999 2731 1058 2757 ibid.

1051 2788 1086 2793 —
1105 2779 1273 2807 comparetur
1300 2776 1371 2807 ligno
1398 2775 1433 2802 Vi
1462 2777 1493 2801 ⁸8
1514 2784 1540 2802 v.
1561 2778 1575 2803 3
1601 2791 1636 2796 -

998 2822 1037 2844 est
1055 2819 1133 2845 arbor
1152 2826 1243 2845 eversa
1275 2820 1324 2845 133
1344 2826 1369 2845 ν.
1390 2821 1405 2845 3
1424 2833 1459 2839 ·-—
1479 2821 1636 2847 assimilatur

998 2862 1137 2888 arboribus
1155 2866 1180 2889 et
1199 2866 1326 2896 quantum
1346 2864 1379 2889 ad
1405 2868 1492 2890 ortum
1512 2868 1537 2890 et
1555 2873 1635 2898 quan·

998 2910 1052 2932 tum
1072 2907 1105 2933 ad
1124 2914 1246 2933 occasum
1266 2911 1292 2933 et
1314 2911 1442 2941 quantum
1468 2908 1500 2934 ad
1522 2909 1634 2935 fructum

998 2950 1039 2976 Vll
1060 2951 1111 2977 536
1131 2952 1164 2977 50

1051 2996 1186 3021 Honestum
1204 3009 1240 3015 —
1263 2995 1463 3028 praeferendum
1493 3000 1532 3022 est
1559 2997 1635 3023 suavi

998 3039 1029 3065 Vi
1051 3040 1084 3065 55
1103 3046 1128 3065 v.
1149 3041 1164 3065 2

1050 3083 1137 3109 Houon
1155 3097 1189 3103 —-·
1209 3085 1318 3110 10101101·
1336 3084 1369 3110 ad
1383 3085 1497 3117 aliquem
1511 3088 1555 3110 aut
1567 3086 1634 3111 sicut

997 3127 1030 3153 ad
1050 3127 1196 3160 obiectum,
1215 3131 1260 3154 aut
1286 3129 1353 3154 sicut
1377 3129 1409 3154 ad
1431 3129 1509 3154 linem
1530 3129 1561 3155 Vl
1583 3128 1633 3155 429

997 3171 1030 3197 27
1049 3185 1085 3191 -
1113 3172 1234 3204 imaginis
1261 3174 1370 3198 refertur
1399 3173 1432 3198 ad
1461 3175 1633 3205 prototypum

996 3217 1063 3242 sicut
1081 3217 1115 3242 ad
1135 3216 1267 3243 obiectum
1286 3215 1347 3243 ibid.
1368 3230 1401 3235 ——
1421 3217 1493 3243 missi
1523 3219 1633 3243 refertur

996 3260 1028 3286 ad
1049 3260 1192 3286 mittentem
1213 3261 1279 3287 sieut
1297 3260 1331 3286 ad
1347 3260 1475 3287 motivum
1495 3265 1521 3287 et
1539 3261 1633 3294 11110111,

995 3310 1047 3330 11011
1067 3304 1154 3337 primo
1172 3305 1240 3331 sicut
1264 3305 1296 3331 ad
1321 3304 1454 3331 obiectum
1474 3304 1535 3331 ibid.

1047 3363 1082 3368 -—
1101 3352 1141 3374 est
1159 3356 1172 3374 a
1192 3349 1246 3375 Deo
1266 3348 1298 3374 Vl
1319 3350 1352 3375 50
1373 3357 1398 3375 v.
1415 3350 1423 3374 1
1443 3361 1477 3369 —-
1491 3349 1634 3381 respiciunt

994 3393 1115 3419 sublimia
1135 3392 1196 3419 ibid.
1216 3407 1249 3412 -
1275 3393 1367 3419 Notitia
1396 3394 1499 3419 virtutis
1526 3394 1634 3419 adiuvat

1956 303 2019 330 HOS

1669 348 1704 373 ad
1723 349 1865 380 honorem,
1885 348 1933 374 sed
1958 349 2047 374 notitia
2073 349 2182 382 originis
2199 353 2225 376 et
2244 350 2311 377 infir·

1669 392 1766 418 mitatis
1784 392 1894 425 impedit
1912 392 1963 418 302
1983 392 2017 418 83

1721 449 1757 455 -
1776 436 1913 462 Ambitiosi
1932 436 2072 468 capiuntur
2089 438 2184 470 laqueo
2203 438 2310 464 honoris

1671 480 1704 505 Vl
1722 480 1756 505 76
1777 487 1804 506 v.
1827 481 1859 506 12
1879 494 1914 499 -
1932 480 2035 507 Corona
2055 482 2162 508 honoris
2181 483 2308 508 mundani

1670 527 1709 550 est
1728 524 1839 550 illusoria
1854 525 1906 550 617
1919 525 1936 550 7
1949 525 2141 557 —impiorum
2160 527 2211 552 cito
2230 530 2310 553 trans·

1671 571 1734 594 eunt
1762 568 1812 594 140
1832 575 1859 594 ν.
1878 569 1894 594 9
1912 583 1947 587 —-
1966 570 2099 601 Usurpere
2118 570 2167 596 sibi
2193 571 2309 597 alienum

1673 614 1801 638 honorem
1830 616 1869 638 est
1894 613 1991 639 falsitas
2008 616 2033 639 et
2052 613 2175 640 iniustitia
2204 614 2254 640 343
2275 615 2308 641 23

1740 657 1767 682 111
1801 657 1967 689 susceptione
1999 658 2130 683 honorum
2158 658 2192 684 ab
2219 659 2310 685 amicis

1671 700 1841 726 familiaribus
1860 708 1911 726 non
1939 703 1978 727 est
2003 702 2145 734 petendum
2174 702 2310 728 consilium

1673 744 1725 770 324
1745 744 1778 770 34

1723 801 1759 808 —-·
1777 789 1889 815 Honoris
1907 789 2023 814 officium
2043 796 2097 815 non
2120 793 2160 816 est
2178 797 2310 816 assumen-

1671 832 1751 865 dum,
1770 833 1820 858 nisi
1840 834 1920 859 homo
1938 833 2087 866 requiratur
2100 834 2143 859 Vll
2158 835 2203 859 111
2229 834 2263 860 94
2275 848 2311 853 -

1672 876 1789 902 Honores
1808 880 1834 903 et
1851 877 1943 903 laudes
1965 878 2074 903 omnino
2098 878 2229 904 debemus
2247 885 2310 905 con-

1672 924 1802 952 temnere,
1821 928 1874 947 non
1899 924 2024 953 appetere
2049 922 2100 947 305
2119 922 2154 947 87
2172 936 2206 942 --
2228 922 2312 949 Hono-

1672 971 1715 990 res
1733 968 1795 990 sunt
1813 971 1898 998 aquae
1922 965 2097 991 transeundae
2115 966 2148 991 Vl
2168 966 2219 992 627
2240 967 2256 992 5
2274 981 2310 985 —

1672 1009 1857 1041 despiciendus
1877 1012 1915 1034 est
1932 1016 1948 1034 a
1977 1009 2127 1035 videntibus
2146 1010 2310 1037 salvatorem

1673 1053 1698 1078 in
1718 1059 1797 1078 cruce
1816 1052 1948 1078 abiectum
1968 1053 2019 1079 629
2039 1053 2054 1078 9

1725 1110 1760 1116 —
1779 1097 1830 1129 Qui
1853 1100 1925 1122 amat
1949 1097 2062 1123 honores
2081 1103 2132 1123 non
2157 1101 2196 1124 est
2218 1098 2313 1125 Christi

1672 1138 1830 1173 discipulus,
1856 1141 1903 1167 sed
1928 1140 2013 1167 scriba
2042 1144 2067 1166 et
2095 1141 2249 1168 Pharisaeus
2269 1143 2311 1169 Vll

1673 1185 1725 1210 305
1744 1185 1780 1210 87
1799 1198 1832 1204 —
1851 1184 1953 1211 Corona
1972 1184 2068 1212 Christi
2087 1185 2252 1218 significabat
2265 1187 2311 1212 ho-

1673 1236 1764 1255 norem
1784 1230 1948 1256 mundanum
1977 1230 2010 1255 Vl
2029 1230 2081 1255 617
2101 1230 2117 1255 7
2137 1245 2172 1248 -
2191 1230 2313 1263 Quicum·

1672 1280 1726 1306 que
1744 1278 1887 1300 coronatur
1913 1280 2010 1300 corona
2039 1274 2146 1300 honoris
2170 1274 2312 1304 mundani,

1673 1317 1729 1343 eius
1749 1324 1794 1343 cor
1813 1318 1957 1350 percutitur
1976 1318 2148 1344 sollicitudine
2166 1317 2228 1344 ibid.

1725 1375 1761 1381 —
1779 1363 1903 1395 Magnum
1923 1363 2046 1389 meritum
2066 1366 2105 1389 est
2124 1364 2252 1388 honorare
2266 1362 2314 1388 Do-

1674 1405 1775 1431 minum
1795 1409 1821 1432 et
1839 1414 1947 1433 servum
1967 1408 2022 1433 eius
2036 1408 2069 1433 Vl
2084 1407 2134 1433 428
2149 1407 2182 1433 24
2195 1421 2230 1425 -
2243 1407 2314 1432 Deus

1674 1452 1748 1481 putat
1771 1457 1800 1476 se
1825 1452 1980 1477 honoratum
2011 1452 2052 1477 vel
2071 1452 2263 1478 dehonoratum
2282 1457 2312 1476 ex

1674 1494 1774 1519 honore
1792 1495 1917 1526 praaetito
1931 1496 2012 1521 misso
2031 1495 2065 1521 ab
2084 1503 2116 1521 eo
2135 1496 2186 1521 429
2207 1496 2241 1521 27

1726 1549 1762 1556 —-
1779 1538 1835 1563 Filii
1852 1541 1892 1564 est
1910 1539 1992 1564 Patris
2010 1539 2044 1565 Vl
2063 1540 2114 1565 309
2136 1539 2169 1565 42
2181 1553 2217 1559 -
2236 1540 2314 1565 Filius

1674 1583 1713 1606 est
1731 1582 1900 1607 honorandus
1919 1585 1944 1608 et
1963 1583 2095 1609 timendus
2122 1583 2222 1609 ratione
2250 1583 2314 1609 iudi-

1673 1625 1770 1650 ciariae
1797 1626 1932 1657 potestatis
1958 1625 2019 1652 ibid.
2048 1641 2083 1645 -
2101 1628 2176 1653 Pater
2194 1628 2258 1658 vult,
2278 1627 2314 1652 Fi-

1673 1668 1737 1694 lium
1765 1670 1889 1695 honorari
1915 1669 1976 1695 ibid.
1996 1685 2030 1688 —
2054 1671 2188 1697 Honorare
2216 1672 2310 1696 Filium

1673 1716 1713 1738 est
1731 1714 1859 1739 honorare
1879 1714 1980 1739 Patrem
2001 1714 2051 1739 428
2071 1715 2105 1740 24

1728 1758 1798 1784 Ηο1111
1819 1771 1853 1776 -—
1872 1759 1971 1789 gratiae
1990 1759 2097 1784 advenit
2111 1762 2230 1790 tempore
2241 1758 2315 1785 Chri—

1673 1802 1704 1827 sti
1725 1801 1756 1827 Vi
1777 1802 1829 1827 295
1855 1803 1904 1833 36,
1924 1802 1957 1828 38
1977 1816 2012 1820 -
2038 1802 2180 1828 novissima
2200 1805 2239 1828 est
2258 1809 2314 1834 gra-

1673 1847 1724 1873 tiae
1743 1848 1794 1872 262
1813 1847 1847 1872 77
1867 1860 1902 1866 -
1921 1847 2019 1879 gratiae
2039 1854 2108 1873 nunc
2127 1850 2166 1873 est
2184 1847 2231 1872 311
2261 1847 2293 1873 49

1727 1891 1911 1924 —passionis
1938 1895 1964 1917 et
1991 1892 2183 1924 redemptionis
2209 1894 2313 1917 nostrae

1672 1936 1721 1962 diu
1742 1936 1789 1962 fuit
1807 1939 1954 1968 exspectata
1974 1939 1999 1962 et
2027 1937 2174 1962 desiderata
2203 1936 2237 1962 Vl
2264 1935 2315 1962 417

1673 1981 1706 2005 32
1720 1992 1755 1999 -—
1766 1978 1820 2006 diei
1833 1979 1927 2007 Christi
1940 1984 2001 2006 sunt
2013 1981 2112 2007 diversi
2124 1984 2207 2007 status
2219 1980 2313 2007 Christi

1673 2023 1719 2049 30i
1745 2025 1778 2050 82
1796 2038 1832 2044 -
1852 2025 1996 2051 Duodecim
2022 2026 2102 2051 horae
2128 2025 2180 2051 diei
2204 2027 2315 2058 possunt

1673 2068 1725 2094 dici
1745 2068 1885 2095 duodecim
1899 2073 1982 2095 status
1994 2069 2103 2101 Christi,
2117 2071 2158 2095 vel
2172 2069 2313 2096 duodecim

1674 2113 1795 2146 virtutes,
1814 2119 1883 2146 quae
1903 2115 2007 2140 ruerunt
2019 2114 2044 2140 in
2058 2114 2174 2146 Christo,
2194 2115 2236 2140 vel
2249 2113 2314 2140 duo-

1673 2157 1760 2183 decim
1779 2158 1879 2183 fructus
1897 2158 2009 2190 Spiritus
2028 2159 2079 2184 400
2099 2160 2133 2184 30

1727 2203 1831 2228 11011105
1848 2214 1883 2221 —
1902 2205 1941 2228 est
1967 2203 2002 2228 ad
2029 2203 2119 2229 cibum
2145 2204 2177 2229 Vl
2197 2204 2226 2229 21
2250 2210 2276 2229 ν,
2296 2203 2313 2228 5

1674 2259 1708 2266 ·-—-
1721 2246 1852 2278 significat
1870 2246 2025 2272 exteriorem
2038 2248 2187 2273 clausuram
2203 2249 2235 2274 22
2255 2255 2282 2273 ν.
2295 2248 2312 2273 7

1674 2305 1710 2310 -
1728 2292 1776 2317 Per
1795 2291 1899 2316 hortum
1920 2290 2070 2322 intelligitur
2099 2291 2213 2318 fertilitas
2232 2291 2312 2318 bono·

1673 2342 1733 2361 rum
1753 2342 1864 2367 operum
1885 2335 1936 2360 619
1955 2334 1971 2360 4

1727 2393 1763 2398 -—
1780 2379 1955 2405 conscientiae
1982 2383 2125 2406 renovatur
2149 2384 2175 2406 et
2193 2380 2313 2406 fecunda-

1674 2426 1716 2450 tur
1734 2431 1782 2456 per
1811 2424 1921 2455 gratiam
1950 2424 1983 2448 Vl
2004 2424 2055 2450 595
2076 2425 2090 2449 3
2116 2437 2152 2444 --
2171 2424 2313 2456 spiritualis

1674 2471 1712 2494 est
1737 2468 1849 2493 Ecclesia
1879 2471 1904 2493 et
1929 2468 2014 2493 anima
2044 2469 2127 2494 fidelis
2156 2469 2207 2494 632
2238 2468 2247 2493 1
2277 2481 2313 2487 -

1673 2512 1814 2544 spiritualis
1832 2514 1871 2536 est
1890 2511 1981 2543 triplex
2001 2513 2052 2537 612
2071 2520 2098 2538 v.
2118 2513 2128 2538 1
2146 2525 2182 2531 -
2194 2511 2313 2538 ChriStus

1674 2557 1778 2582 hortum
1799 2556 1926 2581 Ecclesiae
1945 2556 2002 2588 ipse
2021 2557 2093 2588 fecit,
2113 2557 2170 2589 ipse
2189 2556 2313 2588 excoluit,

1674 2601 1730 2632 ipse
1758 2600 1884 2625 virtutum
1913 2599 2053 2632 pigmentis
2084 2601 2214 2632 consevit,
2243 2602 2312 2626 fonte

1674 2644 1773 2677 gratiae
1791 2651 1869 2674 suae,
1896 2650 1929 2669 ne
1954 2645 2085 2676 deficeret,
2105 2646 2214 2677 rigavit,
2235 2652 2312 2671 muro

1674 2688 1809 2714 custodiae
1827 2694 1903 2719 suae,
1922 2695 1955 2713 ne
1979 2688 2013 2714 ab
2038 2690 2166 2714 extraneis
2195 2690 2313 2721 profana-

1673 2735 1758 2763 retur,
1777 2731 1904 2757 conclusit
1917 2732 1968 2757 632
1990 2733 1999 2757 ·Ι
2018 2745 2051 2751 —-
2065 2732 2184 2759 Christus
2197 2733 2223 2757 in
2236 2734 2312 2758 horto

1675 2777 1844 2807 teneamus,
1873 2776 1899 2800 in
1928 2777 2002 2801 1101ιο
2031 2777 2161 2808 sepultus,
2181 2777 2208 2801 in
2237 2778 2312 2802 horto

1673 2824 1733 2852 post
1751 2819 1967 2845 resurrectionem
1987 2820 2109 2845 inventus
2129 2821 2174 2845 611
2200 2828 2226 2845 v.
2247 2821 2256 2846 1

1726 2864 1843 2890 uosxnm
1872 2877 1906 2882 —
1938 2864 2121 2896 iuterpretatur
2149 2865 2245 2897 gloria,
2272 2872 2310 2890 re-

1673 2909 1804 2940 demptio,
1836 2907 1950 2933 salvinca
1979 2908 2036 2933 sive
2067 2909 2170 2934 salvum
2201 2916 2244 2934 me
2273 2910 2312 2935 1110

1673 2953 1715 2978 Vll
1737 2951 1787 2978 494
1807 2953 1839 2978 59
1858 2965 1894 2971 --
1914 2958 1964 2978 vox
1989 2955 2028 2978 est
2041 2952 2202 2979 obsecrantis
2221 2956 2245 2979 ct
2266 2960 2311 2978 va—

1673 2998 1705 3022 let
1724 2997 1811 3029 salva,
1830 2995 1941 3022 obsecro
1969 2996 2002 3022 Vl
2024 2996 2074 3022 414
2096 2997 2127 3022 18
2147 3011 2182 3015 -
2201 3000 2239 3023 est
2258 3003 2309 3023 vox

1673 3041 1790 3067 laetantis
1820 3041 1860 3066 vel
1889 3040 2051 3067 obsecrantis
2072 3041 2113 3066 vll
2134 3041 2184 3067 494
2213 3041 2246 3066 53
2274 3054 2310 3060 --

1672 3085 1768 3111 indicat
1787 3085 1871 3116 magis
1890 3086 2010 3111 attactum
2030 3092 2110 3118 quum
2126 3086 2239 3118 aliquam
2253 3091 2310 3110 rem

1672 3128 1734 3155 ibid.
1753 3141 1788 3148 ——
1807 3129 1927 3154 Hosanna
1940 3132 2044 3155 cantant
2063 3130 2108 3162 qui
2122 3128 2269 3160 obsecrant,
2282 3131 2311 3154 ut

1671 3173 1805 3199 salventur
1824 3173 1849 3198 in
1868 3173 1945 3199 caelis
1964 3172 1996 3198 Vl
2017 3173 2067 3198 594
2088 3179 2114 3199 v.
2133 3174 2167 3199 13

1725 3217 1901 3243 Hosmrxtrrxs
1919 3231 1953 3235 —
1972 3216 2012 3242 Ad
2030 3223 2110 3249 opera
2139 3220 2165 3242 et
2184 3216 2309 3242 1101100013

1672 3260 1851 3292 hospitalitatis
1879 3260 2008 3286 debemus
2036 3266 2094 3286 esse
2123 3259 2238 3291 prompti
2267 3258 2310 3284 Vll

1673 3304 1723 3330 474
1738 3304 1752 3329 8
1765 3317 1797 3323 -·
1808 3304 1939 3336 Peregrini
1953 3304 1986 3330 ad
2001 3304 2142 3336 hospitium
2157 3310 2210 3329 non
2224 3303 2309 3329 solum

1671 3351 1732 3374 sunt
1757 3348 1884 3381 vocandi,
1909 3354 2002 3374 verum
2026 3348 2104 3374 etiam
2128 3346 2245 3373 trahendi
2275 3344 2309 3370 Vl

1673 3393 1718 3418 231
1743 3400 1768 3418 ν.
1791 3393 1831 3418 14.
1852 3393 1894 3418 Vll
1914 3393 1964 3418 596
1986 3393 2018 3418 36
