2427 3872
298 269 363 302 674

586 309 645 335 asp

350 358 487 383 Asremns
505 368 541 374 —
568 354 639 379 vitae
667 358 771 378 summa
797 350 939 384 requiritur

301 403 326 428 in
345 400 480 434 sequendo
499 398 632 425 Christum
652 397 695 422 Vll
711 396 761 422 463
777 395 804 420 41
836 393 896 420 Vide
914 400 941 420 v.

298 445 458 473 Auster-itas,

351 490 472 516 Assensus
489 501 525 507 -
542 486 608 512 liber
620 486 646 512 in
660 485 725 515 fide,
737 483 902 510 necessarius
915 482 940 508 in

298 533 522 562 demonstratione,
538 531 571 556 Vl
591 530 644 556 243
664 530 697 555 10

351 579 430 604 Asson
449 572 485 596 '—
508 578 569 601 sunt
594 573 782 606 impressiones
802 574 943 605 generatae

301 624 397 649 virtute
415 622 549 647 stellarum
578 619 620 645 Vll
640 618 691 644 533
712 617 740 643 41
765 631 800 636 -
822 615 942 648 multipli-

299 666 428 693 cabuntur
448 666 473 691 in
492 664 562 690 ssnali
581 663 679 689 iudicio
698 661 760 688 ibid.

354 712 480 737 Assuanus
498 723 534 728 —
552 708 681 740 significat
697 706 829 733 Christum
843 705 876 731 Vl
891 704 943 730 545

301 757 326 782 6.
346 756 389 781 Vll
408 754 460 780 265
481 754 513 779 42

355 800 479 825 Assumio
497 812 533 817 —
551 796 645 823 Christi
664 796 760 822 dicitur
779 794 878 827 passio,
896 800 944 826 per

302 851 383 878 quam
403 842 517 870 debebat
536 841 635 867 assumi
654 841 679 866 in
703 840 805 866 caelum
825 841 886 871 post
903 844 945 863 re-

302 888 489 915 surrectionem
509 887 553 912 Vll
573 886 623 911 246
643 885 677 911 95
691 898 726 903 -
744 884 833 910 Falsae
846 889 945 908 assum-

302 934 385 960 tiones
403 931 462 959 vide
480 939 504 958 v.
524 929 702 958 Conscientia.

356 978 454 1003 Arnim
484 990 517 995 —
546 976 665 1008 Quatuor
693 973 758 999 atria
789 972 880 1004 templi
913 971 945 996 Vl

303 1021 355 1047 275
374 1021 407 1047 27

355 1066 482 1091 Arsen-rio
501 1078 536 1083 —
555 1062 681 1089 excitatur
709 1061 846 1087 iteratione
871 1067 947 1086 voca-

304 1110 381 1136 tionis
400 1110 444 1135 Vll
465 1108 516 1134 274
535 1108 564 1133 71

356 1146 510 1180 ᾸττῐιΑιιειιΕ
529 1166 565 1171 -
577 1151 658 1177 Amor
671 1150 777 1176 attrahit
790 1150 832 1175 Vll
847 1149 894 1175 331
911 1141 958 1174 72Ι

305 1213 340 1217 -
358 1199 429 1224 Deus
447 1204 496 1223 nos
515 1195 620 1222 attrahit
648 1202 695 1227 per
725 1195 819 1220 multas
841 1194 946 1219 misera-

307 1244 388 1269 tiones
408 1242 440 1268 Vl
461 1241 512 1267 567
532 1241 548 1267 5

358 1288 461 1313 Aucron
486 1301 522 1304 —
546 1284 745 1312 Commendatio
773 1284 888 1310 auctoris
911 1290 948 1308 re-

306 1332 406 1358 dundat
425 1332 451 1356 in
471 1338 548 1363 opus,
567 1334 593 1356 et
611 1328 806 1356 commendatio
820 1328 909 1360 operis
922 1328 948 1353 in

307 1379 441 1402 auctorem
462 1376 495 1400 Vl
514 1375 565 1401 239
587 1375 597 1399 1

360 1421 517 1447 AucroniTAs
536 1434 570 1437 —
589 1421 698 1451 generat
726 1418 805 1444 fidem
835 1417 868 1443 Vt
897 1416 949 1442 243

313 1466 350 1491 10.
371 1465 423 1491 424
441 1465 470 1490 71
494 1478 531 1483 -
549 1464 637 1489 Βο11115
666 1465 757 1488 auctor
777 1462 837 1487 facit
855 1461 951 1493 iidem,

308 1511 392 1536 malus
410 1512 501 1535 auctor
519 1509 615 1534 nullam
636 1508 715 1533 fidem
735 1508 751 1532 8
771 1513 785 1532 a
805 1513 862 1538 arg.
882 1506 896 1530 3
917 1519 952 1523 —

311 1562 407 1587 magna
427 1555 508 1580 oritur
521 1560 552 1579 ex
566 1554 633 1578 fama
653 1555 679 1577 et
691 1559 723 1577 ex
736 1550 883 1576 reverentia
898 1557 953 1575 ma-

310 1606 424 1632 gnorum
445 1599 495 1624 163
514 1605 540 1623 v.
562 1598 594 1622 10
614 1611 649 1614 —
663 1598 779 1622 humana
798 1601 877 1626 saepe
897 1601 954 1626 par-

311 1651 374 1670 vum
394 1643 474 1668 habet
492 1641 574 1667 robur
594 1641 645 1666 243
667 1641 700 1665 10
725 1653 759 1658 -
779 1645 869 1664 530130
888 1638 954 1664 Scri-

311 1692 404 1721 pturae
423 1693 548 1718 magnam
568 1684 647 1711 habet
666 1684 815 1710 firmitatem
836 1682 897 1709 ibid.
918 1696 953 1702 —

311 1733 388 1766 Quod
408 1739 460 1757 non
480 1730 558 1756 habet
586 1729 766 1755 auctoritatem
787 1728 821 1754 de
841 1727 955 1760 Scriptu-

312 1777 348 1802 ris
367 1776 460 1802 eadem
480 1775 594 1806 ratione,
613 1780 666 1806 qua
686 1772 826 1805 probatur,
845 1772 955 1798 destrui—

312 1825 355 1847 tur
374 1820 426 1845 305
448 1820 488 1845 15.
509 1819 561 1844 529
581 1818 614 1844 53

365 1879 400 1883 -
419 1863 606 1897 appropriatur
625 1862 692 1888 Patri
717 1862 750 1887 Vl
779 1861 830 1887 424
855 1861 885 1887 71
920 1876 955 1879 -

313 1910 388 1935 Pater
407 1908 486 1934 habet
505 1908 686 1933 auctoritatem
700 1910 821 1939 respectu
833 1906 889 1932 Filii
903 1905 954 1932 445

315 1954 347 1979 47
367 1953 396 1979 2·
416 1967 448 1971 —
468 1956 507 1978 est
527 1952 552 1978 in
572 1953 647 1977 Patre
671 1954 697 1977 et
716 1950 910 1977 subauctoritas
929 1950 954 1976 in

313 1998 376 2024 Filio
395 1998 452 2023 sine
471 1997 619 2023 minoritate
638 1995 690 2022 247
710 1997 725 2022 3

366 2057 401 2061 —
421 2042 498 2068 datur
517 2049 565 2074 per
584 2041 736 2067 missionem
761 2041 804 2066 Vll
824 2039 874 2066 217
895 2040 922 2071 3,
941 2039 955 2065 4

312 2101 348 2106 -
372 2087 552 2119 Despicientes
578 2086 761 2112 auctoritatem
785 2085 956 2117 apostolicam

315 2132 400 2165 magis
412 2131 564 2164 peccabant
582 2131 634 2156 257
655 2130 687 2156 14

367 2177 477 2202 Aunrrus
496 2189 531 2195 -—
549 2175 686 2207 potissime
704 2173 781 2200 nobis
794 2173 911 2200 deservit
923 2174 958 2200 ad

316 2220 531 2253 cognoscendum
553 2220 593 2245 Vll
613 2219 647 2245 50
667 2219 701 2244 25
720 2233 755 2238 -
768 2219 896 2250 plurimas
910 2225 957 2244 no-

316 2265 358 2291 bis
385 2264 544 2291 differentias
572 2263 686 2289 ostendit
713 2263 748 2289 75
768 2263 801 2288 39
820 2276 856 2281 -
884 2262 957 2289 Circa

318 2310 436 2336 auditum
457 2309 571 2334 maxime
598 2308 671 2340 viget
696 2307 833 2333 curiositas
852 2307 903 2332 568
926 2308 953 2333 11

316 2367 353 2372 -
371 2352 477 2378 Auditui
497 2351 616 2378 serviunt
644 2350 739 2376 curiosi
760 2350 791 2376 Vl
808 2350 863 2387 [558
885 2351 894 2375 1
925 2364 960 2370 -

319 2399 343 2423 111
363 2397 453 2423 auditu
473 2403 525 2422 non
544 2399 583 2422 est
601 2398 672 2421 tanta
696 2395 831 2427 corruptio
850 2402 899 2420 nec
918 2394 960 2420 de-

318 2442 420 2468 lectatio
439 2441 507 2467 sicut
525 2441 550 2466 in
570 2443 639 2466 tactu
659 2442 685 2465 et
703 2442 782 2471 gustu
797 2439 830 2464 23
850 2447 877 2472 q.
898 2439 907 2464 1
925 2452 961 2458 —-

319 2488 399 2512 Senes
417 2492 471 2511 non
491 2488 600 2517 possunt
618 2484 710 2510 audire
738 2484 788 2509 alta
808 2490 857 2509 nec
881 2489 961 2509 voces

320 2537 430 2557 sonoras
448 2530 482 2555 93
503 2537 529 2554 v.
551 2529 565 2554 4

371 2588 407 2594 —
426 2573 533 2605 respicit
556 2573 727 2605 locutionem,
748 2580 799 2598 non
820 2572 907 2604 ipsum
928 2573 961 2597 lo-

320 2621 445 2651 quentem
472 2618 504 2643 Vl
533 2617 579 2642 331
603 2616 638 2642 78
657 2631 690 2635 -
711 2616 832 2642 Doctrina
857 2616 963 2648 respicit

321 2663 441 2689 auditum
465 2661 496 2687 17
516 2668 542 2694 q.
563 2662 578 2687 2

376 2721 410 2725 -
429 2706 507 2732 Surdi
524 2705 635 2731 audiunt
646 2705 671 2730 in
685 2704 801 2730 adventu
813 2703 907 2730 Christi
921 2703 963 2728 Vll

324 2752 375 2777 175
395 2751 428 2777 40

376 2809 411 2815 -
431 2795 489 2821 Μ311
508 2795 619 2826 possunt
637 2792 729 2818 audire
754 2792 799 2817 Dei
824 2798 917 2817 vocem
938 2791 963 2816 in

324 2839 440 2865 subiecta
460 2841 579 2865 creatura
600 2838 632 2863 Vl
653 2837 703 2863 316
724 2836 758 2861 70
778 2850 814 2855 -
832 2836 902 2861 Deus
921 2835 966 2861 do-

324 2887 365 2909 cet
383 2890 430 2916 per
449 2883 578 2913 auditum,
592 2882 639 2908 sed
654 2888 706 2907 non
725 2881 830 2907 videtur
850 2880 902 2906 330
922 2879 966 2905 69.

326 2929 372 2954 331
396 2928 431 2953 78

378 2986 414 2991 -
433 2971 601 2998 Audiendum
620 2978 680 2997 cum
701 2970 829 2996 modestia
842 2971 868 2995 et
880 2975 967 3001 prom-

327 3019 372 3048 pte
390 3017 433 3042 Vll
453 3017 486 3042 23
506 3016 540 3042 50
553 3029 588 3035 -
604 3015 772 3041 Audiendum
793 3021 853 3040 cum
873 3019 966 3039 concu-

328 3060 452 3093 piscentia
472 3059 534 3086 ibid.
557 3060 589 3085 67
610 3060 656 3085 101
674 3075 709 3078 -
723 3058 891 3085 Audiendum
906 3064 967 3089 pro-

329 3108 385 3137 pter
404 3104 601 3130 instructionem
631 3104 725 3130 mentis
751 3104 797 3129 121
822 3102 855 3129 34
874 3116 910 3121 -
929 3104 968 3127 051

328 3149 478 3176 exercitium
499 3148 656 3174 addiscentis
669 3148 702 3174 67
717 3148 762 3173 101
786 3162 821 3167 -
835 3147 910 3173 Prius
923 3153 969 3171 au-

330 3194 455 3220 diendum
474 3200 555 3226 quam
575 3193 737 3226 loquendum
757 3193 790 3218 23
805 3192 848 3218 50.
862 3191 913 3217 593
934 3190 968 3216 22

381 3253 417 3256 -
438 3237 524 3263 Verba
543 3237 687 3269 sapientiae
706 3239 767 3263 sunt
785 3235 915 3262 audienda
935 3234 968 3260 Vl

329 3282 363 3307 79
382 3289 411 3308 ν.
430 3282 462 3307 16
482 3296 515 3301 —-
536 3281 672 3308 Audienda
692 3284 718 3307 et
736 3280 904 3313 intelligenda
931 3285 970 3305 sa·

330 3326 426 3358 pientia
446 3325 497 3351 144
516 3333 542 3351 v.
557 3327 572 3352 2
586 3340 621 3344 —
634 3325 722 3351 Verba
735 3324 890 3351 eruditionis
903 3323 970 3350 divi-

332 3377 380 3396 nae
398 3378 451 3396 non
464 3370 636 3402 negligenter,
649 3369 698 3396 sed
710 3369 848 3402 diligenter
861 3368 970 3395 audien·

332 3414 365 3440 da
385 3414 427 3440 Vll
450 3414 499 3439 197
519 3413 552 3439 27
566 3428 601 3432 -
613 3413 730 3440 Christus
745 3413 893 3439 audiendus
906 3418 967 3439 cum

1165 258 1279 292 INDEX
1304 257 1432 290 RERUM

978 348 1111 375 desiderio
1131 348 1164 373 99
1182 347 1215 373 44
1229 360 1265 366 --
1277 346 1396 373 Christus
1408 344 1557 371 audiendus
1570 346 1622 370 stu-

978 393 1022 419 dio
1041 392 1186 424 sapientiae
1211 390 1262 416 540
1283 391 1316 416 60
1336 404 1371 410 -
1390 388 1520 422 Sapientia
1540 388 1622 414 incar-

978 440 1038 463 nata
1058 437 1196 468 diligenter
1220 435 1351 461 audIenda
1371 433 1422 460 424
1442 434 1485 460 59.
1511 433 1562 458 500
1586 431 1622 457 75

978 495 1013 501 -
1033 482 1090 507 Non
1103 480 1234 507 debemus
1247 486 1304 505 esse
1318 478 1399 511 tepidi
1412 478 1445 504 ad
1458 476 1621 503 audiendum

979 526 1046 552 sicut
1065 525 1154 551 ludaei
1174 525 1225 550 300
1246 524 1279 549 69

1033 584 1066 588 -
1086 567 1315 601 praedicatoribus
1328 565 1367 592 e'st
1380 564 1624 592 accommodandus

981 614 1024 640 Vll
1043 613 1094 643 258
1115 614 1148 639 18
1167 628 1203 631 -
1222 612 1350 638 Fidelium
1369 613 1408 636 est
1421 610 1518 636 divinis
1535 608 1625 634 verbis

980 658 1115 684 intendere
1135 657 1186 683 257
1216 657 1249 682 15
1267 670 1304 675 -
1322 655 1444 681 Doctrina
1464 653 1625 686 praedicato-

980 710 1040 728 rum
1059 709 1074 728 a
1094 701 1218 728 fidelibus
1245 703 1396 732 acceptatur
1419 706 1480 725 cum
1504 704 1626 724 mansue-

981 747 1072 773 tudine
1084 749 1110 772 et
1120 745 1243 779 patientia
1257 744 1319 771 ibid.
1334 759 1367 762 —
1378 744 1429 769 Lex
1442 745 1481 769 est
1494 742 1625 768 audienda

981 799 1031 824 pro
1059 790 1242 823 magnitudine
1273 788 1449 818 auctoritatis,
1481 787 1626 819 Prophetae

982 843 1031 868 pro
1044 835 1200 861 certitudine
1212 833 1330 859 veritatis
1344 832 1395 858 424
1409 832 1442 858 59
1462 845 1498 851 -
1511 831 1561 864 Qui
1573 837 1625 856 non

983 880 1092 906 audiunt
1117 878 1256 911 Apostolos
1279 880 1306 903 et
1322 868 1518 908 evangelistas,
1545 875 1626 900 immo

982 931 1030 950 nec
1049 925 1134 956 ipsam
1154 923 1314 956 Sapientiam
1328 922 1501 952 incarnatam,
1517 926 1627 952 prorsus

984 967 1174 994 inexcusabiles
1192 970 1253 993 sunt
1271 965 1333 992 ibid.
1353 979 1389 985 —
1407 965 1456 998 Qui
1479 971 1531 990 non
1554 963 1628 989 audit

984 1016 1063 1039 testes
1082 1019 1097 1038 a
1126 1013 1180 1038 Deo
1208 1011 1304 1037 missos
1331 1010 1469 1036 veritatem
1489 1008 1536 1034 Dei
1564 1015 1628 1033 con—

985 1057 1078 1083 temnit
1098 1056 1149 1082 425
1170 1056 1198 1081 61
1217 1069 1253 1075 --
1265 1054 1384 1081 Christus
1403 1054 1510 1080 auditur
1529 1055 1554 1079 et
1567 1059 1629 1078 con-

984 1101 1109 1128 temnitur
1128 1101 1155 1126 in
1174 1100 1266 1126 auditu
1291 1102 1317 1125 et
1341 1101 1493 1130 contemptu
1516 1096 1629 1128 discipu-

984 1146 1069 1172 lorum
1089 1145 1141 1171 260
1162 1145 1195 1170 26
1216 1159 1248 1164 -
1270 1144 1341 1170 Multi
1360 1142 1480 1175 discipuli
1500 1148 1554 1167 non
1573 1143 1629 1173 pot·

985 1193 1059 1217 erant
1077 1190 1170 1216 audire
1188 1195 1338 1215 sermonem
1359 1187 1463 1217 Christi,
1477 1186 1539 1219 quia
1552 1191 1630 1211 aures

985 1242 1078 1261 eorum
1099 1237 1260 1267 aggravatae
1279 1235 1355 1259 erant
1374 1233 1406 1258 Vl
1427 1231 1478 1257 336
1498 1230 1531 1255 96

1039 1294 1073 1298 -
1103 1280 1208 1305 Frustra
1236 1277 1350 1303 verbum
1379 1275 1550 1308 proponitur,
1580 1273 1631 1299 nisi

987 1325 1055 1351 adsit
1083 1324 1188 1350 auditor
1217 1323 1259 1348 Vll
1281 1322 1331 1347 189
1351 1322 1367 1346 2
1392 1334 1427 1339 -
1446 1320 1502 1346 Non
1530 1318 1631 1351 praedi-

987 1369 1117 1400 candum,
1136 1368 1181 1393 ubi
1201 1374 1254 1393 non
1273 1369 1312 1392 est
1331 1365 1462 1397 capacitas
1480 1363 1631 1389 auditorum

987 1414 1022 1440 ad
1035 1413 1197 1439 credendum
1208 1415 1233 1437 et
1243 1410 1442 1443 suscipiendum
1456 1407 1569 1434 verbum
1581 1406 1632 1432 239

989 1459 1021 1484 69
1041 1472 1077 1477 -—
1095 1458 1146 1483 Pro
1173 1456 1318 1488 capacitate
1341 1453 1504 1480 audientium
1529 1452 1633 1484 dispen-

989 1503 1103 1529 sandum
1132 1504 1171 1527 est
1190 1500 1303 1526 verbum
1324 1500 1357 1524 99
1379 1499 1420 1524 43.
1441 1497 1492 1524 224
1514 1498 1556 1523 28.
1581 1496 1632 1521 327

991 1548 1024 1573 62
1046 1561 1079 1565 -
1099 1547 1148 1572 Ρ10
1162 1545 1314 1572 diversitate
1342 1542 1505 1569 audientium
1527 1540 1634 1567 diversi-

992 1592 1088 1617 modus
1102 1593 1141 1617 est
1153 1597 1241 1616 sermo
1255 1590 1396 1615 doctorum
1415 1588 1462 1613 152
1483 1587 1526 1612 63.
1549 1586 1599 1611 190
1617 1586 1633 1611 7

1045 1650 1080 1654 -
1099 1634 1174 1661 verbi
1193 1634 1276 1660 divini
1295 1632 1419 1659 omnibus
1432 1631 1591 1662 attribuitur,
1605 1633 1633 1656 ut

991 1681 1078 1706 nullus
1097 1679 1181 1712 possit
1199 1686 1228 1704 se
1247 1684 1372 1704 excusare
1392 1677 1433 1702 Vll
1455 1676 1504 1702 194
1525 1676 1558 1701 20

1047 1740 1081 1743 -
1100 1724 1199 1750 Audire
1218 1726 1257 1749 est
1275 1723 1387 1749 amantis
1406 1722 1450 1747 Vll
1470 1722 1503 1746 28
1523 1720 1558 1746 75

1045 1783 1081 1789 -
1100 1769 1151 1802 Qui
1179 1768 1253 1794 audit
1280 1767 1394 1793 verbum
1423 1765 1517 1792 Christi
1546 1772 1574 1791 se
1602 1764 1636 1790 ad

993 1814 1073 1840 iidem
1101 1813 1217 1845 disponit
1244 1812 1277 1838 Vl
1308 1812 1355 1837 311
1387 1810 1419 1836 48
1439 1823 1474 1829 -—-
1494 1810 1545 1842 Qui
1563 1809 1637 1835 audit

993 1865 1056 1884 aure
1075 1858 1163 1884 cordis
1188 1857 1271 1883 credit
1300 1856 1350 1881 166
1372 1855 1395 1881 4.
1417 1855 1468 1880 369
1492 1855 1525 1879 32
1544 1868 1579 1875 --
1598 1856 1637 1879 est

993 1903 1035 1928 via
1056 1903 1089 1928 ad
1109 1902 1272 1928 credendum
1293 1901 1344 1926 289
1369 1901 1401 1926 38
1422 1913 1457 1918 —
1476 1898 1574 1933 Audire
1598 1898 1637 1923 in—

994 1947 1160 1980 telligibiliter
1179 1949 1218 1972 est
1237 1946 1308 1972 idem
1327 1944 1401 1978 quod
1414 1944 1506 1970 videre
1518 1943 1638 1974 intelligi-

994 1992 1079 2018 biliter
1095 1992 1141 2017 331
1165 1991 1200 2016 78
1220 2003 1255 2008 —-
1274 1992 1314 2015 est
1332 1992 1429 2015 attente
1447 1994 1575 2021 quaerere
1595 1986 1637 2012 Vll

996 2037 1093 2063 19213
1115 2051 1149 2054 -
1169 2035 1229 2061 ssdei
1249 2034 1365 2067 disponit
1384 2033 1418 2059 ad
1438 2032 1637 2064 intelligentiam

995 2081 1029 2107 54
1043 2081 1076 2107 43
1096 2094 1131 2100 -
1150 2080 1249 2106 Audire
1262 2082 1301 2105 est
1314 2077 1483 2110 spiritualiter
1495 2077 1639 2108 intelligere

997 2126 1047 2151 164
1067 2125 1127 2151 106.
1149 2125 1199 2150 192
1223 2125 1254 2150 13
1273 2137 1309 2142 -
1328 2122 1426 2149 Audire
1444 2125 1483 2148 est
1502 2128 1549 2154 per
1563 2120 1640 2152 inspi-

995 2170 1123 2196 rationem
1137 2169 1266 2194 internam
1288 2168 1319 2193 Vl
1339 2167 1391 2193 287
1411 2167 1453 2193 52.
1468 2167 1520 2192 330
1534 2165 1634 2191 69.331

995 2214 1029 2240 78
1050 2229 1085 2232 -
1104 2213 1202 2239 Audire
1220 2216 1259 2239 est
1278 2212 1369 2239 auditu
1398 2210 1533 2243 exteriori,
1553 2209 1641 2235 intelli·

997 2267 1061 2293 gere
1080 2260 1170 2286 auditu
1191 2259 1309 2285 interiori
1324 2258 1374 2284 144
1390 2265 1418 2283 v.
1432 2258 1447 2283 2
1461 2270 1496 2276 -
1510 2254 1641 2282 Audiendi

997 2306 1100 2337 primus
1119 2304 1218 2337 gradus
1237 2307 1277 2329 est
1301 2304 1327 2329 in
1356 2301 1489 2328 audiendo
1514 2300 1641 2332 exterius,

997 2349 1130 2375 secundus
1155 2349 1180 2374 in
1208 2348 1356 2379 credendo,
1381 2347 1472 2372 tertius
1500 2346 1526 2371 in
1552 2343 1641 2370 intelli-

998 2394 1086 2426 gendo
1107 2394 1148 2419 Vll
1169 2394 1219 2419 192
1241 2393 1273 2418 13
1293 2406 1329 2412 -
1348 2390 1460 2417 Habenti
1479 2388 1641 2415 desiderium

998 2438 1124 2464 audiendi
1144 2437 1261 2463 verbum
1278 2437 1335 2464 Dei,
1349 2435 1456 2462 dabitur
1484 2440 1578 2460 sensus
1605 2432 1642 2458 in-

999 2482 1132 2515 telligendi
1152 2482 1203 2507 486
1223 2482 1257 2507 39

1052 2540 1089 2546 ——-
1107 2526 1274 2552 Audiendum
1295 2528 1334 2551 est
1353 2523 1467 2550 verbum
1488 2522 1534 2548 Dei
1554 2521 1589 2547 ad
1607 2521 1643 2546 in-

1000 2571 1185 2606 telligendum,
1213 2570 1247 2596 ad
1276 2569 1439 2595 credendum
1467 2572 1493 2592 et
1521 2566 1555 2592 ad
1583 2565 1644 2591 obe-

1000 2615 1127 2641 diendum
1148 2615 1178 2640 Vl
1199 2614 1250 2640 564
1265 2614 1290 2644 3,
1310 2613 1325 2639 4
1346 2627 1379 2631 —
1398 2611 1518 2638 Verbum
1539 2610 1584 2636 Dei
1597 2617 1644 2636 au-

1001 2659 1127 2684 diendum
1157 2658 1307 2684 obediendo
1337 2657 1370 2682 42
1399 2663 1425 2681 v.
1451 2655 1483 2681 17
1502 2668 1538 2674 -—
1566 2655 1644 2680 Recte

1002 2703 1112 2728 audiunt
1130 2702 1177 2735 qui
1204 2701 1328 2731 audiunt,
1357 2704 1385 2726 ut
1415 2699 1508 2725 faciant
1532 2698 1583 2724 343
1610 2699 1639 2724 21

1004 2760 1037 2764 -
1056 2747 1136 2771 Recte
1164 2745 1275 2771 audiunt
1294 2745 1340 2777 qui
1359 2744 1448 2770 audita
1467 2745 1644 2776 exsequuntur

1003 2790 1046 2815 Vll
1067 2791 1118 2815 198
1139 2790 1172 2815 33
1192 2803 1225 2807 -
1246 2788 1295 2820 Qui
1315 2788 1388 2814 audit
1406 2791 1432 2813 et
1451 2794 1501 2813 non
1523 2787 1582 2813 13011
1597 2794 1644 2820 per

1003 2834 1191 2866 negligentiam
1220 2831 1434 2865 reprehensibilis
1461 2835 1500 2857 est
1523 2832 1573 2857 165
1594 2832 1643 2858 109

1005 2893 1038 2897 -
1058 2879 1113 2904 Νο11
1132 2877 1225 2903 audire
1244 2877 1366 2902 dicuntur
1380 2876 1424 2909 qui
1438 2875 1521 2901 verbo
1534 2876 1579 2902 Dei
1594 2884 1644 2902 non

1005 2922 1155 2953 intendunt,
1175 2921 1198 2947 ei
1217 2928 1269 2947 non
1290 2921 1408 2952 credunt,
1428 2921 1469 2946 vel
1483 2920 1507 2946 ei
1521 2928 1571 2946 non
1586 2920 1645 2946 obe·

1004 2967 1080 2994 diunt
1093 2967 1125 2992 Vl
1140 2966 1191 2992 564
1212 2965 1227 2991 4
1241 2979 1276 2984 -
1289 2965 1387 2991 Audire
1399 2968 1439 2990 est
1456 2972 1502 2997 per
1521 2964 1647 2991 obedien-

1005 3012 1067 3038 tiam
1087 3012 1139 3038 583
1164 3011 1202 3036 10.
1222 3010 1264 3035 Vll
1281 3009 1331 3035 164
1352 3009 1412 3034 106.
1431 3010 1482 3035 382
1502 3010 1525 3035 3.
1548 3009 1598 3035 425
1612 3010 1640 3038 61

1004 3070 1040 3076 -
1064 3056 1154 3082 Μο11115
1182 3054 1331 3086 intelligunt
1358 3053 1495 3079 veritatem
1524 3054 1647 3080 facientes

1005 3107 1086 3134 quam
1106 3099 1243 3126 audientes
1262 3098 1305 3124 Vll
1325 3097 1376 3123 597
1397 3098 1429 3123 38

1058 3158 1094 3164 -
1115 3144 1235 3170 Doctrina
1254 3142 1348 3169 Christi
1376 3145 1416 3168 est
1434 3142 1563 3168 audienda
1583 3149 1647 3169 aure

1006 3189 1102 3221 cordis,
1121 3195 1183 3215 cum
1201 3187 1274 3214 omni
1292 3186 1447 3218 reverentia,
1460 3186 1608 3213 obedientia
1622 3189 1648 3212 et

1007 3233 1140 3266 diligentia
1169 3232 1211 3258 Vll
1240 3232 1295 3257 238.
1312 3231 1345 3256 66
1365 3244 1401 3250 -
1419 3231 1468 3263 Qui
1487 3238 1539 3257 non
1559 3234 1598 3257 est
1615 3238 1647 3257 ex

1008 3274 1061 3304 Ded
1081 3285 1129 3310 per
1147 3276 1356 3303 conformitatem
1375 3275 1514 3301 voluntatis
1527 3282 1580 3301 non
1593 3278 1647 3307 pot-

1007 3326 1047 3348 est
1058 3322 1151 3348 andire
1164 3320 1245 3347 verba
1260 3320 1305 3346 Dei
1318 3326 1382 3345 aure
1395 3320 1481 3345 cordis
1491 3320 1524 3346 Vl
1538 3319 1589 3345 367
1604 3319 1647 3345 64.

1009 3367 1059 3393 369
1078 3366 1123 3393 72.
1142 3366 1194 3392 564
1208 3365 1232 3391 4.
1247 3365 1290 3390 Vl'l
1304 3364 1337 3390 28
1350 3364 1393 3389 75,
1410 3364 1459 3389 153
1475 3364 1509 3390 65
1523 3377 1557 3383 -
1571 3363 1648 3390 Audi-

1009 3414 1078 3437 tores
1096 3414 1157 3437 sunt
1175 3410 1312 3436 credentes
1324 3411 1349 3434 et
1362 3407 1523 3439 obedientes,
1536 3408 1581 3441 qui
1595 3414 1647 3434 non

1946 297 2012 324 AUG

1659 344 1745 369 solum
1764 349 1827 368 aure
1845 342 1976 374 corporis,
2000 341 2048 368 sed
2075 341 2162 367 cordis
2191 340 2301 366 audiunt

1660 387 1703 413 Vll
1718 387 1768 412 153
1782 387 1816 412 65
1830 400 1865 406 -
1877 386 1966 412 Verba
1986 385 2080 412 Christi
2094 392 2147 411 non
2159 385 2243 411 solum
2257 391 2300 410 au-

1660 431 1756 457 dienda
1775 431 1865 464 quoad
1888 433 1984 456 sonum
2003 429 2137 460 vocalem,
2157 428 2204 455 sed
2223 428 2301 454 etiam

1660 475 1749 509 quoad
1769 475 1927 500 intellectum
1955 474 2118 506 spiritualem
2137 476 2163 499 et
2180 473 2302 498 effectum

1661 520 1686 546 in
1706 526 1787 552 opere
1807 519 1853 545 381
1878 519 1912 544 69
1932 532 1967 537 -
1986 518 2036 551 Qui
2051 517 2124 544 audit
2143 516 2225 543 verba
2238 517 2303 543 salu-

1661 564 1693 590 tis
1712 566 1829 596 oportet,
1848 563 1922 596 quod
1941 563 2050 595 impleat
2062 569 2110 594 per
2122 561 2221 587 bonam
2240 568 2303 593 ope-

1662 609 1790 635 rationem
1812 607 1863 634 144
1883 608 1915 633 38

1716 668 1751 672 -
1770 652 1820 686 Qui
1840 651 1952 678 audierit
1971 651 2113 677 Dominum
2133 650 2266 677 credendo
2279 652 2304 676 et

1662 697 1812 724 obediendo
1823 697 1912 723 salvus
1923 697 1972 722 erit
1981 695 2016 721 ab
2026 695 2138 721 inimicis
2152 695 2195 721 Vll
2208 694 2241 720 40
2253 695 2299 720 131

1663 756 1698 761 -
1723 743 1816 768 Sermo
1844 740 1939 767 Christi
1966 740 2084 765 vivificat
2107 739 2243 766 audientes
2271 738 2302 763 Vl

1664 787 1710 812 311
1728 786 1760 812 49
1772 801 1807 804 -
1817 785 1933 811 Audiens
1943 784 2056 810 verbum
2068 784 2202 810 doctrinae
2212 783 2306 810 Christi

1663 831 1729 857 vivit
1743 831 1796 856 vita
1809 830 1911 863 gratiae
1924 829 1975 856 564
1990 836 2015 855 v.
2031 829 2046 854 5
2059 843 2095 848 -
2107 828 2207 854 Audire
2224 827 2306 853 verba

1664 875 1758 901 Christi
1785 878 1824 900 est
1850 874 1994 900 maximum
2014 872 2172 899 beneficium
2191 872 2235 898 Vll
2254 872 2306 898 265

1666 920 1699 945 42
1718 933 1754 938 -
1778 920 1873 945 Beatus
1891 918 1938 951 qui
1956 917 2030 944 audit
2048 916 2130 943 verba
2149 916 2243 943 Christi
2263 908 2308 942 1111-

1664 964 1760 989 militer
1779 966 1805 989 et
1823 962 2036 995 obtemperanter
2053 960 2117 988 ibid.
2137 975 2173 980 —
2191 961 2241 993 Qui
2265 967 2309 986 au-

1665 1008 1742 1034 diunt
1760 1007 1873 1033 verbum
1893 1007 1939 1033 Dei
1958 1010 1984 1032 et
2000 1006 2127 1032 obediunt
2145 1008 2206 1031 sunt
2224 1004 2307 1036 beati,

1666 1060 1719 1078 non
1737 1052 1871 1078 auditores
1889 1054 1990 1078 tantum
2010 1050 2061 1077 207
2081 1051 2115 1076 62

1724 1111 1758 1115 —
1776 1096 1916 1122 Auditores
1934 1098 2062 1121 vocantur
2081 1097 2179 1120 matres
2200 1101 2216 1119 a
2240 1092 2309 1120 Chri-

1667 1144 1719 1172 sto,
1749 1141 1774 1166 in
1798 1143 1925 1174 quantum
1955 1147 2002 1172 per
2030 1139 2219 1170 documentum
2245 1138 2310 1163 alios

1668 1188 1794 1218 generant
1808 1185 1851 1210 Vll
1867 1185 1917 1210 198
1931 1185 1965 1210 32
1977 1198 2012 1202 -
2024 1184 2164 1210 Auditores
2182 1185 2310 1209 vocantur

1668 1231 1760 1256 fratres
1784 1229 1887 1260 Christi,
1905 1229 1939 1267 ,in
1963 1231 2092 1261 quantum
2121 1234 2168 1259 per
2196 1226 2311 1252 verbum

1668 1276 1827 1311 generantur
1846 1276 1872 1298 et
1890 1273 1936 1298 fllii
1954 1273 2001 1298 Dei
2023 1272 2088 1298 flunt
2106 1271 2168 1298 ibid.
2186 1286 2222 1290 —
2240 1270 2312 1297 Reci-

1669 1320 1771 1352 pientes
1784 1326 1874 1345 semen
1887 1318 1937 1350 ipsi
1955 1317 2078 1344 dicuntur
2096 1323 2186 1342 semen
2207 1316 2257 1342 194
2279 1316 2310 1342 18

1722 1377 1758 1382 -
1776 1363 1885 1389 Auditor
1904 1362 2039 1388 doctrinae
2051 1361 2220 1393 evangelicae
2233 1360 2312 1387 debet
2365 1363 2369 1364 ⁷

1670 1416 1728 1434 esse
1747 1408 1867 1439 humilis,
1886 1407 1957 1433 mitis
1975 1410 2001 1433 et
2020 1406 2104 1432 tidelis
2123 1406 2166 1432 Vll
2195 1405 2210 1431 4
2236 1406 2251 1431 6
2277 1420 2313 1424 -—

1670 1453 1811 1479 Auditores
1824 1452 1887 1478 boni
1900 1451 1998 1478 debent
2009 1451 2144 1484 requirere
2157 1450 2313 1483 sapientiam

1671 1498 1758 1524 studio
1787 1497 1976 1529 meditationis,
2006 1496 2096 1522 venire
2124 1495 2158 1521 ad
2180 1494 2312 1521 Christum

1672 1542 1803 1569 desiderio
1822 1542 1979 1572 affectionis,
1992 1541 2112 1567 detinere
2124 1539 2246 1566 instantia
2258 1546 2314 1565 ora-

1672 1587 1762 1620 tionis,
1783 1587 1884 1613 irruere
1896 1586 1997 1618 impetu
2011 1584 2174 1616 devotionis,
2193 1583 2313 1610 comitari

1672 1632 1856 1658 conformitate
1875 1630 1961 1657 bonae
1980 1630 2154 1663 operationis,
2167 1629 2242 1662 sequi
2256 1628 2316 1654 imi-

1673 1677 1770 1703 tatione
1789 1675 1918 1709 passionis
1940 1675 1991 1701 115
2011 1675 2026 1700 8

1725 1735 1761 1741 -
1780 1722 1898 1754 Quatuor
1917 1722 1979 1746 sunt
1997 1726 2093 1751 genera
2109 1718 2273 1749 auditorum,
2288 1717 2313 1743 in

1673 1766 1770 1800 quibus
1790 1764 1970 1792 diversimode
1989 1763 2131 1796 suscipitur
2144 1769 2234 1788 semen
2252 1761 2316 1788 divi-

1673 1817 1768 1836 norum
1788 1810 1956 1842 eloquiorum
1970 1808 2014 1833 Vll
2032 1808 2082 1832 193
2104 1806 2137 1832 17
2150 1820 2186 1826 -
2199 1807 2317 1838 Quatuor

1674 1862 1771 1887 genera
1791 1854 1942 1880 auditorum
1961 1851 2056 1878 similia
2075 1853 2135 1877 sunt
2148 1854 2233 1876 terrae
2244 1850 2315 1876 diffe-

1673 1903 1762 1926 renter
1790 1898 1926 1931 recipienti
1954 1902 2045 1923 semen
2075 1896 2124 1921 109
2153 1895 2171 1921 7
2196 1909 2231 1914 -
2249 1894 2318 1921 Obli-

1674 1945 1741 1971 viosi
1761 1944 1885 1973 audiunt,
1904 1942 1953 1968 sed
1981 1948 2033 1967 non
2062 1940 2173 1966 retinent
2200 1938 2262 1966 ibid.
2281 1953 2317 1959 —

1675 1989 1815 2015 Auditores
1828 1986 1959 2016 obliviosi,
1972 1985 2018 2018 qui
2032 1992 2083 2011 non
2095 1985 2206 2016 retinent
2219 1991 2318 2015 semen,

1675 2036 1736 2064 sunt
1763 2031 1918 2058 infructuosi
1943 2029 1995 2055 194
2017 2030 2047 2055 18
2068 2043 2103 2048 -
2122 2029 2249 2055 Desidiosi
2275 2036 2319 2055 au-

1676 2078 1751 2103 diunt
1769 2079 1795 2103 et
1813 2076 1934 2106 retinent,
1951 2074 1999 2100 sed
2018 2081 2070 2100 non
2098 2074 2197 2100 faciunt
2223 2074 2273 2099 190
2301 2073 2318 2098 7

1677 2135 1712 2141 -
1731 2121 1871 2147 Auditores
1889 2119 2023 2150 desidiosi,
2039 2119 2084 2152 qui
2098 2126 2150 2145 non
2163 2121 2225 2145 sunt
2237 2119 2263 2144 in
2276 2124 2319 2143 ca-

1677 2166 1752 2192 ritate
1771 2164 1889 2195 radicati,
1908 2164 1955 2189 sed
1975 2163 2062 2196 potius
2082 2163 2107 2189 in
2127 2170 2217 2189 amore
2236 2161 2320 2188 libidi-

1677 2217 1752 2241 noso,
1765 2216 1817 2235 non
1831 2208 1985 2241 proficiunt,
2005 2208 2068 2242 quia
2087 2215 2140 2234 non
2160 2208 2249 2233 fovent
2261 2213 2318 2232 ver-

1679 2255 1743 2281 bum
1763 2256 1916 2285 susceptum
1942 2260 1989 2279 nee
2018 2253 2109 2279 volunt
2127 2251 2247 2278 laborare
2267 2250 2318 2277 194

1680 2299 1712 2324 19
1731 2312 1767 2318 ——
1786 2297 1918 2330 Negotiosi
1937 2298 2061 2329 audiunt,
2075 2297 2200 2329 retinent,
2213 2296 2318 2326 faciunt,

1679 2343 1725 2369 sed
1755 2349 1806 2368 non
1834 2342 1967 2375 complent
1986 2342 2037 2368 190
2057 2342 2074 2368 7
2092 2355 2129 2360 -
2157 2340 2271 2366 Studiosi
2295 2342 2321 2365 et

1679 2387 1789 2413 virtuosi
1808 2387 1930 2418 audiunt,
1950 2387 2072 2419 retinent,
2091 2385 2188 2412 faciunt
2206 2387 2232 2411 et
2251 2391 2321 2410 com-

1679 2432 1752 2465 plent
1770 2430 1833 2458 ibid.

1733 2490 1769 2495 —
1786 2476 1943 2507 Audientes,
1975 2475 2021 2509 qui
2049 2474 2162 2501 retinent
2191 2472 2320 2505 verbum,

1680 2522 1793 2547 fructum
1813 2522 1924 2547 afferunt
1943 2520 1985 2546 Vll
2006 2519 2057 2545 195
2077 2519 2105 2545 21
2124 2532 2159 2538 -
2172 2518 2222 2551 Qui
2241 2517 2321 2549 impe-

1680 2565 1787 2591 diuntur
1818 2572 1832 2591 a
1865 2565 1934 2591 curis
1965 2563 2114 2590 carnalibus
2145 2570 2196 2588 non
2223 2561 2322 2588 faciunt

1681 2611 1794 2636 fructum
1815 2610 1977 2643 spiritualem
1997 2608 2048 2634 194
2068 2608 2101 2634 20

1733 2669 1769 2674 -
1788 2654 1896 2681 Difficile
1915 2659 1954 2680 est
1972 2653 2065 2679 audire
2084 2652 2151 2678 mala
2174 2651 2208 2677 de
2233 2650 2321 2683 aliquo

1681 2702 1705 2725 et
1724 2705 1777 2724 non
1796 2698 1905 2724 credere
1924 2698 1957 2723 Vl
1977 2697 2011 2722 60
2030 2704 2057 2722 v.
2078 2697 2110 2721 22
2125 2709 2159 2713 -
2172 2695 2257 2720 Homo
2271 2700 2322 2719 non

1680 2743 1760 2769 debet
1773 2750 1829 2769 esse
1843 2742 1968 2768 sollicitus
1980 2742 2014 2767 ad
2028 2739 2189 2766 audiendum
2207 2744 2276 2772 quae
2289 2737 2322 2764 de

1681 2795 1709 2814 se
1728 2788 1851 2814 dicuntur
1867 2785 1930 2813 ibid.

1735 2833 1855 2864 Aurariae
1873 2846 1908 2850 -
1928 2829 2114 2857 Auferentibus
2138 2834 2194 2854 rem
2220 2833 2323 2860 posses-

1681 2884 1738 2903 sam
1757 2883 1811 2902 non
1830 2874 2064 2901 contradicendum
2085 2873 2127 2898 Vll
2143 2871 2192 2898 154
2208 2871 2251 2898 70.
2275 2870 2322 2896 155

1681 2921 1716 2947 74
1741 2920 1803 2947 Vide
1821 2928 1845 2946 v.
1867 2918 1966 2946 Ablata
1985 2921 2010 2944 et
2031 2924 2054 2944 υ.
2073 2915 2216 2943 Patientia.

1736 2966 1840 2991 Auseae
1860 2977 1894 2982 —
1914 2965 1953 2989 est
1970 2961 2083 2988 iustitiae
2103 2961 2145 2987 Vll
2165 2960 2198 2986 64
2218 2960 2251 2986 89

1736 3012 1897 3036 ΑυσΜΕΝτυΜ
1925 3021 1961 3026 -
1988 3009 2028 3032 051
2058 3005 2171 3032 extensio
2199 3004 2323 3031 materiae

1683 3057 1785 3080 tantum
1806 3053 1838 3079 Vl
1857 3053 1908 3078 322
1928 3052 1963 3081 20
1982 3064 2018 3070 -
2036 3050 2062 3076 111
2075 3049 2183 3076 materia
2202 3052 2228 3075 et
2241 3050 2324 3075 forma

1683 3098 1739 3125 sine
1762 3096 1900 3123 extrinseci
1923 3094 2088 3128 appositione
2106 3101 2158 3120 non
2181 3093 2210 3119 fit
2234 3093 2261 3119 in
2278 3099 2324 3118 na-

1684 3146 1755 3173 tura,
1780 3141 1827 3167 sed
1850 3142 1949 3166 tantum
1975 3146 2023 3172 per
2047 3139 2171 3165 virtutem
2196 3137 2324 3163 infinitam

1683 3185 1746 3213 ibid.
1759 3199 1795 3205 —
1807 3184 1927 3217 corporis
1945 3190 1996 3209 non
2010 3183 2038 3209 111
2058 3190 2105 3215 per
2124 3184 2267 3208 humanam
2280 3187 2325 3207 co-

1684 3230 1850 3263 gitationem.
1864 3228 1911 3255 sed
1924 3234 1972 3260 per
1988 3227 2105 3254 divinam
2124 3225 2324 3259 dispositionem

1684 3274 1727 3300 Vll
1747 3274 1798 3300 320
1818 3273 1865 3305 36,
1886 3272 1919 3298 37
1938 3286 1974 3291 -
1992 3271 2071 3298 habet
2089 3271 2216 3297 rationem
2230 3272 2256 3296 et
2274 3272 2325 3295 ter-

1684 3319 1787 3345 minum
1806 3326 1820 3344 u
1840 3320 1932 3343 natura
1952 3315 1986 3342 ib.
2006 3315 2039 3341 37

1739 3377 1773 3381 —
1792 3360 1995 3394 Augmentativa
2014 3367 2067 3386 non
2086 3362 2125 3385 est
2143 3358 2261 3385 subiecta
2281 3364 2324 3383 vo-

1685 3407 1775 3434 luntati
1793 3410 1819 3432 et
1837 3405 1931 3432 rationi
1952 3405 1993 3431 Vll
2014 3402 2065 3430 320
2085 3404 2118 3429 38
