2476 3921
748 245 944 279 COMMENT.
970 245 1008 279 IN
1033 245 1271 279 EVANGELIUM
1295 246 1414 279 LUCAE
1438 247 1470 280 C.
1495 248 1558 280 XX.

154 339 186 370 et
207 335 328 379 primae
343 335 382 369 ad
399 334 747 378 Timotheumxultimo:
770 347 787 364 «ι
802 334 957 368 Habentes
972 334 1121 376 alimenta

155 392 186 423 et
210 389 327 433 quibus
351 392 515 432 tegamur,
538 388 589 422 his
612 388 750 421 contenti
774 387 875 421 simus
891 400 922 420 n.

244 442 295 475 54.
321 441 464 475 Secundo
480 444 635 484 quantum
651 441 690 474 ad
707 440 920 474 ambitionem
936 439 1118 480 honorum,

7 503 137 529 imbitioho-
154 504 235 539 quae
258 498 327 529 erat
357 494 536 529 scribarum
568 494 682 528 vitium
713 494 962 533 detestandum,
994 494 1118 527 subdit:

5 542 6 559 ¹
27 536 105 554 ⁰⁰¹⁰¹²¹⁶
155 549 196 582 Et
218 551 336 581 amant
365 547 586 581 salutationes
614 547 653 580 ‘in
683 545 779 590 foro,
804 549 961 589 quantum
989 546 1029 579 ad
1052 546 1119 589 glo-

4 614 5 617 *
30 610 99 634 Gloria
113 609 136 631 in
153 602 233 636 riam
256 601 293 635 in
314 600 432 640 verbo,
455 600 546 643 quasi
569 600 671 640 dicat,
694 600 780 643 quod
804 596 919 633 volunt
937 599 1070 634 salutari
1086 600 1118 634 in

4 641 6 705 1
44 637 114 660 ''m''
153 655 221 689 loco
242 654 371 697 publico
394 654 485 697 prius
509 657 669 696 tempore,
693 653 798 686 altiori
823 662 899 686 voce
914 656 947 687 et
969 653 1119 686 inclinato

153 708 272 751 capite;
297 710 473 751 quocontra
507 716 606 750 supra
639 706 805 755 decim0¹:
843 719 859 736 «ι
875 706 1036 740 Neminem
1061 715 1119 749 per

5 763 96 801 {nemin
109 768 138 791 of·
154 762 236 796 viam
259 761 473 796 salutaveritis
488 774 504 791 »
526 764 585 797 etc.
604 779 646 785 —
665 762 705 794 Et
724 761 860 804 primas
884 759 1062 794 cathedras
1082 761 1119 794 in

41 797 95 819 Μ’
120 855 125 859 ,
150 814 351 859 synayoyis,
375 816 532 856 quantum
556 813 596 847 ad
618 813 751 856 gloriam
776 813 812 846 in
836 813 963 857 officio,-
979 822 1119 856 quocon-

152 872 202 902 tra
224 867 431 902 Ecclesiastici
463 867 641 910 septin102:
672 880 688 896 «
704 867 770 900 Noli
801 876 958 910 quaerere
989 867 1029 900 ab
1061 867 1118 900 ho-

5 954 6 963 ,
153 921 237 955 mine
261 921 412 954 ducatum
428 930 533 964 neque
548 930 568 954 a
583 930 658 964 rege
674 921 858 954 cathedram
883 921 1013 954 honoris
1027 934 1057 953 n.
1075 940 1120 945 —

5 965 60 1021 im·
73 982 95 1004 in
107 981 135 1003 εἰ·
154 976 195 1009 Ec
214 975 345 1018 primos
368 974 555 1008 discubitus
572 975 608 1007 in
624 974 804 1014 conviviis,
823 977 979 1019 quantum
995 974 1035 1007 ad
1051 974 1117 1017 glo-

5 1024 6 1030 ’
72 1014 91 1031 ⁰'
153 1028 232 1062 riam
258 1028 295 1061 in
325 1029 442 1072 siynoe
465 1032 642 1071 quocontra
673 1037 772 1070 supra
802 1028 926 1061 decimo
957 1028 1116 1071 quart032

4 1111 6 1117 .
159 1095 175 1113 α
190 1082 268 1116 Cum
293 1082 445 1116 invitatus
468 1082 569 1116 fueris
591 1081 631 1115 ad
661 1082 804 1124 nuptias,
829 1081 980 1115 recumbe
1003 1081 1036 1115 in
1061 1091 1117 1115 no-

4 1136 132 1183 {Notandm
151 1136 279 1170 vissimo
302 1137 413 1170 loco».
439 1135 652 1179 Reprehendit
673 1139 781 1169 autem
803 1135 938 1175 scribas,
962 1145 1026 1169 non
1042 1135 1118 1178 quia

4 1186 6 1240 j
151 1189 302 1229 salutari
323 1190 364 1223 sit
388 1190 526 1230 malum,
550 1189 600 1222 vel
623 1198 726 1231 super
742 1188 937 1222 cathedram
949 1189 1051 1232 poni,
1068 1189 1118 1223 vel

4 1242 5 1269 1
148 1243 262 1287 primo
286 1243 354 1277 loco
378 1243 414 1276 in
437 1242 587 1276 convivio
611 1241 787 1281 collocari,
804 1241 859 1275 sed
876 1241 953 1284 quia
968 1242 1040 1275 talis
1056 1251 1117 1285 ap-

148 1297 271 1340 petitus
295 1299 326 1330 et
353 1295 511 1339 9l01·iatio
541 1295 611 1328 talis
645 1295 760 1328 merito
791 1294 884 1328 debet
916 1295 1116 1337 reprehendi.

152 1350 238 1384 Unde
261 1350 385 1384 Beda4:
414 1362 430 1378 «
447 1349 512 1382 Non
537 1348 668 1382 salutari
692 1348 725 1381 in
747 1348 834 1388 soro,
851 1358 914 1381 non
931 1348 1052 1391 primas
1069 1357 1117 1382 se-

151 1404 206 1438 des
230 1407 314 1437 vetat
337 1403 383 1437 eis
411 1402 530 1445 quibus
554 1402 689 1436 debetur
713 1411 755 1435 ex
779 1401 890 1435 ordine
924 1401 1038 1442 officii,
1063 1402 1118 1435 sed

151 1458 197 1492 eis
219 1457 276 1500 qui
299 1456 437 1490 indebite
460 1459 576 1489 amant.
601 1456 747 1489 Animum
771 1455 871 1495 enim,
895 1465 958 1488 non
982 1455 1116 1498 gradum

152 1510 362 1553 redarguit».
386 1509 539 1552 Arguitur
563 1518 639 1551 ergo
662 1508 694 1541 in
719 1508 832 1542 scribis
849 1518 912 1541 non
928 1508 1118 1542 excellentia

151 1563 325 1607 dignitatis,
350 1563 404 1597 sed
435 1562 565 1596 ambitio
596 1561 736 1595 honoris.
768 1561 846 1595 Nam
870 1562 902 1594 in
926 1562 977 1595 his
1000 1561 1124 1595 veritas

153 1617 258 1650 locum
281 1625 344 1649 non
369 1615 482 1654 habet,
507 1614 683 1648 secundum
711 1614 790 1647 illud
814 1614 937 1647 Ioannis
961 1614 1115 1657 quinto⁵:

157 1682 173 1699 «
188 1669 352 1712 Quomodo
375 1668 506 1711 potestis
529 1677 585 1701 vos
608 1667 753 1707 credere,
777 1667 832 1710 qui
857 1667 989 1710 gloriam
1012 1667 1053 1701 ab
1069 1667 1117 1700 in-

153 1723 269 1757 vicem.
287 1722 428 1765 accipitis
459 1725 491 1755 et
525 1721 676 1764 gloriam,
701 1730 784 1764 quae
814 1730 833 1754 a
865 1722 932 1755 solo
962 1722 1027 1755 Deo
1051 1724 1116 1762 est,

153 1786 215 1810 non
250 1776 403 1819 quaeritis
423 1779 468 1808 n?
504 1775 541 1808 Et
571 1775 610 1808 de
645 1775 705 1808 hac
736 1775 837 1818 gloria
871 1775 951 1809 Osee
982 1778 1116 1818 quarto:

158 1830 327 1864 «Gloriam
359 1838 471 1863 eorum
502 1829 535 1862 in
567 1829 770 1871 ignominiam
801 1829 1050 1862 commutabo».
1081 1829 1117 1862 Et

153 1884 223 1918 talis
245 1884 338 1918 debet
362 1883 538 1922 contemni;
563 1882 659 1916 Isaiae
682 1882 833 1926 vigesimo
861 1883 998 1916 terti0⁶z
1029 1883 1135 1931 «Βο-Γ

152 1937 258 1971 minus
289 1937 492 1970 exercituum
525 1937 673 1979 cogitavit
702 1937 780 1976 hoc,
809 1936 978 1970 detrahere
1004 1945 1117 1980 super-

152 1991 236 2025 biam
259 1991 361 2032 omnis
383 1991 503 2034 gloriae
531 1993 562 2024 et
585 1991 624 2024 ad
648 1991 852 2034 ignominiam
876 1990 1043 2024 universos
1070 1990 1118 2023 in-

153 2045 252 2087 clytos
283 2048 431 2083 terrae»;
467 2047 498 2077 et
532 2043 627 2086 primi
662 2044 925 2077 Machabaeorum
960 2043 1116 2077 secundo:

159 2110 175 2127 «
190 2097 296 2131 Gloria
318 2097 378 2130 viri
402 2097 577 2139 peccatoris
601 2100 725 2131 stercus
748 2100 780 2131 et
803 2096 922 2130 vermis
937 2101 1003 2137 est;
1024 2096 1118 2130 hodie

153 2144 318 2184 extollitur
342 2153 373 2184 et
397 2159 472 2190 cras
491 2159 553 2183 non
577 2150 757 2184 invenietur
774 2164 805 2182 ».

244 2205 295 2236 55.
321 2203 423 2246 (Vers.
445 2203 523 2245 47).
549 2203 655 2236 Tertio
678 2206 835 2246 quantum
863 2203 902 2236 ad
933 2203 1118 2245 appetitum

7 2259 143 2309 *gflffiffidb
154 2257 353 2290 divitiarum
366 2256 488 2290 subdit:
507 2256 574 2298 Qui
588 2256 748 2289 devorant
761 2256 875 2289 domos
887 2255 1073 2288 viduarum
1086 2256 1098 2275 ⁷
1109 2281 1117 2295 ‚

0 2309 2 2313 ’
113 2302 119 2308 ’
154 2314 185 2344 et
212 2311 272 2344 hoc
303 2319 360 2353 per
393 2310 614 2353 cupiditatem;
644 2310 736 2343 cuius
767 2309 922 2343 voracitas
953 2318 1118 2351 nunquam

154 2364 304 2403 satiatur,
329 2368 360 2397 et
384 2364 541 2404 maxime,
565 2363 692 2406 quando
716 2363 884 2397 carnalitas
908 2362 935 2395 ei
968 2362 1116 2396 sociatur.

155 2417 226 2451 Ideo
248 2417 340 2451 dicit:
368 2417 435 2459 Qui
462 2418 625 2450 devorant
655 2417 768 2450 domos
792 2416 998 2455 viduarum,
1023 2416 1118 2449 simul

155 2469 319 2512 implicans
343 2470 546 2504 voracitatem
570 2469 752 2512 cupiditatis
779 2469 818 2502 ad
841 2469 971 2502 domum
995 2472 1026 2502 et
1049 2477 1118 2501 car-

155 2523 292 2556 nalitatis
315 2523 354 2556 ad
377 2532 510 2563 sexum;
535 2526 567 2556 et
589 2523 628 2556 de
653 2523 702 2556 his
725 2522 851 2556 duobus
874 2521 1118 2555 Proverbiorum

156 2576 318 2619 trigesimo
331 2576 363 2609 8:
393 2590 409 2606 α
426 2576 640 2619 sanguisugae
663 2576 745 2609 duae
769 2578 844 2609 sunt
860 2575 942 2608 filiae
958 2574 1116 2622 dicentes:

155 2629 255 2669 Affer,
279 2630 399 2670 affer»;
425 2633 456 2663 et
480 2630 585 2664 statim
616 2629 738 2663 subdit:
768 2629 870 2661 «Tria
901 2631 976 2661 sunt
999 2628 1118 2660 insatu-

156 2682 266 2716 rabilia
293 2688 324 2717 et
355 2686 526 2726 quartum,
550 2683 638 2726 quod.
667 2691 831 2725 nunquam
866 2681 959 2720 dicit:
985 2681 1116 2714 Sufficit.

5 2875 6 2899 ¹
227 2891 236 2907 ¹
256 2893 331 2919 Vei-s.
352 2893 377 2919 4.
394 2907 429 2913 —
448 2894 576 2926 Superius
596 2894 654 2920 vat.
672 2893 768 2920 omittit
783 2893 864 2928 prius
884 2896 1010 2928 tempore.

5 2912 7 2985 y
229 2936 239 2952 ²
259 2937 334 2963 Vers.
354 2937 378 2963 4.
396 2951 432 2957 -—
452 2938 509 2964 Vat.
538 2939 607 2964 hunc
631 2939 719 2965 locum
747 2941 773 2964 et
792 2945 823 2964 ea
851 2945 920 2971 quae
949 2938 1061 2964 subinde
1081 2945 1120 2964 se-

158 2985 276 3015 quuntur
295 2989 381 3015 usque
400 2983 550 3015 quocontra
578 2982 724 3015 transponit
749 2986 809 3015 post
834 2983 921 3009 locum
949 2990 980 3009 ex
999 2983 1015 3008 l.
1036 2983 1119 3009 Maeli.

159 3027 190 3058 2,
209 3027 252 3052 62.
272 3026 378 3052 inferius
398 3026 436 3059 (in
455 3026 506 3052 fine
525 3026 602 3052 huius
621 3034 646 3053 n.
668 3027 722 3060 54.)
742 3027 894 3060 allegatum.

5 3024 7 3127 i
230 3070 240 3085 ⁸
260 3071 335 3097 Vers.
355 3071 380 3097 8.
399 3073 424 3097 et
445 3071 486 3096 10.

5 3129 6 3147 1
230 3115 241 3130 ⁴
260 3114 330 3141 Libr.
351 3115 384 3141 V.
406 3115 431 3141 in
450 3115 513 3141 Luc.
532 3115 581 3146 20,
602 3115 644 3141 45.
663 3122 733 3149 seq.;
753 3116 880 3142 sententia
905 3116 992 3142 Bedae
1017 3114 1120 3142 exhibe-

5 3149 6 3192 1
160 3161 202 3184 tur
221 3158 310 3185 verbis
328 3159 434 3185 Glossae
453 3157 610 3185 ordinariae
629 3159 656 3184 in
675 3159 738 3185 Luc.
758 3159 807 3191 20,
827 3159 871 3186 46.

5 3194 6 3212 ¹
231 3201 242 3217 ⁶
262 3203 336 3229 Vers.
357 3202 405 3234 44,
426 3202 470 3229 ubl
491 3210 539 3235 pro
558 3201 592 3229 ab
616 3202 729 3230 invicem
753 3203 874 3238 accipitis
893 3206 913 3230 A
926 3203 1010 3231 CDG
1027 3203 1065 3230 ad
1083 3203 1120 3231 in-

160 3237 244 3273 vicem
261 3246 401 3280 quaer-itis.
421 3260 456 3266 —
475 3246 599 3280 Sequitur
617 3247 685 3273 Osee
705 3247 734 3278 4,
755 3248 780 3273 7.

231 3288 243 3305 ⁸
261 3291 336 3317 Vers.
356 3291 387 3323 9,
407 3294 466 3323 post
484 3297 565 3324 quem
584 3291 600 3317 l.
620 3291 704 3318 Mach.
723 3292 754 3323 2,
774 3292 816 3318 62.
836 3299 893 3325 seq.

5 3364 6 3368 Ἰ
232 3333 242 3349 ⁷
261 3335 351 3360 Glossa
370 3333 569 3362 interlinearis:
596 3334 759 3368 viduarum,
785 3342 854 3369 quae
878 3335 976 3362 habent
998 3337 1119 3362 affectum

5 3384 6 3417 i
162 3378 308 3410 religionis,
328 3378 374 3404 sed
393 3378 513 3405 nesciunt
531 3378 581 3405 sibi
606 3379 758 3412 providere.
776 3393 812 3399 —
831 3379 949 3407 Subinde
968 3380 1027 3406 Vat.
1046 3380 1121 3406 omit-

5 3420 6 3441 1
163 3421 191 3447 tit
210 3424 235 3449 ec
252 3422 399 3449 manime...
420 3422 549 3450 sociatur.

2084 251 2146 285 51⁷9

1183 334 1344 374 infernus,
1368 344 1404 368 os
1427 336 1541 369 vulvae
1564 339 1595 369 et
1619 340 1723 376 terra,
1747 347 1829 380 quae
1864 348 2027 381 nunquam
2055 339 2148 371 satia-

1184 390 1238 419 tur
1261 396 1362 429 aqua;
1387 387 1468 430 ignis
1491 398 1654 431 nunquam
1671 390 1760 423 dicit:
1777 391 1899 424 Sufficit
1913 404 1942 431 »;
1960 392 2049 434 quia,
2067 392 2149 425 sicut

1182 439 1300 473 dicitur
1323 440 1528 474 Ecclesiastae
1551 442 1677 484 quinto,
1707 456 1723 472 «ι
1739 453 1855 477 avarus
1879 454 1941 477 non
1964 445 2148 486 implebitur

1183 493 1332 536 pecunia,
1356 498 1388 527 et
1411 495 1467 537 qui
1490 499 1574 528 amat
1597 495 1722 529 divitias
1744 497 1884 530 fructum
1910 507 1971 530 non
1989 499 2091 540 capiet
2106 507 2148 532 ex

1183 547 1276 581 eis».
1308 547 1477 581 Devoratio
1509 548 1607 591 igitur
1642 550 1901 592 reprehensibilis
1936 555 1983 584 est
2018 555 2148 594 propter

1183 601 1367 641 avaritiam,
1392 602 1447 634 sed
1470 603 1669 636 conversatio
1693 612 1765 636 cum
1789 603 1893 637 viduis
1917 605 2150 646 reprehensibi-

1183 653 1222 687 lis
1245 657 1293 687 est
1316 658 1447 697 propter
1471 655 1684 698 suspicionem
1709 657 1832 689 malam.
1858 657 1943 690 Unde
1964 658 2149 700 Chrysosto-

1184 707 1300 741 mus⁹:
1331 721 1347 737 «x
1364 708 1446 741 Dum
1472 709 1613 742 ludaicos
1644 710 1823 744 sacerdotes
1854 711 2035 750 confundit,
2059 712 2149 744 Chri-

1183 761 1301 794 stianos
1325 764 1449 801 monet,
1473 771 1535 795 non
1560 771 1748 804 permanere
1777 772 1850 796 cum
1883 764 1985 797 viduis
2013 766 2150 807 amplius

1183 824 1279 857 quam
1304 824 1377 848 cum
1402 815 1533 855 ceteris,
1559 816 1651 858 quia,
1669 817 1726 849 etsi
1744 817 1891 850 voluntas
1907 818 1988 850 mala
2013 827 2075 851 non
2091 823 2149 858 est,

1182 868 1321 911 suspicio
1346 871 1449 902 tamen
1474 869 1556 902 mala
1579 873 1670 903 est».
1697 870 1732 902 Et
1756 871 1964 913 Hieronymus
1988 871 2025 904 ad
2050 872 2150 914 Nepo-

1183 922 1305 955 tianum
1320 922 1362 954 ¹⁰:
1386 935 1402 951 α
1419 922 1573 956 Ostiolum
1600 926 1692 956 tuum
1716 927 1772 956 aut
1801 933 1874 957 raro
1902 928 1957 957 aut
1986 934 2149 968 nunquam

1182 975 1355 1009 mulierum
1381 976 1475 1018 pedes
1507 979 1620 1010 terant.
1658 976 1775 1011 Omnes
1811 978 1932 1020 puellas
1955 983 1987 1011 et
2011 979 2149 1022 virgines

1181 1028 1299 1062 Christi
1323 1032 1379 1062 aut
1402 1030 1577 1072 aequaliter
1601 1030 1729 1073 ignora,
1753 1035 1809 1064 aut
1839 1032 2013 1074 aequaliter
2044 1032 2148 1075 dilige.

1182 1082 1276 1123 Vide,
1301 1091 1341 1116 ne
1364 1083 1426 1117 sub
1449 1083 1558 1116 eodem
1583 1087 1666 1117 tecto
1692 1085 1847 1118 manseris
1870 1094 1928 1118 nec
1951 1085 1983 1118 in
2007 1089 2149 1128 praeter-

1181 1136 1226 1169 ita
1248 1136 1391 1169 castitate
1415 1136 1564 1170 considas.
1589 1137 1650 1170 Nec
1678 1137 1777 1170 David
1808 1138 1945 1171 sanctior
1976 1148 2034 1172 nec
2062 1139 2148 1172 Sam-

1181 1198 1257 1223 sone
1280 1189 1393 1222 fortior
1417 1198 1485 1225 nec,
1499 1190 1663 1224 Salomone
1687 1191 1859 1233 sapientior
1876 1196 1964 1234 potes
1987 1201 2064 1226 esse.
2087 1194 2148 1226 Me-

1182 1246 1289 1276 mento
1312 1252 1453 1286 semper,
1489 1244 1574 1286 quod
1610 1245 1746 1287 paradisi
1782 1245 1927 1278 colonum
1963 1246 2078 1279 mulier
2110 1246 2148 1280 de

1182 1296 1379 1338 possessione
1410 1306 1469 1330 sua
1499 1297 1670 1330 eiecerit».
1696 1298 1763 1331 Non
1795 1301 1870 1331 sunt
1901 1299 1998 1341 igitur
2026 1299 2148 1333 scribae

1181 1349 1342 1389 imitandi,
1367 1359 1424 1383 nec
1448 1353 1603 1392 quantum
1628 1351 1667 1384 ad
1684 1352 1899 1385 carnalitatem
1917 1361 1975 1385 nec
1991 1357 2147 1395 quantum

1181 1403 1221 1436 ad
1244 1403 1466 1445 cupiditatem,
1491 1404 1566 1446 quia
1589 1404 1628 1437 de
1652 1402 1863 1439 imitatoribus
1891 1406 2006 1439 horum
2036 1415 2148 1440 secun-

1181 1456 1240 1490 dae
1263 1457 1346 1490 Petri
1370 1457 1509 1490 secundo
1523 1459 1566 1490 ¹1:
1601 1470 1616 1486 α
1635 1458 1668 1490 Hi
1700 1462 1776 1492 sunt
1804 1459 1891 1492 velut
1922 1459 2149 1493 irrationabilia

1182 1519 1298 1552 pecora
1316 1523 1346 1549 n,
1368 1523 1383 1539 «
1397 1510 1591 1552 pellicientes
1613 1511 1734 1545 animas
1757 1512 1933 1551 instabiles,
1959 1522 2013 1545 cor
2030 1514 2150 1546 exerci-

1182 1566 1283 1596 tatum
1307 1563 1440 1596 avaritia
1464 1563 1631 1604 habentes,
1661 1565 1889 1598 maledictionis
1913 1565 1986 1605 filii,
2012 1566 2149 1599 derelin-

1181 1620 1315 1659 quentes
1339 1616 1420 1650 viam
1445 1621 1565 1650 rectam
1581 1621 1789 1658 erraverunt,
1807 1619 1906 1651 secuti
1925 1619 2007 1652 viam
2026 1619 2148 1653 Balaam

1181 1679 1223 1703 ex
1247 1670 1361 1709 Bosor,
1386 1669 1441 1712 qui
1465 1670 1643 1703 mercedem
1660 1670 1835 1713 iniqnitatis
1851 1672 2015 1705 amavit».
2034 1672 2150 1706 Contra

1181 1724 1260 1757 tales
1283 1723 1466 1766 indignatur
1490 1724 1661 1767 Dominus,
1686 1724 1861 1758 secundum
1878 1725 1957 1758 illud
1973 1726 2069 1759 Isaiae
2085 1729 2149 1759 ter-

1182 1777 1226 1811 tio
1239 1778 1285 1809 ¹²³:
1315 1790 1331 1806 ιι
1347 1777 1409 1810 Vos
1432 1777 1553 1820 depasti
1588 1778 1664 1811 estis
1690 1778 1814 1811 vineam
1839 1787 1959 1819 meam,
1984 1783 2015 1812 et
2039 1770 2148 1822 rapina

1182 1830 1333 1873 pauperis
1356 1830 1387 1863 in
1412 1830 1506 1864 domo
1530 1834 1636 1864 vestra
1651 1844 1682 1864 ».

1273 1885 1335 1921 56..
1351 1885 1471 1926 Quarto
1494 1888 1650 1927 quantum
1666 1885 1705 1917 ad
1721 1885 1968 1918 simulationem
1984 1886 2147 1919 virtutum

1182 1938 1311 1972 subdit:
1345 1938 1547 1971 Simulantes
1579 1938 1713 1982 longam
1738 1939 1948 1977 orationem,·
1982 1939 2146 1972 Glossaffl:

1187 2006 1203 2021 «
1219 1992 1257 2025 Ut
1281 1992 1492 2034 religiosiores
1515 1995 1705 2034 appareant,
1730 1992 1888 2035 prolixius
1912 1996 2020 2031 orant,
2047 1996 2083 2025 ut
2107 1992 2147 2025 ab

1182 2044 1319 2078 infirmis
1342 2044 1538 2087 quibuslibet
1561 2047 1592 2078 et
1608 2048 1810 2087 peccatorum
1827 2054 1958 2078 suorum
1987 2045 2147 2079 conscien-

1183 2098 1226 2131 tia
1249 2097 1385 2131 turbatis
1414 2097 1503 2140 quasi
1535 2097 1660 2139 patroni
1692 2097 1800 2130 laudes
1831 2100 1862 2131 et
1893 2097 2042 2139 pecunias
2066 2098 2146 2130 acci-

1182 2151 1312 2194 piant».
1337 2169 1381 2174 —
1406 2150 1465 2184 Sed
1496 2150 1640 2193 nunquid
1671 2151 1796 2193 prolixa
1824 2151 1925 2183 oratio
1957 2151 2039 2183 mala
2074 2155 2145 2184 est?

1183 2205 1275 2237 Certe
1299 2214 1360 2237 non
1385 2207 1450 2243 est,
1475 2212 1548 2237 cum
1572 2204 1697 2236 dicatur
1713 2213 1811 2245 supra
1830 2203 1952 2237 decimo
1975 2208 2085 2237 octavo
2100 2206 2144 2237 1⁴:

1188 2270 1204 2286 a:
1219 2256 1352 2299 Oportet
1374 2265 1467 2289 orare
1491 2265 1615 2298 semper
1632 2267 1662 2295 »;
1687 2259 1718 2289 et
1742 2256 1862 2298 primae
1885 2256 1924 2289 ad
1949 2257 2146 2290 Thessaloni-

1181 2318 1290 2343 censes
1313 2309 1442 2351 quinto:
1473 2322 1489 2337 (τ
1505 2309 1576 2342 Sine
1601 2309 1833 2342 intermissione
1857 2313 1945 2342 orate
1962 2323 1992 2342 ι).
2011 2310 2069 2343 Sed
2086 2311 2145 2344 hoc

1181 2362 1297 2395 dicitur
1328 2364 1458 2404 propter
1490 2361 1738 2401 simulationem,
1769 2363 1862 2405 quia,
1887 2372 1960 2395 cum
1987 2363 2146 2396 simulatio

1181 2419 1213 2449 et
1235 2415 1323 2448 fraus
1359 2415 1391 2455 in
1422 2414 1569 2447 omnibus
1604 2415 1863 2456 reprehensibilis
1898 2416 1955 2455 sit,
1985 2416 2145 2458 potissime

1182 2468 1427 2511 reprehenditur
1459 2467 1490 2500 in
1523 2468 1572 2501 his
1603 2468 1744 2508 actibus,
1769 2469 1824 2512 qui
1856 2469 1995 2502 maxime
2030 2469 2143 2503 debent

1182 2521 1252 2554 fieri
1268 2521 1300 2553 in
1324 2521 1462 2554 veritate
1470 2533 1482 2559 ;
1505 2524 1537 2554 et
1561 2521 1632 2555 talis
1655 2524 1703 2554 est
1726 2525 1816 2555 actus
1840 2522 2145 2562 orationis310annis

1181 2577 1297 2617 quarto
1310 2574 1355 2606 ¹⁶:
1385 2587 1401 2603 «
1420 2574 1477 2607 Eos
1493 2574 1549 2617 qui
1566 2574 1698 2607 adorant
1722 2584 1811 2615 eum,
1829 2575 1861 2608 in
1878 2576 1992 2618 spiritu
2009 2579 2040 2609 et
2064 2576 2146 2609 veri-

1182 2630 1244 2660 tate
1268 2627 1401 2660 adorare
1425 2631 1597 2670 oportet».
1615 2628 1659 2660 De
1683 2628 1736 2661 illo
1760 2628 1872 2671 igitur,
1890 2629 1944 2671 qui
1962 2628 2146 2662 fraudulen-

1184 2684 1232 2713 ter
1256 2684 1326 2714 orat
1349 2684 1380 2714 et
1404 2681 1614 2720 simulatorie,
1638 2681 1755 2714 dicitur
1779 2681 1810 2714 in
1836 2682 1973 2715 Psalmo:
2005 2695 2021 2711 «
2037 2682 2145 2715 Oratio

1255 2892 1265 2908 ⁸
1286 2894 1361 2919 Vers.
1386 2893 1425 2918 15.
1445 2896 1470 2918 ot
1495 2893 1537 2924 16,
1556 2896 1616 2924 post
1634 2899 1701 2925 quos
1721 2893 1804 2918 Eccle.
1823 2893 1848 2923 5,
1869 2893 1893 2918 9.

1255 2936 1266 2952 ⁹
1286 2937 1379 2964 llomil.
1400 2937 1441 2963 44.
1460 2938 1486 2962 in
1506 2937 1593 2962 Mattli.
1614 2938 1661 2967 23,
1686 2936 1725 2962 tt.
1746 2937 1804 2969 (Op.
1825 2937 1992 2969 impet-seen).

1256 2980 1279 2996 ¹⁰
1298 2982 1377 3014 Epist.
1397 2981 1441 3007 52.
1461 2980 1534 3013 (alins
1554 2982 1588 3013 2.)
1610 2988 1634 3006 n.
1655 2981 1680 3006 5.
1707 2980 1765 3006 Vat.
1790 2980 1985 3014 Hospitiolum,
2012 2980 2059 3006 sed
2078 2980 2146 3006 bene

1184 3025 1266 3053 CDG
1287 3025 1420 3052 Ostiolum
1440 3026 1472 3057 (H
1492 3024 1663 3057 Hostiolum),
1683 3031 1752 3057 quae
1772 3025 1847 3050 lectio
1868 3025 1892 3050 in
1912 3025 1954 3050 ed.
1974 3025 2082 3050 Maurin.
2102 3031 2145 3050 no-

1185 3074 1254 3097 tatur
1274 3069 1376 3095 verbis:
1393 3080 1405 3092 α
1420 3069 1546 3101 Gravius,
1566 3069 1724 3100 sum‘aganto
1744 3072 1897 3099 pervetusto
1917 3068 2073 3100 exemplari,
2093 3069 2145 3101 legi

1185 3115 1258 3140 iuvet
1272 3113 1406 3141 Ostiolum
1420 3123 1444 3139 ι.
1457 3113 1515 3139 Vat.
1527 3112 1601 3139 Unde
1614 3119 1670 3145 nec,
1685 3112 1732 3138 sed
1745 3112 1764 3138 C
1775 3113 1796 3138 D
1807 3113 1827 3137 ll
1846 3112 1916 3144 Vide,
1931 3120 1972 3144 ne,
1987 3113 2007 3138 G
2022 3112 2090 3139 Cave
2104 3120 2144 3145 ne,

1185 3162 1269 3186 textus
1282 3159 1416 3194 originalis
1430 3157 1475 3189 Ne,
1493 3158 1539 3191 qui
1553 3158 1630 3183 etiam
1645 3164 1693 3189 pro
1707 3157 1840 3184 manseris
1854 3156 1988 3183 substituit
2006 3157 2143 3184 nuznsites.

1256 3203 1277 3218 ¹¹
1299 3204 1373 3229 Vers.
1395 3203 1435 3228 12.
1455 3205 1481 3228 et
1502 3202 1543 3228 14.
1562 3209 1618 3234 seq.
1964 3199 1986 3215 ¹¹
2006 3201 2082 3227 Yers.
2104 3201 2143 3227 14.

1257 3247 1279 3262 ¹³
1299 3247 1401 3273 Scilicet
1419 3245 1563 3273 ordinaria
1592 3246 1633 3278 (ex
1652 3245 1744 3279 Beda),
1769 3252 1838 3278 qnae
1858 3252 1906 3277 pro
1925 3247 1958 3272 ut
1974 3244 2008 3272 ab
2028 3245 2144 3279 infirmis

1185 3292 1319 3319 substituit
1337 3290 1384 3318 ubi
1400 3290 1435 3317 ab
1454 3289 1578 3325 infirmis.

1257 3335 1279 3350 ¹¹
1300 3336 1373 3361 Vers.
1393 3335 1416 3360 1.
1437 3337 1462 3360 et
1481 3335 1497 3360 l.
1517 3335 1609 3360 Thess.
1629 3333 1658 3365 5,
1684 3333 1725 3359 17.

1257 3378 1279 3394 ¹⁵
1298 3379 1373 3405 Vers.
1393 3378 1435 3404 24.
1455 3392 1490 3397 —
1509 3378 1566 3404 Duo
1585 3385 1660 3411 seqq.
1684 3378 1732 3404 loci
1762 3381 1821 3404 sunt
1849 3378 1889 3403 ΡΞ.
1920 3378 1982 3408 108,
2008 3378 2032 3403 ’7.

1187 3424 1234 3456 48,
1258 3424 1303 3454 10;
1324 3424 1371 3448 cfr.
1390 3429 1470 3454 supra
1491 3429 1552 3454 pag.
1575 3422 1638 3453 458,
1658 3427 1718 3448 nota
1743 3423 1782 3447 10.

2053 3381 2078 3403 et
2097 3378 2144 3403 ler.

2168 558 2298 581 Notandum.

2168 1890 2280 1911 Simulatio

2168 1917 2277 1938 virtutum.

2167 2155 2298 2177 Notandum.
