2476 3921
154 571 232 596 Primo,
247 576 279 591 se-

136 604 183 619 men
198 597 280 618 concul-

135 626 211 645 catum.

161 1954 265 1980 Secundo,

154 1981 278 2003 arefactum.

305 266 366 298 ¹194

301 354 342 386 ita
365 352 447 395 quod
472 360 569 383 unum
594 358 699 382 semen
723 348 860 390 accipitl
884 347 1131 389 dispositionem,
1156 349 1191 378 ut
1215 346 1254 378 sit

301 408 331 439 in
354 406 421 438 aliis
445 404 690 440 conculcatum,
714 402 746 434 in
778 401 846 434 aliis
878 399 1088 442 arefactum,
1124 400 1155 431 in
1186 399 1255 431 aliis

299 458 495 502 suffocatum
519 460 550 489 et
574 456 605 488 in
630 455 698 488 aliis
720 454 987 496 multiplicatum.

390 512 438 543 18.
465 510 565 551 (Vers.
594 509 668 544 12).
695 508 797 540 Primo
828 507 925 549 igitur
957 510 1111 548 quantum
1129 505 1168 538 ad
1199 514 1257 538 ex-

300 565 493 606 plicationem
525 562 660 595 seminis
684 560 887 599 conculcati,
920 560 1003 602 quod
1040 562 1087 591 est
1123 558 1254 591 verbum

300 618 418 651 Domini
436 618 466 649 in
484 615 577 649 corde
600 614 770 652 oblivioso,
787 613 879 646 dicit:
899 613 994 654 Quod
1006 613 1018 632 2
1035 616 1146 644 autem
1162 621 1257 644 secus

298 672 407 709 viam,
432 669 467 702 lii
488 673 567 702 sunt
590 669 649 712 qui
669 668 814 700 audiunt
826 679 837 705 ;
861 666 949 710 quod
971 675 1033 698 non
1059 665 1197 698 refertur
1218 664 1256 697 ad

299 733 402 758 semen
426 726 626 764 susceptum,
651 721 705 754 sed
739 720 778 752 ad
813 728 963 762 personas
999 718 1185 760 recipientes
1208 726 1256 750 se-

299 788 387 816 men,
412 776 465 819 qui
490 779 521 808 et
549 775 607 817 ipsi
638 775 788 807 dicuntur
818 783 946 811 semen,
979 771 1152 805 secundum
1179 770 1257 803 illud

299 831 444 865 {eremiae
469 829 627 871 trigesimo
653 828 770 870 primo:
793 840 807 855 «
822 826 986 859 Seminabo
1009 825 1137 858 domum
1163 823 1257 857 lsrael

298 889 329 918 et
352 885 479 918 domum
505 883 579 915 luda
603 882 721 915 semine
746 881 909 913 hominum
935 883 966 912 et
993 879 1114 912 semine·
1135 879 1256 911 iumen-

301 943 406 971 torum
423 951 454 975 »,
477 936 506 969 id
533 940 580 969 est
606 935 816 977 perfectorum
841 938 872 966 et
907 933 1174 975 imperfectorum.
1211 932 1255 964 Illi

299 1001 393 1033 ergo,
418 990 471 1032 qui
507 989 657 1026 audiunt,
693 997 797 1020 semen
835 990 926 1025 sunt,
963 986 1016 1019 sed
1052 985 1121 1018 ideo
1156 985 1256 1017 infru-

300 1045 417 1082 ctuosi,
442 1044 517 1086 quia
541 1052 600 1075 non
634 1042 779 1074 retinent.
805 1060 850 1064 -
874 1041 1003 1082 Propter
1035 1039 1119 1082 quod
1150 1039 1256 1071 addit:

302 1098 421 1131 Deinde
444 1097 531 1129 venit
552 1095 723 1134 diabotus,
749 1095 866 1128 scilicet
882 1103 938 1136 per
956 1093 1205 1135 suggestionem,
1229 1096 1258 1124 et

298 1151 376 1184 tollit
399 1150 544 1182 ,uerbum
580 1149 618 1181 cle
642 1149 739 1181 eorde
762 1157 903 1186 eorum,
936 1146 965 1179 id
998 1150 1045 1179 est
1078 1145 1116 1178 de
1152 1154 1257 1178 recor-

297 1205 430 1237 datione.
458 1204 492 1236 Et
515 1203 575 1236 hoc
600 1202 758 1244 signatum
788 1201 848 1234 fuit
877 1200 1018 1232 Indicum
1051 1202 1142 1231 sexto
1155 1199 1178 1237 ³,
1202 1198 1257 1231 ubi

296 1259 429 1292 dicitur:
459 1257 569 1289 «Cum
605 1256 735 1289 sevisset
772 1255 883 1293 lsrael,
916 1253 1103 1287 ascendebat
1138 1252 1257 1285 Madian

297 1317 326 1346 et
350 1311 494 1345 Amalech
519 1315 550 1344 et
576 1310 738 1343 vastabant
762 1312 893 1347 cuncta,
911 1311 1006 1350 prout
1022 1310 1114 1340 erant
1129 1307 1160 1339 in
1186 1307 1258 1339 her-

297 1367 390 1400 bis».
417 1365 502 1399 Unde
526 1365 592 1407 ipse
617 1364 750 1396 libenter
781 1362 917 1395 destruit
948 1361 1103 1403 principia
1137 1360 1257 1393 bonita-

297 1421 353 1459 tis,
378 1420 452 1463 quia
475 1418 642 1451 insidiatur
667 1420 793 1450 nostrae
817 1416 920 1448 saluti.
946 1434 989 1438 -—
1014 1415 1144 1457 Propter
1172 1414 1257 1456 quod

296 1473 453 1515 adiungit:
481 1471 527 1504 Ne
550 1471 715 1504 credentes
738 1469 825 1502 salvi
847 1469 940 1509 siant.
966 1469 1052 1501 Sicut
1073 1468 1154 1501 enim
1181 1467 1257 1500 scri-

299 1531 386 1569 ptum
410 1529 457 1559 est
480 1525 574 1558 Marci
599 1525 711 1557 ultimo
723 1524 747 1562 4,
777 1537 792 1551 «
809 1523 863 1565 qui
900 1522 1068 1555 crediderit
1103 1525 1134 1554 et
1157 1521 1257 1563 bapti-

297 1583 384 1612 zatus
408 1578 503 1611 suerit
526 1578 632 1610 salvus
655 1577 732 1616 erit,
751 1576 805 1618 qui
831 1585 906 1609 vero
922 1585 983 1608 non
1001 1575 1168 1608 crediderit
1184 1583 1258 1607 con-

296 1632 538 1666 demnabitur».
566 1631 632 1673 lpse
655 1634 760 1663 autem
786 1630 863 1662 nihil
887 1629 1012 1671 quaerit
1035 1628 1093 1661 nisi
1118 1631 1257 1661 nostram

297 1685 526 1718 damnationem
559 1689 708 1726 tanquam
741 1684 801 1715 iam
833 1683 1023 1720 damnatus;
1060 1681 1259 1723 Apocalypsis

297 1739 495 1772 duodecimo:
525 1751 540 1767 «
558 1738 729 1770 Proiectus·
751 1740 797 1769 est
828 1739 992 1769 accusator
1024 1735 1178 1774 fratrum,
1203 1735 1258 1777 qui

298 1792 464 1825 accusabat
499 1801 552 1831 eos
586 1795 658 1823 ante
691 1792 894 1832 conspectum
924 1789 977 1822 Dei
1014 1788 1112 1821 nostri
1137 1788 1186 1820 die
1222 1797 1259 1820 ac

298 1849 387 1879 nocte
401 1860 430 1877 ».

391 1900 439 1931 19.
465 1899 565 1940 (Vers.
595 1898 668 1934 13.).
695 1897 837 1930 Secundo
868 1899 1023 1939 quantum
1059 1895 1097 1928 ad
1121 1895 1259 1937 explica—

299 1953 413 1985 tionem
443 1952 579 1984 seminis
611 1950 756 1994 arefacti
779 1951 810 1983 in
835 1950 930 1983 corde
958 1949 1120 1983 desidioso
1152 1948 1260 1981 subdi-

299 2010 366 2039 tur:
393 2006 478 2038 Nam
504 2007 563 2050 qui
585 2015 694 2048 supra
714 2009 866 2047 petram,
895 2003 931 2036 Izi
954 2003 1058 2036 sunt⁵
1082 2003 1158 2046 qui,
1184 2012 1260 2035 eum

298 2060 487 2098 audierint,
512 2069 589 2091 eum
611 2059 738 2102 yaudio
762 2058 951 2102 suscipiunt
975 2056 1122 2089 verbum.
1149 2056 1184 2088 Et
1200 2056 1260 2088 hoc

298 2114 424 2155 quidem
447 2116 495 2146 est
531 2113 703 2151 laudabile,
735 2111 911 2145 secundum
947 2110 1023 2143 illud
1049 2111 1181 2143 Actuum
1207 2109 1260 2142 de—

299 2167 378 2200 cimo
391 2167 539 2209 septimo:
559 2180 574 2195 «
588 2167 803 2208 Susceperunt
820 2165 953 2198 verbum
970 2174 1044 2197 cum
1062 2163 1147 2196 omni
1164 2163 1261 2196 avidi-

301 2224 362 2253 tate
376 2234 405 2252 ».
421 2238 461 2244 —
475 2220 533 2252 Sed
552 2225 653 2252 tamen
670 2219 701 2252 in
719 2220 779 2252 h'oc
795 2222 869 2252 sunt
887 2217 1164 2260 reprehensibiles,
1186 2216 1261 2259 quia

300 2283 361 2306 non
387 2274 490 2306 fovent
514 2282 570 2306 nec
595 2273 705 2306 volunt
740 2273 900 2311 laborare;
926 2275 957 2304 et
979 2271 1048 2304 ideo
1072 2270 1195 2303 subdit:
1224 2270 1262 2302 Et

301 2325 336 2358 ln·
358 2326 489 2359 radices
513 2336 579 2358 non
604 2325 740 2364 habent,
765 2325 795 2358 id
821 2329 868 2358 est
900 2324 1079 2357 firmitatem
1105 2323 1260 2361 caritatis,

301 2379 338 2411 de
362 2388 425 2421 qua
449 2379 612 2421 Apostolus
635 2379 674 2411 ad
698 2379 847 2421 Ephesios
871 2378 1007 2411 tertio⁶:
1037 2390 1052 2405 «
1071 2377 1102 2409 ln
1131 2376 1261 2409 caritate

304 2432 429 2465 radicati
454 2436 486 2465 et
508 2432 627 2465 fundati
643 2445 674 2471 »3
700 2432 753 2465 sed
773 2432 875 2474 potius
896 2440 1036 2464 amorem
1060 2430 1260 2463 libidinosum

303 2486 367 2519 sive
391 2486 622 2525 adulterinum,
647 2490 678 2519 et
702 2486 771 2518 ideo
788 2495 848 2518 non
875 2485 1062 2527 proficiunt,
1087 2483 1262 2525 Sapientiae

302 2544 433 2581 quarto:
464 2552 479 2568 «
496 2539 695 2572 Adulterinae
719 2539 927 2581 plantationes
950 2548 1011 2571 non
1035 2537 1156 2570 dabunt
1180 2536 1261 2585 radi-

886 259 1077 292 COMMENT.
1103 259 1139 291 IN
1163 257 1401 290 EVANGELIUM
1426 258 1544 290 LUCAE
1568 258 1599 290 C.
1626 258 1698 290 Vlll.

1320 354 1371 378 ces
1387 346 1465 378 altas
1482 355 1538 378 nec
1555 346 1665 379 stabile
1682 347 1917 380 firmamentum
1936 347 2177 386 collocabunt»,
2194 347 2278 390 quia,

1320 398 1398 431 Osee
1415 408 1514 437 nono,
1538 412 1553 427 «
1567 399 1658 431 radix
1675 409 1785 432 eorum
1802 400 1960 433 exsiccata
1976 404 2023 433 est
2037 413 2066 432 ».
2085 419 2127 424 —
2145 401 2181 432 Et
2196 400 2281 443 quod

1319 452 1370 484 isti
1394 461 1456 484 non
1480 452 1616 485 habeant
1639 453 1759 486 radices
1782 453 2022 492 confirmantes,
2039 453 2191 493 ostendit,
2208 463 2281 487 cum

1320 505 1476 547 adiungit:
1504 506 1592 546 Quia
1605 506 1617 525 ⁷
1642 506 1688 538 ad
1704 510 1831 548 tempus
1847 507 2004 545 credunt,
2022 507 2139 539 scilicet
2155 507 2186 539 in
2204 510 2281 539 tem-

1322 567 1399 600 pore
1423 559 1656 600 prosperitatis,
1680 563 1709 591 et
1739 559 1775 591 in
1805 563 1947 601 tempore
1979 560 2168 592 tmitatiorzis
2195 569 2281 592 reee-

1322 611 1424 650 durtt,
1451 611 1569 644 scilicet
1591 621 1610 643 a
1632 612 1714 650 Deo,
1739 612 1914 645 secundum
1946 612 2023 645 illud
2047 613 2282 646 Deuteronomii

1322 664 1660 707 trigesimo-secundo:
1691 678 1707 693 «
1724 665 1859 698 Recessit
1882 675 1901 697 a
1923 665 1997 705 Deo,
2022 666 2152 698 salutari
2176 675 2234 699 suo
2251 680 2281 698 n.

1322 718 1384 751 Hoc
1408 721 1493 750 certe
1528 718 1676 760 competit
1700 718 1880 751 huiusmodi
1912 718 2085 758 desidiOSO,
2109 719 2282 752 secundum

1321 771 1399 803 illud
1423 771 1627 804 Ecclesiastici
1652 775 1743 804 sexto
1756 771 1786 803 ³:
1817 785 1832 800 «
1844 772 1943 813 Quam
1962 781 2073 814 aspera
2089 776 2136 805 est
2151 773 2283 806 nimium

1322 824 1474 866 sapientia
1506 824 1638 857 indoctis
1664 824 1863 864 hominibus,
1888 828 1919 858 et
1943 834 2004 858 non
2028 826 2224 867 permanebit
2251 826 2284 858 in

1322 878 1374 910 illa
1398 887 1512 911 excors
1529 891 1560 917 n,
1585 878 1656 917 sed,
1682 878 1764 911 sicut
1786 878 1902 911 dicitur
1919 879 1998 912 Osee
2015 879 2165 921 septimo,
2196 893 2211 908 «
2227 888 2284 912 vae

1322 931 1371 964 his
1395 931 1448 973 qui
1474 934 1675 964 recesserunt
1698 941 1716 963 a
1740 941 1790 964 me
1807 933 1836 964 n!
1862 932 2042 973 Quocontra
2066 932 2117 965 lob
2133 924 2284 974 vigesimo

1322 985 1471 1027 septimo:
1503 998 1518 1013 «
1536 985 1639 1018 Donec
1674 985 1831 1024 deficiam,
1856 995 1919 1018 non
1952 985 2095 1018 recedam
2124 986 2164 1018 ab
2199 986 2285 1018 inno-

1322 1039 1423 1071 centia
1446 1048 1515 1071 mea
1528 1052 1557 1070 ».
1576 1039 1612 1071 Et
1628 1038 1697 1071 ideo
1714 1039 1860 1072 hortatur
1879 1039 2112 1072 Ecclesiasticus
2128 1039 2283 1072 secundo:

1328 1104 1343 1120 «
1359 1092 1431 1130 Fili,
1456 1092 1607 1124 accedens
1630 1092 1668 1124 ad
1693 1092 1876 1125 servitutem
1902 1093 1969 1131 Dei,
1994 1096 2042 1125 sta
2065 1093 2095 1125 in
2121 1093 2239 1126 iustitia
2254 1096 2285 1126 et

1322 1145 1435 1177 timore
1458 1148 1489 1177 et
1512 1154 1666 1186 praepara
1689 1145 1826 1177 animam
1851 1149 1937 1178 tuam
1962 1145 1999 1178 ad
2028 1145 2231 1178 tentationem
2250 1157 2283 1178 ».

1413 1200 1465 1230 20.
1491 1199 1592 1240 (vers.
1622 1199 1696 1239 11).
1721 1199 1827 1231 Tertio
1850 1202 1956 1232 autem
1982 1202 2137 1241 quantum
2169 1199 2207 1232 ad
2232 1209 2286 1233 ex—

1322 1252 1507 1294 positionem
1533 1252 1669 1284 seminis
1692 1251 1848 1295 suffocati
1864 1252 1893 1285 in
1912 1252 2005 1285 corde
2028 1253 2285 1295 11890ιί0305υῦ-

1322 1306 1427 1338 ditur:
1454 1306 1548 1346 Quod
1573 1309 1684 1338 autem
1705 1306 1740 1338 iu
1764 1306 1882 1348 spinas
1895 1306 1907 1325 ⁹
1924 1306 2055 1345 cecidit,
2080 1305 2116 1339 hi
2131 1310 2209 1339 sunt
2227 1307 2287 1351 qui

1323 1360 1523 1398 audierunt,
1548 1359 1579 1392 id
1603 1363 1659 1398 est,
1685 1360 1726 1392 illi
1753 1360 1917 1402 signantur
1942 1369 1998 1402 per
2022 1360 2109 1392 illud.
2136 1360 2284 1405 Etnota,

1323 1413 1407 1456 quod
1431 1413 1570 1445 auditus
1598 1413 1784 1446 attribuitur
1809 1413 1973 1453 omnibus,
1998 1417 2034 1446 ut
2057 1414 2164 1446 nullus
2189 1414 2286 1456 possit

1323 1476 1356 1500 se
1391 1476 1564 1505 excusare;
1589 1467 1627 1499 ad
1662 1467 1813 1500 Romanos
1847 1467 1984 1500 decimo:
2014 1480 2029 1496 «
2047 1467 2195 1509 Nunquid
2223 1477 2286 1500 non

1322 1521 1517 1553 audierunt?
1542 1520 1578 1552 Et
1601 1520 1727 1562 quidem
1745 1520 1776 1552 in
1797 1529 1922 1553 omnem
1940 1524 2057 1553 terram
2074 1514 2174 1553 exivit
2190 1530 2287 1554 sonus

1323 1583 1452 1612 eorum,
1477 1577 1508 1606 et
1532 1574 1563 1606 in
1588 1574 1666 1606 fines
1701 1574 1787 1606 orbis
1812 1577 1916 1606 terrae
1940 1574 2036 1606 verba
2059 1582 2170 1606 eorum
2188 1587 2218 1605 ».
2244 1593 2285 1596 —

1324 1628 1381 1660 Sed
1406 1637 1467 1660 non
1492 1636 1602 1660 omnes
1637 1627 1756 1660 faciunt
1789 1627 1929 1660 fructum
1967 1627 2182 1669 spiritualem,
2213 1627 2288 1670 quia

1323 1681 1539 1723 impediuntur
1563 1690 1581 1713 a
1605 1681 1692 1713 curis
1712 1680 1909 1719 carnalibus3
1934 1685 1965 1713 et
1987 1680 2057 1713 ideo
2080 1680 2181 1713 addit:
2207 1682 2245 1713 E't
2264 1690 2288 1713 a

1323 1735 1622 1773 sollicitudinibuS,
1648 1735 1766 1767 scilicet
1801 1734 1902 1773 intra,
1935 1739 1963 1767 et
1992 1734 2137 1774 divitiis,
2170 1734 2288 1768 scilicet

1324 1792 1435 1827 extra,
1457 1792 1484 1820 et
1506 1788 1732 1830 voluptatibus
1756 1788 1864 1827 vitae,
1890 1788 2007 1821 scilicet
2037 1788 2135 1827 infra;
2160 1788 2192 1820 in
2224 1797 2287 1830 quo

1325 1841 1465 1883 tangitur
1493 1841 1610 1882 triplex
1643 1841 1761 1873 bonum
1794 1841 2030 1880 commutabile,
2063 1841 2180 1874 scilicet
2207 1841 2288 1874 inte-

1324 1894 1419 1933 rius,
1445 1895 1590 1927 exterius
1615 1898 1646 1927 et
1669 1893 1834 1937 inferius;
1858 1899 1970 1927 euntes
1997 1893 2226 1937 suffocantur,
2256 1894 2288 1927 id

1325 1951 1387 1987 est,
1405 1948 1500 1981 vitam
1521 1948 1716 1990 spiritualem
1733 1949 1887 1990 perdunt,
1905 1949 1993 1991 quia,
2012 1939 2185 1981 secundum
2203 1947 2288 1990 quod

1324 2001 1440 2034 dicitur
1465 2001 1584 2043 primae
1608 2001 1646 2033 ad
1670 2001 1869 2034 Timotheum
1899 2005 1990 2034 sexto
2005 2002 2041 2040 ¹⁰,
2070 2001 2152 2043 «qui
2178 2001 2288 2033 volunt

1325 2054 1437 2087 divites
1468 2054 1535 2087 fieri
1573 2054 1715 2087 incidunt
1750 2055 1780 2087 in
1811 2055 1997 2097 tentationes
2021 2058 2052 2087 et
2081 2055 2111 2087 in
2138 2055 2287 2096 laqueum

2303 1205 2383 1231 'rei-tio,
2398 1206 2438 1227 suf-

2321 1232 2420 1254 focatum.

1325 2107 1438 2140 diaboli
1463 2111 1494 2140 et
1518 2107 1549 2139 in
1567 2107 1721 2140 desideria
1741 2108 1841 2140 multa
1865 2108 1988 2140 inutilia
2011 2111 2042 2140 et
2065 2108 2190 2146 nociva,
2206 2115 2288 2149 quae
2322 2119 2325 2121 “

1325 2158 1473 2203 mergunt
1498 2161 1655 2194 hominem
1683 2162 1713 2194 in
1738 2161 1900 2194 interitum
1925 2165 1956 2194 et
1981 2161 2187 2204 perditionem
2203 2173 2233 2199 »;
2257 2163 2289 2193 et

1325 2215 1394 2248 ideo
1419 2215 1531 2248 merito
1555 2214 1718 2258 suffocari
1739 2215 1899 2248 dicuntur.
1920 2235 1959 2238 —
1979 2215 2014 2258 Et
2039 2215 2107 2247 ideo
2128 2213 2287 2256 perdendo

1326 2268 1420 2301 vitam
1444 2268 1641 2308 interiorem,
1667 2268 1803 2311 perdunt
1826 2278 1883 2311 per
1907 2277 2102 2311 consequens
2118 2267 2287 2301 efficaciam

1326 2322 1535 2362 exteriorem;
1560 2326 1590 2355 et
1607 2322 1675 2355 ideo
1703 2322 1864 2355 subditur:
1892 2323 1931 2355 Et
1953 2332 2020 2354 non
2044 2320 2195 2364 referunt
2209 2320 2286 2364 fru-

1326 2380 1423 2408 ctum.
1439 2376 1593 2408 Scribitur
1607 2376 1688 2409 enim
1706 2376 1906 2409 Ecclesiastae
1919 2376 2030 2418 quinto
2044 2376 2084 2407 1¹:
2103 2388 2117 2403 α
2132 2375 2189 2416 Qui
2204 2377 2288 2407 amat

1326 2429 1449 2462 divitias
1476 2430 1612 2462 fructum
1630 2439 1692 2462 non
1716 2430 1817 2471 capiet
1841 2439 1881 2462 ex
1906 2430 1995 2468 eis»,
2021 2429 2110 2471 quia,
2135 2428 2217 2461 sicut
2240 2427 2286 2460 di-

1326 2482 1409 2515 citur
1426 2482 1456 2515 in
1473 2483 1608 2522 Psalmo,
1632 2483 1858 2515 «dormierunt
1875 2486 2021 2515 somnum
2039 2491 2145 2521 suum,
2162 2485 2193 2514 et
2208 2481 2287 2514 nihil

1326 2536 1515 2569 invenerunt
1540 2537 1597 2569 viri
1624 2536 1806 2569 divitiarum
1831 2536 1862 2568 in
1887 2536 2033 2568 manibus
2055 2536 2121 2568 suis
2138 2547 2169 2574 »;
2194 2539 2225 2568 et
2248 2534 2287 2567 ad

374 2786 382 2800 ¹
403 2786 466 2812 Corl.
487 2787 506 2811 B
525 2786 661 2812 diversam
679 2786 784 2820 accipit.
808 2801 840 2804 —
862 2787 898 2812 De
917 2790 1029 2819 quatuor
1049 2787 1198 2812 auditorum
1219 2793 1261 2818 ge-

304 2831 409 2856 neribus
427 2833 473 2856 cfr.
493 2838 572 2863 supra
592 2839 616 2856 11,
637 2832 660 2856 7.

374 2875 383 2889 ²
405 2877 437 2901 lta
459 2876 546 2907 plures
565 2876 641 2902 codd.
662 2883 721 2901 cum
748 2877 856 2911 (ii-egoi:
882 2876 915 2908 (l.
940 2876 1034 2901 Homil.
1054 2876 1078 2900 in
1099 2877 1199 2907 Evang.
1219 2876 1262 2900 ho-

305 2920 355 2945 mil.
372 2921 412 2946 15.
432 2921 456 2945 111
478 2921 626 2953 principio),
647 2922 671 2945 S.
693 2921 792 2945 Tlioma
809 2920 913 2952 (Calena
934 2928 1012 2946 aurea
1032 2920 1057 2945 in
1071 2921 1130 2945 luc.
1147 2920 1171 2944 8.
1185 2927 1209 2945 n.
1225 2920 1261 2951 2).

303 2968 328 2989 et
347 2965 458 2995 Lyrano.
479 2964 527 2990 Alii
548 2965 624 2990 codd.
646 2965 687 2990 hie
706 2972 766 2990 cuni
787 2965 901 2997 Vulguta
929 2964 989 2999 qui,
1014 2968 1039 2990 et
1063 2965 1128 2990 insi-a
1155 2964 1202 2998 qui
1227 2963 1262 2997 [H

305 3008 375 3034 istud
394 3008 458 3042 qui]
482 3016 535 3035 11011
561 3009 679 3042 refertur
706 3013 768 3041 et‹·.,
788 3009 864 3035 Card.
891 3010 967 3041 {lugo
995 3009 1105 3042 explicat
1129 3009 1261 3041 duplicem

305 3054 370 3078 lianc
389 3054 539 3085 lectionem;
559 3055 605 3079 cfr.
625 3054 711 3078 Matth.
732 3054 778 3084 13,
798 3054 841 3079 20.
860 3068 894 3072 -
913 3054 1036 3086 Sequitur
1055 3055 1101 3079 ier.
1122 3054 1163 3085 31,
1183 3053 1226 3078 27.

375 3096 385 3110 ¹³
408 3099 478 3123 vers.
500 3099 522 3123 3.
549 3102 575 3123 et
595 3098 616 3123 4.
638 3112 672 3117 ——
692 3097 808 3124 Subinde
830 3099 901 3129 Vat.‚
921 3099 1130 3130 interpunctione
1150 3100 1263 3128 mutata,

305 3142 378 3173 legit:
395 3142 531 3176 principia
545 3142 676 3169 bonitatis.
699 3143 731 3169 Et
744 3142 808 3176 quia
827 3144 937 3169 nostrae
949 3142 1035 3169 saluti
1046 3141 1205 3173 insidiatur,
1219 3140 1263 3167 ad-

306 3186 392 3219 iunyit
409 3192 458 3212 etc.

376 3229 386 3243 ‘¹
408 3231 480 3256 vers.
505 3232 542 3256 16.
564 3245 595 3249 -
616 3232 740 3264 Sequitur
759 3233 839 3263 Apoc.
865 3232 907 3263 12,
929 3232 969 3256 10.

377 3273 387 3287 ⁵
408 3275 516 3307 Vulgata
536 3280 561 3301 et
582 3276 638 3301 Vat.
663 3283 724 3301 curn
744 3276 764 3300 H
784 3276 906 3301 omittunt
925 3275 954 3302 hi
975 3278 1053 3308 sunt,
1079 3276 1151 3308 quod
1178 3279 1277 3300 tamen.

306 3319 427 3344 exhibent
446 3320 554 3351 Gregor.
575 3320 606 3351 (Ι.
627 3320 721 3345 11011111.
746 3320 770 3344 111
798 3321 895 3352 Evang.
920 3320 1006 3346 homil.
1029 3320 1095 3353 =l5.)‚
1121 3321 1149 3345 B.
1169 3319 1266 3345 Albert.

307 3366 331 3387 et
344 3363 369 3387 S.
390 3363 485 3388 Tuom.
508 3363 611 3393 (Catena
631 3371 709 3390 aurea
725 3364 750 3388 in
764 3364 825 3390 Luc.
844 3364 868 3389 8.
885 3371 909 3389 n.
930 3365 977 3397 2.).
991 3379 1022 3383 —
1037 3364 1154 3390 Subinde
1173 3364 1265 3394 codd,

307 3407 327 3431 11
348 3411 469 3438 excepto,
488 3407 609 3433 omittunt
627 3414 689 3434 cum
707 3407 844 3434 audierim
857 3411 882 3433 et
894 3407 1013 3434 verbum.
1030 3422 1060 3426 —
1076 3408 1198 3441 Sequitur
1211 3408 1265 3433 Aet.

312 3452 350 3484 17,
372 3452 413 3483 11,
433 3451 476 3477 ubi
496 3455 556 3483 post
574 3450 686 3478 verbum
706 3451 846 3478 ACDFG
869 3452 969 3477 addunt
988 3451 1043 3478 Dei.

1396 2784 1407 2798 ⁶
1430 2786 1502 2810 Vers.
1528 2785 1568 2810 17.
1589 2800 1621 2803 -
1643 2785 1699 2810 Duo
1719 2792 1794 2817 seqq.
1813 2784 1860 2810 loci
1880 2787 1941 2810 sunt
1954 2785 2014 2815 Sap.
2036 2783 2065 2815 4,
2086 2784 2115 2808 3:
2136 2782 2238 2816 Spuria
2252 2782 2289 2809 vi-

1326 2829 1460 2856 tulamina
1474 2836 1528 2855 rion
1548 2833 1609 2859 ete,
1623 2836 1672 2861 pro
1689 2829 1894 2863 firmamentum
1908 2828 1986 2853 codd.
2004 2827 2212 2861 fundamentum
2231 2826 2288 2859 (cfr.

1325 2877 1387 2900 tom.
1408 2875 1451 2899 Vl.
1471 2881 1532 2906 pag.
1554 2874 1603 2899 132
1624 2875 1671 2899 col.
1692 2875 1717 2899 ll.
1739 2877 1764 2898 et
1784 2880 1843 2905 pag.
1869 2873 1924 2898 133.
1946 2873 1993 2898 col.
2014 2874 2051 2903 l.),
2070 2876 2095 2897 et
2114 2872 2181 2897 Osee
2200 2872 2229 2902 9,
2251 2872 2288 2897 16.

1397 2916 1406 2931 ⁷
1428 2919 1461 2943 lta
1481 2918 1558 2943 etiam
1578 2918 1685 2949 Gregor.
1708 2917 1843 2948 (l.1lomil.
1863 2917 1887 2942 in
1908 2918 2008 2948 Evang.
2023 2917 2110 2942 homil.
2136 2917 2194 2949 15.),
2212 2915 2289 2942 Card.

1326 2964 1414 2994 Hugo,
1437 2963 1463 2987 B.
1483 2961 1594 2992 Albert.;
1617 2962 1725 2994 Vulgata
1748 2961 1807 2993 Qut.
1827 2976 1862 2981 —
1881 2961 2004 2994 Sequitur
2030 2961 2104 2986 Dent.
2124 2961 2173 2991 32,
2195 2960 2237 2985 15.
2255 2974 2290 2979 --

1326 3006 1453 3038 Superius
1472 3014 1520 3038 pro
1543 3007 1574 3032 Et
1593 3005 1664 3040 quod
1683 3006 1727 3032 isti
1744 3005 1763 3032 C
1775 3007 1822 3031 DF
1843 3006 1877 3031 Et
1895 3005 1968 3039 quod
1985 3005 2064 3037 istae,
2077 3008 2103 3030 et
2123 3011 2171 3036 pro
2184 3003 2289 3031 radices

1326 3051 1516 3081 confirmantes
1538 3052 1592 3076 vat.
1612 3050 1718 3077 radices
1737 3050 1921 3084 confirmatas.

1399 3093 1409 3108 ⁸
1429 3095 1502 3120 Vers.
1528 3096 1575 3125 21,
1602 3098 1660 3126 post
1683 3102 1763 3127 quem
1789 3094 1856 3120 Osee
1881 3095 1906 3125 7,
1933 3095 1977 3126 13,
2007 3093 2051 3119 101)
2077 3094 2119 3126 27,
2144 3094 2168 3119 5.
2195 3096 2221 3119 et
2245 3094 2290 3119 Ec-

1327 3140 1369 3166 cii.
1389 3141 1419 3171 2,
1441 3140 1462 3164 1.

1345 3218 1350 3221 .
1399 3182 1410 3197 ⁹
1429 3184 1511 3210 Codd.
1532 3183 1551 3209 C
1564 3184 1641 3209 DFH
1662 3183 1761 3217 spinis,
1782 3183 1814 3209 ita
1835 3184 1914 3209 etiarn
1934 3184 1961 3209 B.
1982 3183 2078 3209 Albert.
2098 3186 2123 3208 et
2148 3183 2173 3208 S.
2194 3182 2289 3208 Thom.

1330 3228 1435 3263 (Catena
1455 3235 1533 3253 aurea
1557 3228 1581 3253 in
1602 3228 1664 3253 Luc.
1685 3228 1708 3253 8.
1723 3235 1746 3253 11.
1763 3228 1813 3259 2.);
1834 3229 1920 3254 Matth.
1942 3228 1989 3260 13,
2009 3229 2057 3253 22:
2078 3226 2132 3259 Qui
2148 3228 2240 3253 autem
2253 3233 2290 3252 se-

1329 3272 1449 3299 minatus
1468 3274 1507 3298 est
1526 3272 1553 3298 in
1572 3271 1666 3305 spinis.
1685 3286 1720 3291 —
1739 3272 1862 3305 Sequitur
1883 3274 1957 3298 Rom.
1984 3273 2026 3303 lo,
2051 3272 2088 3297 18.

1401 3315 1423 3330 ¹⁰
1446 3317 1519 3342 Vei-s.
1539 3317 1563 3341 9.
1576 3330 1611 3335 —
1625 3317 1661 3342 De
1681 3316 1721 3341 his
1741 3316 1825 3342 tribus
1844 3316 1920 3342 bonis
1933 3318 1977 3342 cfr.
1999 3317 2048 3349 Qq.
2067 3316 2165 3347 disput.
2185 3315 2218 3341 de
2231 3315 2291 3340 Per-

1330 3363 1389 3387 sect.
1402 3361 1520 3393 evangel.
1535 3368 1560 3394 q.
1581 3362 1605 3386 2.
1619 3367 1643 3386 a.
1657 3361 1681 3386 3.
1702 3360 1725 3385 iu
1746 3368 1818 3392 corp.
1837 3364 1863 3386 et
1877 3361 1901 3386 in
1916 3360 2039 3386 Hexaem.
2057 3360 2142 3385 collat.
2165 3358 2189 3385 t.
2210 3366 2234 3384 n.
2247 3359 2289 3384 22.

1330 3406 1382 3433 Cl'r.
1401 3406 1478 3431 etiam
1501 3406 1583 3431 ltiuer.
1605 3405 1698 3431 mentis
1717 3405 1742 3430 in
1763 3405 1845 3430 Deum
1866 3412 1890 3430 c.
1912 3405 1936 3430 1.
1956 3408 1981 3430 et
2000 3404 2141 3437 soliloquia
2161 3411 2184 3429 c.
2205 3403 2258 3429 1-3.

1402 3449 1422 3464 ¹¹
1446 3450 1518 3476 Vers.
1538 3450 1566 3481 9,
1587 3453 1646 3482 post
1664 3457 1743 3483 quem
1765 3450 1803 3475 Ps.
1823 3449 1873 3480 75,
1893 3449 1918 3474 6.
1937 3452 1963 3474 et
1982 3449 2059 3474 Rom.
2078 3449 2108 3479 6,
2128 3448 2171 3473 21.

2307 2219 2436 2241 Notandum.
