2476 3921
769 215 962 248 COMMENT.
988 216 1024 248 IN
1049 216 1287 249 EVANGELIUM
1312 217 1429 250 LUCAE
1453 219 1484 250 C.
1511 219 1569 252 Vll.

184 316 199 332 «
215 303 274 336 Sed
297 287 354 346 ego
383 303 597 336 testimonium
621 304 723 337 maius
751 304 851 336 habeo
867 317 897 335 ».
929 317 944 332 «
967 304 1001 336 Et
1024 312 1138 346 opera,

179 366 259 399 quae
282 366 339 399 ego
359 356 451 396 facio,
470 357 537 398 ipsa
561 356 774 389 testimonium
799 356 967 398 perhibent
986 356 1024 389 de
1045 365 1094 389 me
1107 369 1137 388 ».

267 409 318 442 39.
344 409 445 450 (Vers.
470 409 547 450 22).
572 409 715 442 Secundo
739 418 814 442 vero
842 408 1009 451 respondet
1039 418 1138 452 quae-

30 471 164 500 ieaponaetur
178 461 264 494 renti
294 461 507 494 denuntiando
539 461 681 504 prodigia
704 471 722 494 a
744 461 907 503 discipulis
938 461 1005 494 visa
1028 465 1059 494 et
1082 471 1138 494 au—

42 497 157 527 quaerenti.

22 1158 44 1178 'a
51 1156 114 1178 variis
121 1155 158 1177 mi-

47 1183 131 1204 ranulis.

38 1368 109 1396 Quoad
122 1368 152 1389 vi-

67 1400 119 1416 sum.

14 1580 81 1607 Quoad
95 1585 151 1607 gres-

52 1612 105 1628 sum.

36 1843 108 1871 Quoad
121 1844 150 1866 le-

61 1876 127 1897 pram.

10 2214 79 2241 Quoad
92 2215 149 2236 audi-

59 2243 110 2262 tutu.

9 2425 79 2452 Quoad
93 2431 154 2453 rapa-

3 2454 6 2477 }
14 2452 115 2474 rationem
123 2453 153 2474 vi-

3 2489 9 2506 17ι
14 2479 54 2500 tae.

176 515 257 554 dita;
282 518 412 557 propter
435 515 520 557 quod
543 514 632 547 dicit:
660 516 698 547 Et
720 515 921 557 respondens
942 514 1028 547 dixit
1051 514 1136 547 illis.-

178 568 298 600 E'mites
314 568 503 600 renuntiate
523 568 645 600 loanni
667 577 753 611 quae
771 567 918 600 audistis
938 572 967 600 et
989 568 1136 606 vidistiS,

176 620 264 663 quia,
289 620 371 653 sicut
394 620 510 652 dicitur
535 620 650 653 Tobiae
673 620 860 653 duodecimo
875 622 896 659 ¹,
926 634 941 649 «
961 629 1058 662 opera
1081 620 1136 653 Dei

177 674 317 707 revelare
340 676 372 706 et
398 673 540 706 confiteri
573 673 782 706 honorificum
807 678 854 706 est
879 687 908 705 ι».
938 673 1062 706 Mandat
1092 673 1137 706 eis

175 725 360 758 denuntiare
384 733 465 766 quae
481 724 629 757 viderunt
652 728 684 758 et
706 725 890 765 audierunt,
908 726 983 768 quia
1006 726 1056 758 isti
1073 726 1136 758 duo

175 786 286 810 sensus
309 777 463 819 plurimas
485 777 575 810 nobis
603 777 795 811 differentias
818 778 1004 817 ostendunt,
1037 782 1072 811 ut
1105 778 1134 810 in

176 832 234 864 hoc
257 830 441 864 ostendatur
465 830 632 872 perfectior
658 831 734 864 [ides
758 831 897 871 loannis,
925 832 979 874 qui
1005 831 1136 864 credidit

174 885 274 917 solum
299 883 470 923 audiendo,
496 893 591 926 quam
615 884 748 917 istorum
767 885 821 926 qui
844 885 990 918 viderunt
1014 888 1044 917 et
1068 894 1136 918 cre-

174 938 339 976 diderunt,
364 937 537 970 secundum
562 937 639 970 illud
665 938 786 971 loannis
809 938 960 980 vigesimo
988 939 1026 971 de
1054 939 1136 971 Tho-

175 1000 238 1030 ma,
263 991 312 1024 cui
344 990 477 1023 dicitur:
507 1003 522 1019 «
539 990 619 1031 Quia
649 990 752 1023 vidisti
777 1000 844 1030 me,
876 991 1010 1030 Thoma,
1035 991 1136 1024 credi-

173 1043 255 1076 disti.
282 1043 381 1082 Beati,
406 1043 459 1085 qui
485 1052 546 1075 non
572 1043 718 1076 viderunt
741 1047 772 1076 et
795 1043 1044 1077 crediderunt».

261 1096 314 1129 40.
340 1096 492 1138 Praecipit
514 1099 621 1128 autem
645 1096 691 1129 eis
714 1105 846 1129 narrare
869 1097 1026 1139 prodigia,
1054 1106 1136 1139 quae

172 1150 299 1192 quidem
324 1152 399 1182 sunt
427 1149 597 1192 praecipua
620 1150 773 1183 miracula
797 1154 926 1193 propter
958 1151 1135 1193 impossibi-

173 1203 289 1236 litatem
316 1206 462 1245 respectu
486 1203 614 1236 virtutis
637 1207 775 1243 creatae,
793 1204 876 1237 sicut
898 1208 946 1237 est
969 1205 1135 1238 restitutio

171 1257 284 1296 visus,
309 1256 502 1299 rectificatio
524 1266 680 1299 pressus,
705 1257 881 1290 mundatio
913 1258 1065 1300 corporis
1089 1263 1134 1290 to-

172 1310 258 1348 tius,
282 1309 454 1352 reparatio
486 1310 645 1348 auditae,
671 1310 832 1342 restitutio
864 1310 950 1342 vitae
977 1315 1008 1343 et
1032 1311 1133 1343 subli-

170 1363 273 1396 matio
297 1363 438 1405 inopiae.
467 1381 511 1385 ——
538 1363 697 1403 Quantum
723 1362 762 1395 ad
787 1363 1022 1395 restitutionem
1040 1364 1134 1396 visus

170 1416 261 1449 dicit:
281 1415 378 1449 Caeci
390 1416 402 1434 ²
425 1415 551 1453 videnu-
568 1415 662 1447 lsaiae
687 1415 847 1457 trigesimo
863 1416 990 1457 quinto:
1013 1429 1027 1445 a
1045 1417 1133 1449 Tunc

170 1469 352 1512 aperientur
375 1468 456 1501 oculi
474 1476 639 1501 caecorum
653 1481 684 1505 n,
709 1467 826 1500 scilicet
842 1468 873 1500 in
889 1469 1026 1501 adventu
1043 1469 1133 1501 Chri-

170 1522 224 1561 sti;
249 1521 370 1554 Ioannis
385 1529 482 1553 nono:
504 1533 520 1549 α
533 1520 555 1552 Α
575 1520 700 1553 saeculo
720 1529 782 1553 non
802 1524 849 1553 est
872 1521 1031 1560 auditum,
1048 1522 1133 1564 quod

170 1575 241 1617 quis
264 1574 389 1616 aperuit
412 1573 520 1606 oculos
543 1573 625 1606 caeci
651 1573 714 1605 nati
732 1586 762 1605 ».
780 1592 821 1597 -
844 1574 1003 1615 Quantum
1027 1575 1066 1607 ad
1083 1584 1133 1607 re-

170 1627 401 1670 ctificationem
432 1636 570 1669 yressws·
605 1626 742 1659 dicitur:
777 1626 901 1659 Claudi
934 1627 1132 1666 ambulant,-

170 1681 325 1714 Michaeae
349 1672 508 1722 quarto-‘¹2-
538 1693 554 1708 «
571 1680 602 1712 ln
628 1680 679 1713 die
712 1680 764 1712 illa
794 1681 991 1723 congregabo
1015 1682 1133 1714 claudi-

170 1738 291 1767 cantem
315 1737 346 1766 et
377 1742 445 1766 eam
474 1742 569 1775 quam
603 1733 775 1772 eieceram,
808 1734 1004 1775 colligam‘m
1038 1734 1155 1768 lsaiae*

171 1787 329 1829 trigesimo
345 1787 473 1828 quinto:
500 1799 516 1814 «ι
529 1786 617 1818 Tunc
634 1786 723 1818 saliet
746 1786 828 1819 sicut
845 1795 960 1820 cervus
984 1787 1132 1826 claudus,

169 1843 200 1872 ct
222 1842 331 1882 aperta
354 1839 415 1871 erit
448 1838 555 1880 lingua
583 1841 744 1871 mutorum
770 1851 800 1870 ».
831 1857 872 1861 —
901 1839 1060 1880 Quantum
1094 1840 1132 1873 ad

168 1892 417 1925 mundationem
433 1892 584 1933 corporis
608 1891 708 1923 totius
723 1891 858 1924 dicitur:
883 1892 1021 1934 Leprosi
1035 1903 1132 1940 mitri-

169 1946 306 1983 dantur‚
331 1945 413 1977 sicut
435 1944 516 1976 infra
539 1944 660 1977 decimo
676 1944 835 1986 septimo4
859 1945 1008 1987 leguntur
1024 1946 1131 1979 deceni

170 1999 282 2041 leprosi
307 2007 374 2030 esse
411 1997 570 2036 mundati,
602 2001 633 2030 et
668 1998 749 2031 sicut
772 1998 889 2031 dicitur
925 1999 977 2032 lob
1012 1999 1132 2032 decimo

169 2054 300 2094 quarto:
330 2064 344 2079 n
362 2051 438 2092 Quis
463 2054 565 2092 potest
587 2051 690 2084 facere
723 2052 876 2085 mundum
900 2052 938 2085 de
955 2052 1131 2099 *immundo

168 2107 353 2145 conceptum
383 2103 524 2136 semine?
556 2104 663 2137 Nonne
688 2107 740 2143 tu,
765 2105 819 2146 qui
853 2105 939 2137 solus
962 2114 995 2137 es
1011 2108 1052 2137 »2
1084 2106 1131 2137 Tu

168 2166 257 2199 ergo,
289 2156 343 2198 qui
376 2156 435 2188 hoc
467 2156 560 2195 facis,
591 2165 625 2190 es
656 2157 708 2189 ille
739 2157 794 2199 qui
827 2160 983 2190 venturus
1013 2166 1056 2189 es.
1089 2176 1129 2180 —

169 2211 327 2252 Quantum
352 2209 389 2241 ad
422 2210 626 2251 apertionem
657 2211 796 2243 auditus
827 2210 992 2243 subditur:
1026 2210 1132 2243 Sardi

169 2262 335 2300 audiunt‚·
360 2262 453 2295 lsaiae
487 2263 646 2305 trigesimo
670 2263 825 2305 quinto⁵:
854 2276 870 2291 a
887 2264 986 2296 Aures
1017 2263 1130 2296 surdo-

169 2324 241 2347 rum
266 2315 466 2356 patebunt»,
490 2316 608 2349 scilicet
635 2316 666 2348 in
691 2315 829 2348 adventu
852 2315 987 2355 Christi,
1018 2325 1130 2349 secun-

167 2368 242 2401 dum
275 2368 352 2401 illud
384 2369 478 2402 Marci
510 2369 663 2411 septimo:
694 2382 709 2398 «
730 2369 811 2401 Bene
841 2368 946 2401 omnia
977 2369 1067 2402 fecit:
1100 2373 1131 2403 et

167 2421 281 2454 surdos
304 2421 376 2454 fecit
391 2421 502 2455 audire
525 2426 556 2455 et
577 2426 681 2455 mutos
705 2421 789 2463 loqui
808 2435 838 2453 n.
857 2440 898 2445 —
915 2422 1074 2463 Quantum
1091 2423 1130 2455 ad

167 2475 412 2516 reparationem
442 2475 528 2507 vitae
550 2475 683 2507 dicitur:
708 2475 834 2507 Mortui
855 2479 1057 2518 resurgunt,
1082 2485 1130 2509 se-

168 2527 306 2560 cundum
331 2528 409 2561 illud
434 2527 601 2563 Ezechielis
624 2528 785 2569 trigesimo
808 2528 983 2570 septimoss:
1014 2542 1029 2558 «
1047 2530 1130 2563 Scia-

169 2580 225 2618 tis,
249 2581 324 2623 quia
347 2590 405 2623 ego
428 2581 597 2619 Dominus,
622 2589 695 2613 cum
719 2590 876 2623 aperuero
900 2583 1046 2624 sepulcra
1077 2592 1129 2616 ve-

168 2636 234 2665 stra
265 2637 296 2666 et
331 2633 473 2666 eduxero
497 2641 553 2665 vos
583 2633 622 2665 de
646 2633 777 2666 tumulis
811 2634 925 2667 vestris
955 2639 986 2668 et
1014 2635 1130 2669 dedero

168 2686 315 2728 spiritum
339 2695 443 2719 meum
468 2686 498 2718 in
523 2686 629 2725 vobis,
652 2688 684 2718 et
707 2686 852 2720 vixeritis
876 2699 911 2726 »;
936 2691 967 2721 et
990 2688 1051 2722 hoc
1081 2693 1129 2722 est
1158 2721 1162 2732 ,

239 2876 248 2891 ¹
269 2878 344 2903 Vers.
363 2878 390 2903 7.
404 2891 440 2897 —
459 2878 582 2911 Sequitur
601 2879 668 2904 loan.
689 2879 734 2911 20,
755 2879 796 2904 29.
811 2893 846 2899 —
860 2880 897 2906 De
915 2880 1036 2906 sensibus
1055 2881 1129 2907 visus

168 2924 194 2948 et
212 2921 317 2948 auditus
336 2923 381 2948 cli·-
400 2929 479 2954 supra
499 2929 561 2954 pag.
581 2922 629 2954 50,
648 2925 707 2948 nota
727 2923 753 2948 2.
771 2937 806 2942 —
825 2924 933 2950 lnserius
956 2932 1005 2957 pro
1024 2924 1073 2958 qut
1090 2924 1129 2951 vi-

168 2965 268 2992 derunt
285 2967 311 2992 et
328 2965 500 2993 crediderunt
518 2966 537 2993 C
550 2967 600 2992 DG
611 2967 632 2992 H
651 2966 700 3000 qui
715 2966 855 3001 viderunt,
874 2970 906 2995 ut
929 2968 1075 2996 crederent.

238 3007 250 3024 ⁹
270 3010 397 3042 Vulgata:
417 3010 488 3042 Quia
507 3010 585 3037 caeci.
599 3024 635 3030 —
648 3011 705 3036 Duo
724 3018 798 3045 seqq.
817 3006 867 3038 loci
885 3016 946 3038 sunt
965 3013 1020 3039 lsai.
1041 3013 1088 3046 35,
1103 3014 1127 3040 5.

168 3056 194 3080 et
218 3054 286 3080 loan.
311 3055 340 3087 9,
366 3055 409 3081 32.
435 3069 470 3074 —
494 3055 621 3087 Superius
639 3055 661 3080 G
685 3054 819 3082 substituit
846 3055 993 3083 sublevatio
1021 3056 1128 3091 inopiae

170 3105 218 3130 pro
237 3097 392 3126 sublimatio
415 3098 530 3133 inopiae.
555 3099 626 3125 ldem
646 3100 756 3125 recurrit
780 3100 913 3133 aliquanto
939 3101 1057 3132 inferius,
1082 3102 1126 3128 ubi

168 3142 247 3168 etiam
267 3142 289 3168 H
308 3143 450 3169 concordat
468 3150 529 3169 cum
549 3144 579 3168 G.

239 3184 250 3200 ⁸
270 3187 343 3212 Vers.
364 3187 395 3218 ὃ,
421 3185 466 3212 ubi
492 3193 540 3219 pro
565 3188 589 3213 et
614 3193 688 3219 eam,
714 3194 796 3221 quam
821 3188 950 3215 eieceram
970 3188 1084 3214 CDGH
1103 3191 1128 3216 et

168 3236 242 3262 eam,
265 3237 334 3264 quoe
352 3229 388 3264 [ll
406 3232 431 3257 et
449 3238 525 3263 eum,
547 3230 604 3264 qm]
624 3231 811 3259 mavei-it.—
824 3232 946 3266 Sequitur
966 3233 1022 3258 lsai.
1041 3233 1087 3266 35,
1102 3234 1128 3260 6.

239 3274 251 3290 ⁴
270 3277 345 3303 Vers.
365 3276 413 3308 tt,
433 3280 492 3309 post
510 3284 590 3310 quem
610 3276 654 3302 lob
675 3277 719 3309 lt,
741 3278 765 3303 4.

239 3319 250 3334 ⁶
270 3321 346 3347 Vers.
365 3321 391 3347 ὅ.
409 3335 444 3340 -
463 3321 587 3354 Sequitur
606 3322 681 3348 Marc.
701 3322 726 3354 7,
747 3322 789 3348 37.

239 3363 251 3379 ⁶
271 3365 345 3391 Vers.
369 3366 411 3391 ⁴³.
429 3368 454 3391 et
476 3365 518 3391 Μ.
538 3380 570 3384 -
590 3365 706 3392 Subinde
725 3367 851 3399 allegatur
870 3368 938 3393 loon.
958 3367 987 3399 5,
1006 3368 1049 3394 28.

2100 226 2160 256 175

1203 304 1234 336 in
1258 305 1394 337 adventu
1419 306 1548 346 Christi;
1575 308 1695 341 loannis
1710 310 1838 351 quinto:
1868 311 1987 344 «Venit
2011 312 2106 351 hora,
2130 317 2161 345 et

1203 366 1288 390 nunc
1311 362 1373 397 est,
1398 359 1523 400 quando
1549 361 1664 393 mortui
1688 362 1816 395 audient
1841 373 1945 396 vocem
1970 365 2034 397 Filii
2052 365 2106 398 Dei
2128 379 2158 397 ι.

1202 429 1246 434 -
1279 411 1438 444 Postremo
1473 417 1627 454 quantum
1661 414 1699 446 ad
1731 415 1996 449 sublimationem
2030 418 2161 460 inopiae

1202 463 1371 496 subditur:
1406 465 1577 506 Pauperes
1611 467 1904 509 evanyelizantai·‚
1940 469 1970 502 id
2005 474 2069 509 est,
2105 480 2161 512 per

1202 516 1403 558 Evangelium
1429 517 1650 559 praedicantur
1673 523 1704 552 et
1727 520 1926 559 exaltantur;
1951 522 2034 564 quod
2059 527 2160 564 patet,

1201 569 1276 611 quia
1298 578 1402 602 sermo
1427 570 1547 602 Domini
1574 571 1688 612 incepit
1711 582 1729 604 a
1752 574 2020 608 commendatione
2045 585 2161 618 paupe-

1202 631 1292 660 rum;
1317 623 1462 655 Matthaei
1496 623 1649 665 quinto⁷:
1679 636 1694 652 α
1712 623 1794 657 Beati
1828 635 1982 668 pauperes
1998 641 2029 665 n,
2053 632 2084 660 et
2108 637 2161 661 su-

1201 683 1259 716 pra
1290 679 1390 707 sexto.
1430 676 1466 708 Et
1498 676 1557 709 hoc
1587 680 1656 709 erat
1690 682 1812 710 certum
1849 679 1973 721 signum
2008 680 2161 713 adventus

1200 727 1333 766 Christi,
1359 728 1533 761 secundum
1551 729 1626 762 illud
1645 730 1739 763 Isaiae
1759 731 1909 773 vigesimo
1933 742 2031 765 nono:
2051 746 2066 761 α
2084 734 2161 766 Pau-

1200 789 1293 822 peres
1318 781 1461 815 homines
1484 783 1515 815 in
1541 786 1649 816 sancto
1674 784 1766 817 lsrael
1788 785 1995 818 exsultabunt
2016 799 2050 824 »3
2069 787 2160 829 quia,

1200 835 1282 866 sicut
1312 834 1429 867 dicitur
1461 835 1555 868 Isaiae
1586 837 1715 876 ultimo,
1752 850 1768 865 «
1791 837 1830 870 ad
1865 847 1958 880 quem
1996 840 2161 881 respiciam

1201 886 1258 919 nisi
1291 887 1330 919 ad
1363 889 1591 930 pauperculum
1620 893 1651 922 et
1679 890 1850 923 contritum
1875 892 1988 933 spiritu
2006 906 2021 921 ι»
2042 897 2100 925 etc.
2128 894 2162 926 Et

1201 939 1300 972 Iacobi
1334 941 1518 973 secundofl:
1557 955 1572 970 α
1589 942 1695 975 Nonne
1721 943 1803 976 Deus
1834 944 1928 986 elegit
1951 954 2106 987 pauperes
2130 946 2160 978 in

1201 993 1261 1026 hoc
1293 993 1410 1026 mundo
1435 1007 1450 1022 »
1491 998 1575 1033 etc.;
1608 995 1683 1037 quia
1713 996 1752 1029 de
1789 997 1855 1038 ipso
1886 997 2011 1031 Christo
2042 999 2160 1032 dictum

1200 1049 1264 1078 est:
1296 1060 1311 1075 «
1333 1047 1440 1080 Parcet
1465 1048 1595 1090 pauperi
1620 1053 1652 1081 et
1675 1049 1759 1091 inopi
1783 1054 1814 1083 et
1838 1051 1958 1084 animas
1982 1061 2159 1094 pauperum

1201 1099 1302 1132 salvas
1333 1099 1424 1133 saciet
1440 1113 1476 1140 »3
1501 1105 1532 1133 et
1556 1106 1642 1143 post:
1672 1115 1687 1130 α
1706 1102 1741 1135 Et
1766 1103 1948 1137 honorabile
1973 1114 2084 1138 nomen
2109 1115 2161 1139 eo-

1200 1162 1272 1185 rum
1305 1162 1411 1186 corani
1448 1154 1500 1187 illo
1525 1168 1554 1186 ».
1593 1155 1628 1187 Et
1660 1156 1736 1188 illud
1772 1161 1840 1189 erat
1872 1167 2019 1199 inagnum
2057 1159 2161 1200 prodi-

1199 1206 1301 1247 gium,
1330 1207 1414 1248 quod
1444 1207 1626 1241 honorabile
1650 1208 1740 1242 fieret
1767 1214 1797 1242 et
1820 1211 1953 1243 amabile
1980 1216 2011 1244 et
2039 1212 2160 1253 praedi-

1199 1259 1298 1291 cabile
1322 1268 1433 1292 nomen
1459 1269 1653 1302 pauperum;
1679 1261 1763 1303 quod
1787 1272 1849 1295 non
1874 1263 1932 1295 suit
1956 1264 2014 1296 nisi
2037 1274 2092 1306 per
2117 1265 2160 1298 le-

1198 1321 1287 1350 sum,
1312 1312 1366 1353 qui
1394 1321 1427 1345 se
1451 1313 1523 1345 fecit
1540 1323 1710 1355 pauperem
1738 1315 1776 1346 ad
1801 1325 1857 1348 nos
1882 1326 2036 1358 pauperes
2059 1318 2160 1350 ditan-

1196 1364 1253 1397 dos
1276 1368 1308 1396 et
1332 1365 1544 1403 honorandos;
1569 1367 1725 1399 secundae
1748 1367 1787 1399 ad
1809 1368 1986 1402 Corinthios
2002 1375 2111 1403 octavo
2128 1372 2158 1404 ⁹:

1202 1430 1218 1445 α
1235 1417 1325 1450 Scitis
1348 1418 1480 1459 gratiani
1499 1418 1622 1450 Domini
1648 1420 1744 1452 nostri
1771 1420 1838 1453 lesu
1855 1421 1985 1460 Christi,
2011 1424 2159 1465 quoniam

1197 1473 1326 1511 propter
1350 1479 1405 1502 vos
1428 1479 1546 1512 egenus
1569 1471 1671 1504 sactus
1693 1476 1755 1511 est,
1780 1482 1851 1505 cum
1876 1479 1957 1507 esset
1980 1475 2067 1509 dives
2084 1491 2113 1509 υ.

1287 1523 1339 1555 41.
1366 1523 1402 1555 Et
1426 1528 1513 1563 nota,
1529 1524 1614 1566 quod
1631 1526 1729 1567 magis
1751 1526 1843 1559 dicit:
1870 1528 2041 1570 Pauperes
2061 1540 2159 1563 evan-

1195 1576 1402 1619 9elizaritur,
1419 1586 1514 1619 quam
1541 1578 1678 1620 virgines
1702 1579 1750 1612 vel
1767 1580 1960 1620 obedientes,
1985 1583 2059 1624 quia
2083 1593 2160 1625 pau-

1197 1633 1303 1672 pertas
1319 1630 1559 1663 fundamentum
1576 1636 1623 1664 est
1639 1633 1835 1674 evangelicae
1856 1635 2063 1675 perfectionis.
2081 1637 2160 1678 Quia

1196 1683 1436 1716 fundamentum
1461 1683 1595 1717 civitatis
1618 1685 1783 1726 Babylonis
1806 1690 1854 1719 est
1877 1688 2025 1727 avaritia,
2050 1698 2161 1723 secun-

1196 1736 1272 1769 dum
1298 1736 1375 1769 illud
1399 1736 1520 1778 primae
1543 1737 1582 1770 ad
1606 1738 1806 1772 Timotheum
1831 1740 1943 1773 ultimo
1957 1741 1999 1773 ²⁰:
2030 1755 2046 1770 «
2063 1742 2159 1775 Radix

1196 1789 1338 1821 omnium
1366 1789 1522 1822 malorum
1547 1791 1702 1832 cupiditas
1726 1804 1761 1831 »;
1786 1796 1817 1825 et
1845 1806 1860 1821 «ι
1878 1794 2027 1835 superbia
2059 1796 2161 1829 omnis

1196 1842 1314 1884 peccati
1339 1842 1464 1874 initium
1477 1856 1507 1881 »,
1525 1843 1699 1877 secundum
1719 1845 1803 1886 quod
1819 1845 1935 1879 dicitur
1955 1847 2161 1881 Ecclesiastici

1196 1895 1330 1933 decimo;
1356 1895 1400 1927 sic
1416 1899 1587 1936 paupertas
1610 1897 1756 1938 spiritus,
1781 1907 1862 1940 quae
1886 1899 2017 1932 includit
2040 1902 2161 1942 opposi-

1196 1950 1264 1979 tum
1289 1946 1474 1988 utriusque,
1499 1947 1618 1980 scilicet
1640 1953 1857 1991 paupertatem
1879 1955 1910 1983 et
1934 1951 2158 1993 humilitatem,

1195 2003 1243 2032 est
1264 1998 1522 2042 fundamentum
1545 2001 1745 2042 perfectionis
1768 2004 1978 2046 evangelicae;
1995 2008 2043 2038 est
2066 2006 2159 2039 etiam

1195 2053 1438 2085 consummatio
1462 2053 1619 2093 eiusdem,
1644 2055 1816 2088 secundum
1842 2057 1918 2090 illud
1942 2058 2097 2092 secundae
2120 2060 2159 2093 ad

1195 2105 1373 2138 Corinthios
1404 2108 1570 2138 octavo¹¹:
1608 2120 1623 2135 «
1651 2108 1809 2141 Altissima
1842 2114 2013 2152 paupertas
2047 2121 2158 2145 eorum

1195 2158 1367 2190 abundavit
1390 2158 1422 2191 in
1445 2159 1568 2192 divitias
1592 2160 1799 2202 simplicitatis
1822 2170 1932 2195 eorum
1947 2177 1977 2195 ι».

1284 2212 1337 2244 4⁹2.
1364 2212 1399 2244 Et
1423 2216 1510 2251 nota,
1535 2213 1620 2255 quod
1644 2218 1814 2256 paupertas
1837 2219 1884 2248 est
1900 2213 2157 2259 *evangelizabitis

1195 2268 1226 2298 et
1249 2265 1467 2307 praedicabilis
1491 2270 1620 2308 propter
1636 2267 1744 2301 decem
1767 2269 2047 2303 excellentissimas
2062 2271 2159 2313 digni-

1195 2321 1283 2351 tates.
1310 2337 1353 2342 —-
1378 2319 1494 2358 Primo,
1520 2323 1648 2361 propter
1672 2320 1920 2363 intelligentiam
1949 2322 2158 2364 infirmitatis

1191 2371 1370 2414 propriam
1394 2372 1595 2405 Threnorum
1612 2374 1705 2406 tertio
1719 2374 1759 2406 ¹²:
1783 2387 1797 2402 α
1813 2374 1874 2417 Ego
1891 2375 1939 2408 vir
1958 2376 2065 2409 videns
2080 2385 2157 2418 pau-

1194 2428 1349 2466 pertatem
1367 2434 1468 2457 meam
1481 2439 1497 2454 2»
1515 2429 1590 2464 etc.;
1604 2431 1778 2468 quocontra
1793 2427 1831 2461 de
1847 2428 1943 2461 divite
1960 2429 2157 2471 Apocalypsis

1194 2477 1302 2510 tertio.-
1328 2490 1342 2505 α
1356 2477 1449 2516 Dicis,
1474 2479 1549 2520 quia
1569 2478 1656 2512 dives
1676 2488 1746 2512 sum
1767 2484 1798 2513 et
1818 2480 2027 2523 locupletatus
2043 2485 2074 2514 et
2090 2482 2157 2515 nul-

1194 2529 1256 2562 lius
1279 2538 1369 2571 egeo,
1392 2534 1425 2563 et
1449 2531 1565 2570 nescis,
1589 2532 1664 2574 quia
1688 2536 1723 2565 tu
1747 2541 1780 2565 es
1804 2533 1900 2566 miser
1917 2547 1932 2562 a>
1961 2538 2019 2567 etc.
2037 2554 2081 2558 —
2104 2535 2156 2567 Se-

1193 2582 1311 2621 cundo,
1336 2586 1466 2624 propter
1490 2583 1711 2617 excellentiam
1736 2585 1871 2618 virtutis
1893 2587 2084 2628 yratuitae,·
2108 2597 2156 2621 se-

1193 2636 1314 2669 cundae
1337 2636 1376 2668 ad
1399 2636 1577 2670 Corinthios
1601 2641 1710 2671 octavo
1729 2638 1775 2671 ¹³:
1810 2652 1825 2667 «ι
1843 2639 1996 2672 Altissima
2021 2650 2155 2683 pauper-

1196 2692 1268 2722 tas»
1290 2692 1364 2729 etc.;
1381 2692 1412 2722 et
1435 2690 1562 2723 Genesis
1584 2691 1824 2734 quadragesimo
1844 2692 1961 2734 primo:
1980 2693 2156 2727 «Crescere

1264 2880 1274 2895 ⁷
1298 2883 1369 2909 Vers.
1390 2884 1420 2915 3,
1440 2887 1500 2915 post
1518 2890 1598 2916 quem
1619 2885 1679 2910 Luc.
1700 2885 1729 2915 6,
1749 2885 1796 2917 20;
1818 2886 1872 2911 lsai.
1894 2886 1941 2917 29,
1966 2886 2003 2911 19.
2024 2890 2049 2912 et
2069 2886 2115 2917 66,
2130 2888 2154 2912 2.

1264 2924 1275 2939 ⁸
1295 2927 1370 2953 Vers.
1389 2927 1413 2953 5.
1434 2941 1470 2946 —
1488 2928 1639 2960 Sequuntur
1658 2929 1697 2954 Ps.
1717 2929 1746 2954 71
1760 2949 1766 2961 ,
1789 2930 1828 2955 la.
1849 2934 1874 2955 et
1898 2929 1937 2955 14.

1263 2968 1275 2984 ⁹
1295 2972 1369 2997 Vers.
1395 2972 1419 2997 9.
1440 2986 1475 2991 -
1494 2972 1621 3004 Superius
1643 2980 1692 3004 pro
1718 2972 1790 3007 quod
1812 2973 1971 3000 honorabile
1994 2974 2070 3008 fieret
2097 2975 2153 3000 vat.

1192 3014 1257 3048 quia
1276 3014 1433 3041 honorabile
1447 3015 1547 3049 fuerat.

1264 3057 1286 3072 ¹⁰
1307 3059 1380 3084 Vers.
1402 3060 1447 3092 lo,
1466 3060 1509 3086 cui
1534 3059 1703 3092 subiungitur
1727 3062 1802 3087 Eccli.
1830 3062 1874 3093 ⁴0,
1904 3062 1942 3087 15.
1968 3076 2002 3081 —
2027 3063 2153 3094 Superius

1191 3109 1240 3134 pro
1261 3102 1331 3135 Qum
1348 3102 1558 3136 fundamentum
1577 3104 1636 3130 Vat.
1655 3104 1731 3131 Sicut
1749 3104 1965 3138 fundamentum.

1263 3145 1284 3161 ¹¹
1306 3147 1378 3172 Vers.
1399 3148 1423 3172 2.

1263 3190 1284 3205 ¹⁹
1304 3192 1379 3217 Vers.
1405 3192 1425 3223 1,
1445 3196 1504 3223 post
1523 3200 1603 3225 quem
1617 3194 1698 3225 Apoc.
1713 3194 1741 3224 3,
1759 3193 1796 3218 ¹7.
1811 3207 1847 3212 —
1861 3194 1987 3226 Superius
2007 3201 2054 3226 pro
2072 3201 2151 3220 emn-

1190 3234 1336 3269 qelizabilis
1356 3236 1377 3261 D
1396 3236 1582 3268 enuntiabilis,
1603 3237 1660 3262 Vat.
1679 3234 1901 3270 evangelizanda,
1925 3241 1950 3263 et
1970 3237 2082 3263 subinde
2102 3245 2150 3270 pro

1190 3279 1356 3314 infirmitatis
1374 3279 1393 3306 C
1414 3279 1538 3312 vilitatis,
1558 3281 1580 3306 D
1598 3288 1613 3307 a
1631 3281 1747 3307 secunda
1767 3288 1847 3307 manu
1866 3281 2078 3315 defectibilitatis.

1262 3322 1284 3338 ¹³
1303 3324 1378 3350 Vers.
1397 3325 1421 3350 2.
1444 3338 1478 3344 —
1500 3325 1623 3358 Sequitur
1642 3326 1704 3351 Gen.
1726 3325 1767 3356 41,
1787 3326 1828 3351 5-2.

2180 425 2253 472 (3110λᾲ
2268 426 2316 446 ουδ-

2193 454 2311 482 ovationem

2200 483 2293 505 inopiae.

2181 1167 2310 1189 Notandum.

2194 1537 2314 1558 Notandum

2179 1563 2206 1585 da
2226 1569 2314 1591 pauper·

2181 1592 2231 1611 ute.

2190 2224 2309 2251 Dignitatem

2178 2251 2203 2272 lo
2210 2257 2298 2282 *pauper
2303 2262 2312 2267 -

2177 2280 2226 2299 taus
2231 2294 2236 2299 .

2176 2330 2255 2352 Prima.

2173 2542 2226 2564 Secu
2230 2542 2279 2563 uda.
