2476 3921
197 401 260 423 natio
275 401 295 423 1.

198 666 261 689 natio
275 666 295 687 2.

199 825 261 847 Ratio
276 825 296 846 3.

198 1090 261 1121 Ratio
277 1090 296 1112 t.

159 2466 202 2487 Per
217 2465 307 2487 circum

165 2493 299 2523 spectionem

160 2519 315 2546 praesentium.

317 305 382 337 554

315 393 466 426 Dominus
490 392 625 434 requirit
647 391 687 424 ab
710 392 772 431 eis,
797 394 833 424 ut
857 391 888 423 in
905 394 1047 433 tempore
1063 390 1275 424 tribulationis

316 454 472 479 memores
493 448 598 478 essent
621 444 809 487 praeteritae
840 444 974 486 quietis,
998 443 1172 488 secundum
1197 443 1274 476 illud

318 498 519 532 Ecclesiastici
543 497 753 531 undecim01:
783 510 799 526 α
816 498 848 530 111
872 497 923 530 (116
957 497 1113 530 malorum
1145 506 1185 530 ne
1216 497 1275 529 im-

316 561 435 584 memor
466 551 509 584 sis
541 551 696 584 bonorum
713 563 744 590 »;
769 553 801 584 et
831 550 884 583 lob
915 550 1070 583 secundo:
1100 562 1115 578 α
1133 550 1164 582 Si
1193 550 1276 583 bona

316 604 512 647 suscepimus
542 604 580 637 de
611 613 708 636 manu
738 603 812 642 Dei,
836 603 918 635 mala
947 607 1053 635 autem
1085 611 1185 644 quare
1212 611 1274 634 non

315 658 526 691 sustineamus
543 660 579 689 »2
603 676 644 681 —
662 657 717 690 Vel
734 656 803 690 ideo
819 656 941 689 reducit
956 656 996 688 ad
1013 655 1196 688 memoriam
1207 681 1215 694 ,
1239 658 1276 687 ut

315 721 356 744 ex
380 711 550 753 praeterito
580 710 632 743 det
663 710 817 743 cautelam
840 710 879 742 de
902 709 1029 748 sutum,
1053 709 1146 751 quia,
1172 709 1275 742 Eccle-

316 765 428 798 siastae
451 768 560 797 octavo
572 765 596 803 2,
626 777 641 792 α
665 764 720 806 qui
752 763 875 805 ignorat
906 762 1075 804 praeterita
1105 764 1137 794 et
1166 761 1275 794 futura

316 818 402 850 nullo
426 818 506 850 scire
530 821 632 859 potest
655 817 767 849 nuntio
784 829 814 848 ι».
841 835 881 839 -
900 815 955 848 Vel
980 815 1049 848 ideo
1072 815 1214 857 quaerit,
1239 818 1275 847 ut

316 871 475 910 ostendat,
500 870 584 912 quod
607 870 758 902 divinitus
781 872 888 901 ortum
912 871 977 907 est,
1002 871 1032 900 et
1056 867 1087 900 in
1112 867 1272 909 primitiva

317 923 451 956 Ecclesia
474 926 521 955 est
544 923 762 960 observatum,
786 924 823 953 ut
847 920 1048 962 Evangelium
1065 920 1213 953 nuntians
1234 920 1273 952 de

316 976 481 1018 Evangelio
504 976 606 1014 vivat;
631 974 715 1007 unde
738 974 889 1007 Glossa⁵:
920 986 935 1002 α
952 973 995 1006 Ν6
1019 973 1094 1015 quid
1129 974 1275 1006 tollerent

316 1030 348 1062 in
373 1030 440 1069 via,
465 1029 634 1071 praecipit,
666 1028 816 1060 ordinans
839 1027 970 1065 scilicet,
994 1030 1031 1059 ut
1058 1027 1112 1069 qui
1137 1027 1275 1068 Evange-

317 1082 395 1115 lium
412 1082 536 1114 nuntiat
548 1081 587 1114 de
600 1081 766 1123 Evangelio
782 1080 867 1113 vivat
883 1093 913 1111 ».
927 1098 969 1104 -
983 1080 1038 1112 Vel
1055 1079 1124 1112 ideo
1140 1080 1275 1122 quaerit,

316 1139 353 1168 ut
375 1135 517 1168 ostendat
541 1144 582 1167 ex
615 1133 817 1176 responsione
849 1142 923 1172 sua,
948 1132 1032 1174 quod
1063 1133 1205 1175 sequenti
1230 1133 1275 1165 di-

316 1189 389 1221 vina
412 1187 541 1221 consilia
572 1196 633 1219 non
665 1187 800 1219 deerunt
823 1185 1008 1218 necessaria.
1034 1186 1163 1227 Propter
1191 1185 1275 1227 quod

316 1241 462 1274 Matthaei
494 1236 629 1273 sexto4:
660 1252 675 1268 «
692 1239 791 1272 Nolite
823 1238 945 1272 solliciti
978 1247 1047 1272 esse
1077 1238 1200 1270 animae
1223 1247 1276 1271 ve-

316 1297 417 1332 strae,
441 1292 518 1335 quid
542 1291 752 1331 manducetis,
777 1294 808 1324 et
832 1292 957 1333 corpori
982 1293 1104 1329 vestro,
1129 1290 1206 1332 quid
1229 1290 1276 1322 in-

316 1346 456 1379 duamini
473 1359 503 1377 ».
533 1358 548 1373 «
566 1345 629 1377 Scit
652 1345 734 1377 enim
759 1345 849 1377 Pater
873 1346 995 1382 vester,
1019 1343 1094 1385 quia
1110 1342 1160 1375 his
1176 1343 1275 1375 omni-

316 1400 377 1433 bus
400 1398 545 1440 indigetis
562 1411 592 1429 n.
617 1398 679 1430 Hoc
701 1401 808 1430 autem
836 1406 899 1429 non
922 1397 1015 1435 dicit,
1040 1396 1115 1438 quia
1138 1396 1273 1438 Apostoli

316 1453 436 1486 nullam
460 1447 681 1485 sustinuerunt
704 1450 885 1493 penuriam,
909 1450 963 1483 sed
987 1449 1062 1492 quia
1085 1450 1170 1482 Deus
1193 1449 1277 1482 illam

318 1504 486 1546 supplevit,
510 1507 665 1546 quantum
697 1512 823 1536 necesse
847 1506 924 1536 erat.
949 1502 1036 1535 Unde
1060 1501 1215 1535 secundae
1239 1501 1278 1534 ad

318 1556 497 1590 Corinthios
521 1556 679 1599 quarto⁵:
709 1570 724 1585 α
740 1556 943 1598 Aporiamur,
969 1555 1023 1588 sed
1047 1564 1108 1588 non
1132 1554 1275 1588 destitui-

318 1620 392 1644 mur
408 1623 439 1650 »;
464 1610 571 1643 Glossa
596 1610 656 1642 ibi:
686 1622 702 1638 α
719 1609 813 1651 Quasi
846 1618 1002 1651 pauperes
1036 1617 1147 1641 sumus
1181 1607 1277 1647 adeo,

319 1667 356 1696 ut
380 1663 470 1696 nobis
504 1663 680 1696 necessaria
714 1662 830 1701 desint,
859 1662 912 1695 sed
948 1670 1010 1694 non
1045 1660 1278 1699 destituimur,

319 1717 394 1759 quia
416 1717 501 1749 Deus
524 1716 623 1758 pascit
646 1725 703 1748 nos
720 1729 749 1747 ».
776 1716 812 1748 Et
843 1715 994 1757 impletur
1018 1714 1096 1747 illud
1120 1714 1231 1761 Psalmi
1246 1714 1278 1745 ⁶:

324 1783 340 1799 «
356 1770 474 1802 Timete
497 1769 666 1802 Dominum
690 1778 799 1801 omnes
823 1768 925 1801 Sancti
949 1768 1035 1807 eius,
1060 1767 1208 1810 quoniam
1233 1767 1280 1799 ni-

321 1824 366 1856 hil
390 1823 477 1856 deest
500 1822 683 1855 timentibus
699 1831 772 1854 eum
791 1833 821 1860 »;
839 1821 914 1864 quia
929 1821 1070 1854 exterior
1086 1820 1191 1862 inopia
1207 1829 1279 1853 cum

321 1876 465 1917 interiori
489 1875 676 1908 sufficientia
706 1884 769 1907 non
800 1874 892 1907 dehet
916 1874 1057 1916 reputari
1081 1873 1200 1916 inopia,
1225 1872 1280 1906 sed

321 1929 498 1972 opulentia3
523 1932 653 1971 propter
677 1928 761 1970 quod
785 1928 905 1970 primae
928 1928 967 1960 ad
1001 1927 1180 1960 Corinthios
1214 1927 1280 1969 pri-

321 1982 415 2015 mo⁷:
445 1995 460 2010 α
478 1982 510 2014 111
534 1981 680 2014 omnibus
703 1981 815 2014 divites
838 1980 909 2013 facti
934 1980 1009 2013 estis
1031 1980 1063 2013 in
1087 1980 1141 2013 1110
1157 1992 1188 2019 ¹³3
1210 1993 1225 2008 «
1243 1982 1280 2012 ut

322 2035 400 2071 nihil
423 2035 511 2068 vobis
534 2035 614 2067 desit
638 2034 669 2066 in
693 2034 758 2066 ulla
781 2034 882 2076 gratia
894 2046 925 2073 »;
950 2037 981 2067 et
997 2033 1153 2067 secundae
1169 2033 1207 2066 ad
1224 2033 1281 2065 Co-

322 2088 457 2121 rinthios
480 2091 588 2121 sexto:
618 2100 634 2116 α
651 2088 812 2129 Tanquam
837 2087 913 2120 nihil
939 2087 1091 2120 habentes
1119 2090 1151 2120 et
1177 2086 1282 2119 omnia

322 2141 516 2183 possidentes
531 2154 561 2172 n.
586 2140 672 2173 Unde
695 2141 937 2182 Chrysostomus
949 2140 980 2172 ⁸:
1009 2153 1025 2169 α
1042 2140 1208 2173 Maximam
1226 2140 1282 2172 ha-

323 2194 376 2227 1161
406 2193 617 2227 defensionem
649 2194 771 2236 inopia:
808 2194 933 2236 inopem
968 2196 998 2226 et
1033 2193 1155 2226 nudum
1179 2202 1282 2235 neque

323 2251 449 2280 centum
473 2250 605 2289 possunt
627 2256 765 2286 exuere,
790 2247 1008 2289 philargyrum
1033 2247 1181 2279 universa
1209 2255 1282 2279 con-

322 2300 465 2339 tristant,
490 2309 551 2333 non
575 2301 676 2333 solum
700 2300 861 2339 homines,
878 2300 933 2333 sed
948 2303 979 2333 et
997 2309 1119 2333 vermes
1135 2303 1166 2333 et
1182 2300 1283 2333 tineae

324 2356 434 2386 contra
458 2362 530 2397 eum
555 2353 735 2385 militant».

414 2406 466 2438 48.
481 2406 623 2438 Secundo
635 2409 788 2448 quantum
802 2405 840 2438 ad
852 2406 1175 2448 circumspectionem
1185 2414 1282 2448 prae-

325 2459 467 2491 sentium
491 2458 614 2491 subdit:
640 2458 733 2491 Dixit
755 2468 832 2500 eryo
855 2458 917 2490 eis:
943 2458 1005 2491 Sed
1027 2468 1118 2491 nunc
1141 2458 1201 2502 qui
1223 2457 1283 2490 lta—

329 2511 377 2544 bet
399 2511 571 2544 saccutum
596 2511 686 2544 tollat
709 2511 863 2544 similiter
886 2516 915 2544 et
935 2521 1068 2553 peram,
1092 2512 1131 2544 ad
1160 2514 1283 2545 susten-

328 2564 490 2602 tationem3
515 2564 598 2597 unde
622 2564 772 2597 Glossa⁹z
802 2576 817 2593 α
835 2564 970 2597 Instante
1001 2564 1111 2597 mortis
1134 2565 1282 2603 articulo,

326 2620 358 2649 et
381 2619 446 2649 tota
469 2616 522 2648 illa
545 2620 636 2658 gente
661 2618 816 2658 pastorem
840 2616 935 2649 simul
969 2620 1000 2649 et
1030 2626 1157 2659 gregem
1182 2626 1285 2659 perse·

397 2794 405 2809 ¹
427 2795 502 2820 Vers.
521 2794 568 2826 27,
588 2797 647 2826 post
675 2801 755 2826 quem
784 2793 828 2820 lob
853 2795 885 2825 2,
905 2794 946 2819 40.
966 2808 1001 2813 —
1020 2795 1109 2820 Glossa
1139 2795 1281 2821 ordinaria

326 2838 367 2871 (ex
386 2839 466 2871 Beda)
488 2839 511 2863 in
531 2839 592 2864 Luc.
614 2839 662 2869 22,
682 2838 729 2864 35:
749 2838 803 2864 Non
822 2838 916 2863 eadem
935 2839 1025 2870 regula
1040 2839 1148 2864 vivendi
1161 2846 1281 2871 persecu·

326 2883 402 2909 tionis
421 2886 541 2915 tempore
559 2890 612 2915 qua
632 2883 704 2915 pacis
723 2882 866 2914 discipulos
886 2883 1017 2927 informat.

396 2926 407 2941 ²
428 2927 503 2953 Vers.
522 2927 547 2952 7.

396 2970 407 2985 Β
427 2970 680 2997 5611166107ἀ1ηανια
694 2971 734 3004 (ex
745 2971 836 3004 Beda).
847 2970 898 2997 Csr.
912 2974 976 2997 tom.
986 2971 1018 2997 V.
1033 2978 1093 3003 pag.
1110 2971 1170 3002 131,
1183 2974 1242 2997 nota
1258 2971 1283 2997 5.

396 3013 407 3027 ⁴
427 3014 502 3039 vers.
515 3013 557 3038 25.
572 3014 640 3047 (Vat.
654 3014 748 3045 allegat
761 3021 785 3039 v.
798 3015 825 3040 31
840 3023 845 3039 :
858 3013 945 3041 Nolite
954 3021 1019 3048 erqo
1029 3013 1138 3041 solliciti
1146 3021 1203 3041 esse
1213 3014 1282 3047 ete),

325 3057 368 3083 cui
387 3056 555 3089 subiungitur
575 3065 599 3083 v.
620 3058 662 3083 32.
683 3072 716 3076 —
736 3058 863 3090 Superius
882 3065 930 3090 pro
949 3057 1070 3092 sequenti
1087 3057 1178 3084 divina
1197 3057 1283 3085 consi-

327 3100 363 3127 lia
383 3101 442 3126 V.at
460 3100 617 3135 exsequenti
634 3100 725 3128 divina
745 3100 869 3128 consilia.

397 3145 408 3160 ⁵
428 3146 502 3171 Vers.
521 3147 547 3171 8.
565 3146 654 3171 Glossa
678 3146 704 3171 in
733 3146 802 3172 bunc
830 3147 878 3172 loc.
907 3149 946 3172 est
964 3138 1161 3178 interlinearis,
1187 3146 1210 3171 in
1231 3153 1283 3179 qua

326 3193 490 3222 exponuntur
510 3189 590 3216 verba
609 3189 771 3224 aporiamur
791 3185 919 3223 (ἄπορος,
939 3190 966 3216 id
985 3193 1024 3216 est
1042 3197 1153 3222 pauper,
1172 3191 1282 3222 egenus)

326 3237 352 3259 et
368 3240 424 3260 non
443 3233 624 3261 destituimur.
652 3234 712 3260 Post
738 3239 794 3260 non
821 3233 993 3260 destituimur
1023 3235 1080 3260 Vnt.
1106 3234 1179 3260 addit
1196 3241 1214 3260 a
1233 3233 1284 3261 the·

326 3284 411 3304 sauro
432 3277 485 3304 Dei.
1031 3276 1043 3292 ⁶
1061 3278 1153 3304 Psalm.
1173 3278 1222 3309 33,
1243 3277 1284 3302 ⁴0.

398 3320 408 3336 ⁷
427 3322 503 3348 Vers.
522 3322 546 3348 5.
566 3325 592 3348 et
610 3322 635 3355 7,
655 3325 715 3354 post
733 3329 801 3355 quos
820 3323 848 3348 ll.
867 3321 926 3348 Cor.
946 3322 977 3353 6,
1002 3322 1040 3347 10.

397 3364 408 3380 ⁶
427 3366 521 3392 Homil.
541 3367 582 3392 83.
603 3366 677 3399 (alias
697 3365 752 3399 st.)
772 3366 800 3392 in
819 3366 905 3392 Matth.
924 3372 950 3391 n.
969 3366 995 3391 3.
1014 3366 1040 3391 in
1059 3365 1110 3391 fine
1129 3368 1154 3391 et
1173 3372 1198 3390 n.
1221 3364 1244 3391 4.
1259 3364 1283 3390 in

327 3410 466 3441 principio.
491 3410 538 3435 Pro
560 3409 754 3444 philarayrum
773 3410 793 3436 B
815 3416 947 3442 avarum,
974 3409 1033 3435 Vnt.
1055 3408 1284 3443 phytarqyriam,

328 3460 396 3486 quae
416 3453 474 3479 ideo
493 3454 571 3479 etiam
591 3453 698 3479 interius
717 3460 765 3486 pro
777 3455 873 3481 contra
886 3461 947 3480 eum
960 3452 1093 3480 substituit
1106 3454 1202 3480 contra
1215 3459 1285 3479 eam.

896 302 1090 335 COMMENT.
1115 302 1153 335 IN
1176 302 1414 335 EVANGELIUM
1438 301 1556 334 LUCAE
1580 301 1612 334 C.
1638 301 1725 334 XXll.

1338 393 1473 432 quente,
1497 399 1669 432 congruam
1686 389 1819 431 tempori
1837 389 1978 432 regulam
1994 389 2144 429 decrevit,
2168 390 2298 432 permit·
2318 398 2438 421 Periculum
2462 420 2464 435 ὲ

1340 447 1426 482 16115,
1451 447 1488 475 111
1512 443 1622 475 tollant
1645 442 1822 475 necessaria
1844 442 1959 482 victui,
1975 442 2092 482 donec,
2109 443 2210 485 sopita
2225 452 2298 486 per-
2337 425 2407 447 '‘mi‘'

1339 499 1521 529 secutorum
1544 495 1683 534 insania,
1719 499 1844 537 tempus
1878 495 2110 538 evangelizandi
2142 496 2296 529 redeat».

1338 550 1439 582 Datur
1457 548 1567 582 *autem
1591 549 1642 582 hic
1665 548 1784 587 forma,
1808 551 1844 581 ut
1866 548 1948 582 inter
1972 548 2113 582 infideles
2136 552 2168 582 et
2190 552 2298 582 extra·
2318 557 2445 580 Notandum.

1339 611 1414 635 neos
1437 606 1469 635 et
1491 604 1716 644 persequentes
1739 600 1913 633 doctrinam
1949 601 2091 634 veritatis
2114 611 2177 634 non
2200 602 2298 644 negli-

1338 658 1432 697 gatur
1448 655 1586 697 provisio
1603 653 1847 687 sustentationis.
1872 654 1958 687 Unde
1974 654 2082 687 Glossa
2094 655 2138 686 ¹⁰:
2161 667 2177 683 «ι
2193 654 2224 687 Si
2240 663 2297 696 per

1338 708 1543 750 inhospitales
1578 707 1721 750 regiones
1755 707 1926 749 pergimus,
1950 707 2044 749 plura
2076 707 2180 740 viatici
2203 716 2299 740 causa

1340 761 1412 794 licet
1435 761 1530 800 ferri,
1555 770 1650 803 quam
1681 760 1764 792 domi
1797 760 2014 793 habeamus».
2039 778 2083 783 -
2107 760 2143 793 Et
2166 760 2241 803 quia
2263 760 2296 792 in

1341 814 1560 856 persecutione
1584 822 1646 845 non
1670 812 1765 845 instat
1799 813 1901 845 solum
1936 813 2113 855 periculum
2142 813 2233 845 famis
2256 813 2296 846 ab

1339 867 1437 906 intra,
1462 875 1574 899 verum
1598 866 1692 899 etiam
1716 865 1892 908 periculum
1908 866 2119 908 oppressionis
2134 866 2174 899 ab
2190 869 2297 905 ex·tra;
2331 874 2450 897 Periculum

1339 920 1409 953 ideo
1432 920 1535 953 addit.
1563 920 1601 952 Et
1623 919 1683 962 qui
1705 929 1772 951 non
1787 917 1882 951 habet
1897 919 2018 951 vendat
2032 919 2182 952 tunicam
2198 928 2298 961 suam
2310 907 2458 929 οΡΡ’“““”“”“

1339 978 1369 1005 et
1390 977 1478 1012 emat
1499 972 1672 1015 yladium,
1704 971 1744 1004 ad
1775 971 1996 1004 defensionem.
2030 972 2066 1004 Et
2097 972 2190 1005 debet
2222 981 2298 1014 sup-

1341 1025 1420 1067 pleri
1445 1025 1651 1058 affirmativa:
1684 1028 1715 1057 et
1750 1025 1805 1066 qui
1830 1024 1924 1057 habet
1954 1024 2093 1067 gladium
2129 1025 2216 1058 tollat
2239 1025 2299 1058 sci-

1339 1079 1429 1117 licet,
1454 1082 1485 1111 et
1517 1078 1573 1120 qui
1598 1087 1659 1110 non
1692 1077 1786 1110 habet
1816 1081 1907 1110 emat.
1933 1096 1974 1102 —
2000 1078 2058 1111 Sed
2087 1087 2161 1111 cum
2193 1078 2299 1111 Domi·
2311 1087 2457 1109 obiectioni-

1339 1140 1400 1164 nus
1423 1131 1519 1169 nolit,
1543 1130 1711 1163 vindictam
1744 1129 1813 1163 fieri
1847 1139 1865 1162 a
1900 1130 2117 1172 spiritualibus
2141 1131 2234 1170 viris,
2262 1134 2300 1164 ut
2352 1114 2415 1135 '¹²⁰¹'

1339 1183 1416 1225 quid
1432 1183 1571 1222 mandat,
1588 1182 1727 1225 gladium
1744 1182 1803 1215 emi
1817 1185 1830 1214 ‘t
1842 1182 1931 1215 Unde
1948 1183 2131 1216 Ambrosius
2143 1184 2184 1215 ¹¹:
2207 1196 2224 1212 α
2236 1183 2300 1216 Cur

1339 1246 1445 1270 emere
1467 1237 1558 1269 iubes
1581 1236 1737 1278 gladium,
1761 1235 1816 1278 qui
1839 1235 1935 1268 ferire
1958 1236 2132 1278 prohibes?
2155 1236 2219 1269 Cur
2245 1237 2300 1270 ha-

1340 1289 1416 1322 here
1432 1289 1587 1331 praecipis
1604 1297 1685 1331 quae
1701 1291 1788 1321 vetas
1804 1289 1907 1330 promi
1921 1291 1934 1320 ‘t
1950 1289 2013 1321 Nisi
2029 1289 2120 1328 sorte,
2133 1292 2174 1322 ut
2189 1289 2230 1322 sit
2246 1298 2300 1332 pa-

1341 1346 1410 1375 rata
1432 1343 1588 1381 defensio,
1605 1351 1667 1374 non
1684 1341 1763 1374 ultio
1780 1342 1971 1381 necessaria,
1988 1345 2019 1375 et
2037 1342 2143 1375 videar
2159 1343 2300 1384 potuisse

1343 1396 1519 1435 vindicare,
1543 1392 1597 1429 sed
1620 1395 1758 1428 noluisse
1777 1408 1806 1427 n
1826 1413 1867 1418 —
1885 1395 1987 1428 Potest
2003 1395 2095 1428 etiam
2112 1395 2191 1435 dici,
2210 1395 2301 1438 quod
2319 1406 2398 1428 sensus
2411 1411 2454 1434 my-

1341 1450 1381 1483 ad
1404 1449 1615 1492 spiritualem
1646 1448 1841 1481 intellectum
1865 1448 2018 1488 refertur,
2042 1452 2079 1481 ut
2102 1458 2159 1491 per
2179 1459 2301 1492 peram
2346 1433 2421 1454 ώσω

1342 1503 1534 1545 intelligatur
1558 1502 1696 1546 affectus
1715 1501 1870 1544 pietatis,
1896 1502 2069 1535 secundum
2093 1502 2171 1535 illud
2196 1503 2298 1536 Eccle-

1342 1556 1457 1589 siastici
1473 1556 1594 1589 decimo
1610 1555 1744 1598 septimo
1754 1555 1795 1587 ¹2:
1814 1568 1828 1583 «
1843 1555 2045 1597 Eleemosyna
2057 1555 2116 1588 viri
2129 1555 2218 1598 quasi
2232 1564 2299 1589 sac-

1342 1609 1434 1642 culus
1458 1618 1530 1642 cum
1555 1619 1592 1642 eo
1605 1623 1635 1641 ».
1662 1610 1698 1642 Et
1722 1609 1754 1641 in
1778 1609 1837 1641 hac
1860 1617 1936 1650 pera
1961 1612 2160 1650 reponuntur
2183 1609 2302 1651 lapides
2326 1603 2329 1604 ⁷

1343 1662 1381 1695 de
1406 1665 1545 1696 torrente
1569 1663 1739 1705 passionis,
1764 1661 1937 1696 secundum
1962 1662 2040 1694 illud
2064 1662 2158 1704 primi
2182 1663 2301 1705 Regum

1343 1715 1463 1748 decimo
1488 1717 1620 1758 septimo
1633 1717 1678 1748 ¹³:
1708 1730 1724 1745 «
1741 1716 1825 1749 Tulit
1849 1715 1946 1748 David
1971 1715 2089 1757 lapides
2104 1715 2143 1747 de
2163 1719 2304 1749 torrente

1344 1772 1375 1801 et
1399 1769 1503 1810 posuit
1519 1778 1572 1802 eos
1588 1769 1619 1802 in
1637 1779 1743 1811 peram
1762 1769 1951 1812 pastoralem
1967 1781 1998 1800 ».
2017 1787 2059 1792 —
2076 1768 2134 1801 Per
2147 1768 2302 1810 ¹cladium

1344 1826 1448 1855 autem
1474 1822 1658 1864 intelligitur
1685 1823 1775 1856 zetus
1799 1822 1969 1860 veritatis,
1986 1830 2080 1864 quem
2097 1821 2190 1854 debet
2209 1822 2303 1854 homo

1345 1875 1447 1917 primo
1470 1874 1536 1907 sibi
1554 1876 1770 1918 praecinyere
1801 1885 1857 1918 per
1894 1875 2169 1908 mortificationem
2193 1883 2303 1908 carna-

1344 1928 1441 1961 litatis
1458 1927 1629 1969 ,propriae,
1661 1929 1835 1961 secundum
1859 1928 1937 1961 illud
1961 1928 2071 1961 Psalmi
2086 1928 2131 1960 14:
2161 1941 2177 1957 (ι
2193 1928 2300 1961 Α66111-

1345 1991 1419 2025 gere
1442 1981 1544 2023 gladio
1568 1985 1623 2013 tuo
1646 1990 1742 2023 super
1776 1982 1880 2015 femur
1908 1985 2016 2021 tuum,
2041 1981 2256 2024 potentissime
2271 1993 2303 2020 »3

1345 2038 1377 2068 et
1400 2034 1600 2067 Canticorum
1636 2034 1745 2066 tertio:
1776 2035 2061 2077 «Uniuscuiusque
2092 2034 2176 2067 ensis
2207 2043 2304 2077 super

1345 2088 1450 2121 femur
1474 2096 1568 2120 suum
1592 2089 1723 2128 propter
1747 2087 1876 2120 timores
1899 2091 2073 2120 nocturnos
2093 2100 2124 2119 ».
2154 2087 2190 2120 Et
2212 2087 2306 2120 debet

1345 2140 1524 2183 evaginari
1546 2139 1584 2172 ad
1608 2139 1861 2182 redargutionem
1887 2140 2079 2173 carnalitatis
2101 2140 2231 2179 alienae,
2255 2149 2304 2173 se-

1346 2193 1484 2227 cundum
1503 2192 1580 2225 illud
1597 2192 1745 2225 Ieremiae
1760 2193 2000 2236 quadragesimo
2016 2196 2126 2226 octavo
2139 2193 2184 2225 ¹⁶:
2215 2206 2230 2222 «
2242 2194 2305 2226 Ma-

1347 2247 1497 2285 ledictUS,
1522 2245 1576 2288 qui
1601 2245 1748 2287 prohibet
1770 2246 1908 2288 gladium
1940 2255 2036 2279 suum
2063 2256 2081 2279 a
2104 2246 2257 2289 sang-uine
2273 2258 2304 2285 „;

1346 2300 1439 2333 etad
1471 2299 1626 2332 Hebraeos
1657 2301 1787 2340 quarto:
1817 2312 1833 2327 «
1850 2299 1947 2332 Vivus
1970 2302 2019 2333 est
2053 2308 2157 2333 sermo
2189 2299 2244 2332 Dei
2275 2302 2306 2332 et

1347 2353 1460 2386 efficax
1477 2366 1492 2381 »
1522 2355 1580 2385 etc.
1606 2351 1643 2384 Et
1673 2351 1724 2393 hic
1748 2351 1840 2384 debet
1863 2353 1981 2385 assumi
2012 2352 2048 2385 in
2073 2351 2306 2390 tribulatione,-

1347 2405 1436 2439 loelis
1459 2405 1571 2438 tertio:
1600 2416 1616 2432 «
1633 2403 1790 2436 Concidite
1813 2408 1919 2437 aratra
1949 2408 2055 2438 vestra
2078 2405 2109 2437 in
2133 2404 2252 2447 gladios
2275 2407 2307 2437 et

1347 2459 1466 2501 ligones
1489 2461 1612 2491 vestros
1628 2457 1659 2489 in
1677 2457 1816 2496 lanceas;
1842 2457 1989 2491 infirmus
2005 2458 2102 2492 dicat:
2120 2458 2200 2500 Quia
2208 2458 2306 2491 'fortis

1347 2521 1404 2554 ego
1428 2521 1498 2545 sum
1516 2525 1545 2544 ».
1571 2511 1650 2544 Haec
1673 2510 1751 2548 duo,
1776 2510 1893 2543 scilicet
1912 2521 1997 2553 pera
2021 2515 2051 2545 61
2073 2511 2228 2555 fictitius,
2257 2520 2306 2545 as-

1347 2564 1499 2598 sumenda
1521 2567 1596 2597 sunt
1619 2564 1651 2596 in
1675 2563 1895 2602 tribulatione,
1920 2567 1956 2596 ut
1975 2564 2129 2606 pietatmn
2153 2564 2192 2597 ad
2215 2567 2308 2598 natu-

1347 2626 1432 2656 ram,
1456 2616 1566 2649 zelum
1592 2625 1668 2649 vero
1691 2618 1801 2648 contra
1824 2615 1899 2648 vitia
1923 2616 2095 2649 habeamus
2108 2616 2144 2648 1⁶.

1417 2794 1428 2809 ⁹
1447 2795 1549 2820 Scilicet
1568 2793 1711 2820 ordinaria
1740 2793 1782 2825 (ex
1810 2793 1890 2825 Beda)
1911 2793 1937 2818 in
1956 2794 2018 2819 Luc.
2039 2795 2086 2824 22,
2106 2794 2154 2825 35,
2185 2794 2229 2819 ubi
2258 2801 2306 2830 pro

1345 2838 1474 2870 decrevit,
1493 2838 1666 2872 permittens,
1679 2840 1709 2864 ut
1722 2837 1818 2863 tollant
1837 2837 1990 2863 necessaria
2011 2840 2094 2863 textus
2113 2838 2246 2870 originalis
2266 2837 2306 2864 de-

1346 2882 1444 2913 cernit,
1462 2882 1620 2915 permittens
1639 2881 1792 2908 necessaria
1800 2891 1809 2913 ,·
1829 2882 1875 2907 csr.
1896 2884 1959 2906 tom.
1979 2881 2010 2906 V.
2031 2889 2092 2913 pag.
2114 2882 2179 2915 131,
2198 2885 2260 2907 nota
2279 2882 2304 2908 5.

1418 2925 1440 2939 ¹⁰
1459 2926 1558 2957 Nempe
1577 2925 1719 2952 ordinaria
1739 2926 1779 2958 (ex
1800 2925 1880 2958 Beda)
1902 2925 1928 2950 in
1948 2926 2008 2951 Luc.
2029 2927 2077 2957 22,
2092 2926 2133 2952 36.
2148 2927 2197 2952 Pro
2210 2925 2303 2952 habea-

1346 2976 1407 2999 mus
1428 2969 1473 3002 (ita
1493 2970 1571 2995 etiarn
1591 2969 1690 3002 Glossa)
1712 2970 1770 2995 Vat.
1790 2977 1851 2995 cum
1872 2970 1941 2995 Beda
1961 2968 2133 2996 habebamus.

1419 3012 1439 3027 ¹¹
1461 3013 1531 3039 Libr.
1550 3014 1584 3039 X.
1603 3014 1628 3050 in
1648 3015 1710 3040 Luc.
1730 3021 1751 3039 c.
1773 3015 1814 3039 22.
1835 3021 1860 3039 n.
1881 3013 1930 3045 53,
1945 3012 1990 3039 11111
2004 3020 2052 3045 pro
2072 3020 2141 3047 quae
2153 3015 2226 3040 vetas
2246 3013 2304 3038 Vat.

1347 3064 1408 3083 curn
1428 3060 1496 3083 textu
1516 3057 1635 3089 originali
1655 3064 1736 3091 quem
1754 3059 1846 3089 vetas,
1866 3061 1891 3083 et
1909 3064 1958 3089 pro
1978 3056 2071 3083 videar
2091 3056 2153 3090 [CD
2178 3056 2306 3091 videaris]

1344 3100 1464 3134 potuisse
1482 3100 1619 3128 vindicare
1638 3101 1683 3134 (ita
1703 3102 1780 3127 ctiam
1800 3101 1877 3128 Card.
1897 3102 1984 3134 nugo)
2004 3100 2097 3128 videar
2112 3101 2233 3135 potuisse
2252 3100 2307 3128 vin-

1347 3144 1444 3171 dicari.

1419 3188 1441 3203 ¹²
1463 3189 1535 3214 vers.
1556 3188 1604 3221 ⁴8,
1625 3190 1669 3214 ctr.
1689 3196 1769 3221 supra
1789 3197 1849 3222 pag.
1871 3189 1936 3220 140,
1956 3192 2016 3215 nota
2035 3190 2059 3215 6.

1419 3231 1441 3246 ¹⁸
1461 3232 1536 3258 Vers.
1556 3232 1602 3258 40:
1622 3233 1705 3264 Elegit
1723 3232 1773 3258 sibi
1791 3233 1910 3266 quinque
1922 3233 2122 3266 limpidissimos
2141 3233 2240 3266 lapides
2258 3236 2307 3258 etc.

1421 3274 1443 3290 ¹⁴
1462 3276 1503 3302 Ps.
1523 3275 1571 3308 44,
1593 3275 1618 3301 4.
1637 3279 1663 3302 et
1682 3276 1779 3303 deinde
1797 3277 1870 3303 Cant.
1891 3278 1921 3310 3,
1942 3278 1965 3303 8.

1421 3318 1442 3334 ¹⁵
1462 3320 1536 3346 Vers.
1557 3320 1598 3345 ⁴0.
1617 3333 1652 3339 —
1672 3321 1728 3354 Duo
1757 3328 1830 3354 seqq.
1860 3321 1909 3347 loci
1938 3324 1998 3347 sunt
2026 3320 2104 3347 Hebr.
2126 3321 2154 3353 4,
2177 3322 2219 3347 12.
2238 3321 2308 3354 (Vat-

1349 3366 1419 3390 hunc
1437 3364 1542 3398 omittit)
1562 3367 1588 3390 et
1606 3365 1656 3391 loel
1670 3366 1700 3396 3,
1715 3365 1763 3396 to,
1777 3365 1802 3391 in
1816 3365 1891 3392 cuius
1905 3365 1957 3391 flne
1979 3365 1998 3392 C
2009 3366 2031 3392 D
2054 3365 2134 3399 quasi
2144 3365 2223 3399 fortis
2236 3372 2307 3391 sum.

1422 3406 1444 3422 ¹⁶
1464 3407 1600 3439 Ambms,
1619 3409 1653 3434 Χ.
1666 3408 1691 3434 111
1705 3408 1766 3434 Luc.
1781 3415 1804 3434 c.
1817 3409 1860 3434 22.
1873 3416 1898 3434 n.
1913 3408 1946 3434 54
1958 3418 1964 3435 :
1978 3409 2021 3435 Est
2033 3409 2105 3435 enim
2118 3409 2221 3441 gladius
2234 3408 2308 3440 spiri-

1349 3452 1439 3483 tualis,
1458 3455 1486 3478 ut
1502 3452 1602 3478 vendas
1616 3452 1801 3484 patrimonium
1811 3473 1817 3485 ,
1830 3459 1903 3478 emas
1917 3452 2044 3484 verbum,
2059 3460 2113 3486 quo
2127 3453 2198 3479 nuda
2211 3451 2308 3479 mentis
