2476 3921
10 727 11 738 l
35 714 156 738 Pei-secutio

10 742 11 755 ¹
46 741 143 770 speciaIIs

24 769 162 799 perfectorum

30 795 156 818 describitur

9 858 11 902 l

8 1084 9 1087 Ἴ
28 1094 58 1117 De
71 1094 156 1125 publica

8 1128 9 1140 ¹
17 1123 160 1174 ”azimis

7 1182 8 1214 ἢ
65 1174 113 1196 tria.

765 247 959 281 COMMENT.
986 248 1023 281 IN
1047 247 1289 281 EVANGELIUM
1312 249 1430 282 LUCAE
1455 250 1486 283 C.
1512 251 1586 284 XXI.

181 336 220 370 ad
236 336 493 370 benefaciendum
511 336 643 379 probis
658 336 713 379 qui
731 336 762 369 in
779 339 809 369 te
833 336 996 370 confidunt
1011 350 1042 368 ».
1059 336 1146 370 Unde

180 392 212 422 et
234 389 302 432 ipse
317 389 490 432 Gregorius
504 391 515 409 ¹
533 390 623 423 dicit:
645 402 662 419 α
678 390 758 431 Quia
777 390 882 422 omnia
898 389 1146 423 consummanda

180 446 272 482 sunt,
297 446 369 476 ante
393 443 693 476 consummationem
721 443 827 476 omnia
851 443 1144 485 perturbabuntur3

179 499 211 530 et
234 496 289 539 qui
313 496 345 529 in
366 496 490 530 cunctis
512 496 704 539 deliquimus
732 496 764 529 in
792 496 915 530 cunctis
935 496 1084 536 ferimur,
1108 499 1145 530 ut

178 549 348 592 impleatur
372 549 457 592 quod
480 549 600 582 dictum
625 552 689 583 est:
717 549 888 592 Puynabit
906 559 972 592 pro
994 559 1030 582 eo
1054 548 1145 582 orbis

179 606 354 636 terraram
377 607 495 636 contra
519 603 704 636 insensatos
720 616 752 642 »,
777 603 952 645 Sapientiae
976 602 1097 645 quinto.

272 657 321 689 18.
348 656 411 689 Sed
434 660 510 689 ante
538 655 619 689 llaec
643 656 757 689 omnia
789 656 939 689 iniicient
960 656 1052 689 vobis
1083 659 1141 689 etc.

178 709 346 752 Postquam
370 709 622 751 persecutionem
642 708 795 742 Ecclesiae
818 709 985 752 descripsit
1000 718 1144 742 commu-

177 764 259 796 niter
284 767 430 805 respectu
453 763 614 803 omnium,
639 763 690 796 hic
713 762 899 806 specialiter
926 763 1084 796 describit
1106 764 1143 796 in

26 821 92 851 ‹imd
107 821 157 843 auo.
173 826 321 860 persona
351 815 574 860 perfectorum
589 817 610 849 ².
637 816 834 850 Describitur
865 820 970 850 autem
1001 817 1052 850 hic
1083 817 1142 850 du-

177 870 251 912 plex
275 870 453 912 persecutio
474 873 584 903 contra
599 870 761 912 Apostolos
784 874 816 903 et
839 870 1026 912 apostolicos
1042 870 1140 904 viros:

177 924 280 966 primo
307 923 464 966 publica,
496 924 608 957 deinde
635 923 795 967 privata,
827 924 914 957 ibi⁸:
947 923 1143 957 Trademini

176 975 288 1010 autem
312 987 334 1009 a
354 976 554 1019 parentibus
577 980 636 1011 etc.

265 1031 355 1064 Circa
377 1030 546 1074 publicam
561 1031 819 1074 persecutionem
836 1031 990 1064 virorum
1010 1035 1141 1064 sancto-

176 1095 274 1125 rum,
304 1085 423 1119 scilicet
454 1085 673 1128 Apostolorum
705 1089 736 1118 et
767 1094 899 1118 suorum
931 1085 1139 1124 imitantium,

175 1139 395 1182 ‘explicandam
424 1139 673 1172 introducuntur
697 1131 773 1178 tria,
806 1139 923 1172 seilicet
947 1138 1139 1181 persecutio-

175 1192 224 1226 nis
256 1201 394 1235 puyna,
434 1192 663 1235 persecutionis
702 1202 810 1225 causa
845 1195 876 1225 et
914 1192 1139 1225 tribulatorum

176 1245 317 1279 victoria
338 1249 465 1288 aperta.

268 1300 317 1332 19.
343 1300 445 1339 (Vers.
473 1299 548 1341 12).
573 1299 677 1333 Primo
700 1299 798 1342 igitur
822 1302 979 1341 quantum
1004 1299 1043 1332 ad
1062 1309 1139 1342 per-

5 1351 352 1386 'persecutionisseculionis
372 1362 527 1396 pugnam
542 1352 635 1386 dicit:
658 1352 721 1386 Sed
736 1356 812 1385 ante
828 1351 908 1385 llaec
931 1352 1045 1385 omnia
1061 1352 1139 1385 inii-

51 1393 128 1416 pugna.

30 1573 155 1595 Persecuto-

20 1606 65 1622 rum
79 1600 159 1631 yiolen·

70 1629 108 1649 ua.

65 1841 153 1863 Iniuria.

13 2106 112 2129 Simulata
127 2107 159 2129 iu-

50 2134 115 2156 stitia.

174 1406 259 1439 cient
280 1405 372 1439 vobis
402 1415 527 1439 manas
557 1415 650 1438 suas.
680 1406 783 1444 Ante,
816 1405 933 1438 scilicet
962 1400 1139 1439 tribulatio—

173 1468 245 1493 nem
269 1459 413 1498 finalem,
438 1459 469 1492 in
491 1468 554 1501 qua
573 1458 814 1492 tribulabuntur
831 1467 958 1498 omnes,
980 1458 1140 1501 praecedit

173 1513 352 1556 persecutio
368 1513 538 1555 impiorum
562 1512 721 1554 exagitata
737 1515 847 1545 contra
863 1512 961 1561 virosa
972 1512 1137 1554 perfectos.

174 1566 206 1599 In
231 1575 294 1608 qua
318 1565 445 1608 quidem
469 1565 688 1607 persecutione
712 1574 752 1598 ex
771 1568 859 1607 parte
883 1565 1054 1608 impiorum
1078 1565 1139 1599 erit

172 1613 345 1657 violentia;
361 1618 431 1651 ideo
453 1618 543 1652 dicit:
560 1618 712 1651 Jniicient
728 1618 819 1651 vobis
842 1628 984 1657 manas,·
1004 1619 1137 1652 Actuum

173 1671 284 1714 quinto
296 1671 324 1703 ⁴:
346 1684 362 1700 «τ
379 1671 562 1714 Exsurgens
578 1671 725 1713 princeps
748 1671 947 1705 sacerdotum
964 1674 998 1705 et
1011 1680 1138 1711 omnes,

174 1725 227 1768 qui
253 1733 325 1758 cum
349 1724 403 1757 illo
419 1728 524 1764 erant,
548 1734 630 1767 quae
646 1727 694 1758 est
710 1724 850 1758 haeresis
867 1724 1137 1764 Sadducaeorum,

173 1778 285 1821 repleti
309 1781 385 1812 sunt
408 1779 474 1812 zelo
497 1781 528 1812 et
544 1778 721 1812 iniecerunt
745 1788 858 1812 manus
874 1778 905 1812 in
930 1779 1092 1821 Apostolos
1108 1782 1139 1812 et

173 1836 350 1875 posuerunt
373 1841 426 1866 eos
449 1833 481 1865 in
506 1832 648 1866 custodia
678 1832 806 1875 publica
822 1846 853 1865 n.
883 1851 925 1857 —
955 1833 1020 1866 Erit
1043 1833 1138 1866 etiam

173 1886 306 1920 iniuria
329 1895 401 1920 cum
426 1886 590 1925 violentia;
615 1889 646 1919 et
669 1886 739 1919 ideo
755 1886 855 1919 addit:
881 1887 922 1919 Et
941 1896 1139 1929 persequen-

174 1943 240 1979 tur,
265 1934 429 1973 tradentes
453 1940 487 1973 in
511 1949 703 1984 synayoyas
735 1943 764 1972 et
787 1940 978 1979 custodias;
1002 1940 1137 1974 Actuum

173 1996 264 2027 sexto
277 1993 304 2026 ⁵:
334 2006 351 2023 α
366 1993 612 2027 Commoverunt
635 1993 758 2036 plebem
782 1996 814 2028 et
836 1994 976 2027 seniores
998 1997 1030 2027 et
1061 1994 1139 2027 scri-

172 2046 246 2086 bas,
270 2050 302 2080 et
332 2049 559 2090 concurrentes
590 2050 768 2089 rapuerunt
799 2047 993 2090 Stephanum
1026 2050 1058 2080 et
1084 2046 1138 2080 ad-

173 2099 339 2133 duxerunt
361 2100 394 2132 in
418 2100 584 2134 concilium
602 2113 633 2133 ».
652 2119 693 2125 -
711 2100 777 2134 Erit
800 2100 894 2134 etiam
911 2109 984 2134 cum
1008 2100 1069 2133 hoe
1092 2100 1138 2133 si-

173 2152 304 2186 mulata
340 2153 489 2192 iustitia;
524 2156 655 2196 propter
690 2153 775 2196 quod
799 2152 922 2186 subdit:
959 2151 1138 2185 Tralzentes

173 2205 220 2238 ad
232 2205 245 2225 ⁶
266 2215 359 2248 reyes
374 2209 404 2238 et
423 2206 597 2248 praesides
609 2209 747 2248 propter
771 2215 889 2238 nomen
904 2214 1029 2243 meam,
1047 2204 1137 2246 quasi

173 2258 320 2301 iniquum
344 2259 384 2292 sit
408 2258 590 2301 praedicare
611 2258 827 2297 Crucifixum3
851 2258 986 2290 Actuum
1011 2256 1136 2299 quinto:

178 2325 194 2340 α
211 2312 289 2345 Cum
313 2312 519 2345 adduxissent
551 2312 726 2355 Apostolos,
758 2313 940 2345 statuerunt
970 2310 1002 2343 in
1034 2309 1137 2343 conci-

173 2365 224 2397 lio.
251 2365 286 2397 Et
309 2365 516 2408 interrogavit
539 2373 592 2398 eos
616 2364 763 2406 princeps
787 2363 985 2397 sacerdotum
1009 2362 1136 2396 dicens:

173 2418 394 2460 Praecipiendo
418 2417 638 2460 praecepimus
659 2417 767 2456 vobis,
790 2425 830 2450 ne
853 2416 1007 2450 doceretis
1023 2416 1054 2449 in
1081 2422 1137 2449 no-

173 2471 257 2504 mine
280 2471 357 2510 isto;
382 2475 413 2504 et
436 2480 525 2510 ecce,
551 2470 695 2513 replestis
719 2470 887 2504 Ierusalem
911 2469 1054 2503 doctriua
1085 2479 1137 2503 ve-

173 2527 240 2557 stra
262 2527 294 2558 et
316 2524 413 2558 vultis
435 2524 586 2557 inducere
618 2533 714 2566 super
738 2533 796 2557 nos
819 2523 1003 2566 sanguinem
1036 2523 1137 2557 homi-

173 2577 223 2610 nis
246 2577 337 2610 istius
354 2589 392 2616 »;
417 2580 448 2610 et
472 2577 605 2610 Actuum
628 2576 750 2610 decImo
782 2577 933 2620 septimo:
963 2590 978 2606 <t
996 2576 1138 2610 Zelantes

174 2629 277 2663 Iudaei
302 2633 333 2663 et
356 2633 552 2663 assumentes
575 2630 613 2663 de
636 2630 732 2673 vulgo
748 2630 833 2663 viros
854 2629 1007 2673 quosdam
1024 2630 1136 2669 malos,

174 2686 205 2716 et
228 2683 323 2717 turba
345 2683 443 2723 sacta,
472 2683 709 2717 concitaverunt
733 2683 890 2717 civitatem
916 2687 947 2716 et
971 2683 1138 2716 trahebant

174 2735 313 2769 Iasonem
345 2739 377 2770 et
408 2736 560 2779 quosdam
590 2736 705 2770 fratres
732 2737 772 2770 ad
803 2736 962 2780 principes
984 2736 1136 2776 civitatis,

245 2917 254 2932 ¹
275 2918 345 2945 Libr.
364 2919 391 2944 Il.
411 2919 505 2945 Ilomil.
525 2920 551 2945 in
571 2920 670 2952 Evang.
690 2920 778 2946 homil.
800 2921 844 2946 35.
865 2928 892 2946 n.
915 2921 942 2953 ⁴3
962 2921 987 2946 in
1007 2920 1059 2946 line
1077 2921 1136 2947 alle·

174 2965 251 2994 gatur
270 2963 332 2995 Sap.
351 2963 382 2994 5,
402 2964 446 2989 2l.

245 3004 256 3020 ²
275 3006 325 3032 Csr.
345 3014 425 3039 supra
444 3015 470 3034 n.
494 3008 535 3033 ⁴3.

245 3049 256 3065 '³
276 3051 350 3078 Vers.
371 3052 413 3077 ⁴6.

246 3093 257 3109 ⁴
277 3095 352 3121 Vers.
374 3095 416 3121 ⁴7.
435 3100 460 3122 et
481 3097 524 3121 ⁴8.

246 3137 257 3152 ⁶
276 3139 352 3165 vers.
375 3140 416 3165 ⁴2.

245 3180 257 3196 θ
276 3181 358 3208 Codd.
383 3182 467 3209 CDH
491 3185 563 3210 ante.
584 3197 619 3203 —
642 3183 759 3210 Subinde
784 3185 930 3217 allegantur
954 3185 1010 3211 Act.
1035 3185 1066 3217 5,
1092 3185 1134 3211 27.

174 3232 230 3259 seq.
249 3229 275 3252 et
295 3226 342 3259 ⁴7,
362 3226 420 3258 5-7,
439 3226 484 3253 ubi
505 3234 552 3259 pro
565 3227 656 3254 orbem
677 3228 734 3262 (cfr.
748 3229 876 3255 Translat.
896 3235 927 3255 ex
944 3229 1054 3263 Syriae.)
1076 3230 1136 3256 Vul-

175 3273 235 3302 gata
255 3269 359 3297 urbem.

246 3312 256 3328 ⁷
279 3315 352 3341 Vers.
373 3316 459 3341 v⁴0-l2.

247 3357 257 3373 ¹³
277 3359 350 3385 Nunc
368 3359 395 3385 in
414 3360 561 3392 Appendic.
579 3361 665 3386 Serm.
684 3361 744 3387 220.
765 3360 841 3393 (alias
861 3362 903 3388 ⁴0.
922 3362 956 3388 de
981 3362 1083 3389 Sanctis
1110 3365 1135 3388 et

175 3405 234 3435 post
252 3402 295 3429 72.
315 3404 341 3429 in
363 3405 525 3438 Appendice)
540 3412 566 3431 n.
586 3406 610 3431 2.
624 3419 659 3425 —
672 3406 803 3432 Sententia
816 3406 935 3439 Gregorii
949 3405 1060 3433 habetur
1075 3406 1135 3432 XX.

2105 255 2169 288 527

1211 337 1399 370 clamantes:
1432 339 1584 380 Quoniam
1611 340 1641 372 hi
1667 344 1758 381 sunt,
1791 342 1845 384 qui
1877 343 1986 375 orbem
2016 344 2172 377 concitant

1210 393 1242 422 et
1266 390 1330 423 huc
1354 395 1519 424 venerunt.
1546 392 1581 425 Et
1605 393 1636 425 hi
1654 402 1762 427 omnes
1784 398 1895 427 contra
1917 395 2044 428 decreta
2064 396 2174 429 Caesa-

1211 441 1257 476 ris
1279 442 1416 483 faciunt,
1434 452 1541 486 regem
1566 445 1663 478 alium
1681 446 1820 480 dicentes
1836 456 1905 481 esse
1921 448 2023 481 Iesum
2040 463 2071 480 n.
2096 450 2176 482 Haec

1210 499 1316 529 autem
1341 497 1521 538 persecutio
1543 497 1695 532 desaeviit
1718 504 1828 533 contra
1854 502 2015 544 Apostolos
2038 507 2069 535 et
2100 512 2175 536 suos

1210 548 1305 582 etiam
1336 558 1487 592 sequaces
1518 550 1558 583 ab
1581 551 1770 585 adversariis
1794 554 1931 587 nominis
1961 555 2095 594 Christi;
2127 564 2176 588 se-

1210 602 1331 636 cundae
1355 603 1395 636 ad
1418 603 1618 637 Timotheum
1644 605 1737 637 tertio
1754 606 1785 637 ⁷:
1814 619 1830 634 α
1847 607 1894 639 Τ11
1917 610 2023 640 autem
2047 617 2173 641 assecu-

1209 658 1261 689 tus
1284 665 1319 689 es
1341 665 1444 689 meam
1468 656 1661 697 doctrinam,
1686 658 1933 698 institutionem,
1958 661 2173 702 propositum,

1208 708 1321 748 fidem,
1354 710 1609 752 persecutiones,
1641 711 1819 753 passiones,
1852 713 1957 754 qualia
1989 713 2070 746 sacta
2101 718 2176 747 sunt

1209 762 1286 795 mihi
1310 763 1508 802 Antiochiae,
1533 763 1642 802 Iconii,
1667 764 1785 805 Lystris
1801 777 1832 797 ι).
1862 778 1879 794 «ι
1896 766 1932 798 Et
1955 775 1997 799 ex
2027 767 2175 800 omnibus

1207 815 1324 858 eripuit
1348 825 1398 849 me
1421 816 1583 850 Dominus.
1611 817 1645 850 Et
1676 826 1803 857 omnes,
1828 819 1881 861 qui
1912 819 1962 861 pie
1986 820 2096 852 volunt
2129 821 2174 853 vi-

1207 878 1282 902 vere
1298 869 1329 902 in
1346 869 1472 903 ChriSto
1488 870 1575 910 lesu,
1593 871 1843 913 persecutionem
1861 873 2022 914 patientur
2039 886 2070 905 n.
2087 873 2173 907 Unde

1206 922 1399 965 Augustinus
1419 923 1451 956 in
1475 932 1620 957 sermone
1644 924 1683 958 de
1707 925 1968 959 Innocentibus⁸:
1998 939 2014 955 α
2031 926 2063 959 [n
2091 927 2174 960 Scri-

1205 976 1310 1018 pturis
1333 977 1463 1016 sanctis,
1488 977 1586 1010 bonos
1602 980 1633 1010 et
1649 977 1748 1011 iustos
1773 978 1857 1012 viros
1881 987 2006 1021 semper
2025 989 2174 1022 persecu-

1205 1029 1321 1062 tionem
1338 1030 1496 1063 malorum
1513 1030 1718 1070 sustinuisse,
1735 1032 1953 1074 cognoscimus
1970 1046 1986 1062 »
1997 1059 2005 1072 ,
2029 1033 2119 1076 quia,
2136 1037 2173 1067 ut

1204 1082 1280 1115 dicit
1302 1082 1488 1126 Gregorius,
1517 1084 1620 1117 «Abel
1643 1093 1711 1118 esse
1735 1085 1842 1118 renuit
1865 1095 1961 1128 quem
1985 1077 2059 1119 Cain
2083 1087 2172 1120 mali-

1205 1135 1248 1168 tia
1272 1145 1334 1169 non
1359 1140 1535 1170 exercet».

2196 457 2326 480 Notandum.

1294 1190 1347 1222 20.
1374 1190 1475 1232 (Vers.
1504 1190 1578 1230 13.).
1609 1191 1752 1224 Secundo
1779 1196 1935 1234 quantum
1959 1192 1997 1225 ad
2019 1200 2338 1235 perscczi—Perseeutioui·

1206 1241 1305 1275 tionis
1339 1252 1482 1275 causam
1517 1243 1641 1277 subdit:
1669 1244 1842 1288 Continget
1877 1250 1989 1278 autem
2011 1246 2103 1279 vobis
2135 1247 2170 1279 in

2218 1234 2291 1249 cam.

1205 1295 1448 1335 testimonium,
1472 1296 1655 1329 dileccionis
1679 1297 1834 1337 divinae;
1857 1298 1895 1331 ad
1919 1299 2075 1332 Hebraeos
2091 1299 2170 1332 duo·
2182 1307 2336 1329 Testimonium

1204 1348 1369 1382 deotm002
1400 1362 1416 1378 α
1431 1350 1532 1391 Quem
1556 1350 1658 1393 diligit
1681 1351 1834 1385 Dominus
1858 1352 2009 1394 castigat;
2033 1353 2171 1395 flagellat

1204 1406 1310 1435 autem
1326 1412 1452 1436 omnem
1474 1403 1590 1443 filium,
1607 1413 1703 1446 quem
1724 1405 1845 1447 recipit.
1863 1406 1896 1438 In
1919 1406 2082 1448 disciplina
2098 1416 2171 1449 per-

1204 1459 1356 1489 severate.
1381 1457 1544 1499 Tanquam
1576 1457 1649 1490 111115
1672 1457 1762 1491 vobis
1793 1466 1826 1492 se
1850 1459 1942 1492 offert
1966 1459 2060 1492 Deus.
2092 1460 2170 1501 Quis

1204 1508 1288 1541 enim
1312 1508 1415 1548 filius,
1440 1518 1535 1551 quem
1560 1519 1622 1542 non
1646 1510 1778 1552 corripit
1801 1514 1914 1553 pater?
1937 1512 2054 1553 Quodsi
2078 1516 2171 1545 extra

1203 1561 1401 1604 disciplinam
1425 1562 1519 1602 estis,
1543 1562 1636 1595 cuius
1659 1563 1828 1606 participes
1851 1564 1924 1597 sacti
1948 1568 2024 1597 sunt
2046 1574 2169 1604 omnes;

1204 1623 1280 1657 ergo
1314 1614 1449 1648 adulteri
1485 1618 1517 1648 et
1550 1624 1613 1648 non
1644 1615 1700 1648 filii
1735 1616 1862 1655 estis»;
1900 1617 2003 1649 Iudith
2038 1621 2168 1650 octavo:

1210 1680 1226 1696 «
1242 1669 1396 1701 Memores
1419 1677 1488 1701 esse
1511 1668 1649 1708 debetis,
1667 1669 1826 1711 quomodo
1841 1672 1931 1711 pater
1947 1673 2055 1702 noster
2072 1670 2170 1703 Abra-

1204 1722 1297 1762 ham,
1322 1725 1461 1756 tentatus
1484 1726 1516 1755 et
1539 1731 1596 1765 per
1621 1723 1737 1756 multas
1761 1723 1981 1756 tribulationes
1997 1723 2168 1765 probatus,

1203 1775 1257 1809 Dei
1283 1775 1404 1809 amicus
1427 1776 1558 1809 effectus
1582 1779 1676 1809 est».
1703 1794 1745 1800 -
1772 1776 1941 1819 Continget
1963 1777 2058 1809 etiam
2074 1777 2109 1809 in
2126 1780 2169 1810 te-

1203 1829 1399 1875 stimonium
1423 1830 1560 1863 virtutis
1579 1830 1752 1873 propriae.
1779 1830 1909 1872 Propter
1931 1831 2016 1873 quod
2040 1831 2168 1864 Genesis

1203 1883 1356 1926 vigesimo
1388 1884 1523 1926 septimo
1536 1884 1584 1916 ¹⁰:
1614 1884 1763 1917 «Accede
1794 1884 1875 1923 huc,
1900 1887 1937 1917 ut
1959 1888 2083 1927 tangam
2119 1888 2166 1924 te,

1204 1936 1247 1969 fili
1280 1937 1342 1977 mi,
1375 1940 1406 1970 et
1437 1937 1587 1979 probem,
1619 1940 1729 1970 utrum
1755 1940 1790 1970 tu
1814 1937 1856 1970 sis
1880 1937 1965 1970 silius
1995 1946 2102 1976 meus,
2126 1946 2166 1970 an

1203 1999 1265 2023 non
1284 2003 1314 2021 υ.
1339 1989 1426 2023 Uude
1449 1993 1481 2023 et
1496 1990 1550 2023 Iob
1566 1989 1704 2023 secundo
1720 1990 1801 2023 dixit
1817 1993 1905 2023 satan
1922 1991 1961 2023 ad
1977 1990 2165 2023 Dominum:

1209 2056 1225 2072 «
1241 2043 1326 2075 Mitte
1349 2051 1479 2075 manum
1503 2045 1591 2075 tuam
1615 2046 1646 2076 et
1669 2046 1761 2086 tange
1784 2053 1819 2077 os
1841 2044 1909 2077 eius
1925 2047 1956 2077 et
1973 2053 2118 2083 carnem,
2135 2047 2166 2077 et

1203 2098 1280 2129 tunc
1303 2095 1441 2134 videbis,
1474 2095 1559 2137 quod
1583 2095 1614 2128 in
1638 2095 1749 2128 faciem
1773 2096 1936 2129 benedicat
1960 2096 2026 2129 tibi.
2063 2096 2165 2129 Dixit-

1202 2157 1265 2191 que
1289 2148 1441 2180 Dominus
1457 2147 1496 2180 ad
1513 2151 1619 2180 satan:
1637 2148 1731 2187 Ecce,
1749 2148 1781 2181 in
1797 2157 1894 2182 manu
1911 2152 1965 2182 tua
1981 2152 2037 2182 est.
2056 2150 2165 2192 Egres-

1203 2210 1258 2234 sus
1281 2200 1379 2243 igitur
1395 2204 1482 2233 satan
1500 2209 1518 2233 a
1534 2200 1611 2234 facie
1635 2200 1777 2241 Domini,
1801 2202 1958 2243 percussit
1982 2202 2034 2235 lob
2058 2202 2165 2236 ulcere

1202 2254 1339 2296 pessimo
1356 2265 1387 2293 »;
1411 2257 1442 2287 et
1465 2253 1505 2286 ad
1530 2254 1682 2287 Romanos
1710 2254 1842 2297 quinto:
1873 2268 1889 2283 α
1905 2255 2078 2288 Tribulatio
2110 2265 2165 2298 pa-

1203 2306 1344 2340 tientiam
1365 2310 1535 2349 operatur,
1553 2307 1702 2349 patientia
1717 2311 1824 2340 autem
1839 2307 2073 2350 probationem,
2091 2318 2163 2350 pro-

1201 2360 1286 2394 batio
1309 2369 1386 2394 vero
1410 2369 1497 2403 spem
1514 2374 1545 2393 n.
1570 2379 1615 2384 ——
1640 2361 1810 2404 Continyet
1840 2361 1933 2394 etiam
1962 2361 1998 2393 in
2022 2361 2163 2394 testimo-

1202 2414 1299 2447 niunz
1323 2414 1551 2447 damnationis
1573 2414 1711 2447 alienae.
1740 2413 1827 2447 Unde
1850 2413 2018 2447 Glossass:
2048 2427 2064 2443 α
2080 2415 2163 2448 Mors

1201 2467 1361 2501 iustorum
1384 2467 1474 2500 bonis
1497 2470 1545 2501 est
1568 2467 1600 2500 in
1624 2467 1835 2507 adiutorium,
1859 2467 1949 2503 malis
1971 2467 2003 2500 in
2024 2468 2162 2501 testimo-

1202 2520 1309 2561 nium,
1341 2523 1378 2554 ut
1408 2521 1480 2554 inde
1511 2521 1653 2564 perversi
1684 2521 1751 2554 sine
1781 2521 1985 2554 excusatione
2014 2525 2161 2563 pereant,

1201 2575 1286 2608 unde
1317 2574 1407 2609 electi
1439 2575 1622 2617 exemplum
1655 2575 1800 2624 capiunt,
1831 2578 1867 2608 ut
1899 2574 2052 2607 vivant».
2076 2575 2162 2608 Unde

1202 2628 1377 2671 Sapientiae
1398 2631 1514 2671 quarto
1527 2628 1571 2661 ¹²:
1591 2628 1810 2661 «Condemnat
1829 2631 1934 2661 autem
1952 2627 2054 2661 iustus
2077 2637 2162 2661 mor-

1202 2685 1278 2715 tuus
1294 2681 1382 2715 vivos
1406 2682 1536 2724 impios,
1560 2685 1592 2715 et
1614 2682 1763 2715 iuventus
1787 2681 1921 2714 celerius
1944 2686 2162 2714 consummata

1202 2735 1327 2778 longam
1352 2735 1447 2768 vitam
1473 2735 1581 2768 iniusti
1597 2747 1629 2774 »;
1646 2738 1677 2768 et
1698 2734 1767 2768 ideo
1791 2734 1910 2777 primae
1927 2734 2008 2767 Petri
2025 2738 2160 2777 quarto:

1200 2920 1287 2946 Moral.
1307 2927 1331 2945 c.
1350 2919 1392 2945 39.
1412 2926 1438 2944 n.
1457 2918 1500 2944 75.
1520 2921 1545 2944 et
1571 2918 1598 2944 ll.
1623 2917 1716 2943 llomil.
1737 2917 1762 2942 in
1781 2917 1880 2948 Evang.
1906 2917 1996 2942 homil.
2017 2917 2059 2942 38.
2079 2924 2106 2942 n.
2132 2925 2159 2947 1;

1200 2966 1247 2991 cfr.
1267 2965 1285 2991 I.
1307 2963 1453 2991 Ilomil.‚in
1472 2963 1564 2988 Ezech.
1590 2962 1677 2987 homil.
1698 2961 1721 2986 9.
1742 2968 1768 2986 11.
1795 2961 1836 2986 22.
1856 2960 1924 2986 Vide
1946 2964 2010 2986 tom.
2037 2961 2077 2986 Vl.
2099 2968 2160 2993 pag.

1201 3010 1267 3040 ⁴32,
1286 3012 1374 3034 notam
1395 3008 1420 3034 9.

1271 3052 1282 3068 ⁹
1301 3053 1375 3079 Vers.
1395 3053 1451 3078 6-8.
1469 3056 1494 3078 61
1513 3051 1608 3078 deinde
1634 3050 1717 3077 Iudith
1737 3051 1767 3082 8,
1793 3051 1841 3082 22,
1864 3050 1891 3075 in
1916 3057 1970 3083 quo
1994 3057 2043 3083 pro
2063 3044 2160 3078 debetis

1200 3099 1259 3124 Vat.
1277 3105 1339 3124 cum
1358 3097 1471 3129 Vulgata
1490 3095 1591 3123 debent.

1272 3140 1295 3156 ¹⁰
1315 3142 1390 3167 Vers.
1410 3141 1452 3166 2⁴.
1470 3153 1506 3159 —-
1525 3140 1677 3172 Sequuntur
1696 3138 1741 3164 lob
1761 3139 1791 3170 2,
1805 3138 1859 3164 5-7.
1880 3141 1905 3164 et
1924 3138 2001 3164 Rom.
2021 3139 2051 3171 5,
2065 3139 2159 3173 3.seq.

1272 3184 1293 3200 ¹¹
1314 3186 1416 3211 Scilicet
1429 3183 1570 3211 ordinaria
1587 3184 1627 3216 (ex
1640 3183 1709 3208 Beda
1718 3202 1725 3213 ,
1739 3183 1784 3216 qui
1798 3183 1917 3216 sequitur
1930 3183 2055 3215 Gregor.,
2069 3184 2098 3209 ll.
2111 3184 2159 3210 Ho-

1200 3230 1253 3257 mil.
1274 3230 1301 3255 in
1320 3230 1421 3261 Evang.
1440 3228 1530 3254 homil.
1550 3228 1593 3254 35.
1612 3234 1639 3252 11.
1659 3227 1694 3259 2.)
1715 3227 1740 3252 ln
1759 3227 1822 3253 Luc.
1841 3227 1885 3258 2⁴,
1906 3227 1946 3253 ⁴3.
1967 3227 2026 3254 Post
2045 3227 2159 3254 testimo-

1199 3274 1277 3301 nium
1296 3274 1356 3299 Vnt.
1375 3280 1435 3299 cum
1456 3273 1546 3299 Glossa
1567 3271 1640 3297 addit
1665 3270 1863 3303 damnationis,
1892 3271 1965 3305 quod
1994 3272 2072 3298 codd.
2097 3279 2158 3298 cum

1200 3318 1326 3350 Gregorio
1346 3320 1371 3343 et
1390 3317 1460 3343 Beda
1480 3316 1617 3348 omittunt;
1638 3322 1686 3347 pro
1705 3316 1736 3341 ut
1754 3314 1815 3341 inde
1833 3322 1886 3341 non
1905 3316 1984 3347 pauci
2004 3316 2082 3342 codd.
2100 3323 2160 3348 per-

1199 3368 1290 3394 peram
1310 3360 1389 3387 unde.

1271 3405 1294 3423 ¹2
1312 3406 1388 3432 Vers.
1412 3406 1458 3436 ⁴6,
1478 3408 1538 3437 post
1556 3411 1636 3438 quern
1656 3404 1673 3430 l.
1694 3404 1760 3430 Petr.
1781 3403 1811 3436 4,
1834 3404 1874 3430 17.

2208 1335 2309 1361 primum.

2188 1785 2227 1807 Sec
2233 1785 2320 1807 undum.

2183 2369 2286 2392 Tertium.
