2476 3921
8 1299 9 1302 ,
38 1279 147 1312 Eppositie

8 1307 164 1356 tamna.

7 1362 61 1382 ..etun
77 1360 162 1388 triplex.

5 2064 11 2093 ’1
21 2076 105 2105 Triplex
112 2076 160 2099 aaa

21 2104 107 2152 ‘tati‘
119 2109 160 2152 ἐξ·

9 2156 88 2184 :triplex
133 2162 155 2179 e-

32 2183 134 2205 monium.

774 228 970 262 COMMENT.
995 229 1033 262 ΙΝ
1058 229 1297 263 EVANGELIUM
1322 231 1439 263 LUCAE
1463 231 1495 264 C.
1520 232 1567 264 Xl.

185 317 285 350 fiunt:
308 315 386 360 quia
408 326 527 350 caecus
551 317 648 356 videt,
664 321 780 350 mutus
800 318 961 360 loquitur,
975 327 1149 360 possessus

185 379 205 402 a
226 369 378 403 daemone
395 369 556 403 liberatur
573 383 603 403 a.
629 370 665 403 Et
681 370 712 403 in
737 371 797 403 hoc
820 374 889 404 erat
912 371 1057 404 materia
1073 371 1148 403 laa-

184 423 238 456 dis
259 423 395 456 divinae
418 427 480 456 tam
504 432 546 456 ex
570 427 665 465 parte
683 423 786 457 curati
808 433 905 466 quam
921 424 1147 457 assistentium.

185 476 315 518 Propter
338 477 423 519 quod
447 476 536 510 dicit:
563 478 603 509 Et
631 487 709 510 cum
739 477 883 510 eiecisset
913 477 1147 516 daemonium,

185 529 314 562 locutus
329 533 376 562 est
390 533 524 569 mutus,
540 533 569 563 et
584 530 777 563 admiratae
799 534 879 563 sunt
895 530 1032 569 turbae,·
1048 533 1080 563 et
1103 530 1147 564 sic

183 582 348 624 impletum
371 585 419 615 est
442 582 520 615 illud
544 582 639 616 Isaiae
663 583 826 625 trigesimo
849 583 961 626 quinto
976 584 1002 616 ¹:
1025 596 1040 612 α
1058 584 1147 616 Τι1116

182 635 366 677 aperientur
389 635 471 669 oculi
497 645 678 676 caecorum,
703 640 735 669 et
750 645 845 670 aures
861 636 1034 669 surdorum
1058 640 1146 679 pate-

182 688 280 728 bunt;
305 686 381 722 tunc
404 688 494 722 saliet
509 688 592 722 sicut
615 698 729 723 cervus
746 689 893 729 claudus,
910 693 942 723 et
956 693 1066 732 aperta
1082 690 1144 723 erit

183 741 289 784 lingua
311 745 474 775 mutorum
492 755 522 775 n.
547 743 646 775 Tanta
669 746 775 776 autem
799 743 953 776 miracula
981 743 1076 778 simul
1100 743 1145 776 fa-

181 798 232 828 cta
255 798 329 828 sunt
353 795 593 829 admirationis
627 800 659 830 et
682 796 795 830 laudis
829 805 942 836 causa,
967 796 1141 830 secundum

176 848 259 892 ,illud
284 848 487 882 Ecclesiastici
517 849 758 892 quadragesimo
783 850 919 883 tert102:
949 862 964 878 «
981 849 1145 882 Terribilis

180 901 334 935 Dominus
357 905 388 935 et
411 911 545 945 magnus
567 903 789 942 vehementer,
805 906 837 936 et
858 902 1011 936 mirabilis
1035 907 1144 945 poten-

181 956 224 989 tia
247 955 316 989 eius
331 968 363 995 »3
387 959 418 989 et
443 960 529 998 post:
559 970 575 986 «
590 956 807 990 Gloriticantes
830 957 1019 996 Dominum,
1043 966 1144 999 quan÷

180 1013 386 1052 tumcnmque
410 1009 591 1052 potueritis,
614 1009 829 1052 supervalebit
845 1009 967 1048 adhuc,
991 1013 1023 1042 et
1043 1009 1143 1042 admi-

179 1062 288 1096 rabilis
310 1063 541 1105 magnificentia
564 1063 633 1096 eius
649 1076 679 1095 so.
705 1063 790 1096 Unde
822 1071 897 1096 vere
921 1066 1067 1105 poterant
1090 1062 1140 1095 isti

178 1115 283 1149 dicere
307 1115 384 1149 illud
420 1116 513 1149 Marci
550 1117 699 1159 septimo:
729 1129 744 1145 α
762 1116 843 1149 Bene
867 1116 972 1148 omnia
995 1115 1086 1154 fecit,
1110 1119 1142 1148 et

179 1168 293 1202 surdos
315 1169 388 1202 fecit
411 1169 522 1202 audire
546 1173 577 1203 et
601 1173 707 1203 mutos
730 1170 864 1212 loqui».

268 1222 320 1256 38.
345 1223 524 1256 Secundum
541 1226 648 1256 autem
664 1222 874 1265 spiritualem
893 1222 1142 1265 intelligentiam

177 1276 392 1310 daemonium
422 1280 470 1310 est
505 1280 687 1319 peccatum,
719 1276 804 1319 quod
828 1276 900 1309 facit
930 1276 1077 1309 surdum
1101 1276 1140 1309 ad

178 1330 341 1363 veritatem
366 1330 572 1369 audiendam,
597 1339 732 1362 caecum
761 1330 800 1363 ad
824 1329 989 1363 videndam
1013 1333 1044 1363 et
1066 1339 1141 1362 mu.-

178 1386 248 1415 tum
276 1382 314 1415 ad
338 1383 556 1416 confitendam.
580 1383 667 1416 Unde
690 1383 977 1424 chrysostomus-⁰²:
999 1396 1015 1412 α
1032 1383 1058 1416 O
1086 1392 1140 1416 ne-

176 1435 277 1478 quitia
299 1435 476 1469 daemonis!
502 1436 696 1469 Alterutrum
729 1436 926 1479 ingressum,
958 1445 1015 1478 per
1044 1445 1139 1479 quem

177 1488 359 1522 crediturus
375 1479 443 1521 era't
459 1487 563 1527 homo,
580 1489 745 1531 oppilavit:
763 1489 920 1522 auditum
935 1493 967 1522 et
982 1489 1094 1522 visum
1107 1503 1139 1528 n,

176 1546 207 1575 et
231 1541 377 1580 tertium,
403 1541 434 1574 id
461 1544 509 1575 est
536 1542 709 1585 linquam,
745 1552 784 1576 ne
818 1543 1016 1576 confiteatur.
1055 1543 1139 1577 Unde

176 1595 293 1628 dicitur
317 1595 412 1628 Isaiae
442 1595 684 1638 quadragesimo
715 1596 861 1638 prim04:
892 1610 908 1626 «x
923 1597 988 1629 Non
1013 1600 1062 1630 est
1084 1606 1140 1630 an-

176 1649 325 1682 nuntians
348 1652 380 1682 et
402 1658 463 1682 non
487 1652 536 1682 est
551 1649 736 1692 praedicans
752 1659 855 1692 neque
871 1650 1003 1684 audiens
1019 1659 1139 1684 sermo-

175 1711 231 1736 nes
247 1711 334 1736 meos
346 1715 377 1742 »;
395 1706 426 1735 61
442 1702 558 1736 iterum
574 1703 815 1745 quadragesimo
831 1703 981 1736 secundo:
1008 1704 1140 1737 «Sardi

174 1756 294 1795 audite,
318 1759 350 1789 et
373 1756 464 1789 caeni
486 1756 651 1789 intuemini
667 1756 706 1789 acl
723 1756 902 1789 videndum.
925 1757 1002 1798 Quis
1025 1766 1139 1790 caecus

176 1809 234 1842 nisi
269 1818 382 1842 servus
417 1812 533 1842 meus?
561 1810 597 1842 Et
627 1809 700 1852 quis
734 1809 869 1848 surdus,
894 1809 953 1842 nisi
978 1809 1017 1842 ad
1040 1819 1136 1853 quem

174 1862 303 1895 nuntios
326 1871 412 1895 meos
435 1862 504 1895 misi
519 1865 558 1895 n?
580 1863 663 1895 Talis
687 1862 780 1895 etiam
805 1867 920 1895 mutus
943 1863 1045 1895 estad
1063 1872 1137 1896 con-

175 1915 346 1954 fitendum
363 1915 447 1948 unde
465 1915 668 1948 Ecclesiastici
684 1915 805 1948 decimo
821 1915 952 1957 quinto:
975 1928 989 1944 «ι
1007 1916 1074 1948 Non
1090 1919 1138 1949 est

175 1968 315 2010 speciosa
339 1968 407 2001 laus
431 1968 463 2000 in
487 1977 542 2001 ore
566 1968 741 2010 peccatoris
757 1982 787 2000 n.

263 2021 316 2053 39.
342 2021 378 2053 Et
402 2024 485 2060 nota,
510 2021 595 2064 quod
619 2030 691 2054 cum
715 2021 754 2054 ad
773 2021 833 2054 tria
857 2021 897 2055 sit
919 2021 993 2055 data
1016 2022 1136 2055 homini

174 2074 316 2116 loquela,
340 2074 459 2107 scilicet
492 2074 531 2107 ad
563 2074 775 2107 laudandum.
810 2075 934 2114 Deum,
958 2075 997 2108 ad
1022 2075 1136 2117 aedili-

173 2126 320 2160 candum
340 2127 538 2169 proximum
561 2131 592 2160 et
615 2127 655 2160 ad
686 2128 919 2160 accusandum
946 2137 981 2160 se
1004 2128 1136 2170 ipsum,-

174 2180 251 2213 haec
274 2179 393 2222 triplex
409 2180 535 2223 loquela
549 2181 695 2214 aufertur
712 2190 768 2222 per
786 2180 904 2223 triplex
924 2180 1135 2214 daemonium.

174 2233 308 2266 Primam
339 2233 444 2267 aufert
479 2234 611 2276 spiritus
645 2234 823 2273 luxuriae,
849 2234 1023 2267 secundum
1058 2234 1137 2267 illud

173 2286 269 2320 Isaiae
292 2286 438 2329 primo⁶:
467 2300 483 2316 «
499 2287 578 2320 Cum
602 2287 887 2329 multiplicaveritis
909 2287 1067 2321 orationes
1084 2296 1136 2320 ve-

173 2343 269 2379 stras,
293 2350 356 2373 non
380 2340 559 2376 exaudiam.
584 2342 694 2374 Manus
727 2341 810 2374 enim
837 2344 961 2374 vestrae
983 2341 1136 2383 sanguine

172 2394 283 2436 plenae
299 2397 374 2427 sunt
392 2407 422 2426 n.
435 2413 480 2418 ——
493 2394 665 2427 Secundam
682 2393 786 2427 aufert
802 2393 934 2436 spiritus
949 2394 1135 2432 avaritiae,

173 2446 227 2489 qui
251 2447 325 2480 facit
348 2446 406 2480 sibi
431 2447 488 2480 soli
505 2447 687 2487 intendere,
704 2447 878 2485 secundum
895 2447 973 2480 illud
989 2447 1136 2481 Matthaei

173 2500 323 2543 vigesimo
356 2500 485 2543 quinto:
523 2500 615 2542 «Qui
647 2510 748 2533 unum
784 2501 937 2534 talentum
972 2504 1136 2544 acceperat

244 2677 253 2693 ¹
273 2679 350 2705 Vers.
368 2679 393 2705 5.
413 2682 439 2705 et
458 2680 482 2705 6.

243 2721 253 2736 ²
273 2723 347 2749 Vers.
367 2724 410 2749 3l.
429 2726 455 2749 et
472 2724 522 2755 32,
541 2723 586 2750 ubi
606 2731 655 2756 pro
665 2723 808 2758 potueritis
827 2724 934 2751 ACDF
949 2725 1083 2759 poteritis·-
1097 2740 1133 2746 —

172 2766 289 2794 Subinde
308 2767 434 2800 allegatur
447 2768 525 2794 Marc.
543 2768 573 2799 7,
594 2768 637 2794 37.

245 2810 367 2838 811011111.
387 2812 430 2838 40.
451 2812 525 2845 (alias
554 2813 608 2847 41.)
636 2813 663 2839 111
692 2814 780 2840 Μ31111.
799 2821 826 2840 11.
848 2814 872 2840 3.
898 2815 948 2840 Pro
969 2813 992 2841 Ο
1010 2814 1132 2849 nequitia

171 2855 310 2883 daemonis
323 2848 370 2889 (⁷0
384 2854 494 2890 πονηρία
505 2854 638 2891 δαίμονος)
652 2857 672 2883 Α
683 2857 702 2884 C
714 2857 735 2882 D
745 2858 762 2882 F
772 2858 793 2883 G
814 2856 837 2883 0
849 2857 881 2884 (le
892 2857 1012 2892 nequitia
1024 2857 1131 2885 daemo-

173 2898 228 2931 nis,
243 2900 262 2925 B
276 2898 299 2926 Ο
311 2898 374 2926 dira
391 2899 512 2934 mquitia
531 2900 688 2934 daemonis‚·
706 2900 784 2928 Card.
802 2901 894 2933 nugo,
913 2901 939 2927 in
952 2902 1015 2927 Luc.
1029 2902 1071 2935 ll,
1090 2903 1130 2928 14.

171 2943 246 2975 legit:
267 2942 330 2971 odic
347 2943 466 2978 nequitia
485 2944 624 2972 daemonis
642 2945 809 2972 alterutrum
822 2948 871 2971 etc.
885 2945 1004 2972 Subinde
1016 2945 1036 2973 C
1047 2946 1129 2973 ΜΗ

115 2995 119 2998 “
171 2988 293 3014 omittunt
310 2987 391 3015 homo
410 2988 470 3022 (pro
488 2996 543 3023 quo
562 2992 647 3017 textus
671 2990 805 3022 originalls
830 2988 936 3023 ἐκεῖνος,
956 2990 983 3016 id
1005 2993 1046 3017 est
1064 2990 1130 3025 ille).

170 3046 206 3052 —
224 3032 332 3058 lnl'erius
350 3036 411 3065 post
429 3032 553 3067 linquam
573 3034 632 3059 Vat.
651 3034 725 3060 addit
743 3033 888 3068 colliqaoit.
906 3047 943 3054 —
955 3034 992 3061 De
1011 3036 1061 3061 hoc
1080 3036 1132 3068 spi-

170 3075 255 3102 rituali
274 3083 353 3103 sensu
380 3078 426 3103 csr.
455 3077 569 3110 Hieron„
595 3078 622 3104 11.
647 3078 675 3103 111
694 3070 781 3104 11131111.
802 3079 848 3110 12,
868 3079 911 3110 22,
930 3081 956 3105 et
973 3079 1094 3111 August„
1113 3080 1130 3105 l.

170 3121 220 3153 Qq.
240 3120 404 3152 Evangelior.
423 3128 449 3154 q.
470 3121 495 3147 4.

241 3163 252 3178 ¹
272 3164 346 3191 Vere.
366 3166 415 3197 26,
434 3169 493 3198 post
511 3173 592 3199 quem
612 3166 661 3198 42,
682 3167 723 3192 18.
743 3169 769 3193 et
786 3167 863 3193 Eccli.
883 3167 930 3200 45,
951 3167 976 3193 9.

240 3206 252 3222 ⁵
271 3208 346 3234 Vers.
366 3208 408 3235 16.
426 3223 462 3229 —
481 3209 600 3236 Subinde
617 3211 745 3243 allegatur
763 3211 850 3237 Matth.
869 3211 981 3242 25,*48.

240 3250 252 3266 ⁶
270 3252 365 3278 Psalm.
384 3253 432 3286 31,
451 3254 483 3287 3,
501 3253 547 3280 ubi
566 3261 616 3286 pro
634 3261 698 3281 ossa
715 3261 776 3282 mea
794 3254 874 3282 CDF
893 3255 987 3282 omnia
1004 3262 1077 3282 ossa.
1093 3269 1128 3276 —

170 3296 228 3322 Duo
246 3303 321 3329 seqq.
339 3296 387 3323 loci
407 3301 468 3323 sunt
486 3298 534 3324 lor.
553 3299 583 3331 2,
603 3297 646 3324 35.
665 3300 691 3325 et
709 3298 792 3331 Apoc.
812 3299 861 3332 16,
883 3300 924 3326 13.

240 3337 251 3353 ”’
272 3340 346 3366 Vers.
366 3340 413 3372 20,
432 3341 457 3367 111
476 3342 552 3368 cuius
570 3342 623 3368 ssne
642 3343 755 3375 Vulgata
774 3346 800 3370 et
820 3343 877 3370 vat.
896 3343 952 3371 nisi
964 3351 1016 3378 per
1029 3344 1130 3371 oratio-

170 3390 232 3410 nem
251 3385 276 3410 et
294 3383 446 3417 muniunt,-
465 3387 513 3412 clr.
532 3386 598 3412 infru
617 3393 643 3413 n.
662 3387 706 3413 52.

277 3436 307 3463 S.
322 3437 424 3464 Bonan.
435 3451 471 3457 —
483 3438 559 3464 Tom.
573 3438 625 3465 Vll.

2110 238 2173 269 289

1213 318 1321 351 abiens
1333 319 1410 352 fodit
1427 319 1457 352 in
1473 323 1589 353 terram
1603 334 1633 353 υ.
1648 340 1692 345 —-
1703 323 1840 355 Tertiam
1853 324 1958 356 aufert
1973 324 2104 366 spiritus
2119 335 2175 357 su-

1209 371 1361 414 perbiae,
1385 373 1439 415 qui
1464 382 1526 406 non
1551 375 1722 415 permittit,
1747 376 1830 418 quod
1856 377 1950 409 homo
1973 382 2099 411 accuset
2123 387 2174 417 se,

1213 425 1387 458 secundum
1411 425 1489 458 illud
1514 426 1668 459 Psalmi⁶:
1698 441 1713 456 α
1730 429 1883 470 Quoniam
1909 431 2003 470 tacui,
2021 431 2175 464 invetera-

1213 482 1330 511 verunt
1352 487 1423 511 ossa
1446 488 1516 512 mea
1534 492 1563 518 »;
1588 483 1619 513 et
1635 481 1782 514 Ieremiae
1798 482 1950 515 secundo:
1981 497 1997 511 α
2014 484 2100 522 Ε666,
2118 494 2175 527 ego

1212 531 1327 564 iudicio
1350 532 1537 565 contendam
1562 536 1684 572 tecum,
1710 543 1768 575 pro
1791 544 1828 567 eo
1844 536 1928 577 quod
1952 537 2090 570 dixeris:
2109 538 2174 570 Non

1212 584 1337 626 peccavi
1356 597 1387 616 n.
1411 603 1454 608 ——
1479 585 1524 618 De
1548 586 1608 619 hoc
1633 587 1746 629 triplici
1769 587 1933 620 daemonio
1956 588 2072 621 dicitur
2097 590 2174 631 Apo-

1210 637 1345 680 calypsis
1368 638 1489 672 decimo
1513 642 1624 672 sexto:
1654 652 1669 668 α
1689 640 1774 679 Vidi,
1799 640 1838 673 de
1861 651 1917 674 ore
1941 642 2058 675 bestiae
2082 646 2114 674 et
2136 643 2174 675 de

1210 700 1265 724 ore
1289 691 1435 725 draconis
1458 696 1490 725 et
1513 692 1552 725 de
1586 702 1641 726 ore
1677 694 1971 737 pseudoprophetae
1995 695 2086 728 exire
2110 700 2174 729 tres

1209 745 1342 787 spiritus
1357 746 1537 779 immundos
1561 746 1592 779 in
1611 747 1738 780 modum
1760 757 1910 781 ranarum
1925 762 1954 781 n.
1974 767 2015 772 —
2034 749 2172 782 Primum
2196 756 2274 787 nomm
2290 757 2330 788 oia

1207 798 1407 831 daemonium
1424 799 1564 832 ’611611111-
1600 809 1656 842 per
1687 800 1871 840 ieiunium,
1896 802 2069 835 secundum
2096 803 2173 835 illud
2186 786 2228 804 ‘⁰⁰
2239 789 2277 810 μ’
2288 786 2329 805 “¹²

1210 852 1353 885 Matthaei
1390 852 1511 886 decimo
1542 853 1717 895 septimo⁷z
1749 867 1763 882 a
1781 854 1842 887 1106
1870 864 1970 897 genus
1993 856 2172 889 daemonio-

1209 913 1281 937 rum
1299 914 1361 937 non
1379 905 1504 938 elicitur
1521 905 1578 939 nisi
1594 912 1654 948 'per
1678 907 1830 940 ieiunium
1845 921 1874 939 n.
1893 908 2070 941 Secundum
2088 909 2172 942 eiici-

1209 961 1263 990 tnr
1286 966 1343 999 per
1367 958 1565 991 memoriam
1586 960 1757 1002 passionis
1773 960 1977 1000 dominicae,
1995 962 2169 995 secundum

1208 1010 1285 1043 illud
1309 1011 1423 1044 Tobiae
1447 1012 1582 1045 sext0³:
1611 1026 1627 1041 α
1645 1013 1689 1046 De
1713 1013 1806 1046 corde
1824 1014 1917 1055 piscis
1933 1015 1958 1047 si
1982 1015 2169 1056 particulam

1207 1073 1304 1106 super
1327 1065 1481 1098 carbones
1504 1075 1616 1107 ponas,
1640 1066 1748 1100 sumus
1764 1067 1833 1100 eius
1848 1068 1986 1101 extricat
2009 1078 2101 1101 omne
2118 1078 2170 1111 ge-

1208 1126 1269 1150 nus
1303 1117 1571 1151 daemoniorum»
1604 1122 1662 1152 etc.
1695 1120 1836 1152 Tertium
1873 1130 1930 1162 per
1965 1122 2147 1154 orationem
2158 1134 2170 1160 ‚-

1207 1170 1300 1212 primi
1327 1171 1444 1213 Regum
1468 1171 1590 1205 decimo
1613 1176 1723 1206 sexto:
1754 1187 1769 1202 «
1786 1174 1925 1207 Tollebat
1949 1175 2045 1207 David
2070 1175 2169 1208 eitha-

1206 1232 1273 1256 ram
1290 1227 1321 1256 et
1338 1224 1535 1265 percutiebat
1551 1234 1647 1258 manu
1663 1235 1730 1265 sua,
1748 1230 1779 1259 et
1796 1227 2028 1260 refocillabatur
2044 1229 2118 1261 Saul
2139 1232 2171 1261 et

1205 1276 1305 1309 levius
1322 1277 1473 1316 habebat;
1491 1278 1657 1312 recedebat
1672 1280 1755 1312 enim
1772 1280 1812 1312 ab
1828 1289 1865 1313 eo
1881 1281 2011 1322 spiritus
2023 1282 2125 1315 malus
2138 1294 2168 1313 n.

1295 1330 1348 1363 [10.
1374 1330 1476 1371 (Vers.
1505 1332 1579 1373 15.).
1605 1332 1748 1365 Secundo
1779 1337 1933 1375 quantum
1958 1334 1996 1367 ad
2021 1334 2168 1377 blasplie-
2188 1341 2335 1373 οπο-1111135·

1204 1383 1310 1416 miam
1333 1381 1473 1425 fraudis
1496 1382 1667 1417 humanae
1694 1385 1860 1418 subditur:
1888 1387 2032 1427 Quidam
2057 1392 2170 1421 autem
2193 1369 2331 1417 1ἓῖἷῖῃὲ-

1204 1446 1244 1469 eae
1267 1437 1314 1470 eis
1338 1429 1525 1470 dixerunt:
1549 1439 1589 1470 In
1623 1439 1821 1478 Beelzebub,
1851 1441 2005 1483 principe
2035 1441 2166 1475 daemo-
2215 1427 2298 1443 'mm'

1204 1491 1360 1530 nior-um,
1385 1491 1475 1524 eiicit
1497 1491 1684 1524 daemonia.
1711 1493 1746 1525 Et
1771 1493 1847 1526 11366
1871 1498 1939 1526 erat
1956 1504 2069 1537 magna
2085 1495 2168 1529 blas-

1205 1544 1348 1586 phemia,
1373 1544 1448 1587 quia
1471 1545 1555 1587 quod
1580 1545 1675 1578 fiebat
1698 1555 1716 1578 a
1740 1546 1859 1588 Spiritu
1883 1551 1991 1580 sancto
2014 1548 2167 1581 attribue-

1204 1598 1280 1631 bant
1311 1597 1436 1640 spiritui
1471 1598 1625 1640 maligno;
1658 1598 1742 1632 unde
1777 1600 1922 1633 Matthaei
1957 1600 2167 1634 duodecimo⁹

1204 1651 1309 1684 statim
1332 1654 1403 1693 post
1427 1651 1486 1684 1106
1509 1651 1644 1685 (11611111·;
1675 1665 1690 1681 «
1707 1652 1807 1686 Omne
1836 1657 1998 1695 peccatum
2030 1658 2061 1687 et
2085 1654 2167 1687 blas-

1204 1704 1330 1746 phemia
1354 1704 1535 1738 remittetur
1565 1705 1765 1744 hominibus,
1793 1706 1924 1748 spiritus
1950 1711 2056 1740 31116111
2086 1707 2167 1741 blas-

1202 1757 1347 1799 phemiae
1370 1767 1433 1790 non
1458 1758 1638 1791 remittetur
1656 1772 1685 1790 ».
1703 1759 1735 1791 111
1752 1759 1833 1792 113116
1849 1759 2076 1801 blasphemiam
2095 1770 2167 1802 pro-

1203 1811 1394 1853 rumpebant
1410 1819 1451 1844 ex
1469 1811 1600 1851 invidia;
1626 1812 1710 1845 unde
1733 1812 1976 1854 Clirysostomus
1991 1814 2034 1845 ¹⁰:
2065 1827 2080 1842 α
2098 1814 2163 1846 Non

1202 1863 1329 1906 quando
1352 1873 1465 1906 magna
1487 1864 1627 1903 dicebat,
1653 1865 1707 1898 sed
1742 1866 1868 1907 quando
1891 1866 2024 1899 faciebat
2047 1867 2164 1900 salutes

1202 1916 1382 1955 hominum,
1399 1920 1475 1950 tunc
1492 1916 1677 1950 institerunt
1694 1918 1893 1951 Pharisaei».
1916 1931 1932 1947 α
1949 1918 2066 1951 lnvidia
2082 1919 2163 1952 enim

1201 1979 1264 2002 non
1288 1969 1431 2011 quaerit,
1454 1969 1531 2012 quid
1547 1970 1629 2002 dicat
1640 1996 1647 2008 ,
1664 1970 1718 2003 sed
1735 1971 1837 2003 solum
1848 1996 1856 2010 ‚
1873 1975 1909 2004 ut
1925 1971 2008 2004 dicat
2024 1986 2053 2004 n.
2078 1985 2093 2000 «
2109 1974 2164 2005 Ae-

1201 2022 1373 2055 mulatione
1403 2031 1539 2064 namque
1574 2032 1636 2055 non
1673 2027 1720 2056 est
1744 2023 1850 2065 aliqua
1873 2024 1991 2056 malitia
2013 2025 2161 2057 deterior.

1202 2075 1329 2108 Adulter
1364 2076 1447 2108 enim
1483 2076 1571 2108 brevi
1608 2076 1743 2118 complet
1766 2081 1929 2118 peccatum
1965 2087 2078 2117 suum,
2111 2088 2162 2112 ae-

1200 2129 1337 2162 mulator
1361 2138 1524 2171 nunquam
1549 2129 1728 2172 quiescit».
1747 2148 1789 2154 -
1810 2131 1846 2163 Ε1
1869 2131 1944 2173 quia
1968 2131 2163 2174 blasphemia
2183 2138 2312 2160 Notandum-

1201 2182 1261 2215 ista
1283 2191 1325 2214 ex
1350 2182 1469 2214 malitia
1491 2185 1523 2215 et
1546 2182 1662 2215 invidia
1685 2183 1891 2225 procedebat,
1907 2193 1966 2226 pro
1990 2188 2077 2217 tanto
2100 2185 2160 2219 1106

1202 2235 1404 2277 Evangelium
1434 2235 1567 2278 legitur,
1603 2236 1729 2278 quando
1764 2239 1909 2270 cantatur
1944 2237 2076 2270 historia
2111 2239 2158 2271 Io-

1201 2288 1278 2330 seph
1293 2289 1318 2307 ¹¹
1336 2288 1367 2320 in
1384 2288 1477 2320 tertia
1502 2288 1663 2322 Dominica
1686 2289 1957 2331 Quadragesimae.
1976 2291 2061 2323 Sicut
2077 2292 2160 2324 enim

1200 2340 1315 2373 fratres
1338 2341 1448 2387 Ioseph
1472 2349 1514 2373 ex
1538 2340 1654 2374 invidia
1678 2342 1830 2375 vocabant
1851 2351 1923 2376 eum
1956 2343 2158 2376 inuentorem

1199 2394 1425 2433 somniorum,
1450 2394 1494 2428 sic
1518 2398 1549 2428 et
1577 2395 1627 2428 isti
1659 2395 1804 2429 dicebant
1827 2396 1988 2429 Christum
2024 2397 2159 2430 invoca-

1201 2452 1303 2481 torem
1326 2449 1536 2481 daemonum.
1566 2449 1602 2481 Et
1637 2449 1774 2482 maxime
1809 2450 1995 2492 exprimunt
2029 2450 2157 2483 Beelze-

1201 2501 1283 2540 bub,
1309 2505 1377 2534 tum
1408 2501 1484 2543 quia
1519 2501 1602 2535 istud
1626 2501 1744 2534 idolum
1770 2506 1838 2535 erat
1872 2502 2042 2542 famosum;
2075 2503 2159 2536 unde

1269 2682 1280 2699 ⁸
1299 2683 1375 2708 Vers.
1394 2683 1419 2708 Β.
1438 2697 1474 2701 —-
1493 2682 1617 2715 Sequitur
1636 2682 1653 2708 l.
1672 2683 1738 2714 Reg.
1758 2683 1805 2715 16,
1825 2683 1867 2714 23,
1887 2681 1932 2708 ubi
1953 2690 2001 2715 pro
2018 2681 2115 2715 levius,
2137 2684 2158 2709 D

1197 2726 1304 2759 mitius,
1323 2728 1341 2752 F
1362 2726 1465 2758 lenius,
1484 2728 1505 2753 G
1515 2726 1624 2759 melius,
1638 2729 1664 2753 et
1676 2734 1726 2759 pro
1739 2726 1811 2754 enim
1825 2727 1903 2754 codd.
1921 2729 2022 2754 autem.
2036 2741 2072 2747 —
2085 2729 2157 2760 Quae

1196 2771 1239 2797 hic
1267 2771 1301 2797 de
1328 2771 1422 2804 triplici
1447 2778 1497 2798 usu
1525 2772 1657 2805 loquelae,
1677 2771 1771 2804 triplici
1791 2772 1931 2798 daemonio
1958 2775 2038 2805 atque
2063 2772 2157 2804 triplici

1196 2816 1314 2842 remedio
1332 2819 1531 2849 proponuntur,
1559 2816 1649 2849 quoad
1667 2815 1840 2842 substantiam
1859 2817 1958 2849 profert
1976 2816 2054 2842 etiam
2079 2816 2155 2843 Card.

1196 2862 1284 2893 nugo,
1302 2860 1329 2887 in
1347 2862 1410 2887 Luc.
1431 2861 1473 2893 lt,
1494 2860 1536 2886 114.

1266 2903 1278 2918 ⁹
1298 2905 1373 2931 Vers.
1392 2905 1437 2930 31.

1267 2947 1290 2963 ¹⁰
1308 2949 1402 2975 llomil.
1423 2949 1464 2974 ΔΟ.
1486 2948 1561 2982 (alias
1580 2949 1775 2982 41.)111Μ31111.
1795 2956 1821 2975 n.
1842 2950 1871 2975 3:
1891 2949 1968 2982 Atqui
1981 2949 2046 2982 quid
2066 2950 2155 2982 magni

1195 2992 1289 3019 turbae
1306 2993 1442 3019 dixerant?
1461 2993 1582 3019 Attamen
1601 2993 1627 3020 id
1646 2993 1778 3019 Pharisaei
1796 2999 1847 3019 non
1867 2993 1994 3024 talei-unu
2013 2993 2052 3019 sic
2070 2994 2113 3024 illi,
2127 2997 2156 3020 ut

1195 3044 1276 3070 supra
1294 3037 1362 3069 dixi,
1381 3044 1486 3069 semper
1503 3044 1535 3063 ex
1561 3037 1695 3064 beneflciis
1723 3037 1843 3069 proximo
1866 3037 1965 3063 collatis
1983 3038 2153 3069 mordentur,

1194 3081 1257 3107 nihil
1285 3081 1320 3108 113
1344 3081 1394 3107 illis
1422 3081 1541 3107 dolorem
1566 3080 1635 3113 parit
1663 3083 1691 3107 ut
1718 3081 1856 3107 hominum
1884 3081 1964 3107 salus.
1987 3081 2081 3108 Ilomil.
2112 3082 2155 3108 4⁴.

1195 3125 1269 3158 (alias
1288 3124 1342 3158 42.)
1361 3131 1387 3150 n.
1408 3125 1528 3156 t:Nam,
1547 3127 1576 3150 ut
1594 3124 1660 3156 dixi,
1673 3124 1772 3150 invidia
1785 3130 1837 3150 non
1851 3124 1978 3156 explorat,
1992 3125 2058 3158 quid
2071 3124 2154 3157 dicat,

1194 3169 1242 3195 sed
1255 3171 1353 3195 temere
1366 3168 1481 3202 loquitur
1500 3164 1573 3201 (ἁλλ’
1591 3165 1633 3193 ἵνα
1651 3164 1709 3201 εἴπῃ
1723 3166 1823 3202 μόνον).
1837 3168 1932 3195 Homil.
1947 3168 1990 3194 to.
2009 3168 2084 3202 (alias
2098 3169 2152 3202 61.)

1194 3221 1219 3240 n.
1239 3213 1270 3239 3:
1289 3212 1446 3239 Huiusmodi
1464 3219 1507 3239 res
1531 3215 1570 3239 est
1597 3212 1709 3244 invidia,
1732 3212 1775 3239 cui
1797 3213 1897 3239 nullum
1917 3219 1964 3245 par
1993 3213 2091 3239 1113111111
2111 3211 2152 3246 (ἧς

1195 3253 1242 3282 οὒκ
1262 3251 1292 3281 ἂὶν
1311 3255 1412 3290 γένοιτο
1433 3253 1511 3281 κακία
1528 3254 1642 3293 χείρων).
1669 3257 1734 3283 Nam
1753 3258 1907 3284 moechus...
1931 3256 2007 3283 brevi
2034 3261 2153 3290 tempore

1194 3304 1333 3334 peecatum
1351 3308 1430 3327 suum
1449 3301 1552 3334 perficit
1569 3304 1619 3328 etc.

1266 3343 1286 3359 ¹¹
1306 3345 1372 3372 Gen.
1391 3344 1440 3377 37,
1459 3345 1484 3371 3.
1504 3351 1579 3379 seqq.

2008 3440 2039 3467 37
