2427 3872
352 210 417 237 clm
437 210 493 244 (18)

105 254 157 281 437
175 254 201 281 7.
221 255 272 280 602
291 261 318 281 ν.
337 255 353 280 6
372 269 407 274 -
425 257 465 281 est
491 254 535 280 via
563 262 614 281 non
637 262 742 288 errans,

104 299 201 326 veritas
218 306 271 324 non
290 299 394 331 fallens,
412 299 465 325 vita
479 299 632 325 indeficiens
651 299 702 325 437
715 300 742 326 7.

105 343 156 369 602
174 350 202 369 v.
221 343 237 368 6
262 357 297 362 -
322 346 362 369 εει
389 343 432 369 viu
460 343 578 375 dirigens
605 344 741 375 effectum,

103 388 200 414 veritas
219 387 376 413 intellectum
402 387 515 419 docens,
542 387 596 413 vita
619 388 742 413 affectum

103 438 214 464 pascens
232 431 284 456 602
303 438 330 457 ν.
350 431 365 456 6
385 445 419 449 -
438 434 478 457 εει
504 431 546 457 via
575 431 693 464 dirigens
715 431 742 457 in

103 475 317 506 conversatione,
342 475 439 501 veritas
462 476 593 501 instruens
617 476 642 502 in
669 483 743 508 prae-

103 519 246 551 dicatione,
264 519 320 546 vita
338 519 374 545 ad
397 519 479 545 vitam
507 522 639 546 aeternam
664 520 742 545 intro-

102 565 203 591 ducens
230 564 257 589 in
284 564 407 596 passione
434 564 486 589 562
515 564 530 589 2
550 563 568 589 b
586 578 622 583 —
640 566 680 590 est
697 564 740 590 via

102 607 307 642 quaerentibus,
329 608 427 633 veritas
454 607 663 639 invenientibus,
687 608 740 634 vita

101 653 158 679 sine
177 655 261 678 morte
288 651 504 684 permanentibus
533 652 583 678 437
611 651 628 677 7
656 667 692 670 -
719 653 740 677 Λ

101 696 203 723 Christo
222 699 249 723 et
264 703 313 728 per
326 695 458 722 Christum
472 696 612 722 transimus
620 696 658 722 :ad
671 695 740 722 Chri-

101 744 185 772 stum,
204 747 219 766 a
238 740 319 772 gloria
339 740 437 766 scilicet
449 740 615 772 corporisad
628 740 739 772 glot-iarn

100 785 203 811 animae
221 787 247 810 et
264 783 299 809 ab
319 785 367 810 hac
386 784 419 810 ad
438 784 558 816 gloriam
571 784 677 810 Deitatis
696 784 738 810 Vll

101 830 153 856 325
172 829 206 855 56
224 843 260 849 —-
278 831 318 854 est
335 828 377 854 via
397 831 423 854 et
442 829 537 854 ostium
557 827 620 854 ibid.

152 887 189 893 —
206 874 278 899 solus
296 875 336 899 est
353 871 464 907 ostium,
484 873 545 906 quia
566 872 650 899 nullus
668 875 738 899 recte

99 917 246 949 ingreditur
263 917 289 942 in
314 917 384 942 ovile
412 917 461 942 nisi
481 923 528 949 per
552 916 683 943 Christum
704 917 737 942 Vl

101 962 152 988 385
171 962 187 987 9
211 976 246 980 -
264 964 303 987 est
321 964 395 993 porta
415 964 441 987 ει
459 961 503 987 via
525 964 596 987 arcta
614 964 639 987 et
657 968 739 993 angu-

100 1008 141 1032 sta
158 1012 211 1032 non
224 1007 332 1038 propter
351 1005 507 1038 parvitatem
527 1005 671 1037 potentiae,
691 1005 738 1031 sed

99 1053 207 1083 propter
225 1050 408 1076 arctitudinem
434 1050 576 1076 modestiae
594 1052 620 1075 et
637 1049 738 1075 rectitu-

100 1094 189 1120 dinem
209 1094 320 1120 iustitiae
339 1094 381 1120 Vll
401 1094 453 1120 350
473 1094 506 1120 52
524 1107 560 1113 -
584 1096 622 1119 εει
641 1094 737 1119 ostium

98 1139 241 1171 parvulum
267 1141 376 1170 propter
394 1140 575 1171 paupertatem
595 1141 620 1164 et
638 1138 739 1164 humili-

100 1186 178 1209 tatem
198 1183 232 1209 Vl
251 1183 304 1209 385
325 1183 352 1208 11
369 1196 405 1202 --
418 1186 457 1208 est
475 1183 586 1214 ostium,
606 1189 652 1214 per
665 1183 738 1216 quod

99 1226 237 1254 salubriter
256 1227 366 1253 intratur
381 1226 443 1253 ibid.
463 1241 496 1246 —
515 1230 554 1252 est
566 1227 676 1258 ostium,
690 1234 738 1259 per

98 1272 182 1306 quod.
199 1271 401 1304 ingredientium
429 1271 476 1297 581
502 1272 526 1303 1,
545 1272 570 1303 2,
590 1271 605 1297 4
633 1285 669 1290 -
691 1272 737 1297 tuit

98 1317 194 1343 ostium
207 1317 233 1342 in
247 1316 381 1348 passione,
399 1310 461 1349 quia
481 1318 541 1341 tunc
559 1322 607 1347 per
619 1322 680 1341 eum
694 1323 737 1341 no-

98 1360 140 1409 bis
157 1361 241 1394 patuit
259 1361 307 1386 iter
325 1361 395 1386 vitae
413 1359 447 1386 ib.
467 1361 482 1385 2
495 1373 531 1379 -
543 1363 583 1385 est
600 1360 696 1386 ostium
711 1360 736 1385 in

97 1406 219 1438 passione
243 1407 388 1431 reseratum
416 1407 441 1430 et
468 1403 592 1430 omnibus
615 1407 734 1436 apertum

98 1449 150 1475 385
170 1449 213 1475 10-
594 1446 598 1449 ’

126 1524 130 1526 ,
150 1508 186 1513 -
204 1496 244 1520 εει
261 1493 356 1519 ostium
385 1495 411 1519 et
437 1493 559 1519 ostiarius
579 1493 610 1519 Vl
631 1493 681 1519 386
702 1493 735 1519 13

66 1543 69 1547 ·
97 1553 133 1557 -
145 1541 184 1564 εει
196 1538 325 1570 ostiarius,
338 1538 384 1571 qui
398 1537 479 1563 habet
488 1538 589 1563 clavem
609 1538 735 1563 Ecclesiae

98 1583 149 1609 383
169 1582 184 1608 4
203 1582 298 1608 ——iuit
310 1582 432 1608 ostiarius
445 1581 613 1607 introducens
627 1582 652 1607 in
665 1582 735 1607 ovile

97 1627 124 1653 in
141 1634 188 1653 sua
207 1626 396 1652 resurrectione
415 1626 461 1652 581
486 1627 502 1651 2

149 1686 184 1693 -.-
202 1674 242 1697 εει
259 1671 460 1697 fundamentum
473 1669 606 1696 stabiliens
625 1670 659 1696 Vl
682 1670 733 1696 259

96 1716 139 1742 59.
161 1715 273 1750 vl11378
293 1715 327 1741 59
346 1729 381 1733 -
400 1718 439 1741 εει
457 1715 585 1749 fundator·
598 1718 624 1740 et
643 1715 734 1741 sunda-

96 1762 213 1787 mentum
232 1762 259 1785 et
277 1760 499 1792 complementum
518 1759 631 1785 aeditlcii
656 1759 735 1785 virtu-

95 1807 151 1832 tum
171 1804 214 1830 vlt
233 1804 286 1829 377
298 1804 332 1830 58
347 1818 380 1822 -—
392 1807 432 1829 est
445 1803 642 1829 tundamentum
657 1804 734 1829 totius

78 1868 80 1871 .
95 1848 209 1875 aedificii
227 1844 368 1880 spiritualis
388 1848 438 1874 498
459 1848 493 1873 69
705 1872 707 1874 ,

148 1906 184 1912 -
201 1895 241 1919 εει
260 1895 354 1919 unctus
372 1895 398 1918 et
417 1892 514 1918 missus
526 1892 693 1924 singulariter
706 1895 735 1918 ut

95 1936 152 1963 fons
171 1937 285 1963 veritatis
303 1939 329 1962 et
347 1936 445 1970 gratiae
465 1936 509 1962 Vll
529 1937 547 1961 1
564 1937 589 1962 2.
610 1936 627 1962 5
649 1936 735 1966 17-

96 1985 135 2007 est
154 1983 225 2012 sons,
245 1988 260 2007 a
278 1988 332 2014 quo
360 1980 479 2013 procedit
506 1981 669 2014 quadruplex
689 1981 734 2007 tlu-

95 2032 156 2052 men
175 2026 208 2051 vt
228 2026 279 2051 290
299 2025 315 2051 9
335 2039 363 2043 -
376 2027 505 2058 quantum
519 2025 553 2051 ad
565 2025 733 2052 Divinitatem

95 2073 135 2096 est
152 2071 211 2096 sons
228 2069 262 2095 de
279 2075 385 2095 summo
408 2069 587 2101 descendens,
605 2073 733 2103 quantum

95 2114 130 2140 ad
148 2113 336 2140 humanitatem
355 2115 413 2139 sons
435 2114 470 2140 de
494 2117 562 2140 terra
589 2114 735 2140 ascendens

96 2158 148 2185 554
168 2159 178 2184 1
203 2172 238 2177 ——
255 2158 277 2184 Α
295 2161 366 2186 [ῦηῑε
392 2157 495 2184 Christo
523 2158 658 2184 derivatur
677 2160 734 2184 fons

95 2202 250 2235 sapientiae,
269 2202 478 2234 misericordiae,
492 2202 599 2234 gratiae,
613 2203 734 2235 spiritua-

95 2247 126 2274 lis
143 2247 255 2273 laetitiae
272 2249 298 2273 et
326 2248 383 2273 tons
410 2247 479 2273 vitae
506 2250 628 2273 aeternae
646 2247 698 2273 555
718 2248 733 2273 2

94 2305 130 2312 --
148 2294 187 2318 est
210 2293 267 2318 sons
291 2298 409 2324 purgans
437 2292 594 2318 intellectum
623 2295 648 2318 et
676 2293 735 2317 atl'e-

95 2339 182 2368 ctum,
200 2336 320 2362 reficiens
344 2337 483 2369 virtutem,
506 2336 640 2362 delectans
665 2343 734 2362 men-

95 2383 163 2414 tem,
182 2380 333 2408 beatificans
351 2381 467 2406 animani
486 2379 548 2407 ibid.
566 2394 603 2400 -
620 2384 660 2407 est
678 2382 734 2407 sons

96 2425 162 2451 dans
180 2432 263 2459 aquas
287 2417 477 2456 instructionis,
502 2425 678 2456 remissionis,
696 2432 735 2450 re-

95 2469 227 2501 fectionis,
245 2469 429 2495 consolationis
448 2472 474 2495 et
491 2472 613 2495 aeternae
634 2469 734 2495 felicita-

96 2513 129 2539 tis
146 2512 181 2540 ib.
200 2514 216 2539 3
236 2527 270 2532 —
289 2517 328 2539 est
346 2514 419 2546 sons,
438 2513 472 2539 ad
490 2520 571 2546 quem
584 2513 679 2539 sedens
699 2514 733 2538 in-

45 2579 49 2582 .
94 2557 166 2584 venit
184 2557 300 2591 quietem
319 2558 353 2584 Vl
372 2557 424 2583 554
445 2558 454 2582 1

147 2616 183 2620 -—
202 2602 262 2628 facit
280 2609 328 2634 per
346 2602 474 2634 triplicem
494 2601 666 2628 hierarchiam
679 2609 734 2627 sur·

94 2652 154 2671 sum
172 2646 314 2672 ascendere
339 2646 383 2672 Vll
408 2646 459 2671 356
485 2646 520 2672 72
540 2660 575 2665 —-
593 2646 619 2671 in
639 2645 732 2677 triplici

95 2690 238 2716 hierarchia
257 2693 296 2716 est
314 2690 448 2716 hierarcha
467 2690 608 2716 altissimus
626 2689 686 2716 ibid.
697 2704 732 2709 —

94 2736 133 2760 est
150 2734 219 2760 scala
237 2733 314 2760 iacob
333 2734 384 2759 588
405 2734 430 2760 6.
448 2734 500 2760 596
520 2734 553 2760 34

147 2788 183 2797 ——
201 2781 240 2804 est
257 2784 318 2804 arca
335 2778 498 2810 praecedens
526 2778 732 2810 contemplantes

94 2822 138 2848 Vll
157 2822 208 2848 356
227 2822 261 2848 72
280 2836 316 2842 -
339 2822 493 2848 Humanitas
517 2821 613 2848 Christi
635 2822 732 2854 signifi-

93 2869 167 2892 catur
185 2873 232 2898 per
250 2873 339 2892 arcam
360 2866 471 2892 foederis
490 2867 522 2892 Vl
543 2866 593 2892 630
609 2866 641 2892 14
654 2879 689 2885 -
702 2872 731 2891 εε

93 2912 229 2943 comparat.
247 2911 345 2943 templo
364 2917 416 2936 non
435 2911 520 2936 solum
534 2913 642 2943 propter
660 2911 732 2936 inha-

93 2953 245 2981 bitationem
265 2955 422 2987 Divinitatis‚
441 2955 488 2982 sed
516 2955 594 2981 etiam
623 2959 731 2987 propter

93 3002 199 3031 tempus
217 2999 383 3032 perfectionis
407 3000 526 3032 corporis
550 3002 677 3033 quantum
697 2999 730 3026 ad

93 3043 190 3069 molem
209 3043 261 3069 277
280 3043 313 3069 42
333 3058 368 3062 -
386 3047 426 3070 εει
452 3043 640 3070 candelabrum
669 3051 731 3070 cum

93 3089 194 3120 septem
222 3088 335 3114 lucernis
362 3088 494 3115 donorum
520 3088 631 3120 Spiritus
650 3088 731 3114 sancti

92 3131 137 3157 Vll
155 3131 206 3157 300
225 3131 260 3158 72

145 3188 181 3194 -
199 3178 239 3201 εει
255 3174 324 3210 lapis
347 3175 479 3202 abscissus
506 3176 540 3202 de
565 3180 653 3203 monte
675 3176 731 3202 sine

92 3218 216 3244 manibus
240 3219 273 3245 Vl
297 3219 345 3245 241
378 3220 395 3246 5
412 3233 449 3239 -
467 3220 562 3246 dicitur
588 3221 655 3253 lapis
674 3228 732 3253 pro-

92 3265 150 3294 pter
168 3263 375 3295 permanentiam
394 3263 539 3290 stabilitatis
557 3264 602 3290 Vll
620 3265 672 3291 508
697 3265 730 3290 23

91 3318 127 3326 ·—
145 3306 240 3332 dicitur
259 3310 331 3339 petra
351 3308 385 3333 Vt
409 3308 456 3334 127
476 3315 512 3337 v..
523 3308 612 3335 6.»143
626 3316 653 3335 v.
667 3310 691 3340 2,
705 3309 729 3335 3.

769 167 806 200 ΙΝ
829 166 1122 201 COMMENTARIOS
1144 168 1174 200 S.
1199 168 1424 202 SCRIPTURAE

782 255 831 281 178
851 263 879 282 v.
900 255 916 281 4
928 270 964 274 -
976 259 1016 282 est
1033 256 1100 288 lapis
1118 257 1252 288 angularis
1271 257 1313 283 Vtt
1328 257 1361 283 87
1375 258 1417 283 60.

781 300 832 326 166
852 301 877 326 2.
896 300 948 326 556
967 300 1001 326 53
1019 314 1057 320 --
1074 301 1169 326 dicitur
1198 302 1264 334 lapis
1285 303 1418 334 angularis

779 347 888 376 propter
912 344 1036 370 virtutem
1059 345 1227 371 connexionis
1252 346 1304 372 508
1329 347 1363 372 23
1382 360 1417 366 -

779 394 826 420 per
845 388 938 414 miram
962 395 1038 414 suam
1064 389 1206 420 potentiam
1233 390 1346 415 maxime
1364 390 1418 416 dis-

778 432 864 458 iuncta
883 432 918 458 ad
937 432 1063 458 unitatem
1082 433 1185 459 reduxit
1202 433 1277 466 quasi
1297 434 1362 466 lapis
1373 441 1417 460 an-

778 476 877 508 gularis
895 475 958 503 ibid.

831 534 866 538 —
884 523 924 546 est
942 521 1008 552 lapis
1025 521 1159 553 angularis
1184 524 1267 547 terrae
1292 525 1318 548 et
1342 522 1417 548 uniti-

779 571 830 590 vus
848 564 977 590 Ecclesiae
997 564 1040 591 Vll
1059 565 1110 590 508
1130 565 1163 591 23
1182 579 1219 585 -
1236 565 1331 591 dicitur
1349 566 1415 598 lapis

777 611 857 640 capnt
881 608 968 640 anguli
996 612 1105 641 propter
1129 610 1306 635 summitatem
1334 612 1416 642 perre-

777 652 871 678 ctionis
889 652 951 679 ibid.
969 667 1005 673 —
1023 656 1062 679 est
1081 654 1147 686 lapis
1175 655 1297 680 centralis
1316 655 1341 680 in
1361 658 1414 681 ιοιο

772 703 888 728 corpore
900 696 1037 729 Ecclesiae,
1049 697 1082 723 ad
1093 704 1173 731 quem
1188 698 1311 724 uniuntur
1323 705 1414 725 omnes

777 741 860 766 lineae
878 739 941 767 ibid.

828 799 864 804 —
881 789 921 811 est
939 786 1006 817 lapis
1024 786 1156 819 angularis
1169 787 1285 812 etturriS
1304 788 1376 813 sortis
1388 790 1414 813 et

776 829 826 855 alta
845 829 888 855 Vll
907 830 959 855 338
979 831 994 855 9
1014 845 1048 849 -
1067 834 1107 856 est
1124 831 1189 863 lapis
1214 831 1346 863 angularis
1370 832 1413 858 Ec-

775 874 869 902 clesiae
889 874 939 900 142
959 875 993 900 30
1012 889 1046 894 -
1065 878 1104 901 est
1128 878 1216 907 petra,
1235 883 1315 908 super
1332 883 1412 909 quam

776 918 927 944 aedificatur
946 919 1059 945 Ecclesia
1085 919 1116 945 Vl
1136 920 1187 945 263
1208 920 1241 945 80
1259 933 1295 938 -
1313 923 1351 946 εει
1371 927 1413 952 pe·

775 965 813 988 tra
833 963 928 995 solida,
948 963 973 989 in
997 970 1048 996 qua
1076 964 1182 996 ponitur
1210 964 1411 990 fundamentum

777 1007 819 1033 Vll
839 1007 890 1033 164
910 1007 971 1033 107.
990 1008 1041 1033 378
1061 1008 1085 1040 5,
1106 1008 1121 1033 9

827 1065 863 1071 -
881 1055 921 1077 εει
939 1052 1005 1084 lapis
1023 1051 1156 1078 stabiliens
1173 1053 1270 1078 electos
1289 1056 1314 1078 et
1327 1056 1412 1079 conte-

775 1102 836 1121 rens
854 1096 1025 1122 adversarios
1047 1099 1072 1122 et
1096 1096 1224 1128 reprobos
1244 1097 1287 1122 Vll
1307 1097 1357 1122 508
1378 1097 1411 1122 23

774 1153 810 1159 —
828 1143 867 1166 est
893 1140 972 1172 lapis,
997 1140 1041 1173 qui
1070 1141 1199 1173 percussit
1225 1140 1360 1167 diabolum
1386 1141 1412 1166 in

774 1184 909 1217 passione,
936 1185 1020 1210 crevit
1046 1185 1074 1210 in
1097 1186 1302 1215 resurrectione,
1329 1186 1412 1211 tactus

774 1231 813 1254 est
831 1235 907 1254 mons
925 1235 1038 1261 magnus
1057 1229 1082 1254 in
1107 1230 1273 1261 ascensione,
1293 1229 1412 1261 implevit

774 1273 923 1299 universam
943 1276 1038 1299 terram
1067 1274 1093 1299 in
1121 1274 1232 1306 Spiritus
1250 1274 1333 1300 sancti
1352 1274 1412 1300 mis

773 1317 845 1343 sione
864 1317 897 1343 Vt
917 1317 968 1343 553
988 1317 1004 1343 4
1022 1331 1058 1337 -—
1075 1320 1117 1344 est
1133 1321 1206 1350 petra
1224 1318 1358 1349 altissima,
1377 1318 1411 1344 de

772 1368 824 1394 qua
843 1362 1015 1393 egrediuntur
1032 1362 1181 1394 spirituales
1208 1369 1293 1395 aquae
1316 1363 1411 1394 gratia-

772 1412 831 1431 rum
847 1405 896 1431 178
916 1413 943 1431 v.
957 1406 972 1431 4
991 1420 1027 1424 -
1045 1409 1085 1432 εει
1097 1413 1173 1432 mons
1188 1407 1315 1432 montium
1329 1406 1375 1432 241
1394 1406 1410 1431 5

825 1464 861 1467 -
879 1452 918 1476 εει
934 1448 1001 1476 vitis
1019 1457 1096 1482 vera,
1115 1450 1176 1483 quia
1205 1451 1297 1476 vinum
1317 1457 1409 1476 verum

773 1494 895 1526 producit
913 1494 945 1519 Vt
967 1494 1017 1520 446
1037 1495 1063 1520 2.
1082 1494 1132 1520 448
1153 1495 1186 1520 13
1204 1508 1242 1514 -
1260 1494 1354 1520 dicitur
1373 1495 1409 1520 vi—

772 1538 818 1569 tis,
838 1538 899 1571 quia
919 1539 1028 1570 sanguis
1041 1539 1096 1564 eius
1108 1542 1148 1564 est
1160 1546 1239 1564 verus
1251 1541 1331 1571 potus
1342 1538 1409 1564 sicut

771 1582 864 1608 vinum
884 1582 935 1608 449
956 1582 989 1608 ’14
1008 1596 1044 1602 -
1062 1586 1101 1609 εει
1119 1583 1180 1608 vitis
1199 1590 1246 1615 per
1264 1583 1409 1609 similitudi-

772 1633 846 1658 nem,
864 1627 912 1652 sed
930 1633 1008 1659 vera,
1027 1634 1079 1652 non
1104 1627 1187 1652 aliena
1206 1626 1257 1652 448
1278 1627 1310 1652 13
1334 1641 1370 1645 --
1387 1627 1408 1652 Α

771 1669 873 1697 Christo
898 1673 925 1697 ut
944 1671 997 1697 vite
1014 1671 1173 1697 redundavit
1191 1672 1287 1697 humor
1309 1670 1408 1702 gratiae

771 1715 798 1740 in
817 1722 909 1740 omnes
928 1715 1035 1741 Sanctos
1054 1715 1105 1741 449
1131 1715 1164 1740 15
1184 1729 1218 1733 --
1237 1715 1284 1740 suit
1302 1715 1362 1740 vitis
1380 1715 1407 1740 in

772 1762 864 1785 trunco
889 1759 1105 1791 contemptibilis,
1125 1759 1150 1784 in
1177 1758 1328 1790 palmitibus
1346 1758 1408 1784 nde-

771 1803 833 1829 lium
854 1803 996 1836 multiplex,
1014 1804 1040 1829 in
1068 1804 1152 1829 fructu
1171 1803 1255 1829 dulcis
1273 1803 1325 1828 604
1344 1810 1370 1828 v.
1391 1803 1401 1828 -l

771 1861 806 1867 -—
825 1848 919 1874 dicitur
938 1848 998 1873 vitis
1016 1855 1066 1873 non
1091 1847 1236 1873 secundum
1263 1848 1406 1873 humanam

771 1895 890 1918 naturam
918 1899 998 1924 pure,
1017 1892 1064 1918 sed
1088 1892 1234 1918 secundum
1253 1891 1326 1924 quod
1345 1898 1407 1917 cen-

771 1937 858 1962 iuncta
876 1939 915 1962 cst
927 1936 1032 1962 divinae
1044 1936 1070 1961 in
1083 1936 1181 1962 unitate
1194 1936 1342 1967 hypostasis
1356 1935 1407 1961 449

773 1981 805 2007 15
823 1995 859 2001 --
877 1982 903 2007 ln
917 1981 969 2006 vite
981 1980 1082 2007 Christo
1095 1980 1194 2012 optime
1207 1980 1324 2006 locantur
1341 1980 1406 2005 rami

772 2026 862 2051 mundi
882 2025 933 2051 447
953 2026 968 2050 3

823 2083 863 2090 --
877 2070 994 2101 signatus
1006 2072 1045 2095 est
1058 2076 1104 2101 per
1118 2069 1222 2095 botrum
1231 2088 1238 2100 ‚
1251 2076 1331 2102 quem
1346 2075 1408 2100 por-

771 2113 861 2140 tabant
888 2114 1008 2140 videntes
1035 2117 1060 2139 et
1083 2120 1135 2139 non
1163 2113 1283 2139 videntes
1302 2113 1335 2138 Vl
1356 2112 1406 2138 449

773 2160 805 2185 15
824 2158 853 2184 2*

823 2218 859 2222 —
877 2205 932 2229 crat
944 2208 1062 2235 'granum
1093 2202 1216 2228 frumenti
1235 2202 1279 2227 vt1
1302 2201 1353 2227 296
1373 2201 1406 2226 60

770 2261 806 2267 -
823 2251 863 2274 εει
881 2255 992 2280 granum
1012 2243 1133 2274 frumenti
1147 2249 1254 2279 propter
1267 2246 1406 2278 puritatem

771 2295 796 2318 et
815 2292 900 2324 adipis
919 2291 1127 2327 multitudinem,
1146 2298 1176 2317 ex
1195 2297 1249 2323 quo
1263 2297 1324 2315 caro
1337 2289 1407 2316 Chri·

771 2337 803 2362 sti
821 2339 860 2362 est
879 2336 995 2368 optimus
1014 2336 1088 2368 panis
1109 2335 1139 2360 Vl
1159 2335 1211 2360 417
1231 2335 1265 2360 37
1283 2347 1320 2353 -
1337 2340 1406 2359 com-

771 2384 845 2413 parat
862 2388 891 2406 se
910 2387 992 2412 grano
1011 2375 1148 2410 frumenti,
1167 2379 1228 2412 quia
1242 2385 1339 2410 corpus
1351 2378 1407 2403 eius

770 2428 809 2450 est
827 2432 907 2450 verus
925 2424 1001 2450 cibus
1025 2424 1091 2450 sicut
1119 2423 1194 2455 panis
1214 2422 1334 2448 frumenti
1355 2421 1405 2447 449

772 2469 858 2495 14-
876 2472 916 2495 εει
934 2475 1045 2500 granum
1064 2467 1160 2501 cadens
1183 2467 1208 2492 in
1236 2470 1331 2492 terram
1358 2473 1406 2498 per

770 2513 909 2544 vilitatem,
929 2515 1062 2538 mortuum
1087 2518 1135 2544 per
1162 2511 1290 2543 passionis
1308 2510 1406 2536 acerbi-

771 2561 849 2584 tatem
869 2557 920 2582 417
940 2557 974 2582 37
993 2570 1028 2576 —-
1047 2559 1086 2582 est
1104 2562 1233 2588 granum,
1252 2555 1326 2588 quod
1347 2559 1406 2587 post

770 2602 918 2634 passionem
947 2601 1030 2626 attulit
1058 2601 1168 2625 multum
1194 2600 1319 2630 tinctum,
1343 2599 1404 2632 quia

769 2647 866 2672 multos
883 2645 991 2671 adduxit
1010 2645 1034 2670 in
1055 2644 1164 2676 gloriam
1185 2643 1246 2669 ibid.

822 2703 858 2709 -
875 2689 971 2715 dicitur
989 2696 1073 2722 agnus
1100 2689 1146 2714 Dei
1171 2688 1270 2714 ratione
1289 2689 1406 2714 humani-

768 2734 826 2760 tatis
845 2733 990 2759 innoeeutis
1009 2733 1041 2759 Vt
1056 2733 1106 2758 260
1121 2733 1154 2758 62
1169 2747 1202 2751 -
1215 2732 1309 2758 dicitur
1322 2740 1406 2765 agnus

768 2780 876 2810 propter
904 2777 1132 2803 mansuetudinem
1161 2780 1187 2803 et
1211 2777 1361 2809 patientiam
1381 2777 1404 2802 in

768 2823 889 2855 passione
909 2822 960 2848 262
978 2821 1012 2847 73
1032 2836 1066 2840 ——
1086 2821 1179 2847 dicitur
1203 2828 1288 2853 agnus
1308 2821 1351 2846 Dei
1372 2821 1405 2846 ad

768 2867 940 2893 differentiam
960 2866 1022 2898 agni
1041 2866 1121 2898 typici
1140 2864 1202 2891 ibid.
1221 2879 1256 2884 —
1269 2866 1354 2891 dictus
1367 2869 1405 2890 est

768 2918 867 2943 agnus,
886 2911 947 2944 quia
969 2911 993 2936 in
1007 2917 1077 2942 agno
1091 2910 1282 2942 praefiguratus
1295 2912 1320 2934 et
1333 2916 1405 2941 prae·

768 2956 853 2982 dictus
871 2954 921 2981 sub
941 2955 1047 2981 nomine
1065 2955 1126 2987 agni
1146 2954 1197 2980 263
1218 2954 1245 2979 81
1263 2967 1299 2973 ——
1311 2953 1405 2985 praeti-

768 3003 878 3033 guratur
896 3000 922 3025 in
946 3006 1015 3030 agno
1038 2999 1138 3025 ratione
1163 2998 1336 3028 innocentiae,
1362 3004 1405 3029 pa-

768 3044 872 3070 tientiae
890 3047 916 3070 et
935 3043 1049 3070 utilitatis
1067 3042 1102 3069 ib.
1121 3043 1154 3068 82
1173 3056 1208 3062 -
1227 3049 1297 3074 agno
1316 3041 1405 3066 imma-

767 3089 896 3115 macutato
915 3091 941 3114 et
958 3087 1091 3114 albissimo
1114 3090 1281 3118 comparatur
1305 3085 1405 3111 ratione

768 3132 930 3158 innocentiae
958 3132 1001 3158 vlt
1022 3131 1073 3157 584
1092 3130 1126 3156 64
1144 3144 1180 3151 -
1199 3130 1293 3156 dicitur
1321 3136 1405 3161 agnus

767 3177 814 3202 Dei
841 3179 950 3209 propter
976 3176 1168 3201 immunitatem
1196 3181 1211 3200 a
1239 3177 1346 3206 peccato
1371 3173 1404 3198 Yl

767 3221 820 3246 325
839 3220 872 3246 42

821 3279 854 3284 -
872 3265 972 3297 Agnus·
988 3264 1087 3290 invenit
1110 3270 1188 3289 ovem
1213 3262 1341 3295 perditam
1362 3262 1404 3287 Vll

768 3309 819 3335 386
831 3309 873 3335 -13
892 3322 927 3328 -
946 3315 1032 3340 agnus
1050 3309 1132 3334 sactus
1150 3311 1189 3333 est
1201 3307 1267 3333 inter
1285 3312 1359 3337 oves,
1377 3309 1405 3331 ut

1703 216 1767 243 cnn
1788 217 1844 251 (⁴8)
2023 177 2086 210 7⁰5

1457 259 1597 285 redimeret
1615 267 1679 286 oves
1699 261 1750 287 385
1769 262 1797 287 11
1821 275 1857 281 —·
1881 265 1920 288 aet
1946 270 2031 296 agnus
2050 265 2093 290 da-

1457 306 1499 329 tus
1511 303 1537 329 in
1549 304 1757 337 redemptionem
1771 307 1945 340 captivorum,
1964 308 1989 333 in
2002 308 2091 334 cibum

1456 348 1603 374 resectionis
1622 349 1744 382 inopum,
1763 350 1789 376 in
1807 351 1927 376 solatium
1941 353 2092 384 peregrina-

1455 392 1533 418 tionis
1551 393 1655 419 exulum
1677 394 1708 420 Vl
1728 393 1779 420 543
1799 395 1814 420 3
1833 409 1869 413 -
1885 395 1934 421 fult
1947 403 2032 428 agnus
2045 397 2092 422 im-

1455 437 1600 463 maculatus
1630 444 1678 469 per
1706 438 1844 470 puritatem
1875 439 2091 472 incorruptionis,

1454 481 1591 507 anniculus
1610 488 1658 513 per
1676 483 1846 508 humilitatem
1870 485 2089 516 conversationis,

1454 528 1605 551 mansuetus
1623 526 1656 551 ad
1683 527 1843 552 tolerantiam
1869 528 1998 559 passionis
2021 528 2054 555 ib.
2073 530 2089 554 2

1452 583 1487 588 -
1505 572 1545 595 est
1562 576 1660 602 agnus,
1679 571 1724 603 qui
1743 578 1791 597 sua
1810 573 2011 598 mansuetudine
2028 574 2091 599 vicit

1452 613 1617 640 adversarios
1635 615 1678 640 Vll
1697 615 1748 641 254
1767 616 1783 641 6

1505 671 1540 676 -
1559 658 1606 684 ruit
1625 659 1665 684 Ιεο
1680 659 1703 684 in
1717 661 1907 686 resurrectione
1920 664 2028 693 propter
2041 663 2088 687 tor⁴

1452 701 1588 728 titudinem
1607 704 1736 735 potentiae
1755 705 1787 730 vt
1807 705 1858 731 262
1875 705 1911 731 73

1503 759 1539 765 -
1557 750 1596 772 est
1614 747 1692 779 piscis
1710 755 1785 774 assus
1803 749 1942 775 amictIOne
1968 751 2086 775 humani-

1451 791 1509 816 tatis
1528 791 1570 817 Vll
1596 792 1647 817 600
1673 792 1707 818 55
1725 806 1761 812 -—
1778 796 1818 819 est
1842 793 1936 825 piscis,
1963 794 1988 820 in
2012 795 2088 820 cuius

1450 842 1496 861 ore
1515 835 1647 862 invenitur
1672 837 1783 868 pretium
1803 841 1907 863 nostrae
1931 838 2088 870 redemptio-

1450 880 1489 905 nis
1508 879 1569 906 mid.
1589 895 1623 899 —
1646 884 1686 906 est
1710 883 1785 907 savus
1812 882 1893 908 mellis
1917 882 1943 907 in
1971 889 2087 908 resurre-

1449 924 1533 950 ctione
1553 927 1581 950 ut
1599 925 1669 950 Deus
1687 928 1713 950 et
1725 929 1753 950 ut
1771 926 1930 958 glorificatus
1942 925 2004 952 abia.

1502 982 1538 988 —
1556 969 1651 995 dIcitur
1669 968 1771 995 vitulu
1790 970 1922 1002 saginatus
1942 977 1988 1002 pro
2011 970 2087 996 nobis

1449 1013 1565 1045 occisus,
1585 1013 1629 1046 qui
1659 1013 1734 1039 nobis
1759 1014 1784 1038 in
1809 1015 1976 1040 sacramento
1998 1015 2086 1041 attaris

1449 1057 1606 1089 proponitur
1619 1058 1643 1083 in
1663 1057 1752 1084 cibum
1766 1058 1951 1084 suavissimum
1972 1059 2013 1084 vlt
2034 1059 2085 1084 397

1449 1101 1492 1126 40.
1511 1101 1562 1126 399
1583 1101 1615 1127 46
1634 1115 1670 1121 —
1689 1105 1728 1127 est
1745 1102 1857 1133 vitulus,
1876 1102 1936 1135 quia
1957 1109 2005 1135 pro
2025 1109 2085 1135 pec-

1449 1146 1511 1171 catis
1529 1145 1634 1172 oblatus
1651 1149 1690 1171 est
1708 1149 1734 1172 et
1749 1149 1856 1178 propter
1875 1150 2025 1178 peccatores
2045 1154 2085 1172 oc-

1449 1190 1518 1215 cisus
1535 1190 1588 1215 397
1607 1190 1651 1216 40.
1682 1190 1733 1215 400
1753 1190 1786 1216 46
1804 1204 1840 1209 -
1859 1190 1982 1216 omnibus
2010 1190 2086 1216 bonis

1448 1234 1562 1265 repletus
1580 1236 1620 1259 mt
1637 1237 1663 1259 et
1681 1234 1855 1260 suavissimus
1873 1234 1907 1260 ad
1923 1235 2084 1266 spiritualem

1448 1277 1536 1303 cibum
1553 1278 1604 1304 398
1625 1277 1658 1303 40

1499 1336 1535 1342 -
1553 1322 1681 1348 occiditur
1699 1323 1736 1353 ei,
1756 1323 1798 1348 cui
1823 1323 1893 1348 Deus
1915 1323 2083 1349 devotionem

1447 1367 1492 1393 dat
1500 1368 1569 1393 circa
1580 1365 1738 1393 beneficium
1746 1367 1892 1393 dominicae
1900 1367 2027 1399 passionis
2040 1367 2084 1392 Vll

1448 1412 1493 1437 401
1517 1412 1551 1437 50
1571 1425 1604 1430 —-
1625 1414 1652 1436 ut
1671 1411 1767 1436 vitulus
1785 1411 1925 1437 adducitur
1946 1415 1972 1436 et
1990 1411 2084 1437 occidi-

1446 1459 1496 1488 tur,
1514 1455 1621 1488 quando
1639 1455 1665 1481 in
1684 1455 1756 1480 altari
1775 1455 1925 1481 immolatur
1938 1462 1987 1487 pro
2002 1456 2085 1481 salute

1446 1502 1613 1533 pecmtorum
1637 1502 1663 1525 et
1685 1499 1764 1525 nobis
1788 1500 1925 1531 exponitur
1949 1500 1974 1525 in
1993 1499 2084 1525 cibum

1446 1544 1496 1570 398
1511 1543 1544 1569 40
1563 1558 1598 1562 -
1616 1543 1756 1571 adducitur
1774 1547 1800 1569 et
1820 1544 1957 1574 occiditur,
1977 1543 2084 1576 quand'o

1445 1595 1517 1614 mors
1534 1588 1591 1614 eius
1609 1590 1634 1613 et
1653 1588 1851 1613 Sacramentum
1870 1587 1957 1613 altaris
1979 1587 2012 1613 ad
2033 1595 2072 1614 me

1446 1632 1555 1658 moriam
1581 1639 1628 1664 per
1651 1632 1858 1664 praedicatorem
1884 1635 2023 1657 revooetur
2048 1631 2083 1657 ad

1444 1676 1657 1702 sustentationem
1676 1679 1702 1701 et
1720 1675 1809 1701 cibum
1829 1674 1892 1701 ibid.

1497 1734 1532 1740 —
1550 1723 1718 1752 comparatur
1737 1720 1847 1752 gallinae
1866 1720 1891 1745 in
1910 1720 2084 1745 conversatio-

1443 1772 1489 1796 ne,
1509 1764 1696 1796 congregando
1721 1767 1747 1789 et
1764 1763 1929 1789 defendendo
1953 1771 2016 1789 suos
2039 1764 2082 1789 Vll

1444 1809 1495 1834 357
1514 1808 1548 1834 74
1569 1822 1603 1827 —-
1618 1811 1786 1840 comparatur
1798 1808 1900 1840 aquilae
1919 1811 2026 1839 propter
2039 1813 2082 1833 cu-

1443 1860 1499 1878 ram
1519 1853 1600 1885 prolis
1612 1851 1674 1878 ibid.
1693 1866 1728 1870 —-
1746 1855 1915 1884 comparatur
1933 1852 2036 1884 aquilae
2055 1851 2081 1876 in

1443 1897 1633 1923 resurrectione
1651 1896 1853 1927 etascensione,
1873 1902 1924 1928 qua
1943 1895 2035 1921 excitat
2047 1895 2081 1921 ad

1444 1941 1605 1967 tendendum
1633 1947 1738 1966 sursum
1767 1939 1828 1966 ibid.
1854 1953 1889 1959 —-
1914 1942 2082 1971 comparatur

1445 1985 1572 2017 pellicano
1595 1985 1620 2010 in
1649 1984 1785 2016 passione,
1816 1984 1948 2010 fundende
1977 1984 2082 2015 sangui-

1444 2036 1521 2060 nem,
1539 2036 1593 2062 quo
1612 2035 1660 2054 nos
1679 2028 1824 2053 vivificavit
1842 2027 1903 2054 ibid.
1921 2042 1956 2045 —
1975 2034 2082 2058 compa-

1443 2073 1512 2099 ravit
1523 2080 1552 2099 se
1569 2073 1613 2098 avi
1625 2076 1752 2106 quantum
1767 2072 1800 2097 ad
1813 2071 2081 2104 superabundantiam

1443 2118 1546 2150 pietatis
1564 2116 1625 2143 ibid.

1497 2175 1532 2180 —
1549 2161 1686 2187 annuntiat
1702 2167 1788 2194 paoem
1807 2163 1833 2185 et
1856 2160 1964 2187 salutem
1985 2159 2028 2185 Vll
2047 2159 2079 2184 98

1443 2206 1477 2231 37
1495 2219 1531 2224 -
1548 2205 1620 2231 venit
1638 2204 1791 2230 annuntiare
1808 2210 1899 2236 pacem
1919 2208 1944 2229 et
1965 2204 2079 2236 quietem

1443 2249 1494 2275 342
1509 2250 1542 2275 22
1560 2263 1597 2268 -
1614 2252 1786 2275 consueverat
1799 2249 1911 2274 salutare
1930 2254 2021 2279 pacem
2036 2254 2081 2279 op-

1443 2293 1521 2319 tando
1547 2293 1579 2319 vt
1600 2293 1651 2319 516
1676 2292 1709 2317 56
1728 2293 1809 2317 —ln
1834 2293 1890 2318 solo
1915 2291 2017 2317 Christo
2041 2295 2081 2316 est

1442 2337 1547 2370 requies
1564 2339 1590 2362 ει
1608 2343 1658 2368 pax
1678 2336 1720 2362 vlt
1741 2336 1791 2361 440
1812 2335 1845 2361 45

1495 2395 1530 2400 -
1549 2384 1587 2406 εει
1606 2387 1656 2412 pax
1675 2387 1738 2405 vera
1751 2380 1784 2405 Vl
1805 2379 1855 2405 496
1875 2380 1908 2405 30
1921 2393 1956 2398 -
1975 2386 2026 2404 non
2041 2382 2080 2404 est

1442 2426 1512 2451 Deus
1524 2424 1707 2457 dissensionis,
1719 2424 1766 2450 sed
1786 2424 1858 2455 pacis
1875 2427 1900 2448 et
1918 2424 2022 2449 unitatis
2036 2423 2078 2448 Ylt

1443 2470 1493 2495 316
1514 2469 1547 2494 23
1573 2483 1608 2489 -
1633 2475 1725 2500 pacem
1746 2469 1819 2500 fecit,
1843 2468 1958 2500 reliquit,
1983 2474 2079 2492 annun-

1442 2514 1527 2545 tiavit,
1546 2513 1681 2539 mandavit
1708 2516 1733 2537 et
1757 2512 1945 2543 evangelizavit
1973 2511 2023 2536 256
2046 2511 2072 2535 11

1441 2571 1477 2577 -
1495 2560 1534 2583 εει
1553 2557 1625 2589 pacis
1649 2558 1745 2587 factor,
1769 2556 1844 2582 dator
1869 2559 1895 2581 et
1915 2555 2080 2581 annuntiator

1495 2660 1534 2668 —-
1549 2649 1589 2671 est·
1606 2652 1654 2678 pax
1680 2648 1708 2670 ut
1732 2644 1876 2675 mediator,
1900 2644 1970 2669 salus
1994 2647 2021 2668 ut
2040 2650 2081 2668 re-

1442 2690 1576 2722 demptor,
1596 2690 1638 2715 lux
1658 2689 1797 2719 utdoctor,
1817 2688 1897 2720 gloria
1913 2692 1941 2713 ut
1953 2687 2080 2719 praemia-

1442 2738 1482 2760 tor
1503 2734 1544 2760 Vll
1564 2734 1597 2759 60
1616 2734 1649 2759 73
1670 2747 1705 2751 —-
1724 2735 1763 2758 est
1781 2739 1830 2764 pax
1851 2732 1876 2757 in
1891 2732 2080 2762 incarnatione,

1442 2780 1485 2804 lux
1505 2778 1530 2803 in
1544 2777 1748 2810 praedicatione,
1765 2776 1834 2801 salus
1848 2776 1874 2800 in
1887 2775 2079 2807 redemptione.

1442 2823 1522 2854 gloria
1543 2822 1567 2847 in
1586 2821 1772 2847 resurrectione
1793 2818 1853 2845 ibid.

1493 2879 1529 2885 —-
1548 2864 1592 2891 dat
1611 2871 1703 2897 pacem
1729 2864 1896 2895 spiritualiter
1921 2867 1947 2888 et
1964 2866 2080 2888 aeterna-

1441 2910 1496 2935 liter
1516 2913 1541 2935 ει
1566 2909 1671 2934 interius
1691 2908 1722 2932 Vl
1744 2907 1793 2932 444
1815 2907 1842 2932 41
1866 2921 1901 2925 --
1920 2907 1963 2932 dat
1986 2913 2078 2937 pacem

1441 2960 1544 2985 veram,
1564 2952 1730 2978 dissolvendo
1750 2951 1836 2976 liciam
1857 2951 1900 2975 Vll
1921 2951 1970 2975 332
1991 2950 2025 2975 74
2044 2964 2078 2968 --

1441 2998 1485 3023 dat
1503 3003 1595 3029 pacem
1615 2995 1813 3028 praedestInatis
1829 2995 1880 3020 256
1902 2995 1933 3019 12
1952 3007 1988 3013 --
2007 2994 2079 3019 (lucit

1441 3042 1472 3067 nd
1493 3047 1586 3074 pacem
1612 3040 1644 3066 42
1666 3039 1715 3065 140
1735 3053 1770 3058 -
1789 3046 1840 3065 non
1865 3038 1923 3068 dut,
1950 3038 1995 3063 sed
2017 3038 2079 3063 tollit

1441 3092 1532 3118 paceni
1552 3088 1681 3110 terrenam
1702 3084 1752 3109 332
1772 3084 1806 3108 73
1824 3096 1860 3101 —
1879 3082 2021 3108 adt-eniens
2046 3083 2080 3106 sa·

1441 3130 1475 3156 cit
1488 3135 1579 3161 pacem
1593 3129 1618 3154 in
1632 3128 1840 3154 reconciliatione
1856 3126 2018 3159 peccantium
2033 3132 2080 3157 per

1441 3173 1552 3205 gratiam
1578 3176 1603 3198 et
1627 3171 1755 3198 beatificat
1780 3171 1863 3197 iustos
1891 3177 1939 3202 per
1968 3170 2078 3202 gloriam

1494 3275 1527 3279 --
1547 3260 1629 3286 verbo
1657 3259 1741 3285 vitun
1765 3259 1810 3285 dat
1837 3262 1862 3284 et
1889 3262 2025 3284 conservat
2046 3257 2077 3282 w

1442 3305 1488 3331 311
1515 3305 1546 3330 te
1565 3319 1599 3322 —
1619 3304 1734 3329 tiviticat
1753 3303 1866 3330 animam
1884 3309 1930 3334 per
1950 3302 2076 3327 internam

1937 3355 1951 3377 S
1956 3354 1969 3379 9
