2476 3921
122 1058 219 1079 Deviavit
229 1057 267 1078 du-

148 1084 240 1111 pliciter.

145 1373 207 1394 110110
222 1373 259 1394 du-

135 1400 184 1430 pies
197 1400 267 1430 devia-

163 1429 235 1448 tionis.

285 272 348 304 572

284 361 434 393 Innocens
456 369 514 402 ego
537 368 607 392 sum
631 368 649 391 a
673 359 825 401 sanguine
849 359 923 391 iusti
948 359 1061 397 huius;
1086 368 1142 392 vos
1158 358 1242 391 vide-

285 414 362 447 ritis.
388 414 424 446 Et
447 413 639 455 respondens
669 413 840 446 universus
869 413 1005 454 populus
1036 412 1134 445 dixit:
1167 413 1243 444 San-

284 467 354 509 guis
377 467 446 499 eius
470 476 566 508 super
590 474 647 498 nos
678 469 710 499 et
733 474 830 507 super
854 465 935 498 filios
958 468 1083 498 nostros
1100 478 1130 497 n.

372 521 424 553 28.
450 521 551 561 (Vers.
577 520 654 560 24).
681 519 740 552 Sed
764 519 835 551 licet
859 521 904 551 tot
927 518 1028 551 modis
1052 518 1145 551 vellet
1169 527 1243 551 011111

120 580 221 628 ww?
235 579 271 600 Pi·
284 574 436 615 liberare,
461 577 564 606 tamen
588 582 664 615 prae
689 572 800 604 timore
823 571 935 604 defecit
958 572 990 603 in
1015 571 1077 604 fine
1101 574 1133 604 et
1149 570 1243 604 decli-

285 627 371 660 navit
394 630 503 660 contra
519 626 675 659 dictamen
690 625 845 664 iustitiae,
863 625 1095 658 misericordiae
1106 650 1114 664 ,
1131 625 1244 657 volun-

285 681 356 714 tatis
380 690 456 713 suae
490 683 522 713 et
553 679 683 712 rationis
717 682 821 711 rectae
852 678 891 711 ad
923 687 1105 720 perversam
1135 678 1243 720 populi

285 734 495 772 voluntatem3
512 732 581 765 ideo
597 732 696 765 addit:
723 733 762 764 Et
778 731 912 764 Pilatus
928 730 1153 769 adiudicavit,
1169 730 1246 772 sieri

281 787 469 830 petitionem
492 795 607 818 eorum
621 786 651 823 ¹,-
674 789 705 818 et
729 785 789 817 hoc
813 788 922 817 contra
943 783 1020 816 illud
1039 783 1135 816 Exodi
1159 783 1244 825 vige-

286 839 365 872 simo
394 839 504 871 tertio:
535 838 632 870 «Non
662 837 805 879 sequeris
836 836 963 869 turbam
998 836 1037 868 ad
1067 835 1243 868 faciendum

286 892 404 925 malum
428 901 485 924 nec
509 891 541 923 in
565 890 680 923 iudicio
696 890 909 932 plurimorum
924 889 1105 931 acquiesces
1120 891 1244 921 senten-

287 946 365 984 tiae,
389 949 426 978 ut
449 954 467 977 a
491 954 566 977 vero
589 944 695 977 devies
711 957 742 975 »-

374 999 426 1031 29.
452 998 553 1041 (Vers.
586 998 663 1038 95).
689 996 830 1030 Deviavit
853 999 959 1028 autem
983 996 1100 1028 Pilatus
1130 995 1244 1027 distor—

287 1056 348 1084 tam
373 1051 557 1085 sententiam
581 1050 683 1083 dando
713 1050 744 1082 in
780 1049 974 1081 absolvendo
998 1048 1146 1086 malum;
1174 1047 1244 1080 ideo

285 1106 372 1138 dicit:
399 1104 533 1137 Dimisit
556 1107 667 1136 autem
690 1103 757 1135 illis
785 1112 861 1134 eum
892 1102 952 1145 qui
978 1105 1116 1143 propter
1139 1099 1244 1133 homi-

285 1159 412 1191 cidium
436 1162 465 1190 et
487 1157 677 1193 seditionem
700 1156 826 1188 missus
856 1154 972 1198 fuerat
996 1155 1032 1187 in
1055 1163 1243 1193 carcerem,

285 1221 379 1254 quem
401 1210 568 1253 petebant,·
585 1213 616 1242 et
632 1212 786 1251 quantum
803 1209 842 1241 ad
858 1208 1162 1241 condemnationem
1177 1207 1246 1239 viri

286 1264 387 1302 iusti;
410 1267 441 1297 et
465 1263 534 1296 ideo
549 1262 651 1295 addit:
676 1262 787 1294 Iesum
803 1271 880 1293 vero
894 1261 906 1280 ²
924 1260 1067 1293 tradidit
1081 1260 1246 1292 voluntati

286 1327 412 1350 eorum.
430 1335 470 1340 —
483 1316 570 1349 Ratio
586 1319 691 1348 autem
702 1341 709 1354 ,
727 1324 826 1357 quare
843 1315 959 1347 Pilatus
975 1314 1035 1346 fuit
1051 1313 1190 1346 inflexus
1206 1313 1245 1345 ad

287 1371 367 1404 hanc
384 1370 568 1403 sententiam
585 1368 824 1410 iniquissimam,
840 1367 900 1400 fuit
917 1367 1131 1400 inordinatus
1148 1376 1246 1399 amor

287 1423 528 1465 complacentiae
553 1422 678 1464 populi,
703 1430 785 1463 quae
809 1421 943 1454 retrahit
967 1430 985 1453 a
1008 1420 1154 1459 veritate3
1176 1419 1245 1452 ideo

287 1477 326 1510 ad
349 1477 471 1513 Galatas
494 1475 639 1517 primo³:
671 1474 728 1507 «Si
752 1474 856 1506 adhuc
881 1473 1061 1506 hominibus
1078 1473 1245 1515 placerem,

289 1530 405 1563 Christi
437 1538 549 1562 servus
579 1537 641 1560 non
673 1537 773 1560 essem
791 1539 821 1566 »3
845 1527 905 1559 fuit
936 1527 1028 1560 etiam
1064 1527 1182 1565 timor,
1207 1535 1246 1559 ne

291 1584 469 1616 incurreret
499 1581 648 1614 offensam
671 1580 828 1619 Caesaris;
859 1579 943 1613 unde
973 1580 1094 1612 Ioannis
1124 1578 1246 1612 decimo

289 1646 371 1669 11000
383 1637 414 1667 4:
444 1649 459 1664 <1
474 1635 503 1667 Si
529 1635 613 1667 hunc
629 1634 777 1673 dimittis,
795 1643 856 1666 non
873 1641 906 1666 es
922 1634 1043 1666 amicus
1058 1633 1198 1666 Caesaris
1213 1645 1244 1672 »3

286 1693 317 1723 et
341 1689 487 1722 subditur
510 1688 568 1727 ibi,
593 1687 674 1730 quod
705 1700 720 1715 «
738 1687 871 1726 Pilatus,
901 1696 973 1720 cum
998 1687 1136 1720 audisset
1160 1687 1246 1720 hunc

287 1751 477 1781 sermonem,
502 1742 600 1784 magis
625 1741 777 1780 timuit»,
794 1744 825 1773 et
842 1745 916 1773 tunc
938 1740 1046 1773 «sedit
1062 1750 1119 1782 pro
1144 1740 1245 1773 tribu-

287 1796 347 1829 nali
366 1809 381 1825 »
410 1799 441 1828 01
465 1795 578 1827 malam
602 1794 786 1827 sententiam
812 1793 901 1832 tulit;
925 1797 1055 1835 propter
1071 1794 1155 1835 quod
1172 1794 1265 1830 Pro<

288 1849 471 1882 verbiorum
497 1848 646 1890 vigesimo
669 1847 777 1880 nono⁵
800 1846 934 1879 dicitur:
964 1859 979 1875 (ε
996 1847 1056 1888 Qui
1080 1847 1170 1880 timet
1187 1847 1251 1879 110-’

288 1902 404 1934 minem
427 1901 488 1934 cito
512 1903 687 1933 corruet».

304 2015 426 2042 Deductio
446 2013 547 2041 Christi
566 2013 598 2040 ad
617 2012 817 2047 crucifigendum
836 2012 994 2041 describitur
1013 2012 1094 2047 quoad
1113 2012 1233 2047 quatuor.

377 2112 428 2145 30.
454 2112 555 2154 (Vers.
578 2112 654 2153 26.).
681 2113 722 2144 Et
744 2121 821 2144 eum
837 2111 992 2144 ducerent
1007 2120 1082 2143 eum
1099 2114 1157 2144 etc.
1175 2111 1246 2144 Post

286 2165 475 2207 descriptam
499 2165 789 2198 condemnationem
812 2164 928 2197 Christi
953 2164 1004 2197 hic
1028 2165 1178 2198 describit
1193 2165 1246 2197 de-

287 2219 472 2252 ductionem
496 2219 750 2256 condemnati⁶;
774 2218 858 2252 circa
888 2227 984 2260 quam
1008 2218 1246 2251 describendam

287 2276 425 2315 quatuor
449 2272 713 2312 introducuntur,
737 2272 854 2305 scilicet
876 2271 1027 2304 deductio
1059 2271 1185 2305 Christi
1206 2272 1246 2305 ad

288 2326 474 2369 patibulum,
489 2326 678 2359 lamentatio
693 2325 885 2364 mulierum,
902 2325 1109 2368 reprehensio
1122 2325 1245 2359 lamen-

288 2379 432 2412 tantium
444 2382 475 2412 et
485 2379 737 2421 praenuntiatio
747 2378 991 2411 imminentium
1001 2378 1243 2411 calamitatum.

360 2551 368 2566 ¹
389 2551 471 2578 Codd.
490 2551 539 2577 AC
551 2551 572 2576 D
592 2550 711 2577 illorum.
731 2565 765 2569 -
784 2551 901 2577 Subinde
920 2552 1045 2584 allegatur
1064 2553 1144 2579 Exod.
1158 2554 1205 2585 23,
1219 2555 1244 2579 2.

288 2610 323 2615 —
342 2597 432 2621 Glossa
451 2595 634 2622 interlinearis
655 2595 696 2628 (ex
715 2595 846 2628 Ambros„
866 2596 899 2621 X.
920 2596 946 2621 in
966 2597 1028 2622 Luc.
1048 2598 1091 2622 23.
1111 2605 1135 2622 n.
1158 2598 1243 2632 =100.):

292 2640 324 2667 Et
341 2639 445 2666 Pilatus
465 2639 629 2666 adiudica'oit
647 2643 707 2672 010,
728 2640 803 2665 iudex
833 2648 879 2666 nec
905 2641 1019 2667 invidiae
1038 2643 1131 2668 cedere
1151 2643 1244 2669 debuit

289 2691 337 2710 nec
356 2685 451 2710 timori.

360 2727 370 2742 ²
391 2729 450 2753 Vat.
471 2728 543 2753 addit
562 2727 738 2761 slaqellatum.
758 2742 793 2747 --
811 2729 900 2754 Glossa
929 2729 1071 2756 ordinaria
1097 2730 1137 2763 (ex
1160 2731 1244 2763 Beda,
1269 2722 1271 2724 ¹

288 2772 333 2805 qui
353 2773 471 2805 sequitur
490 2772 603 2804 llieron.⁷
624 2772 663 2797 lV.
684 2772 831 2798 Comment.
853 2773 880 2797 10
900 2774 986 2798 Matth.
1007 2773 1055 2806 27,
1075 2775 1129 2806 26.)
1143 2775 1167 2799 in
1181 2775 1244 2799 Luc.

290 2817 336 2847 23,
356 2817 404 2842 25:
424 2817 520 2842 Auctor
539 2816 673 2842 seditionis
691 2820 717 2842 et
736 2817 938 2842 homicidiorum
959 2818 1060 2843 ludaeis
1088 2818 1243 2850 dimittitur,

290 2861 315 2885 id
334 2864 373 2886 est
392 2860 525 2891 diabolus,
544 2861 588 2893 qui
608 2860 643 2886 ob
663 2861 768 2892 culpam
787 2868 801 2886 a
822 2861 886 2886 lucis
914 2862 996 2893 patria
1016 2862 1142 2893 depulsus
1167 2865 1193 2887 et
1218 2862 1244 2887 in

290 2905 456 2931 tenebrarum
475 2912 607 2930 carcerem
628 2906 710 2930 tuerat
729 2905 837 2937 missus;
856 2908 882 2930 et
901 2905 960 2930 ideo
973 2912 1064 2937 pacem
1080 2905 1178 2931 habere
1191 2913 1244 2931 non

290 2953 414 2981 possunt,
432 2950 494 2982 quia
514 2950 585 2981 pacis
604 2953 738 2975 auctorem
758 2957 811 2974 000
830 2950 974 2987 elegerunt.

359 2992 370 3006 ³
391 2994 464 3019 Vers.
485 2994 527 3019 10.

359 3037 370 3051 ⁴
391 3038 466 3063 Vers.
488 3039 533 3069 12;
553 3038 647 3064 deinde
667 3046 692 3063 v.
713 3039 736 3063 8.
757 3041 782 3063 et
803 3039 842 3063 13.
863 3039 919 3063 Vat.
940 3039 1035 3064 omittit
1054 3046 1079 3064 v.
1100 3039 1123 3064 8.
1144 3042 1169 3065 et
1187 3039 1244 3064 alle-

290 3085 334 3114 gat
353 3090 378 3107 v.
400 3083 446 3107 ta:
468 3082 584 3114 Pilatus,
599 3089 661 3108 cum
674 3081 793 3108 audisset
811 3082 858 3108 hos
871 3089 1023 3114 sermones,
1039 3081 1157 3109 adduxit
1167 3082 1243 3116 foras

289 3127 377 3153 lesum
396 3128 421 3153 et
438 3125 505 3152 sedit
514 3133 567 3159 pro
581 3125 720 3152 tribunali.
734 3127 802 3152 llaec
815 3126 890 3152 lectio
904 3127 989 3158 magis
1002 3127 1124 3158 congruit
1137 3127 1242 3152 dictioni

289 3172 313 3197 et
331 3170 456 3197 subditur
476 3170 518 3196 ibi.

359 3214 369 3229 ⁶
390 3215 464 3241 Vers.
485 3215 527 3240 25.

358 3258 369 3273 ⁶
388 3259 439 3285 Csr.
460 3266 539 3291 supra
559 3267 585 3284 0.
605 3259 645 3284 Ἰ16.
665 3273 699 3278 -
719 3259 802 3285 Codd.
823 3259 905 3285 CDll
925 3258 1056 3285 damnali.

360 3302 369 3318 ⁷
390 3304 448 3329 Vat.
467 3311 527 3334 cum
551 3304 659 3335 Vulgata
678 3303 727 3330 illi.

359 3346 369 3361 ⁸
390 3348 464 3373 Vers.
485 3348 526 3373 16.
546 3351 572 3373 01
593 3348 632 3373 17.

359 3391 370 3406 ⁹
390 3393 491 3418 Scilicet
509 3391 651 3418 ordinaria
671 3392 712 3425 (ex
732 3393 816 3425 Beda,
829 3393 875 3426 qui
894 3392 1011 3425 sequitur
1025 3392 1136 3424 llieron.⁷
1156 3392 1198 3418 lV.
1218 3392 1244 3418 in

290 3437 375 3462 Mattli.
396 3436 441 3469 27,
462 3437 508 3469 32,
528 3436 574 3462 ubi
602 3437 713 3462 eandem
742 3436 916 3463 obiectionem
945 3436 1032 3469 solvit)
1059 3436 1084 3462 in
1112 3436 1176 3462 Luc.
1195 3436 1242 3468 23,

852 270 1047 303 COMMENT.
1073 270 1109 303 IN
1133 269 1373 304 EVANGELIUM
1396 270 1514 303 LUCAE
1538 270 1570 302 C.
1596 269 1696 302 XXlll.

1397 358 1500 391 Primo
1523 358 1620 400 igitur
1645 361 1800 400 quantum
1823 357 1862 390 ad
1886 358 2111 391 deductionem
2143 357 2269 392 Christi
2288 367 2392 417 {iffissim
2433 351 2434 388 Ϊ

1307 412 1354 445 ad
1373 411 1564 454 patibulum
1587 411 1679 444 dicit:
1714 412 1754 444 Et
1784 421 1861 443 cum
1892 412 2047 444 ducerent
2077 422 2172 451 eum,
2209 422 2269 455 ap-

1306 462 1742 506 prehenderunt‘Simonem
1766 464 1931 507 quendam
1958 464 2192 507 Cyrenensem,
2216 475 2268 498 ve-

1307 517 1449 549 nientem
1472 517 1511 549 de
1533 517 1633 556 villa,
1657 521 1688 549 et
1710 517 1942 559 imposuerunt
1965 517 1995 549 ei
2008 517 2020 537 ⁷
2044 527 2176 550 crucem
2189 527 2270 560 por-

1309 574 1382 602 tare
1402 574 1477 612 post
1500 570 1620 602 Iesum.
1646 588 1688 594 —
1713 570 1772 603 Sed
1796 569 1992 603 contrarium
2017 570 2113 603 huius
2143 570 2270 604 videtur
2289 579 2406 602 contrarie-

1308 623 1368 656 dici
1386 623 1507 656 loannis
1523 623 1643 656 decimo
1659 632 1742 656 nono
1755 622 1778 662 8,
1795 623 1850 656 ubi
1867 622 2001 656 dicitur:
2024 636 2040 652 «ι
2056 624 2270 666 susceperunt

1309 676 1410 709 lesum
1434 679 1465 709 et
1488 676 1675 709 eduxerunt
1701 685 1786 709 eum.
1811 677 1847 709 Et
1878 676 2022 710 baiulans
2053 677 2112 710 sibi
2141 686 2269 710 crucem

1308 729 1408 762 exivit
1420 729 1449 762 in
1465 739 1537 762 eum
1550 730 1605 772 qui
1618 730 1734 762 dicitur
1746 730 1905 763 Calvariae
1918 730 2022 763 locum
2034 744 2065 763 ι).
2080 748 2122 754 -
2136 731 2269 763 Verum·
2289 739 2377 761 Salutio.

1310 786 1412 816 tamen
1438 792 1498 815 non
1523 787 1570 816 est
1593 783 1816 823 contrarietas,
1834 783 1909 826 quia
1924 786 2099 826 utrumque
2114 784 2192 823 fuit,
2216 784 2270 817 sed

1309 837 1393 879 quod
1418 840 1499 869 tacet
1522 837 1620 870 Lucas
1652 837 1803 879 exprimit
1834 837 1973 870 Ioannes.
2006 837 2093 871 Unde
2115 838 2266 871 Glossa⁹:

1313 903 1329 919 α
1345 890 1449 923 Ρ111110
1467 890 1617 923 Dominus
1633 891 1769 933 portavit
1785 899 1931 930 crucem,
1955 891 2008 924 sed
2027 895 2133 933 postea
2153 890 2271 924 Simoni

1308 943 1453 985 imposita
1480 946 1545 982 est,
1570 952 1665 986 quem
1696 947 1850 977 exeuntes
1880 944 2005 976 obviam
2041 944 2268 977 habuerunt».

1309 1014 1350 1020 —
1375 996 1437 1029 Hoc
1460 1000 1566 1029 autem
1589 996 1753 1039 diligenter
1774 997 1926 1039 exprimit
1942 997 2041 1030 Lucas
2056 1000 2186 1039 propter
2202 1006 2270 1039 my—
2288 1003 2419 1054 'ffiynffffigug-

1308 1049 1440 1082 sterium
1476 1049 1720 1091 significationis.
1757 1050 1862 1082 Simon
1896 1050 1955 1083 iste
1983 1050 2104 1083 ratione
2134 1050 2270 1083 nominis

1308 1106 1339 1135 et
1362 1102 1480 1145 gentis,
1506 1103 1580 1144 quia
1604 1106 1672 1135 erat
1694 1103 1732 1136 de
1750 1103 1876 1145 ‚Cyrene
1890 1103 1926 1143 ¹⁰,
1950 1103 2092 1145 designat
2123 1102 2269 1136 obedien-

1309 1155 1392 1189 tiam
1412 1155 1531 1198 populi
1551 1156 1683 1198 gentilis
1705 1156 1744 1189 ad
1764 1156 1924 1189 ferendam
1941 1165 2068 1189 crucem
2093 1160 2163 1198 post
2179 1156 2269 1189 Chri-

1309 1211 1404 1241 stum.
1430 1208 1516 1241 Unde
1539 1208 1646 1241 Glossa
1660 1209 1704 1240 11;
1735 1221 1750 1237 «
1767 1209 1846 1250 Quia
1880 1209 1986 1242 Simon
2020 1218 2083 1242 non
2112 1209 2269 1249 Israelita,

1308 1261 1362 1294 sed
1386 1261 1565 1302 Cyrenaeus
1588 1265 1670 1300 erat,
1696 1270 1752 1303 per
1776 1271 1849 1294 eum
1873 1262 2004 1304 gentiles
2020 1261 2269 1304 designantur»,

1309 1314 1363 1356 qui
1388 1317 1515 1356 portant
1538 1323 1683 1353 crucem,
1708 1323 1780 1347 cum
1815 1314 1922 1357 populi
1955 1314 2116 1357 gentium,
2139 1315 2269 1358 paganis

1310 1367 1424 1400 ritibus
1448 1367 1582 1406 10110115,
1606 1367 1788 1400 obedienter
1812 1368 2048 1410 amplectuntur
2069 1368 2200 1410 vestigia
2215 1368 2270 1401 do-

1310 1420 1442 1453 minicae
1467 1420 1626 1462 passionis.
1653 1421 1689 1453 Et
1712 1420 1827 1454 talibus
1851 1421 1992 1463 loquitur
2016 1421 2127 1454 Petrus
2150 1421 2271 1464 primae

1310 1474 1392 1507 Petri
1424 1473 1561 1507 secundo
1575 1468 1633 1505 ¹²?
1657 1487 1672 1502 «
1688 1473 1834 1506 Christus
1864 1483 1977 1516 passus
2008 1477 2056 1507 est
2079 1483 2138 1516 pro
2161 1474 2271 1513 nobis,

1310 1527 1398 1560 vobis
1421 1527 1604 1569 relinquens
1628 1527 1840 1569 exemplum»
1869 1530 1944 1566 etc.;
1969 1530 2001 1560 et
2023 1527 2140 1560 talibus
2155 1527 2271 1560 Paulus

1309 1578 1362 1614 ad·
1372 1581 1527 1614 Hebraeos
1550 1581 1678 1613 11111111οε
1709 1593 1725 1609 «
1741 1580 1887 1613 Christus
1910 1583 2003 1613 extra
2020 1584 2142 1623 portam
2159 1589 2271 1623 passus

1309 1637 1366 1667 est.
1399 1634 1556 1667 Exeamus
1587 1643 1663 1676 ergo
1686 1633 1725 1666 ad
1749 1643 1821 1667 eum
1846 1637 1939 1667 extra
1968 1637 2089 1674 castra,
2113 1634 2271 1677 imprope-

1309 1688 1394 1720 rium
1418 1685 1486 1720 eius
1507 1689 1669 1729 portantes
1684 1700 1715 1719 ».
1733 1706 1776 1711 —
1793 1687 1873 1729 Quia
1890 1696 1965 1720 vero
1982 1688 2086 1720 Simon
2103 1688 2162 1721 iste
2177 1697 2272 1730 anga-
2295 1696 2423 1727 Rationem)

1310 1741 1410 1773 riatus
1434 1740 1493 1773 11111
1516 1749 1642 1773 crucem
1667 1744 1812 1782 portare,
1838 1741 1920 1774 sicut
1950 1740 2067 1774 dicitur
2098 1741 2193 1774 Marci
2216 1741 2270 1774 de-
2286 1728 2423 1798 ῗέἐῖἰέἓῗέἷ

1309 1794 1390 1827 011110
1406 1794 1517 1836 quinto
1530 1794 1575 1826 ¹⁸:
1598 1807 1613 1822 «ι
1627 1794 1877 1836 Angariaverunt
1899 1798 2154 1836 praetereuntem
2172 1794 2271 1827 Simo-

1309 1856 1381 1880 nem
1406 1847 1601 1889 Cyrenaeum
1617 1859 1649 1886 »;
1674 1847 1743 1880 ideo
1778 1847 1900 1880 ratione
1934 1847 2102 1890 anyariae
2130 1847 2272 1892 designat

1310 1900 1521 1944 hymeram,
1546 1901 1601 1943 qui
1625 1909 1753 1934 crucem
1778 1903 1905 1943 portant
1928 1910 1987 1943 pro
2004 1901 2096 1934 laude
2112 1901 2268 1940 humana;

1310 1953 1395 1986 unde
1419 1953 1590 1995 Gregorius
1604 1954 1647 1986 l⁴:
1677 1966 1693 1982 «
1711 1954 1834 1993 Simon,
1859 1954 1913 1997 qui
1938 1957 2043 1996 portat
2078 1963 2204 1987 crucem
2239 1954 2272 1987 in

1310 2006 1455 2048 angaria,
1481 2006 1548 2048 ipse
1571 2010 1636 2045 est,
1661 2007 1715 2049 qui
1747 2007 1869 2040 laborat
1900 2017 1958 2049 pro
1990 2007 2087 2040 laude>
2111 2002 2270 2047 'humana;

1310 2059 1451 2092 subdunt
1474 2059 1557 2092 enim
1583 2059 1725 2093 homines
1754 2060 1829 2093 111110
1858 2060 1959 2093 labori
1983 2070 2078 2102 quem
2101 2070 2164 2093 11011
2189 2060 2272 2103 cogit

1310 2113 1404 2145 timor
1439 2113 1489 2145 vel
1519 2112 1644 2145 dilectio
1668 2113 1722 2146 Dei
1739 2126 1770 2145 ».
1803 2113 1859 2146 Vel
1890 2113 2033 2155 designat
2064 2113 2267 2153 accidiosos,

1310 2166 1363 2208 qui
1389 2174 1516 2199 crucem
1542 2168 1668 2207 portant
1692 2174 1765 2198 cum
1789 2175 1971 2205 murmure,
1989 2175 2089 2208 poena
2105 2169 2136 2199 et
2152 2166 2270 2200 violen-

1309 2217 1361 2250 tia.
1379 2217 1494 2250 Contra
1511 2217 1690 2252 huiusmodi
1716 2218 1895 2251 Bernardus
1908 2218 1953 2250 ¹⁵:
1983 2231 1998 2247 ιι
2016 2218 2093 2258 Vae,
2118 2219 2270 2261 portanti-

1309 2271 1369 2304 bus
1393 2280 1535 2311 crucem,
1565 2281 1627 2304 non
1659 2272 1741 2310 siout
1773 2272 1933 2311 Salvator,
1965 2281 2073 2312 suam,
2106 2272 2160 2306 sed
2188 2272 2270 2306 510111

1309 2325 1361 2358 1110
1392 2325 1588 2367 Cyrenaeus,
1621 2325 1753 2358 alienam
1767 2327 1797 2357 »t
1830 2325 2010 2367 Quocontra
2040 2334 2138 2368 supra
2167 2336 2268 2359 nono:

1315 2391 1330 2407 «τ
1348 2379 1377 2411 Si
1403 2378 1474 2421 quis
1498 2378 1567 2411 vult
1590 2382 1660 2420 post
1683 2387 1734 2411 me
1758 2378 1884 2417 venire,
1909 2378 2041 2421 abneget
2064 2379 2268 2422 semetipsum

1308 2554 1351 2580 26.
1370 2553 1421 2580 Csr.
1442 2554 1466 2578 S.
1491 2554 1598 2583 Bonav„
1617 2552 1764 2578 Comment.
1784 2551 1810 2577 in
1831 2552 1898 2577 ioan.
1919 2559 1942 2577 0.
1963 2553 2005 2578 19.
2024 2560 2049 2579 n.
2065 2553 2111 2584 40,
2131 2552 2176 2579 ubi
2190 2553 2267 2579 etiam

1307 2598 1433 2624 sententia
1452 2597 1590 2629 Augustini
1611 2598 1659 2622 liae
1679 2597 1712 2622 tle
1731 2603 1760 2621 re
1779 2598 1893 2622 affertur.

1380 2640 1402 2656 ¹⁰
1422 2642 1504 2674 Beda,
1526 2641 1567 2666 Vl.
1587 2641 1613 2666 in
1633 2641 1695 2666 Luc.
1715 2641 1763 2672 23,
1783 2641 1831 2665 26:
1851 2640 1952 2672 Cyrene
1971 2642 2040 2667 enim
2060 2641 2157 2674 Libyae
2176 2642 2269 2667 civitas

1308 2690 1360 2717 est,
1380 2687 1447 2712 sicut
1465 2686 1490 2711 in
1511 2684 1619 2710 Actibus
1638 2685 1823 2716 Apostolorum
1845 2684 1888 2718 [2,
1910 2686 1963 2718 10.]
1984 2686 2110 2718 legimus;
2130 2689 2200 2712 recte
2219 2693 2267 2718 per

1308 2738 1369 2756 eum
1390 2729 1553 2763 [Simonem]
1582 2729 1671 2761 populi
1698 2729 1815 2760 gentium
1845 2729 2025 2761 designantur.
2053 2730 2103 2763 Qui
2131 2730 2266 2763 quondam

1305 2773 1445 2807 peregrini
1463 2774 1488 2799 et
1514 2772 1629 2806 hospites
1658 2776 1887 2804 testamentorum,
1917 2781 1994 2805 nunc,
2013 2774 2162 2800 obediendo
2191 2774 2266 2806 fidei,

1308 2817 1377 2844 cives
1396 2820 1457 2843 sunt
1475 2818 1501 2843 et
1518 2816 1656 2843 domestici
1673 2816 1722 2843 Dei
1740 2816 1818 2850 [Epli.
1839 2819 1870 2849 2,
1891 2817 1959 2852 19,];
1979 2822 2004 2844 et
2023 2819 2089 2844 510111
2102 2818 2161 2844 alibi
2176 2818 2266 2852 [Rom.

1309 2864 1339 2893 8,
1361 2861 1417 2895 17.]
1436 2862 1544 2887 dicitur:
1564 2860 1678 2887 Heredes
1698 2861 1805 2895 quidem
1824 2862 1885 2894 Dei,
1900 2862 2040 2889 coheredes
2053 2864 2144 2888 autem
2158 2861 2265 2889 Christi.

1308 2906 1381 2932 Unde
1400 2906 1491 2938 pulcre
1511 2905 1599 2931 Simon
1619 2904 1754 2938 obediens,
1774 2906 1874 2938 Cyrene
1894 2907 1969 2934 heres
1990 2907 2181 2938 interpretatur.

1380 2949 1400 2964 ¹¹
1421 2951 1520 2981 Nempe
1539 2948 1681 2975 ordinaria
1701 2951 1741 2982 (ex
1762 2951 1841 2983 Beda)
1862 2951 1888 2976 in
1908 2951 1968 2976 Luc.
1991 2952 2038 2981 23,
2058 2952 2099 2976 26.

1381 2994 1402 3008 ¹²
1422 2994 1498 3019 Vers.
1520 2995 1548 3019 21
1562 3013 1568 3024 ‚
1588 2997 1646 3025 post
1664 3001 1744 3027 quem
1764 2994 1846 3027 110111.
1864 2995 1912 3026 13,
1934 2995 1974 3020 12.
1994 3001 2050 3028 seq.

1380 3037 1402 3053 ¹¹³
1422 3039 1497 3064 Vers.
1516 3038 1559 3063 2¹.

1381 3082 1402 3097 ¹⁴
1421 3082 1492 3108 Libr.
1512 3083 1573 3108 Vlll.
1592 3083 1679 3108 Moral.
1699 3090 1720 3108 c.
1744 3083 1886 3115 411172,
1907 3083 1952 3109 ubi
1965 3083 2057 3109 eadem
2072 3084 2206 3114 sententia,
2219 3084 2265 3109 sod

1308 3127 1363 3153 eliis
1383 3126 1472 3153 verbis
1490 3126 1653 3158 exprimitur.
1673 3127 1740 3153 Vide
1759 3129 1837 3154 etiam
1857 3128 1883 3154 11.
1904 3128 1999 3154 Ilomil.
2018 3128 2043 3153 in
2057 3129 2156 3160 Evang.
2177 3128 2265 3153 homil.

1308 3171 1351 3196 32.
1371 3178 1396 3196 11.
1416 3172 1440 3196 3.
1462 3169 1626 3196 verbotenus
1646 3172 1708 3196 haec
1728 3173 1855 3198 sententia
1875 3171 1989 3198 occurrit
2006 3172 2032 3197 10
2046 3172 2137 3197 Glossa
2156 3171 2266 3198 ordina-

1308 3215 1352 3241 ria
1370 3215 1396 3240 in
1415 3215 1492 3240 Marc.
1522 3214 1567 3245 15,
1588 3215 1636 3245 21,
1655 3223 1669 3240 a
1696 3223 1748 3249 qua
1774 3216 1896 3242 tribuitur
1922 3216 2087 3250 Hieronymo
2108 3216 2159 3247 (vel
2178 3216 2265 3248 potius

1308 3259 1407 3284 auctori
1427 3258 1611 3284 Commentarii
1632 3259 1655 3284 111
1675 3260 1752 3286 ltlarc.
1773 3260 1819 3291 45,
1833 3261 1861 3286 21
1875 3281 1881 3292 ,
1895 3260 1965 3293 quod
1981 3259 2092 3285 habetur
2105 3260 2171 3285 111101
2184 3267 2264 3292 opera

1308 3303 1435 3336 Hieron.).
1455 3303 1503 3328 Pro
1522 3302 1639 3330 subdunt
1657 3304 1727 3330 enim
1748 3307 1831 3330 textus
1850 3304 1983 3336 originalis
2002 3305 2103 3337 coeunt
2113 3311 2183 3336 eum,
2207 3304 2263 3329 Vat.

1308 3347 1370 3379 legit
1388 3346 1503 3373 subeunt
1520 3346 1590 3373 enim
1610 3347 1729 3375 homines
1749 3348 1820 3375 hunc
1840 3347 1960 3375 laborem
1979 3351 2027 3373 etc.

1380 3390 1401 3405 ¹⁶
1421 3392 1445 3417 ln
1466 3391 1591 3423 Apologia
1611 3392 1644 3418 ad
1663 3393 1835 3424 Gulielmum,
1855 3399 1879 3418 c.
1902 3392 1926 3418 1.
1945 3400 1970 3417 n.
1990 3393 2014 3417 2.
2036 3406 2066 3411 ·-
2092 3392 2210 3418 Subinde
2229 3392 2265 3418 al-

1308 3436 1410 3467 legatur
1429 3436 1491 3460 Luc.
1513 3436 1542 3467 9,
1563 3435 1605 3461 23.

2329 1063 2385 1080 mon·

2290 2122 2330 2144 vel
2344 2122 2426 2145 accidie
