2476 3921
324 286 383 316 158

156 381 237 407 Duplex
253 380 300 400 sub-
321 371 456 404 secundo
479 371 569 402 modo
600 374 701 411 potest
731 378 798 402 esse
829 370 1012 411 dupliciter:
1037 370 1086 403 vel
1114 380 1270 413 expressa

187 406 269 427 divisio.

154 1008 305 1031 50000110,ωο-

175 1037 283 1065 10111100-

193 1067 264 1081 rmum.

190 1694 271 1718 Tertio,

167 1721 293 1747 exemplum.

320 433 375 465 per
399 428 541 464 pactum,
566 427 596 455 et
620 423 696 455 haec
721 423 902 464 simpliciter
926 426 974 455 est
997 423 1172 464 prohibita,
1197 424 1271 465 quia

318 477 389 509 facit
412 468 611 513 usurar'ium;
637 475 685 507 vel
710 476 812 508 tacita
836 475 867 507 in
899 475 1009 514 corde,
1033 479 1064 508 et
1088 476 1147 508 hoc
1180 476 1270 509 modo

317 529 499 570 dupliciter:
527 528 573 560 vel
592 528 826 569 principaliter
850 537 981 560 movens
1004 528 1042 560 ad
1060 532 1223 568 mutuum,
1240 533 1271 562 et

318 583 393 614 haec
417 581 557 613 similiter
581 580 756 622 prohibita,
781 581 855 622 quia
885 585 995 613 contra
1018 582 1199 614 mandatum
1223 582 1269 614 111-

318 634 424 666 vinum
449 637 512 671 est3
538 633 586 665 vel
609 643 676 665 non
697 633 931 675 principaliter
948 643 1090 672 movens,
1107 634 1162 667 sed
1178 635 1268 676 quasi

317 695 455 723 annexa,
480 686 567 727 quia,
592 686 663 718 licet
699 695 759 718 non
795 685 887 718 faciat
915 689 1044 727 propter
1068 687 1270 719 commodum

318 739 528 780 principaliter
552 738 600 770 vel
626 738 767 776 lucrum,
792 738 891 771 credit
920 742 1042 777 tamen,
1066 739 1270 781 accipientem

315 801 376 824 non
401 800 467 824 esse
491 791 548 823 sibi
574 791 746 832 ingratum,
770 794 802 823 et
836 791 904 824 ideo
939 791 1011 824 facit
1035 792 1191 824 libentius.
1216 792 1270 824 Hic

316 854 390 877 vero
414 853 474 876 non
510 848 557 876 est
593 844 662 876 talis
693 853 764 885 spes
798 844 949 876 commodi
986 848 1095 877 contra
1127 844 1269 878 divinum

316 897 495 929 mandatum
512 898 531 927 1.

404 950 455 981 84.
482 949 622 981 Secundo
646 949 752 981 subdit
775 950 927 982 rationem
951 950 1098 982 motivam
1115 960 1155 983 ecc
1172 954 1270 992 parte

312 1002 469 1044 praemii,
487 1011 559 1035 cum
575 1002 731 1044 adiungit:
751 1003 790 1034 Et
801 1003 863 1034 erit
878 1012 1001 1035 merces
1016 1007 1127 1035 vestra
1143 1003 1269 1042 multa,-

316 1055 518 1087 Ecclesiastici
550 1055 777 1087 duodecimo2:
808 1068 823 1084 «
840 1056 968 1088 Benefac
1000 1056 1100 1095 iusto,
1125 1060 1155 1088 et
1183 1057 1269 1089 inve-

316 1107 381 1139 nies
405 1107 643 1139 retributionem
667 1116 826 1149 magnam,
844 1108 916 1140 etsi
933 1117 996 1140 non
1023 1108 1062 1140 ab
1089 1109 1166 1150 ipSO,
1184 1112 1269 1141 certe

315 1170 332 1192 a
356 1160 486 1192 Domino
502 1173 532 1191 ».
559 1160 594 1192 Et
617 1160 732 1193 dicitur
757 1161 924 1193 retributio
947 1161 1053 1193 multa
1077 1165 1108 1194 et
1130 1171 1268 1204 magna,

315 1213 388 1255 quia
411 1216 538 1245 aeterna
561 1222 682 1246 merces
705 1214 809 1246 omnia
844 1214 926 1246 bona
949 1215 1085 1247 continet
1109 1215 1139 1247 in
1164 1215 1269 1248 excel-

315 1266 425 1304 lentia,
449 1266 620 1299 secundum
646 1267 722 1299 illud
749 1267 875 1299 Psalmi:
906 1280 920 1295 «
938 1268 1036 1308 Quam
1061 1277 1173 1310 magna
1188 1269 1269 1300 mul-

315 1320 414 1352 titudo
437 1319 610 1352 dulcedinis
634 1323 720 1358 tuae,
745 1320 892 1359 Domine,
916 1329 1011 1362 quam
1027 1321 1213 1354 abscondisti
1232 1322 1269 1354 ti-

313 1372 470 1405 mentibus
494 1375 565 1404 10111
592 1373 628 1404 Et
651 1382 724 1405 vere
747 1383 875 1415 magna
898 1376 929 1406 et
951 1373 1058 1406 multa
1081 1377 1112 1406 et
1133 1374 1268 1407 abscon-

314 1421 402 1463 tlita,
427 1425 478 1458 sed
504 1425 671 1466 promissa,
696 1426 787 1467 quia,
812 1426 932 1467 primae
955 1426 994 1458 ad
1017 1426 1193 1460 Corinthios
1221 1437 1269 1460 se-

314 1478 440 1511 cundo³
465 1482 495 1510 et
520 1478 613 1511 Isaiae
645 1479 841 1520 sexagesimo
870 1483 1001 1522 quarto,
1031 1493 1045 1507 «
1062 1481 1174 1513 oculus
1205 1490 1268 1514 non

315 1531 404 1569 vidit,
428 1535 458 1563 et
482 1531 568 1564 auris
591 1541 651 1564 non
676 1532 813 1571 audivit,
837 1536 868 1565 et
892 1533 923 1564 in
951 1541 1005 1565 cor
1039 1533 1174 1566 hominis
1205 1543 1268 1566 non

313 1584 468 1623 ascendit,
492 1594 573 1626 quae
597 1585 795 1626 praeparavit
818 1585 902 1618 Deus
925 1585 1125 1627 diligentibus
1149 1596 1181 1619 se
1198 1600 1228 1619 ».

402 1638 454 1669 85.
480 1637 583 1670 Tertio
607 1638 769 1679 subiungit
786 1638 937 1671 rationem
954 1639 1101 1671 motivam
1117 1650 1156 1672 ex
1169 1645 1268 1682 parte

314 1690 466 1732 exempli,
492 1699 563 1722 cum
587 1691 709 1723 subdit:
736 1692 774 1723 Et
797 1692 888 1724 eritis
911 1692 976 1733 filii
1003 1692 1184 1732 Altissimi,
1209 1694 1267 1726 sci-

314 1744 385 1776 licet
409 1752 464 1784 per
488 1743 712 1783 imitationem,
741 1745 912 1777 secundum
945 1745 1022 1778 illud
1057 1746 1095 1778 ad
1119 1747 1268 1789 Ephesios

313 1796 466 1838 quinto4:
498 1797 633 1829 «Estote
668 1797 840 1830 imitatores
871 1798 944 1837 Dei,
969 1798 1050 1831 51001
1081 1799 1134 1831 11111
1171 1800 1268 1833 caris-

313 1849 380 1882 simi
400 1863 428 1881 ».
454 1850 540 1882 Sicut
563 1850 617 1882 filii
642 1850 793 1883 debemus
817 1851 917 1883 Deum
942 1851 1072 1891 imitari,
1089 1852 1164 1894 quia
1179 1862 1262 1886 acce-

312 1903 416 1944 pimus
437 1904 587 1946 qratiam
601 1903 694 1944 fidei,
712 1904 750 1936 de
766 1913 829 1946 qua
846 1904 967 1937 loannis
983 1905 1086 1946 primo
1098 1906 1125 1937 ⁵:
1149 1918 1164 1934 «
1176 1906 1266 1939 Dedit

312 1957 355 1989 eis
379 1960 561 1998 potestatem
597 1956 677 1989 filios
712 1957 767 1990 Dei
803 1957 890 1996 sieri,
917 1957 964 1990 his
987 1958 1042 2000 qui
1077 1958 1211 1991 credunt
1235 1958 1265 1991 in

312 2010 436 2042 nomine
459 2010 527 2042 eius
540 2023 569 2041 ».
594 2010 775 2052 Accepimus
792 2011 884 2043 etiam
901 2011 941 2043 ab
957 2019 993 2043 eo
1009 2011 1169 2052 spiritum
1185 2011 1266 2043 ado-

306 2062 430 2104 ptionis
445 2062 609 2104 filiorum,
627 2063 799 2095 secundum
824 2063 901 2095 illud
917 2063 955 2095 ad
973 2064 1124 2096 Romanos
1140 2066 1264 2096 octavo:

315 2128 329 2143 α
346 2116 411 2147 Νο11
433 2116 595 2157 accepistis
630 2116 775 2158 spiritum
811 2116 973 2149 servitutis
996 2117 1027 2148 in
1053 2117 1183 2155 timore,
1210 2116 1264 2149 sed

310 2168 454 2210 spiritum
470 2168 644 2210 adoptionis
659 2169 798 2202 filiorum
811 2183 841 2201 ».
860 2169 895 2201 Et
911 2169 980 2202 ideo
996 2169 1147 2202 debemus
1164 2169 1264 2201 Deum

310 2221 442 2260 imitari,
466 2222 547 2255 sicut
570 2222 654 2255 filius
678 2226 817 2264 patrem,
842 2222 1015 2256 secundum
1040 2222 1116 2255 illud
1141 2222 1264 2255 loannis

309 2275 458 2307 octavofl:
488 2288 504 2303 «
520 2276 550 2308 Si
574 2276 629 2308 filii
655 2276 795 2308 Abrahae
819 2276 911 2314 estis,
935 2284 1031 2317 opera
1055 2275 1196 2308 Abrahae
1220 2275 1264 2308 fa-

308 2327 367 2360 cite
384 2341 413 2359 ».
440 2346 480 2351 --
507 2328 541 2361 Et
565 2332 731 2370 propterea
754 2328 792 2361 ad
816 2329 998 2370 exemplum
1022 2328 1089 2361 eius
1112 2328 1264 2361 debemus

308 2381 430 2420 vivere;
455 2381 538 2423 quod
562 2382 720 2424 adiungit,
745 2391 816 2415 cum
841 2381 939 2414 addit:
966 2382 1054 2423 Quia
1087 2382 1154 2424 ipse
1178 2381 1264 2414 beni—

305 2443 393 2475 qnus
416 2428 463 2466 est
484 2444 585 2476 super
609 2435 760 2477 inqratos
783 2439 813 2468 et
835 2435 959 2473 malos,
984 2435 1157 2468 secundum
1186 2435 1264 2468 illud

308 2486 395 2518 loelis
419 2487 555 2519 secundo
568 2487 598 2519 ⁷:
621 2500 636 2515 α
650 2488 806 2529 Benignus
821 2491 854 2520 et
868 2488 1047 2521 misericors
1062 2492 1126 2527 est,
1143 2488 1264 2530 patiens

308 2541 338 2571 et
360 2539 477 2571 multae
500 2540 732 2573 misericordiae
763 2544 794 2573 et
830 2541 1025 2582 praestabilis
1055 2550 1151 2583 super
1175 2542 1263 2574 mali-

308 2590 396 2622 1101).
422 2591 457 2623 Et
492 2592 568 2624 haec
603 2592 777 2634 benignitas
812 2602 845 2626 se
875 2594 913 2626 ad
949 2595 1087 2636 ingratos
1111 2598 1141 2627 et
1164 2595 1263 2627 malos

307 2643 464 2681 extendit;
488 2644 526 2676 ad
550 2645 702 2677 Romanos
726 2646 880 2678 secundo:
910 2658 926 2675 «
942 2647 983 2678 An
998 2647 1153 2692 ignoras,
1178 2647 1261 2689 quod

308 2695 363 2727 Dei
387 2695 560 2737 benignitas
583 2697 619 2729 ad
644 2698 864 2738 poenitentiam
896 2702 927 2731 te
950 2699 1096 2732 adducit?
1128 2700 1175 2732 Tu
1206 2709 1262 2732 au-

310 2750 370 2780 tem
406 2749 577 2781 secundum
609 2749 756 2782 duritiam
791 2754 876 2783 tuam
905 2755 936 2784 et
966 2752 1173 2794 impoenitens
1208 2761 1262 2785 cor

379 2948 387 2963 ¹
408 2949 458 2975 Csr.
478 2950 546 2976 Alex.
566 2951 630 2982 Hal„
649 2952 675 2977 S.
695 2959 721 2983 p.
741 2952 776 2978 111.
795 2960 821 2985 q.
842 2954 883 2978 36.
905 2960 939 2978 m.
961 2954 983 2979 t.
1003 2961 1027 2980 a.
1050 2955 1074 2980 4.
1087 2968 1122 2974 -
1136 2955 1262 2987 Superius

307 2993 388 3019 ACD
407 2994 529 3020 omittunt
547 2994 733 3029 accipientem,
756 2995 804 3028 pro
824 3004 877 3030 quo
897 2998 918 3023 Η
938 2997 1029 3030 illum,
1043 2999 1088 3032 qui
1102 2999 1180 3025 etiam
1199 2999 1261 3025 5011-

307 3038 368 3064 inde
387 3046 435 3070 pro
454 3040 479 3065 et
496 3038 552 3065 ideo
570 3039 635 3072 facit
653 3040 786 3067 substituit
804 3043 830 3068 et
848 3041 904 3068 ideo
924 3044 1032 3069 mutuat
1048 3041 1106 3069 sibi.

377 3081 388 3096 ⁵¹
407 3083 481 3109 Vers.
502 3085 525 3109 2.
544 3097 579 3103 —
598 3085 720 3117 Sequitur
739 3086 779 3111 Ps.
800 3086 848 3117 30,
869 3087 912 3112 20.

377 3125 388 3140 ⁹
407 3128 481 3153 Vers.
500 3128 524 3153 9.
544 3131 568 3154 et
587 3128 642 3154 lsai.
663 3129 708 3162 64,
731 3129 755 3155 4.

376 3169 386 3184 ⁴
407 3172 480 3197 Vers.
500 3173 524 3198 1.

376 3213 387 3228 ⁶
406 3216 479 3241 Vers.
499 3217 540 3242 12.
559 3230 594 3235 —-
613 3217 729 3244 Subinde
748 3219 875 3251 allegatur
894 3220 974 3246 Rom..
989 3221 1019 3251 8,
1041 3220 1082 3247 15.

368 3256 382 3272 '⁵
402 3259 476 3287 Vere,
495 3260 536 3285 39.
557 3274 590 3278 —-
609 3261 738 3294 Ambros.,
759 3263 789 3288 V.
810 3263 834 3288 111
854 3264 915 3289 Luc.
934 3271 959 3289 n.
979 3264 1070 3290 782Et
1084 3266 1183 3298 tamen,
1197 3272 1260 3298 quo-

306 3303 375 3329 niam
395 3303 478 3329 studia
499 3304 553 3335 ipsa
571 3301 708 3331 'virtutum
733 3307 788 3332 sine
813 3308 1022 3335 remuneratione
1050 3312 1214 3342 torpescunt,
1235 3312 1260 3336 et

305 3347 454 3379 exemplum
473 3347 549 3373 nobis
567 3349 650 3375 attulit
669 3353 694 3375 et
713 3351 862 3377 mercedem
881 3353 1022 3384 spopondit
1048 3360 1062 3379 e
1082 3354 1167 3385 caelo,
1193 3354 1259 3380 111105

305 3390 353 3416 Dei
372 3392 471 3417 tuturos
498 3392 636 3424 pollicens,
665 3394 711 3426 qui
740 3395 832 3420 suerint
860 3395 1001 3423 imitatores
1028 3397 1094 3423 eius.
1119 3398 1169 3430 Qui
1188 3398 1258 3424 enim

307 3434 408 3461 1051111111
426 3434 459 3461 ad
478 3436 624 3467 praemium
644 3437 758 3463 fastidire
776 3446 827 3464 non
847 3439 925 3466 debet
942 3441 1090 3468 exemplum
1110 3445 1157 3468 etc.

914 282 1105 314 COMMENT.
1131 284 1167 315 IN
1190 283 1427 316 EVANGELIUM
1452 284 1567 317 LUCAE
1591 285 1623 316 C.
1649 285 1696 316 Vl.

1334 372 1529 404 thesaurizas
1553 372 1608 404 tibi
1632 372 1712 405 iram
1733 372 1765 405 in
1789 372 1839 405 die
1863 373 1928 405 irae
1944 377 1975 405 et
1991 374 2189 407 revelationis
2212 376 2285 408 iusti

1334 424 1439 457 iudicii
1464 425 1537 463 Dei,
1569 425 1623 467 qui
1656 425 1757 458 reddit
1787 425 1959 468 unicuique
1989 427 2162 459 secundum
2193 437 2288 469 opera

1333 477 1444 510 eius».
1471 477 1506 510 Et
1529 480 1696 519 propterea
1719 478 1834 511 dicitur
1850 478 2004 511 secundae
2027 479 2066 511 ad
2089 480 2287 513 Timotheum

1333 530 1469 562 tertioss:
1500 543 1515 558 «
1531 531 1600 562 Mali
1631 534 1663 563 et
1697 530 1878 564 seductores
1910 531 2073 573 proficient
2096 532 2127 565 in
2151 533 2241 576 peius
2256 546 2288 573 »3

1333 583 1535 616 Ecclesiastae
1558 587 1681 617 octavo:
1712 597 1727 612 α
1741 584 1877 622 Etenim,
1901 584 1976 626 quia
1998 594 2059 617 non
2085 586 2204 628 profert
2227 586 2288 619 cito

1334 638 1444 667 contra
1466 636 1564 669 malos
1587 637 1790 675 sententiam,
1815 636 1869 669 filii
1894 637 2056 670 hominum
2080 638 2199 680 absque
2222 638 2288 671 ullo

1333 687 1446 720 timore
1469 692 1652 730 perpetrant
1678 690 1760 722 mala
1775 703 1806 721 n.
1830 689 1875 722 Ab
1898 690 1947 722 his
1970 690 2117 723 omnibus
2142 691 2230 724 malis
2253 691 2289 724 11-

1333 739 1422 772 berat
1445 744 1476 772 et
1499 741 1598 773 salvat
1620 741 1726 774 divina
1749 741 1941 783 benignitas,
1966 742 2123 776 excedens
2146 747 2287 776 nostram

1333 792 1500 832 malitiam;
1517 793 1556 825 ad
1580 794 1684 826 Titum
1702 794 1794 827 tertio
1808 794 1835 827 ⁹:
1857 807 1873 823 (τ
1890 795 2041 837 Apparuit
2061 795 2235 838 benignitas
2258 800 2289 829 et

1334 845 1512 878 humanitas
1535 846 1704 879 Salvatoris
1727 847 1825 880 nostri
1851 848 1906 880 Dei
1920 861 1949 880 n.

1422 899 1474 931 86.
1500 899 1600 940 (Vers.
1626 900 1702 937 363.
1730 902 1836 934 Estote
1866 911 1943 943 erqo
1977 902 2207 935 misericordes
2230 907 2287 936 010.

1334 951 1499 993 Postquam
1523 953 1716 994 evangelicas
1749 954 1832 996 leges
1855 954 2067 996 promulgavit
2091 959 2122 988 et
2145 956 2289 997 probavit

1333 1007 1365 1036 et
1387 1004 1480 1036 etiam
1505 1005 1653 1038 resumsit
1677 1015 1750 1038 cum
1774 1006 1894 1039 ratione
1918 1010 2078 1046 movente,
2097 1008 2148 1041 hic
2166 1008 2288 1041 tandem

1333 1057 1497 1090 concludit
1505 1068 1570 1100 pro
1582 1058 1795 1092 retributione
1811 1064 2019 1103 consequente
2029 1060 2065 1099 ¹⁰,
2079 1070 2174 1103 quam
2186 1064 2289 1094 osten-

1333 1110 1379 1143 dit
1402 1111 1490 1152 sequi
1514 1120 1610 1152 opera
1633 1114 1741 1144 nostra
1763 1112 1793 1144 10
1810 1112 1970 1145 sententia
1984 1112 2157 1152 iudiciali,
2174 1114 2205 1146 in
2220 1115 2289 1157 ylo-

1333 1163 1390 1195 ria
1406 1163 1535 1196 caelesti
1549 1167 1580 1196 et
1596 1164 1628 1196 10
1642 1174 1750 1206 poena
1766 1164 1930 1207 infernali
1937 1177 1949 1203 ;
1965 1165 1997 1198 in
2014 1166 2138 1199 iudicio
2162 1167 2288 1208 quidem

1333 1219 1478 1257 respectu
1502 1217 1739 1256 universorum,
1757 1217 1787 1249 in
1800 1218 1954 1259 praemio
1971 1221 2117 1260 respectu
2133 1219 2288 1252 bonorum

1333 1272 1364 1301 et
1387 1269 1418 1301 in
1442 1269 1604 1311 supplicio
1629 1273 1773 1311 respectu
1797 1273 2008 1311 peccatorum.

1421 1322 1584 1355 Concludit
1614 1323 1711 1365 igitur
1744 1323 1863 1365 primo,
1898 1324 1982 1365 quod
2017 1324 2167 1358 debemus
2198 1335 2289 1368 prae-

1333 1375 1428 1408 missa
1451 1375 1596 1408 mandata.
1619 1376 1749 1417 implere
1772 1376 1945 1409 secundum
1981 1376 2112 1410 formam
2135 1380 2290 1419 praescri-

1333 1431 1434 1471 ptam,
1456 1429 1678 1471 praedicendo
1702 1429 1892 1462 iudicialem
1915 1430 2128 1469 sententiam,
2145 1440 2218 1464 cum
2242 1432 2288 1465 di-

1332 1482 1391 1515 cit:
1420 1483 1522 1515 Estote
1545 1492 1623 1525 erqo
1646 1482 1892 1521 misericordes,
1917 1483 2035 1516 scilicet
2058 1483 2089 1515 in
2110 1484 2289 1518 exhibendo

1332 1543 1388 1567 vos
1410 1535 1564 1576 proximis
1599 1535 1781 1574 benevolos,
1803 1535 1961 1577 pacificos
1991 1539 2023 1569 et
2058 1535 2232 1578 beneficos;
2255 1538 2286 1570 in

1332 1597 1396 1630 quo
1420 1588 1518 1630 tangit
1541 1588 1760 1620 mandatorum
1792 1588 2025 1630 praedictorum
2055 1588 2286 1623 substantiam.

1334 1660 1373 1663 —
1400 1640 1492 1673 Sicut
1521 1645 1551 1673 et
1581 1641 1684 1673 Pater
1715 1645 1819 1673 vester
1849 1641 2040 1674 misericors
2071 1646 2136 1681 est,
2160 1643 2191 1675 in
2224 1653 2288 1686 quo

1331 1694 1430 1736 tangit
1452 1693 1601 1736 formam
1623 1694 1691 1726 sive
1722 1694 2007 1734 circumstantiam,
2031 1695 2106 1736 quia
2136 1695 2203 1737 ipse
2225 1705 2286 1729 non

1332 1749 1453 1779 tantum
1493 1746 1601 1779 amicis
1617 1772 1624 1784 ,
1660 1746 1714 1779 sed
1744 1746 1931 1779 adversariis
1962 1746 2189 1780 condescendit.
2226 1749 2287 1782 Hoc

1331 1799 1448 1841 quippe
1482 1799 1694 1832 necessarium
1726 1802 1789 1838 est,
1821 1799 1994 1832 secundum
2031 1800 2108 1833 illud
2142 1802 2285 1835 Matthaei

1330 1852 1450 1885 decimo
1473 1856 1583 1885 octavo
1598 1853 1638 1884 ¹1:
1668 1865 1683 1881 «
1700 1851 1864 1894 Oportuit,
1889 1856 1920 1885 et
1936 1856 1966 1886 te
1983 1853 2126 1887 misereri
2143 1855 2285 1888 conservi

1440 1908 1503 1938 cut
1534 1908 1566 1938 01
1595 1914 1652 1947 ego
1676 1905 1722 1937 tui
1755 1905 1905 1938 misertus
1935 1915 2052 1939 sum».
2086 1907 2171 1941 Unde
2202 1908 2286 1941 illam

1330 1958 1576 1991 misericordiam
1600 1958 1713 2000 exigit,
1738 1967 1832 2001 quam
1864 1959 2030 2001 impendit;
2059 1964 2090 1993 et
2113 1961 2285 1994 secundum

1330 2011 1414 2043 illam
1437 2019 1532 2052 quam
1556 2011 1783 2052 impendimus,
1807 2012 1839 2044 in
1863 2012 1977 2045 iudicio
2000 2013 2159 2055 rependit,
2176 2023 2286 2047 secun-

1329 2064 1404 2097 dum
1436 2063 1513 2096 illud
1545 2064 1748 2097 Ecclesiastici
1780 2068 1911 2107 quarto:
1940 2078 1956 2094 <x
1973 2066 2005 2098 In
2030 2066 2195 2100 iudicando
2218 2071 2285 2101 esto

1328 2116 1456 2158 pupillis
1478 2116 1658 2150 misericors
1682 2121 1717 2150 ut
1741 2121 1844 2160 pater,
1868 2122 1899 2151 et
1923 2128 1980 2160 pro
2008 2119 2076 2152 viro
2101 2121 2193 2153 matri
2218 2121 2286 2153 illo-

1329 2179 1418 2209 rum;
1443 2173 1474 2203 et
1496 2170 1559 2204 eris
1582 2174 1617 2203 tu
1642 2171 1728 2204 velut
1751 2171 1836 2205 filius
1859 2172 2020 2212 Altissimi,
2038 2176 2068 2205 et
2084 2173 2285 2207 miserebitur

1329 2223 1374 2256 tui
1398 2223 1497 2266 magis
1521 2234 1616 2266 quam
1641 2228 1741 2258 mater
1758 2237 1788 2265 »;
1807 2225 1905 2259 lacobi
1922 2228 2074 2261 secundo:
2105 2227 2283 2260 «Iudicium

1328 2277 1394 2309 sine
1418 2277 1632 2311 misericordia
1655 2278 1682 2312 ei
1706 2279 1761 2321 qui
1785 2288 1847 2312 non
1862 2279 1971 2313 fecerit
1990 2281 2236 2314 misericordiam
2253 2294 2283 2312 ιο.

1417 2330 1453 2363 Ε1
1476 2330 1545 2364 ideo
1568 2331 1653 2364 addit
1681 2331 1928 2366 retributionem
1960 2333 2080 2367 iudicii
2101 2342 2285 2376 correspon-

1327 2383 1452 2417 dentem
1475 2384 1624 2426 operibus
1648 2385 1750 2418 meriti
1775 2386 1949 2419 secundum
1972 2386 2211 2429 quadruplicem
2226 2385 2284 2419 dif-

1327 2437 1490 2470 ferentiam
1514 2441 1621 2477 actus,
1653 2438 1771 2472 scilicet
1799 2439 1990 2478 iudicandi,
2022 2438 2282 2479 condemnandi,

1326 2490 1513 2523 dimittendi
1536 2494 1568 2524 et
1590 2491 1740 2524 donandi
1747 2504 1758 2530 ;
1782 2501 1919 2534 quorum
1943 2492 2066 2534 primus
2096 2496 2143 2525 est
2171 2492 2283 2541 aequi-

1328 2542 1424 2581 tatis,
1450 2544 1614 2577 secundus
1631 2545 1831 2584 severitatis,
1857 2545 1970 2578 tertius
1989 2545 2124 2587 pietatis
2140 2549 2171 2578 et
2188 2554 2282 2588 quar-

1326 2598 1378 2628 tus
1402 2595 1621 2629 liberalitatis.

1415 2648 1466 2679 87.
1493 2648 1593 2688 (Vers.
1627 2649 1703 2691 37.).
1734 2650 1871 2683 Primum
1903 2653 2031 2683 notatur
2054 2659 2127 2683 cum
2159 2650 2280 2683 subdit:

1327 2699 1431 2733 Nolite
1465 2701 1634 2741 iudicare,
1670 2708 1700 2735 et
1736 2713 1802 2736 non
1841 2703 2076 2736 iudicabimini
2090 2715 2102 2741 ;
2137 2703 2280 2736 Matthaei

1327 2753 1498 2795 5011111110η
1533 2754 1665 2788 dicitur:
1695 2757 1766 2789 «111
1803 2766 1866 2799 quo
1901 2756 2015 2789 iudicio
2051 2756 2279 2796 iudicaveritis,

1395 2953 1405 2969 ⁷
1426 2956 1499 2982 Vei-s.
1522 2958 1563 2983 13.
1587 2972 1620 2976 -
1639 2958 1762 2991 Sequitur
1781 2959 1856 2984 Rom.
1877 2958 1905 2990 2,
1926 2957 1980 2983 4-6.

1396 2998 1407 3013 ⁸
1427 3001 1501 3026 Vers.
1521 3002 1567 3033 13,
1587 3006 1646 3034 post
1665 3009 1744 3035 quem
1764 3002 1847 3028 Eccle.
1867 3002 1897 3032 8,
1917 3002 1958 3026 11.
2132 3001 2143 3016 ⁹
2162 3004 2235 3029 vers.
2256 3004 2279 3030 4.

1396 3043 1418 3059 ¹⁰
1439 3045 1509 3071 Vat.:
1529 3045 1572 3073 hic
1591 3045 1699 3074 tandem
1718 3045 1847 3073 Salvator
1869 3047 1959 3072 noster
1985 3045 2120 3073 concludit
2135 3054 2186 3081 per
2203 3047 2278 3075 retri-

1325 3087 1457 3116 butionem
1477 3093 1694 3125 consequentem,
1713 3097 1782 3124 quae
1809 3090 1887 3116 etiam
1917 3089 2030 3116 subinde
2057 3091 2169 3117 vocibus
2196 3099 2278 3126 opera

1324 3135 1419 3160 nostra
1438 3135 1559 3168 praefigit
1578 3134 1648 3162 bona
1666 3137 1691 3162 et
1709 3134 1839 3162 virtuosa.
1860 3135 1986 3167 Superius
2014 3136 2073 3161 voci
2093 3136 2239 3170 Postquam
2257 3137 2278 3163 H

1324 3177 1397 3204 addit
1415 3178 1552 3206 Salvator.

1395 3222 1415 3237 ¹¹
1436 3223 1511 3250 Vers.
1530 3224 1572 3250 33.
1591 3237 1627 3243 -
1646 3224 1703 3250 Duo
1721 3230 1795 3256 seqq.
1824 3223 1873 3249 loci
1891 3226 1953 3249 sunt
1972 3223 2047 3249 Eccli.
2068 3223 2097 3255 4,
2118 3224 2158 3249 10.
2178 3231 2233 3258 seq.
2253 3228 2278 3251 et

1323 3267 1373 3293 lac.
1392 3268 1415 3293 2.
1436 3268 1478 3294 13,
1497 3281 1532 3287 -
1550 3268 1677 3301 Superius
1701 3267 1811 3294 vocibus
1829 3267 1876 3295 sed
1886 3267 2040 3294 adversarii
2058 3268 2110 3294 BH
2122 3268 2277 3295 interserunt

1322 3309 1412 3337 etiam.
1440 3333 1443 3335 .

1394 3353 1416 3369 ¹²
1435 3356 1510 3382 Vers.
1529 3357 1553 3382 2.
1567 3370 1603 3375 —
1616 3356 1742 3388 Superius
1761 3363 1810 3388 pro
1828 3355 1953 3383 Primum
1965 3358 2089 3389 notatur,
2110 3363 2171 3384 cum
2189 3356 2278 3384 subdit

1321 3399 1343 3424 H
1364 3399 1502 3432 Quantum
1520 3400 1557 3426 ad
1571 3399 1695 3434 primum
1714 3399 1790 3433 dicit,
1813 3400 1870 3426 Vnt.
1889 3399 2097 3427 Retributionem
2114 3408 2165 3435 per
2185 3403 2276 3428 actum

1322 3442 1460 3470 iudicandi
1477 3443 1605 3471 describit
1617 3443 1724 3477 primo,
1743 3450 1806 3471 cum
1824 3443 1956 3471 subditur.

2313 908 2345 930 De
2360 911 2433 936 quarto

2316 937 2429 983 mill&

2303 1330 2383 1356 Primo,
2392 1336 2450 1357 prae-

2330 1356 2383 1387 dicit
2398 1357 2449 1378 indi-

2331 1388 2395 1404 cium.

2304 2333 2379 2356 1001011
2388 2339 2434 2355 000-

2313 2361 2381 2382 1001111
2394 2365 2427 2382 re-

2297 2387 2387 2413 spondet
2396 2392 2446 2414 qua-

2314 2415 2361 2461 1,οῗ
2374 2414 2425 2435 acti-

2357 2445 2389 2462 us.

2297 2652 2328 2673 De
2343 2652 2362 2674 1.
2379 2654 2435 2674 actu.
