2476 3921
52 775 167 798 Difficultas

62 802 156 824 solvitur.

38 1684 158 1706 Confutatio

28 1711 166 1738 superborum

41 1737 153 1765 tripliciter

31 1764 165 1786 describitur.

33 2326 111 2353 Primo,
127 2333 161 2348 su-

39 2354 112 2381 perbia
126 2360 161 2376 eo·

37 2386 83 2401 rum
102 2381 160 2403 dete-

39 2407 108 2434 gitur.⁴

792 196 986 229 COMMENT.
1013 196 1048 228 lN
1073 195 1311 229 EVANGELlUM
1337 196 1454 229 LUCAE
1477 197 1509 229 C.
1537 197 1570 229 V.

189 289 367 323 convivium
391 287 507 320 Christi
534 290 642 320 vocata
664 286 806 328 designat
838 285 915 318 illud
939 283 1152 326 implendum,

189 342 273 385 quod
296 342 413 375 dicitur
437 340 582 374 Matthaei
606 343 734 373 octavo:
763 353 778 368 n
796 339 883 372 Multi
907 338 947 371 ab
970 338 1091 371 oriente
1122 341 1154 370 et

188 396 348 429 occidente
372 395 498 428 venient
521 397 552 427 et
576 393 761 427 recumbent
784 402 857 426 cum
874 392 1029 425 Abraham
1054 392 1085 424 in
1104 401 1152 424 re-

188 459 249 492 gno
265 449 442 487 caelorum;
460 448 513 480 filii
537 451 643 480 autem
662 447 749 489 regni
766 446 933 479 eiicientur
957 445 987 478 in
1006 444 1152 478 tenebras

188 503 364 536 exteriores
388 514 419 540 »;
446 501 528 534 unde
557 500 708 543 vigesimo
739 500 860 543 primo:
889 511 906 528 α
931 499 1089 532 Publicani
1121 501 1153 532 et

187 559 367 598 peccatores
391 555 578 597 praecedent
602 563 700 587 vos».
727 554 762 586 Et
786 554 817 586 in
835 554 932 586 huius
955 553 1091 595 figuram
1106 553 1152 586 di-

187 610 270 642 citur
293 609 375 642 infra
390 609 511 642 decimo
526 610 547 647 ¹,
564 608 649 650 quod
678 621 693 636 «
711 608 825 640 mulier
841 607 1013 650 quaedam,
1032 607 1152 639 Martha

186 662 326 701 nomine,
351 662 477 704 excepit
501 661 637 694 illumin
662 661 790 694 domum
815 670 922 700 suam,
946 663 978 693 et
994 660 1069 693 huic
1083 664 1152 693 erat

187 725 288 754 soror,
313 715 438 748 nomine
462 716 559 748 Maria
573 728 604 747 ».

276 768 328 801 74.
353 768 412 801 Sed
437 768 512 802 huic
543 768 670 802 videtur
698 768 827 801 obviare
859 768 937 801 illnd
961 768 1081 810 primae
1112 768 1150 800 ad

184 821 542 863 Corinthiosquint02:
573 821 630 854 «Si
655 821 728 863 quis
751 821 849 857 frater
873 821 1054 854 nominatus
1070 821 1151 853 inter

185 883 240 908 vos
263 879 311 907 est
334 874 504 908 fornicator
535 878 591 907 aut
621 883 752 912 avarus,
777 883 849 907 cum
880 874 1060 907 huiusmodi
1094 883 1151 907 nec

185 929 290 962 cibum
315 937 441 962 sumere
457 942 488 961 ».
506 948 550 952 —
566 928 623 961 Sed
649 927 726 960 illud
742 928 859 961 dicitur
884 928 1036 967 infirmis,
1054 937 1093 961 ne
1109 937 1149 961 ex

184 981 266 1014 mala
301 981 586 1014 communicatione
621 985 889 1023 corrumpantur,
925 981 999 1024 quia
1033 981 1150 1014 dicitur

185 1035 389 1068 Ecclesiastici
421 1034 544 1067 decimo
575 1034 711 1067 tertio³:
741 1048 756 1063 a
774 1035 833 1076 Qui
869 1035 1152 1068 communicaverit

184 1088 322 1130 superbo
339 1087 447 1120 induet
463 1088 645 1130 superbiam
662 1101 692 1119 ».
719 1087 774 1120 Vel
797 1091 884 1120 certe
907 1088 1024 1121 dicitur
1040 1088 1078 1121 de
1096 1097 1151 1129 pu-

184 1141 273 1175 blicis
303 1141 469 1174 obstinatis
492 1144 524 1174 et
554 1141 723 1179 convictis,
755 1141 930 1174 secundum
959 1141 1044 1184 quod
1075 1141 1150 1174 dicit

183 1195 300 1228 Glossa.
326 1195 359 1227 Hi
376 1198 482 1227 autem
506 1198 653 1237 poterant
673 1195 850 1236 praesentia
873 1194 989 1232 Christi
1017 1194 1150 1227 conteri.

183 1249 269 1282 Unde
293 1248 500 1290 Hieronymus
512 1250 543 1280 ⁴:
573 1261 588 1277 ε(
607 1248 670 1281 {bat
689 1248 773 1281 lesus
788 1248 826 1280 ad
843 1248 986 1281 convivia
1007 1252 1148 1290 peccato-

184 1311 255 1334 rum
264 1328 271 1340 ,
286 1305 321 1334 ut
332 1301 526 1334 occasionem
545 1301 676 1334 haberet
688 1301 819 1333 docendi
832 1304 863 1333 et
876 1301 1057 1343 spirituales
1070 1301 1148 1334 invi—

182 1355 338 1387 tatoribus
350 1354 416 1387 suis
433 1354 599 1396 praeheret
614 1353 709 1386 cibos.
728 1354 888 1396 Denique,
905 1363 978 1387 cum
1000 1354 1151 1397 frequen-¹

183 1412 231 1441 ter
248 1417 379 1450 pergere
395 1408 433 1441 ad
450 1407 593 1441 convivia
615 1407 833 1446 describatur,
850 1408 929 1440 nihil
946 1408 1030 1441 aliud
1049 1409 1147 1441 refer-

182 1466 246 1500 tur,
259 1461 396 1503 quodibi
411 1461 530 1500 fecerit,
544 1461 601 1493 nisi
620 1460 704 1503 quod
721 1460 876 1500 docuerit,
890 1465 969 1494 utet
986 1462 1148 1507 humilitas

182 1515 303 1548 Domini
329 1515 433 1548 eundo
456 1515 494 1547 ad
530 1518 728 1557 peccatores,
752 1517 784 1546 et
815 1515 955 1556 potentia
986 1515 1147 1548 doctrinae

181 1569 250 1603 eius
273 1569 304 1602 in
328 1568 532 1602 conversione
557 1568 784 1610 poenitentium
808 1568 1092 1601 demonstretur».

272 1624 324 1655 75.
353 1624 391 1655 Ec
413 1621 677 1655 murmurabant
701 1625 759 1654 etc.
785 1622 913 1664 Supra⁵
937 1623 1000 1664 egit
1031 1623 1070 1656 de
1093 1632 1146 1655 vo-

182 1678 304 1711 catione
329 1680 549 1719 peccatorum;
574 1676 604 1708 in
632 1676 690 1708 hac
725 1679 814 1717 parte
838 1676 902 1718 agit
929 1676 968 1709 de
992 1675 1146 1719 confuta-

182 1731 268 1764 tione
290 1730 531 1773 superborum,
567 1729 733 1772 quoniam,
759 1729 841 1762 sicut
871 1729 946 1762 dicit
981 1731 1146 1772 Apostolus

180 1785 301 1827 primae
324 1785 362 1817 ad
386 1784 565 1817 Corinthios
589 1783 708 1826 prim0,
738 1796 753 1811 «ε
768 1783 895 1816 infirma
918 1784 1027 1816 mundi
1052 1784 1146 1826 elegit

181 1839 280 1877 Deus,
304 1841 341 1871 ut
364 1838 535 1871 confundat
557 1837 667 1876 fortia,
691 1841 722 1869 et
747 1837 895 1879 ignobilia
911 1841 942 1870 et
958 1838 1145 1880 contempti-

181 1892 257 1925 bilia
279 1891 387 1924 mundi
420 1892 514 1934 elegit
537 1892 639 1930 Deus,
663 1894 694 1924 et
726 1899 762 1923 ea
785 1899 867 1932 quae
892 1900 953 1923 non
978 1894 1070 1931 sunt,
1108 1896 1144 1925 ut

180 1954 216 1978 ea
246 1954 328 1988 quae
356 1942 449 1984 sunt,
473 1945 670 1984 destrueret,
696 1948 730 1977 ut
766 1953 828 1977 non
864 1944 1018 1986 glorietur
1043 1945 1145 1978 omnis

180 2008 253 2032 caro
275 1999 308 2031 in
333 2003 503 2041 conspectu
520 1999 589 2032 eius
606 2013 636 2031 ».
654 1998 849 2032 Describitur
866 2006 942 2040 ergo
958 1997 1143 2041 confutatio

182 2051 450 2085 Pharisaeorum
475 2053 726 2095 superbientium
750 2051 789 2085 de
814 2052 951 2094 propriis
976 2052 1097 2085 meritis
1113 2057 1144 2085 et

181 2109 303 2140 ceteros
327 2106 595 2139 contemnentium
619 2107 678 2139 hoc
710 2105 829 2139 ordine.
863 2105 938 2138 Nam
964 2105 1066 2147 primo
1090 2115 1143 2138 su-

179 2160 288 2202 perbia
311 2169 422 2193 eorum
447 2160 626 2204 decipitur,-
651 2160 788 2194 secundo
818 2159 941 2193 detecta
967 2159 1144 2201 redaryui-

180 2219 258 2252 tur;
281 2214 375 2247 tertio
400 2214 570 2256 redarguta
592 2215 758 2247 deiicitur.

269 2269 321 2300 76.
346 2268 446 2309 (Vers.
472 2268 550 2310 30.).
577 2268 746 2311 Deceqicur
762 2277 838 2310 ergo
862 2268 965 2310 primo
988 2276 1029 2300 ex
1054 2276 1142 2301 mur-

179 2331 271 2354 mure
300 2321 497 2364 loquacitatis
532 2323 695 2365 propriae;
732 2325 763 2355 et
798 2323 857 2355 hoc
893 2324 1039 2360 notatur,
1068 2330 1142 2354 cum

179 2375 273 2408 dicit:
300 2376 340 2408 Ec
370 2375 636 2409 murmurabant
668 2375 849 2409 Pharisaei
878 2379 906 2408 et
932 2374 1063 2408 scribae
1091 2385 1142 2407 eo-

179 2438 269 2467 rum,
287 2432 396 2463 contra
420 2429 584 2462 consilium
610 2430 781 2472 Sapientis,
806 2429 980 2472 Sapientiae
997 2429 1099 2471 primo
1112 2429 1140 2461 ⁶:

184 2482 372 2515 «Custodite
404 2492 459 2515 vos
490 2492 509 2515 a
543 2484 813 2523 murmuratione,
845 2492 926 2526 quae
958 2483 1036 2515 nihil
1068 2492 1141 2524 pro-

178 2535 263 2574 dest,
288 2540 319 2569 et
350 2546 368 2569 a
400 2536 739 2579 detractione-parcite
764 2538 935 2580 linguae».
968 2536 1057 2578 Quod
1090 2536 1140 2569 isti

179 2599 241 2622 non
266 2589 438 2630 faciebant;
464 2591 547 2624 unde
571 2595 602 2624 et
626 2591 788 2624 subditur:
817 2591 1004 2624 Dicenteffl:
1029 2590 1141 2631 Quare
1172 2619 1176 2625 ,

250 2811 258 2825 ¹
280 2811 354 2838 Vers.
376 2812 417 2837 38.
437 2815 463 2838 et
482 2813 524 2838 39.
968 2812 979 2827 ³
999 2813 1073 2839 Vers.
1093 2814 1138 2840 Μ.

252 2853 262 2869 ³
279 2856 354 2882 Vers.
377 2857 400 2882 l.
421 2870 453 2874 —-
473 2857 563 2883 Glossa
582 2856 726 2884 ordinaria
740 2858 763 2883 in
785 2859 801 2884 l.
821 2858 880 2885 Cor.
893 2858 931 2890 5,
952 2859 1000 2884 ll:
1021 2859 1141 2884 Eamne·

178 2900 349 2927 minationem
374 2901 457 2927 voluit
481 2902 586 2933 intelligi
606 2902 759 2934 Apostolus,
785 2910 854 2935 quae
878 2903 906 2929 nt
931 2904 957 2928 in
976 2910 1139 2936 quemquam

178 2952 239 2971 cum
260 2938 386 2971 senten'tta
412 2948 438 2971 et
456 2946 550 2972 ordine
575 2946 710 2973 iudiciario
730 2951 809 2980 utque
829 2948 975 2980 integritate
1000 2949 1140 2980 profertur.

177 2990 241 3016 Nam
261 2990 281 3016 si
301 2990 434 3023 quaelibet
450 2991 594 3017 nominatio
614 2992 721 3023 sufficit,
741 2992 814 3018 multi
828 2992 969 3018 damnandi
990 2996 1050 3018 sunt
1069 2993 1140 3018 inno-

177 3038 279 3066 centes,
297 3035 359 3068 quia
386 3043 464 3068 saepe
484 3036 546 3062 salso
567 3036 590 3061 in
610 3042 747 3070 quoquam
767 3037 876 3063 crimina
895 3038 1061 3063 nominantur
1087 3041 1136 3063 etc.

176 3079 228 3107 Cir.
248 3080 314 3106 Petr.
334 3079 488 3113 Lombard„
508 3081 533 3106 in
552 3081 666 3107 eundem
680 3082 742 3108 loc.:
761 3081 793 3109 Si
810 3081 833 3108 is
846 3082 894 3116 qui
911 3082 1070 3109 nominatur
1083 3083 1139 3117 fra-

177 3127 226 3157 ter,
247 3125 294 3151 etsi
315 3132 367 3151 non
386 3125 430 3157 sit,
450 3127 489 3152 est
512 3125 673 3159 fornicator.
698 3126 865 3152 nominabilis
890 3131 916 3153 et
934 3128 1089 3154 manifestus
1114 3131 1139 3153 et

178 3169 240 3194 falce
259 3169 411 3201 evangelica
430 3169 565 3201 praecisus
577 3171 619 3195 vel
638 3173 743 3196 notatus
762 3174 810 3197 etc.

247 3212 257 3227 ¹
277 3213 332 3240 Lib.
352 3215 370 3240 l.
389 3213 535 3240 Comment.
555 3214 579 3240 in
600 3214 736 3247 Matius,
754 3216 797 3241 43.
812 3216 861 3241 Pro
880 3215 949 3242 nihil
960 3215 1038 3243 aliud
1056 3216 1138 3250 rescr-

176 3260 231 3290 tur,
256 3257 329 3292 quod
355 3258 391 3285 itn·
416 3259 520 3293 fecerit,
549 3259 603 3286 nisi
629 3259 701 3294 quod
725 3259 861 3293 docuertt,
891 3264 976 3287 textus
1003 3261 1137 3293 originalis

178 3302 268 3334 (quem
288 3303 407 3336 sequitur
428 3303 495 3337 Vct.)
515 3303 586 3330 nillil
602 3304 722 3338 refertur
741 3304 832 3337 aliud,
854 3304 909 3331 nisi
927 3305 991 3339 quid
1015 3304 1052 3331 ibi
1072 3305 1136 3338 sece-

177 3345 227 3378 ril,
246 3346 312 3380 quid
336 3347 470 3379 docuerit,
490 3348 536 3381 qui
555 3348 633 3374 etium
658 3348 686 3374 in
704 3349 756 3374 ssne
775 3356 824 3381 pro
849 3348 1050 3376 demonstretur
1068 3350 1138 3375 exhi-

177 3389 222 3415 bet
244 3389 485 3417 demonstraretur.
508 3404 544 3410 —
567 3392 693 3422 Superius
716 3399 765 3423 pro
783 3393 910 3424 poterant
923 3392 1080 3424 praesentia
1105 3392 1135 3425 [Η

2114 201 2170 234 131

1216 294 1292 317 cum
1314 285 1506 327 publicanis
1529 290 1558 318 et
1579 287 1810 328 peccatoribus·
1840 290 2056 322 manducatis
2080 295 2107 322 et
2131 290 2176 323 bi-

1215 337 1317 371 bitis?
1342 338 1427 371 Unde
1452 347 1512 371 non
1545 343 1690 380 poterant
1722 341 1867 374 mordere
1891 342 1921 374 in
1955 346 2082 384 peceato
2109 353 2178 385 pro-

1217 391 1301 434 prio,
1325 391 1513 424 mordebant
1548 396 1651 426 tamen
1687 402 1728 425 ex
1763 394 1883 433 alieno;
1922 396 1979 428 hoc
2012 396 2095 428 enim
2130 401 2178 429 est

1189 445 1352 477 vhominis
1386 445 1501 488 iniqui;
1539 446 1741 479 Ecclesiastici
1779 447 1961 481 undecimo:
1996 450 2111 482 «Bona
2146 451 2176 482 in

1215 499 1298 531 mala
1331 503 1537 539 convertens,
1574 500 1738 533 insidiatur
1773 505 1804 533 et
1839 502 1870 534 in
1904 503 2013 535 electis
2047 504 2178 545 imponit

1216 553 1371 585 maculam
1389 566 1420 585 ιι.
1447 553 1478 585 ln
1514 554 1573 586 hoc
1604 554 1821 587 manifestatur
1854 556 2092 589 Pharisaeorum
2125 567 2177 589 su-

1215 606 1339 648 perbia,
1368 607 1444 648 qnia
1478 616 1512 640 se
1548 617 1609 640 non
1646 608 1834 650 reputabant
1865 613 2054 650 peccatores.
2092 611 2177 643 Unde

1214 660 1321 693 Glossa
1334 660 1366 693 ⁸:
1388 673 1403 689 «
1421 661 1595 703 Dupliciter
1612 665 1758 703 peccant,
1776 666 1807 694 et
1822 662 1897 704 quia
1914 667 2043 704 putant,
2061 673 2094 697 se
2110 674 2178 697 esse

1215 714 1332 753 iustos,
1357 724 1430 747 cum
1462 715 1525 748 sint
1556 716 1703 758 superbi,
1735 720 1766 748 et
1799 716 1867 748 illos
1899 725 1988 755 reos,
2013 726 2085 749 cum
2115 718 2175 750 iam

1215 768 1439 810 poeniteant».
1459 769 1544 802 Unde
1567 773 1658 802 erant
1673 770 1790 802 similes
1806 770 1847 802 illi
1867 770 2042 809 pharisaeo,
2059 771 2098 803 de
2114 781 2178 813 quo

1210 822 1297 855 ,infra
1319 822 1442 855 decimo
1465 826 1593 856 octavo:
1624 837 1639 852 α
1657 824 1720 856 Νοη
1746 832 1816 856 sum
1847 824 1929 856 sicut
1951 825 2046 857 ceteri
2078 825 2177 857 homi-

1215 885 1309 915 num,
1335 879 1497 918 raptores,
1522 877 1646 916 iniusti,
1671 877 1820 916 adulteri,
1839 878 1925 910 velut
1940 878 2033 910 etiam
2053 878 2102 911 hic
2119 888 2177 920 pu-

1214 929 1358 962 blicanus
1375 943 1405 962 n.
1432 930 1467 962 Et
1491 930 1560 963 ideo
1595 930 1676 963 infra
1711 930 1831 963 decimo
1863 934 1954 963 sexto
1984 930 2109 963 dicebat
2132 932 2177 964 eis

1215 982 1384 1016 Dominus:
1414 997 1430 1012 α
1447 984 1508 1017 Vos
1531 984 1607 1017 estis
1630 984 1684 1027 qui
1711 984 1885 1017 iustificatis
1910 993 1964 1017 vos
1988 993 2093 1017 coram
2120 985 2175 1017 ho-

1198 1036 1370 1078 ·minihus;
1395 1037 1479 1070 Deus
1502 1041 1607 1071 autem
1633 1039 1719 1070 novit
1749 1038 1844 1071 corda
1868 1041 2014 1070 vestra».
2040 1038 2084 1071 De
2109 1039 2176 1071 tali-

1214 1089 1274 1122 bus
1299 1090 1391 1123 isaias
1414 1091 1613 1133 sexagesimo
1629 1092 1740 1133 quinto
1753 1091 1783 1123 ⁹:
1806 1104 1821 1120 «ι
1839 1091 1897 1132 Qui
1914 1091 2037 1123 dicunt:
2056 1092 2172 1124 Recede

1214 1152 1232 1176 a
1256 1152 1322 1184 me,
1347 1153 1410 1176 non
1433 1145 1668 1187 appropinques
1693 1145 1785 1184 mihi,
1810 1145 1884 1187 quia
1901 1145 2082 1178 immundus
2097 1154 2174 1178 es».

1215 1197 1344 1239 Propter
1368 1197 1477 1230 talium
1503 1198 1597 1231 verba
1619 1203 1651 1231 et
1665 1198 1880 1231 oblocutiones
1896 1208 1957 1231 non
1974 1198 2066 1231 debet
2083 1199 2176 1231 homo

1212 1249 1353 1282 devitare
1376 1259 1472 1292 opera
1495 1251 1746 1291 misericordiae;
1764 1252 1847 1284 unde
1864 1252 1955 1293 primi
1974 1251 2174 1284 Machabaeo-

1214 1313 1287 1336 rum
1310 1304 1465 1337 secundo:
1496 1318 1511 1333 α
1529 1306 1549 1337 Α
1575 1305 1679 1338 verbis
1705 1306 1763 1338 viri
1796 1305 1968 1348 peccatoris
1992 1315 2030 1338 ne
2060 1305 2174 1338 timue-

1214 1357 1300 1396 ritis,
1325 1357 1400 1399 quia
1423 1358 1521 1400 gloria
1546 1358 1615 1391 eius
1638 1362 1762 1392 stercus
1784 1363 1815 1391 et
1840 1359 1955 1392 vermis
1979 1363 2071 1391 est».
2090 1359 2175 1391 l'nde

1213 1410 1421 1452 Hieronymus
1436 1411 1478 1443 ¹⁰:
1508 1424 1524 1440 α
1541 1412 1606 1444 Νοι]
1632 1416 1735 1454 potest
1760 1412 1846 1451 fieri,
1872 1416 1906 1444 ut
1922 1412 2042 1454 absque
2065 1421 2173 1444 morsu

1213 1464 1377 1497 hominum
1402 1465 1498 1497 huius
1522 1466 1603 1498 vitae
1627 1466 1788 1499 curricula
1804 1467 1876 1508 quis
1892 1470 2096 1508 pertranseat.
2115 1467 2176 1498 Ma-

1213 1517 1317 1550 lorum
1341 1518 1487 1551 solatium
1511 1522 1560 1551 est
1594 1519 1750 1552 bonorum
1787 1520 1881 1552 vitam
1907 1528 2054 1561 carpere,
2079 1523 2110 1552 et
2137 1520 2175 1552 de

1213 1571 1409 1612 peccantium
1435 1571 1638 1614 multitudine
1667 1576 1780 1614 putant
1812 1582 1943 1605 suorum
1969 1573 2093 1614 culpam
2117 1574 2175 1606 mi-

1211 1623 1267 1656 nui
1292 1627 1495 1665 peccatorum
1511 1638 1542 1656 ».

1303 1679 1354 1709 77.
1381 1677 1482 1719 (Vers.
1508 1677 1585 1719 31.).
1613 1679 1783 1721 Aryuilur
1807 1689 1883 1713 vero
1907 1680 2045 1713 secundo
2061 1690 2102 1713 ex
2127 1681 2175 1714 lu-
2189 1686 2344 1734 Sgffldgdgffi

1211 1730 1294 1763 mine
1308 1731 1449 1764 veritatis
1461 1732 1661 1774 perspicuae,
1678 1742 1751 1765 cum
1768 1733 1913 1766 additur:
1932 1735 2174 1777 Respondens¹¹
2209 1740 2287 1765 suitur.

1210 1784 1304 1816 Iesus
1326 1784 1413 1817 dixu
1436 1785 1483 1817 ad
1506 1785 1596 1817 illos:
1623 1785 1697 1818 Non
1720 1791 1812 1828 eqent
1834 1787 1893 1830 qui
1915 1787 1994 1820 sani
2015 1792 2093 1820 sunl
2109 1798 2173 1821 me-

1210 1837 1302 1876 dieo,
1326 1838 1383 1870 sed
1406 1839 1466 1882 qui
1487 1838 1574 1871 male
1597 1837 1723 1871 habent.
1749 1839 1829 1873 Haec
1853 1844 1900 1873 est
1932 1850 1988 1882 per
2021 1850 2053 1874 se
2085 1845 2173 1881 nota,

1209 1891 1301 1933 quia,
1327 1891 1500 1924 secundum
1525 1892 1610 1934 quod
1634 1893 1750 1925 dicitur
1784 1893 1987 1927 Ecclesiastici
2014 1896 2175 1937 trigesimo

1208 1939 1329 1983 octavo,
1351 1958 1366 1973 α
1381 1945 1502 1978 honora
1529 1945 1686 1979 medicum
1715 1951 1845 1989 propter
1869 1948 2102 1988 necessitatem
2128 1953 2173 1982 et-

1208 1998 1292 2030 enim
1309 1998 1428 2031 creavit
1452 1999 1540 2031 illum
1565 1999 1784 2033 attissimus».
1810 2000 1839 2034 Si
1865 2001 2019 2034 medicina
2043 2006 2172 2044 propter

1208 2051 1455 2094 aegritudinem,
1481 2053 1577 2095 igitur
1601 2063 1663 2086 non
1680 2057 1729 2087 est
1744 2054 1983 2097 redarguendus
2007 2060 2173 2098 aegrotus,

1208 2105 1262 2147 qui
1288 2105 1428 2147 confugit
1451 2105 1491 2138 ad
1514 2106 1690 2146 medicum,
1716 2116 1774 2140 nec
1798 2107 1957 2147 medicus,
1983 2109 2037 2151 qni
2054 2110 2174 2143 accedit

1208 2157 1247 2191 ad
1270 2163 1454 2202 aegrotum3
1479 2160 1533 2193 sed
1557 2161 1656 2203 magis
1692 2161 1735 2194 illi
1768 2161 1978 2205 redarguendi
2003 2168 2092 2203 sunt,
2117 2165 2172 2206 qui

1208 2212 1286 2246 haec
1310 2213 1516 2256 redarguunt.
1543 2214 1639 2247 Vocat
1674 2219 1780 2248 autem
1816 2215 1963 2249 Christus
1991 2220 2171 2258 peccatores

1207 2265 1377 2308 infirmos,
1392 2267 1552 2310 qnoniam
1576 2272 1741 2310 peccatum
1767 2269 1929 2302 infirmum
1953 2270 2044 2309 facit,
2062 2279 2173 2303 secun-

1206 2319 1281 2352 dum
1307 2320 1384 2353 illud
1409 2321 1521 2354 Psalmi
1535 2320 1579 2354 ¹²:
1610 2335 1626 2350 «
1642 2322 1796 2363 Quoniam
1822 2323 1921 2356 lumbi
1958 2323 2018 2356 mei
2054 2323 2171 2365 impleti

1206 2378 1281 2407 sunt
1303 2374 1521 2415 illusionibus,
1546 2378 1577 2409 et
1601 2385 1663 2408 non
1688 2379 1735 2409 est
1759 2377 1875 2409 sanitas
1900 2377 1930 2409 in
1948 2385 2043 2409 carne
2059 2386 2170 2409 mea».

1206 2428 1250 2461 De
1275 2428 1327 2461 tali
1352 2428 1478 2461 infirmo
1502 2429 1619 2462 dicitur
1642 2430 1681 2462 ad
1706 2430 1860 2463 Romanos
1890 2429 2011 2463 decimo
2040 2434 2170 2473 quarto:

1212 2495 1228 2510 «
1244 2481 1407 2515 infirmum
1431 2483 1593 2516 autemin
1617 2483 1678 2516 tide
1694 2484 1845 2517 assumite
1862 2498 1877 2513 »
1907 2488 1982 2523 etc.;
2004 2488 2035 2517 et
2051 2484 2172 2517 decimo

1205 2536 1334 2578 quinto:
1364 2550 1380 2566 «κ
1397 2537 1554 2571 Debemus
1579 2547 1635 2570 nos
1660 2537 1817 2570 firmiores
1833 2538 2060 2571 imbecillitates
2084 2539 2172 2571 intir-

1205 2599 1330 2624 morum
1356 2591 1513 2625 sustinere
1530 2605 1560 2622 ».
1586 2593 1624 2625 Se
1647 2595 1753 2624 autem
1771 2596 1860 2625 vocat
1877 2593 2055 2631 medicum,
2081 2593 2170 2635 quia,
2191 2623 2193 2628 .

1205 2812 1233 2840 in
1252 2813 1416 2848 praesentia]
1437 2813 1541 2841 Christi
1558 2814 1661 2841 conteri
1685 2815 1703 2840 F
1728 2818 1753 2841 et
1777 2815 1834 2841 Vat.
1852 2817 1981 2849 poteraut
1999 2818 2023 2842 ec
2050 2815 2172 2843 volebant

1204 2857 1241 2884 ad
1260 2857 1360 2885 bonum
1376 2860 1490 2893 propter
1510 2858 1541 2893 [F
1554 2858 1616 2893 per]
1633 2859 1821 2892 praesentiam
1841 2859 1944 2886 Christi
1961 2859 2043 2886 trahi.

1276 2901 1288 2916 ⁶
1307 2903 1383 2929 Num.
1403 2904 1445 2928 63.
1465 2910 1540 2936 seqq.
1558 2917 1594 2922 —
1608 2903 1725 2929 Subinde
1743 2904 1870 2935 allegatur
1890 2905 1906 2930 l.
1926 2904 1986 2930 Cor.
2010 2906 2033 2935 l,
2053 2904 2096 2930 27.
2113 2912 2168 2938 seq.

1275 2945 1286 2961 ⁸
1306 2948 1380 2974 Vers.
1401 2949 1445 2974 Η.

1275 2990 1285 3006 ⁷
1307 2993 1432 3025 Vulgata,
1452 3000 1532 3026 quam
1552 2994 1672 3027 sequitur
1693 2994 1764 3025 Vat,
1783 2993 1856 3020 addit
1875 2992 1912 3020 ad
1930 2993 2075 3027 discipulos
2099 2993 2165 3020 eius.

1202 3051 1238 3057 —
1259 3038 1382 3071 Sequitur
1401 3036 1478 3064 Eccli.
1500 3039 1542 3069 tt,
1562 3039 1606 3064 33.

1272 3081 1283 3096 ⁸
1303 3083 1406 3109 Scilicet
1424 3082 1607 3109 interlinearis
1627 3083 1652 3108 in
1673 3084 1734 3109 Luc.
1754 3083 1784 3114 5,
1804 3084 1850 3115 30,
1870 3090 1938 3115 quae
1957 3087 1996 3109 est
2020 3083 2165 3109 secundum

1202 3127 1318 3159 flebam,
1337 3128 1375 3154 ΙΙΙ.
1393 3127 1541 3153 Cominent.
1561 3128 1586 3153 in
1606 3128 1693 3153 Matth.
1714 3128 1743 3159 9,
1765 3128 1805 3153 Η.
1820 3141 1854 3146 -
1868 3127 1925 3153 Duo
1945 3135 2020 3160 seqq.
2039 3128 2087 3154 loci
2107 3132 2164 3153 sunt

1203 3171 1265 3198 Luc.
1286 3172 1332 3204 48,
1354 3172 1395 3197 ΗΔ
1415 3175 1441 3197 et
1461 3172 1508 3202 46,
1533 3172 1573 3197 15.

1272 3214 1284 3230 ⁹
1304 3216 1378 3242 Vers.
1398 3216 1422 3241 5.
1441 3229 1477 3235 —
1496 3215 1613 3242 Subinde
1632 3216 1760 3248 allegatur
1779 3216 1796 3242 l.
1817 3215 1934 3241 Maeliab.
1956 3218 1983 3247 2,
2004 3217 2047 3241 62.

1273 3258 1297 3274 ¹⁰
1314 3260 1393 3292 Epist.
1414 3260 1456 3286 54.
1484 3260 1557 3293 (alias
1584 3260 1634 3293 10.)
1656 3268 1679 3286 n.
1700 3260 1748 3293 13,
1762 3259 1818 3291 ,ubi
1838 3267 1886 3293 pro
1906 3261 1930 3286 et
1948 3260 1979 3287 de
1997 3260 2165 3294 peccantium

1202 3308 1286 3331 textus
1305 3304 1439 3337 originalis
1456 3303 1522 3331 dum
1538 3304 1716 3338 peccantium.

1273 3347 1294 3363 ¹¹
1315 3349 1426 3380 Vulgata
1449 3349 1481 3375 Et
1499 3348 1671 3382 respondens.
1691 3363 1726 3369 —
1745 3350 1869 3382 Sequitur
1888 3350 1964 3375 Eccli.
1984 3349 2031 3380 38,
2054 3350 2075 3374 t.

1273 3390 1295 3405 ¹²
1316 3392 1409 3417 Psalm.
1423 3393 1470 3421 37,
1484 3393 1508 3417 8.
1519 3393 1622 3417 —Duo
1635 3399 1710 3428 seqq.
1719 3392 1769 3419 loci
1778 3395 1841 3420 sunt
1853 3394 1918 3419 Rom
1943 3393 1984 3425 ⁴4,
2000 3393 2023 3419 l.
2036 3395 2065 3418 et
2078 3392 2123 3425 15,
2139 3393 2148 3421 t
