2427 3872
245 270 311 303 814

529 312 590 337 PET

248 358 371 391 quamvis
399 358 527 382 ferventer
554 356 675 387 diligeret
703 355 734 380 Vl
765 353 815 380 507
841 354 882 378 18.

249 403 299 427 510
320 403 352 427 29

302 460 336 465 -
353 446 420 471 licite
434 448 541 477 propter
554 444 734 469 necessitatem
755 443 838 468 victus
851 442 885 467 ad

249 490 419 522 piscationem
443 489 520 514 rediit
544 489 576 514 Vl
597 488 642 513 521
675 487 707 512 14
727 500 761 505 -
779 487 886 518 diligen-

250 534 299 559 tior
318 534 384 559 inter
403 537 502 558 ceteros
516 533 591 558 traxit
603 535 657 557 rete
678 532 704 556 in
724 533 819 556 terram
834 530 885 555 522

251 579 279 603 21
305 592 339 596 -
358 585 409 603 11011
428 577 513 602 51311111
534 576 658 608 cognovit
676 575 807 601 Christum
822 574 847 599 in
861 574 887 599 li-

251 626 307 648 1010
334 624 504 654 apparentem
529 620 563 646 ib.
584 620 616 645 17
636 634 670 638 -
690 619 799 645 ferventi
827 619 887 644 dile-

252 667 337 692 ctione
356 673 409 691 non
434 665 518 697 potuit
536 672 564 690 se
588 665 734 695 continere,
756 663 819 696 quin
839 666 887 688 sta-

253 711 299 736 tim
319 717 366 743 per
386 717 458 735 mare
471 709 571 735 veniret
590 708 622 734 ad
636 708 768 734 Christum
788 708 887 741 52010

253 769 288 773 -
307 754 425 781 Christus
440 754 553 780 extendit
572 759 680 778 manum
699 753 773 777 Petro
792 752 825 777 ad
838 752 888 777 eri-

255 799 371 831 gendum
394 798 428 824 de
454 798 528 828 mari,
553 804 613 823 curn
645 796 774 828 coepisset
804 795 887 827 mergi

253 843 299 868 621
326 842 341 868 4
360 856 394 861 -
414 843 521 873 Propter
535 842 637 866 Petrum
657 840 803 872 specialiter
824 841 888 864 sacta

253 890 292 913 est
305 886 476 912 manifestatio
494 885 588 912 Christi
604 885 631 910 in
644 885 788 917 piscatione
807 884 857 910 519
874 883 888 908 4

252 946 288 950 -
306 931 354 956 Per
367 931 470 956 Petrum
484 937 562 961 supra
578 936 650 955 mare
663 928 841 954 ambulantem
856 928 890 953 in—

254 975 403 1007 telliguntur
414 974 541 999 mundum
552 975 747 999 contemnentes
757 973 803 997 601
820 979 844 997 ν.
856 972 888 997 23

307 1033 342 1038 -
355 1019 379 1044 in
390 1018 528 1044 dilectione
537 1017 811 1043 Christiconfirmatur
825 1016 890 1041 trina

254 1063 457 1094 interrogatione
477 1062 508 1087 vt
529 1061 581 1087 524
600 1061 634 1086 30
653 1075 688 1079 -
708 1061 741 1086 (10
754 1060 891 1086 dilectione

253 1108 441 1139 interrogatur,
461 1109 490 1131 ut
508 1106 605 1131 amanti
626 1112 689 1137 grex
708 1104 802 1130 Christi
822 1111 891 1130 com-

255 1152 370 1177 mittatur
381 1151 432 1176 525
443 1152 485 1176 31.
499 1150 550 1176 526
565 1150 607 1182 36,
618 1150 650 1174 38
665 1163 698 1167 -
713 1150 764 1174 Ter
775 1149 890 1181 quaesita

254 1199 293 1222 est
312 1195 345 1221 ab
364 1202 396 1221 eo
416 1194 589 1220 manifestatio
607 1194 705 1219 amoris
724 1193 766 1219 Vll
786 1193 838 1218 562
857 1192 886 1218 71

254 1255 289 1259 ——
308 1247 370 1265 vere
389 1239 531 1271 respondet
558 1238 592 1263 de
619 1245 665 1264 sua
695 1237 833 1263 dilectione
858 1237 891 1262 Vl

256 1285 307 1310 525
327 1284 369 1315 32,
381 1283 423 1314 34,
437 1283 471 1309 35
484 1297 519 1302 -
532 1283 605 1308 tertia
618 1282 822 1314 interrogatione
834 1288 893 1307 con-

257 1329 370 1354 tristatus
390 1331 429 1354 est
447 1331 473 1353 et
496 1327 596 1359 timuit,
625 1330 711 1352 tamen
739 1326 894 1352 fiducialiter

256 1373 391 1405 respondit
409 1371 443 1397 ib.
463 1373 497 1398 35

309 1432 342 1436 -
362 1417 493 1443 Christum
514 1415 659 1441 notabiliter
672 1417 821 1447 negaverat,
834 1415 894 1440 ideo

257 1461 395 1487 videbatur
414 1468 467 1486 non
487 1466 545 1486 esse
558 1460 669 1492 dignus,
683 1462 711 1485 ut
723 1459 816 1485 ceteris
828 1460 895 1491 Apo-

257 1506 328 1532 stolis
348 1505 571 1538 praemitteretur,
591 1504 638 1529 nisi
657 1504 751 1529 caritas
763 1504 820 1529 eius
833 1510 896 1535 prae

257 1550 350 1576 ceteris
378 1549 504 1575 excellens
532 1548 713 1573 ostenderetur
737 1548 770 1573 vt
790 1548 841 1573 526
862 1548 895 1572 36

258 1608 293 1613 —
313 1594 379 1619 Petri
407 1592 557 1618 excellentia
585 1592 730 1617 ostenditur
757 1592 784 1616 in
803 1591 896 1617 Christi

260 1637 466 1669 interrogatione
485 1640 510 1662 et
528 1637 585 1662 eius
598 1636 725 1661 correctio
745 1635 769 1661 in
791 1642 897 1667 respon-

262 1683 350 1713 sione,
369 1688 430 1707 cum
449 1688 500 1706 non
520 1681 599 1706 audet
617 1687 645 1705 se
659 1680 714 1705 aliis
728 1680 897 1711 praemittere

259 1730 288 1752 ut
306 1730 365 1752 ante
385 1726 534 1758 passionem
555 1724 588 1751 ib.
608 1724 640 1750 37
660 1738 696 1743 —
715 1725 780 1750 trina
798 1725 897 1750 conses-

260 1771 333 1797 sione
346 1770 431 1796 vicem
446 1769 562 1795 reddidit
576 1769 659 1794 trinae
671 1769 802 1801 negationi
816 1768 849 1795 ib.
863 1769 896 1794 38

313 1829 348 1834 —
366 1814 483 1841 Christus
502 1814 577 1839 Petro
590 1816 648 1845 post
666 1813 896 1845 interrogationem

261 1860 391 1892 pastorale
410 1858 540 1889 officium,
569 1857 640 1890 quod
664 1857 786 1888 dederat,
805 1858 897 1883 confir-

260 1904 343 1929 mavit
362 1904 394 1928 Vl
414 1903 465 1928 526
494 1902 528 1927 36
548 1915 582 1920 —
603 1902 654 1927 Ter
672 1902 772 1927 dictum
792 1905 831 1927 est
856 1901 896 1926 ei:

260 1954 339 1980 pasce
368 1947 410 1972 Vll
434 1946 485 1972 562
507 1946 537 1972 71
560 1960 595 1964 -
614 1946 689 1971 Petro
709 1946 799 1971 ultimo
819 1946 897 1971 confi-

260 1991 322 2017 tenti
341 1997 458 2016 amorem
478 1990 563 2016 statim
578 1990 720 2022 iniungitur
733 1990 849 2015 officium
863 1990 896 2015 Vl

261 2036 313 2061 625
333 2036 348 2060 6
368 2049 402 2053 -
421 2034 573 2060 mandatum
592 2034 626 2060 de
644 2034 784 2066 pascendis
802 2034 898 2060 ovibus

261 2087 291 2106 ex
311 2079 449 2106 dilectione
476 2078 593 2110 implevit
621 2081 646 2104 et
673 2078 773 2110 impleri
796 2079 899 2104 monuit

262 2124 314 2149 525
334 2124 366 2149 33

315 2182 350 2187 —
368 2170 407 2194 est
434 2168 487 2194 dux
514 2167 720 2199 praedicantium
749 2170 774 2193 et
800 2168 898 2200 praeci-

261 2219 343 2244 puam
362 2212 453 2238 habuit
472 2214 625 2244 potestatem
641 2212 751 2238 faciendi
772 2213 897 2238 miracula

262 2257 305 2283 Vll
320 2256 370 2282 483
391 2257 418 2282 31
443 2270 477 2276 -
496 2256 558 2289 quia
578 2259 670 2288 potens
689 2257 714 2282 in
734 2257 830 2289 signis,
852 2257 899 2283 suit

262 2302 402 2333 Apostolus
414 2301 446 2327 ad
461 2301 570 2327 ludaeos
587 2301 637 2326 290
652 2300 680 2326 41
692 2314 728 2320 -
739 2301 812 2326 Petro
826 2308 898 2327 com-

263 2346 340 2371 missa
355 2349 394 2372 est
406 2345 582 2371 convertenda
593 2352 729 2377 synagoga
743 2345 898 2371 ludaeorum

266 2390 311 2416 481
337 2391 370 2416 26
396 2403 432 2409 —-
457 2389 614 2416 Caesaraeae
634 2390 719 2421 primo
738 2390 900 2422 praedicavit

264 2434 385 2466 gentibus
405 2434 455 2459 488
476 2433 509 2459 45

315 2492 350 2497 —
370 2479 454 2510 Super
473 2478 576 2503 Petrum
606 2480 730 2511 tanquam
750 2478 895 2510 principem

263 2522 447 2554 Apostolorum
467 2522 639 2547 ecclesiastica
658 2522 782 2554 perfectio
801 2527 840 2548 est
858 2530 899 2548 su-

266 2567 446 2598 peraedificata
467 2566 509 2591 Vll
531 2566 581 2592 465
602 2566 634 2591 47
653 2580 688 2585 —
707 2567 781 2592 Petro
800 2567 899 2599 specia-

267 2611 316 2636 lius
334 2610 394 2636 data
414 2613 452 2635 est
471 2610 603 2642 plenitudo
622 2611 756 2641 potestatis
775 2614 899 2643 tanquam

266 2654 377 2686 principi
390 2657 415 2679 et
428 2654 506 2685 capiti
519 2654 637 2679 omniurn
652 2655 834 2685 Apostolorum
849 2655 900 2680 514

266 2698 294 2723 51
314 2712 347 2716 -
361 2698 410 2729 ipsi
424 2697 570 2729 specialiter
583 2704 645 2722 cura
659 2699 818 2729 apostolatus
830 2705 901 2724 com-

266 2742 375 2767 mittitur
404 2742 453 2766 118
482 2742 510 2766 21
534 2754 569 2760 -
588 2742 670 2767 Penes
699 2742 785 2773 ipsum
806 2742 901 2768 residet

265 2786 405 2812 auctoritas
425 2785 591 2811 sacerdotalis
610 2785 744 2817 potestatis
759 2786 808 2810 128
823 2786 850 2811 61
866 2800 901 2805 -

266 2830 293 2855 Εἰ
313 2836 465 2855 concessum
487 2832 537 2861 est,
551 2831 579 2854 ut
592 2829 625 2854 de
639 2829 750 2854 Ecclesia
769 2830 826 2855 eius
840 2837 902 2855 nun-

264 2880 345 2907 quam
364 2873 468 2899 deficiat
487 2880 548 2898 vera
569 2873 634 2898 fides
653 2873 704 2898 227
726 2873 758 2898 34
777 2888 812 2891 —
833 2875 901 2899 futu-

264 2925 310 2943 rus
338 2920 392 2943 erat
420 2918 522 2949 primus
541 2917 565 2942 in
588 2917 700 2943 Ecclesia
729 2917 900 2949 gubernanda

265 2962 316 2988 230
337 2961 370 2987 45
383 2975 418 2980 -
430 2964 469 2987 051
488 2961 572 2993 figura
585 2962 759 2993 praelatorum
768 2982 774 2994 ,
787 2965 812 2987 et
826 2962 850 2987 in
869 2969 900 2988 eo

266 3006 435 3038 designantur
455 3006 586 3037 coniugati
605 3005 667 3032 ibid.

318 3064 353 3068 —-
380 3049 504 3081 cupiebat
532 3049 605 3081 iungi
633 3050 720 3075 loanni
749 3050 843 3076 dilecto
875 3051 899 3076 in

265 3094 356 3120 mortis
375 3094 542 3119 similitudine
568 3094 599 3119 Vl
623 3094 674 3119 527
695 3094 737 3126 44,
758 3094 791 3120 45
811 3109 845 3113 —-
863 3102 901 3120 ar-

268 3139 357 3170 guitur
374 3138 408 3163 de
427 3138 575 3163 curiositate
587 3139 746 3171 quaestionis
765 3142 790 3164 et
808 3138 902 3164 invita-

267 3186 309 3207 tur
327 3182 361 3207 ad
380 3182 579 3208 sollicitudinem
607 3181 641 3208 ib.
670 3182 702 3208 46
727 3196 762 3201 —
787 3183 821 3208 ad
840 3189 902 3208 con-

266 3226 467 3251 summationem
488 3226 632 3251 dilectionis
651 3226 773 3252 invitatur
791 3227 825 3252 ad
844 3234 900 3259 pas-

265 3270 365 3295 sionem
381 3270 533 3295 imitandam
547 3270 598 3295 526
613 3270 641 3295 41
656 3284 690 3289 -
703 3271 764 3303 quia
777 3274 833 3296 erat
845 3278 901 3296 ver-

265 3317 305 3339 tex
325 3314 451 3340 Ecclesiae
470 3317 495 3339 et
508 3314 667 3346 praecipuus
679 3315 821 3346 praelatus,
834 3315 902 3340 sicut

265 3357 406 3383 excellebat
432 3358 456 3382 in
482 3358 652 3389 praelatione,
671 3358 708 3383 sic
726 3358 804 3383 etiam
823 3358 901 3384 debe-

264 3400 310 3427 bat
327 3402 450 3427 excellere
469 3402 495 3427 in
515 3402 657 3427 imitatione
681 3401 775 3428 Christi
795 3403 846 3428 528
867 3402 900 3427 50

1109 264 1223 296 INDEX
1248 264 1375 296 RERUM

976 366 1010 370 —
1023 352 1179 377 certificatur
1192 352 1225 377 de
1239 355 1323 377 morte
1342 358 1389 383 pet·
1408 351 1558 383 passionem

922 399 948 421 et
967 402 1072 422 crucem
1092 396 1125 421 Vt
1145 396 1196 421 526
1218 396 1250 421 42
1270 410 1304 414 —
1324 396 1423 420 cinctus
1448 395 1560 430 vinculis

924 440 974 465 527
996 440 1028 465 42
1047 454 1083 459 -
1102 443 1185 465 1110110
1204 440 1289 465 010015
1308 440 1438 471 gloriosus
1454 440 1561 464 effectus

923 487 962 510 est
981 488 1007 510 et
1026 485 1109 510 Deum
1129 484 1280 510 clarificavit
1292 483 1326 510 ib.
1341 484 1373 509 43
1388 497 1424 502 ——
1437 484 1561 509 invitatur

923 529 997 561 sequi
1025 528 1156 554 Christum
1185 528 1330 554 voluntarie
1358 528 1391 554 ad
1411 528 1560 560 passionem

924 573 1009 598 crucis
1026 572 1087 598 ibid.
1102 587 1136 591 *-
1150 573 1241 598 volens
1261 580 1353 604 passus
1372 576 1411 598 est
1429 573 1562 597 voluntate

924 617 1046 649 rationis,
1065 617 1113 642 sed
1131 617 1221 642 nolens
1240 617 1374 642 voluntate
1396 619 1502 641 naturae
1521 616 1562 641 vel

924 661 1097 686 sensualitatis
1125 661 1177 686 528
1207 661 1239 686 48
1258 674 1294 680 —
1316 664 1436 686 1110111105
1464 663 1503 685 051
1528 660 1562 686 ad

925 706 1071 737 profectum
1091 705 1193 730 virtutis
1212 708 1238 730 et
1257 706 1371 736 palmam
1390 704 1505 736 martyrii
1520 703 1564 730 ob-

925 749 1056 775 tinendam
1077 749 1121 774 Vll
1139 749 1190 775 574
1210 750 1244 774 33

979 807 1014 812 -
1033 793 1111 818 Trina
1131 794 1281 819 solemnitas
1293 794 1350 819 eius
1362 793 1508 819 celebratur
1523 793 1564 819 Vil

926 837 977 862 562
996 838 1025 862 71
1544 840 1547 860 ῑ

980 882 1096 907 Primum.
1109 882 1341 913 —interpretatur
1360 882 1437 907 facies
1456 881 1502 907 Dei
1521 882 1565 907 Vll

926 925 959 950 63
980 925 1012 950 83

981 969 1114 995 Pusmsatt
1122 984 1156 987 ——
1164 969 1318 995 dicebantur
1328 970 1403 1002 quasi
1414 969 1448 994 ab
1458 969 1514 994 aliis
1524 970 1566 994 ha-

928 1012 998 1043 bitu,
1009 1015 1083 1044 gestu
1094 1016 1119 1038 et
1129 1012 1304 1038 observantiis
1314 1013 1429 1039 distincti
1441 1017 1568 1046 tanquam

928 1057 1010 1088 ipsius
1023 1057 1100 1088 Legis
1113 1056 1298 1083 observatores
1311 1057 1449 1089 praecipui
1457 1057 1500 1082 Vll
1514 1057 1564 1083 453

931 1101 962 1126 15
974 1115 1010 1120 -
1023 1101 1224 1127 Pharisaeorum
1242 1105 1311 1127 secta
1331 1105 1387 1127 erat
1404 1101 1567 1134 probabilior

928 1148 954 1171 et
973 1145 1106 1171 honestior
1125 1146 1219 1171 ceteris
1232 1146 1263 1171 Vl
1285 1146 1336 1171 278
1358 1146 1367 1171 1
1392 1160 1427 1164 -
1445 1148 1519 1171 013111
1532 1147 1567 1171 fa-

929 1190 965 1215 tui
984 1190 1109 1215 zelatores
1128 1190 1204 1222 Legis
1223 1190 1274 1215 377
1294 1191 1327 1215 22
1346 1205 1382 1208 —
1395 1190 1513 1216 sciebant
1525 1191 1569 1215 Le-

929 1241 989 1266 gem
1009 1234 1056 1259 351
1082 1234 1114 1259 66
1134 1248 1169 1253 -
1188 1235 1285 1266 Legem
1304 1234 1445 1260 servabant
1464 1235 1510 1260 411
1535 1235 1550 1260 9

982 1293 1017 1297 -
1041 1278 1217 1304 iustificabant
1243 1286 1272 1304 se
1299 1286 1388 1304 coram
1418 1278 1570 1305 hominibus

930 1330 977 1355 per
1000 1323 1198 1348 ostentationem
1212 1323 1325 1349 iustitiae
1340 1323 1373 1349 Vl
1393 1323 1444 1348 346
1464 1324 1507 1349 32.
1527 1324 1568 1349 Vll

932 1367 982 1392 412
1003 1368 1036 1392 27
1056 1381 1090 1385 -
1109 1367 1269 1393 simulabant
1282 1368 1395 1393 maxime
1414 1368 1568 1399 religionem

932 1412 974 1437 Vll
995 1411 1046 1437 304
1067 1412 1100 1437 85
1119 1425 1154 1430 -
1173 1411 1316 1438 credebant
1334 1419 1362 1437 se
1376 1412 1471 1438 liberos
1484 1420 1498 1438 a
1512 1419 1570 1444 pec-

932 1458 989 1481 cato
1010 1463 1056 1488 per
1075 1456 1226 1487 religionem
1252 1456 1285 1482 Vl
1306 1457 1356 1482 380
1377 1456 1410 1482 45
1429 1471 1463 1475 —-
1483 1464 1512 1482 se
1530 1463 1571 1482 sa-

933 1501 1035 1532 pientes
1053 1500 1209 1532 reputabant
1228 1501 1274 1526 381
1299 1501 1327 1526 51
1346 1515 1380 1520 -
1394 1508 1422 1526 50
1436 1501 1517 1527 105105
1531 1508 1571 1527 10-

934 1544 1061 1576 putabant
1079 1545 1129 1570 379
1152 1545 1184 1570 40
1198 1559 1233 1564 —
1246 1545 1362 1571 minimis
1381 1545 1479 1576 intenti,
1498 1546 1572 1571 omit-

934 1588 1023 1614 tebant
1041 1589 1152 1614 maxima
1172 1592 1198 1615 et
1216 1592 1322 1621 propter
1341 1591 1391 1615 hoc
1409 1597 1463 1616 non
1482 1590 1572 1615 iustifi-

934 1633 1060 1659 cabantur
1078 1634 1122 1658 Vll
1141 1633 1193 1658 305
1213 1635 1245 1659 86
1265 1647 1301 1653 —
1320 1634 1451 1660 habebant
1473 1634 1570 1666 verba,

934 1677 981 1703 sed
1000 1684 1052 1703 non
1072 1678 1137 1703 sacta
1156 1677 1190 1704 ib.
1210 1678 1242 1703 87
1261 1692 1297 1698 —
1315 1679 1456 1704 maximam
1470 1679 1524 1705 vim
1538 1681 1572 1705 fa-

934 1721 1037 1747 ciebant
1062 1722 1087 1747 in
1115 1722 1244 1747 servanda
1273 1723 1400 1748 munditia
1428 1730 1570 1755 corporum

935 1766 986 1791 302
1001 1765 1036 1791 79
1049 1780 1085 1785 -
1097 1765 1215 1791 zelabant
1234 1767 1389 1792 munditiam
1409 1768 1571 1799 corporalem

935 1817 982 1836 nec
1005 1810 1173 1836 attendebant
1200 1811 1363 1842 spiritualem
1383 1810 1445 1837 ibid.
1466 1826 1501 1830 —-
1520 1819 1573 1837 ma-

934 1855 1002 1880 xime
1022 1854 1184 1880 mundabant
1212 1862 1289 1887 vasa,
1318 1855 1379 1887 quia
1398 1862 1426 1880 se
1445 1851 1573 1887 putabant

934 1898 1062 1932 inquinari
1082 1905 1130 1930 per
1148 1899 1342 1924 immunditiam
1371 1906 1495 1925 vasorum
1521 1900 1572 1926 303

934 1944 968 1969 80
987 1957 1023 1962 —
1041 1942 1208 1975 negligebant
1226 1943 1382 1969 munditiam
1402 1944 1574 1970 conscientiae

935 1987 996 2015 ibid.
1010 2001 1046 2006 —
1057 1987 1177 2020 neglecto
1190 1987 1311 2019 meliore,
1324 1987 1357 2013 de
1369 1988 1459 2020 peiore
1472 1991 1573 2014 tantum

935 2031 1063 2058 curabant
1081 2031 1144 2059 ibid.
1168 2046 1203 2051 ——
1221 2031 1374 2064 satagebant
1394 2034 1498 2065 placere
1520 2033 1574 2059 Deo

936 2077 1017 2103 solius
1035 2077 1155 2109 corporis
1173 2077 1355 2109 purificatione
1373 2077 1406 2104 ib.
1427 2078 1456 2103 81

989 2136 1023 2140 --
1048 2129 1096 2154 per
1123 2121 1273 2147 simulatam
1301 2122 1424 2148 iustitiam
1452 2122 1574 2148 videntur

935 2166 1062 2199 proximi,
1081 2166 1127 2192 sed
1146 2173 1193 2198 per
1206 2166 1334 2192 occultam
1348 2166 1500 2199 superbiam
1514 2169 1575 2192 sunt

935 2210 1069 2243 longinqui
1097 2211 1140 2236 Vll
1160 2211 1211 2236 382
1231 2211 1246 2236 3
1266 2224 1301 2230 -—
1320 2211 1469 2237 simulando
1488 2211 1575 2244 aequi-

935 2258 1014 2280 tatem
1038 2254 1168 2280 cadebant
1185 2254 1211 2280 in
1230 2255 1392 2287 impietatem
1421 2256 1471 2281 383
1498 2255 1515 2280 5
1539 2269 1574 2274 —

937 2298 1082 2331 peccabant
1102 2299 1128 2324 in
1141 2306 1169 2324 se
1183 2299 1254 2331 ipsos
1267 2299 1446 2331 superbiendo
1455 2320 1461 2332 ,
1474 2300 1500 2325 in
1514 2306 1575 2332 pro-

935 2343 1019 2369 ximos
1038 2343 1105 2369 male
1123 2343 1278 2375 iudicando,
1307 2343 1333 2369 in
1361 2343 1492 2370 Christum
1518 2344 1574 2369 eius

937 2387 1144 2414 misericordiam
1173 2387 1359 2419 redarguendo
1388 2381 1450 2414 ibid.
1476 2403 1512 2407 —
1535 2396 1575 2414 re-

937 2431 1017 2458 belles
1036 2435 1110 2457 erant
1129 2431 1262 2457 doctrinae
1281 2431 1374 2458 Christi
1392 2432 1504 2458 hominis
1516 2440 1574 2464 pro·

936 2480 994 2509 pter
1012 2476 1165 2508 elationem,
1193 2483 1272 2508 quam
1302 2475 1434 2502 habebant
1462 2477 1495 2502 de
1523 2483 1575 2502 me-

936 2521 991 2547 ritis
1019 2521 1133 2553 propriis
1153 2520 1198 2545 411
1223 2520 1257 2545 25
1276 2534 1310 2539 --
1329 2520 1499 2546 elevabantur
1517 2528 1575 2553 pro-

937 2568 995 2597 pter
1013 2565 1146 2590 litteralem
1166 2563 1362 2590 observantiam
1382 2565 1459 2596 Legis
1477 2564 1538 2591 ibid.

989 2623 1025 2628 —
1043 2608 1232 2640 superbiebant
1250 2609 1283 2634 de
1304 2609 1420 2641 propriis
1437 2609 1536 2634 meritis
1549 2612 1574 2635 et

938 2657 1038 2679 ceteros
1051 2652 1252 2678 contemnebant
1265 2653 1308 2678 Vll
1325 2654 1368 2678 131
1387 2654 1421 2679 75
1434 2668 1470 2672 -
1481 2660 1574 2679 0010111

938 2697 1062 2729 superbia
1081 2697 1227 2728 detegitur,
1245 2697 1426 2729 redarguitur,
1454 2697 1575 2723 deiicitur

938 2748 952 2766 a
972 2740 1073 2767 Christo
1092 2740 1126 2767 ib.
1144 2741 1188 2771 76,
1207 2741 1241 2766 77
1263 2755 1296 2759 —
1321 2742 1346 2767 in
1372 2742 1500 2767 conviviis
1524 2742 1575 2774 pri-

939 2792 996 2811 mos
1015 2784 1148 2811 accubitos
1167 2785 1297 2816 eligebant
1310 2786 1334 2810 in
1348 2786 1455 2817 signum
1468 2786 1575 2812 honoris

939 2830 990 2854 362
1020 2829 1052 2854 15
1080 2844 1114 2847 -
1143 2829 1305 2862 quaerebant
1331 2837 1427 2855 vanam
1448 2830 1574 2863 gloriam,

939 2876 1045 2905 propter
1072 2880 1153 2907 quam
1181 2873 1259 2899 etiam
1287 2874 1422 2900 veritatem
1442 2874 1573 2907 cognitam

939 2918 1056 2943 confiteri
1086 2925 1138 2943 non
1166 2917 1298 2943 audebant
1326 2918 1378 2943 305
1404 2918 1437 2944 87
1463 2933 1497 2937 --
1517 2919 1575 2951 plus

939 2962 1061 2987 amabant
1085 2962 1175 2994 populi
1194 2962 1299 2987 laudem
1318 2969 1399 2995 quam
1419 2962 1512 2989 Christi
1531 2970 1574 2989 ve-

938 3007 1040 3032 ritatem
1066 3006 1115 3031 509
1142 3006 1176 3031 25
1196 3020 1229 3024 -
1248 3006 1309 3038 quia
1339 3010 1425 3032 mente
1451 3006 1573 3040 superbi,

938 3054 1133 3083 postponuntur
1162 3049 1309 3082 publicanis
1339 3053 1364 3076 et
1395 3051 1575 3078 meretricibus

939 3095 990 3121 453
1011 3095 1044 3120 -t5

991 3153 1025 3157 —
1045 3139 1242 3164 Pharisaeorum
1262 3138 1358 3164 malitia
1377 3145 1483 3171 semper
1497 3146 1575 3172 quae-

938 3183 971 3208 rit
998 3182 1123 3208 latebram
1143 3183 1186 3208 Vll
1206 3183 1256 3208 310
1277 3183 1292 3208 2
1311 3197 1346 3201 -
1365 3189 1457 3208 eorum
1477 3183 1530 3209 vita
1549 3187 1574 3209 et

938 3227 1056 3253 doctrina
1076 3229 1184 3259 propter
1197 3226 1321 3252 malitiam
1340 3229 1366 3252 et
1385 3227 1511 3253 fallaciam
1525 3228 1574 3253 ser·

938 3274 1056 3296 mentum
1084 3270 1179 3296 dicitur
1208 3268 1240 3295 ib.
1266 3270 1281 3295 3
1306 3283 1342 3288 —-
1366 3270 1451 3301 magis
1470 3270 1575 3302 profite-

939 3313 1034 3340 bantur
1052 3313 1168 3339 notitiam
1189 3314 1397 3345 Scripturarum,
1417 3317 1503 3339 tamen
1519 3321 1574 3339 ma-

938 3358 978 3390 gis
997 3357 1166 3384 intendebant
1184 3357 1289 3383 notitiae
1308 3361 1461 3383 naturarum
1481 3361 1506 3384 et
1519 3358 1575 3384 stel-

939 3403 1023 3428 larum
1043 3402 1094 3427 334
1115 3403 1143 3427 81

1889 306 1954 332 ΡΗΑ

1651 363 1687 368 -
1706 349 1850 381 diligebant
1865 351 1975 375 multum
1995 350 2174 382 possessiones
2193 351 2236 386 Vll

1598 393 1649 418 360
1669 393 1685 418 9
1699 387 1733 411 4
1746 394 1826 422 Amor
1846 393 1922 419 bovis
1941 397 1966 420 et
1984 394 2048 420 asini
2069 394 2180 420 faciebat
2192 402 2238 421 eos

1598 444 1650 462 non
1679 444 1772 462 curare
1800 438 1834 463 de
1858 437 2027 463 observantia
2047 437 2153 464 Sabbati
2173 438 2235 465 ibid.

1599 494 1636 500 -
1655 481 1826 506 consulebant
1838 488 1901 507 suae
1920 482 2046 508 avaritiae
2064 482 2125 509 ibid.
2146 497 2179 502 —-
2199 483 2238 508 lu-

1599 532 1643 550 cra
1662 525 1758 550 saeculi
1787 525 1952 551 sectabantur
1980 533 2028 558 per
2056 528 2094 552 fas
2121 530 2147 552 et
2165 529 2239 553 nefas

1600 569 1651 594 473
1671 569 1686 594 3
1707 583 1742 588 --
1761 568 1855 595 Christi
1869 570 2027 596 documenta
2041 570 2201 602 spernebant
2214 574 2239 597 ct

1599 620 1675 638 suam
1695 613 1832 638 avaritiam
1861 613 2004 645 palliabant
2031 614 2080 640 413
2105 616 2139 640 30
2157 629 2192 634 -
2211 618 2240 641 ut

1600 657 1673 682 avari
1700 660 1726 682 et
1752 658 1874 683 contrarii
1905 654 2053 690 paupertati
2083 659 2240 686 deridebant

1601 700 1732 727 Christum
1760 708 1792 726 ex
1820 702 1985 734 quadruplici
2007 703 2109 729 ratione
2135 703 2185 729 412
2205 704 2238 729 26

1602 759 1636 764 -
1654 745 1810 771 deridebant
1837 745 1982 777 Christum,
2002 746 2172 778 intelligentes
2197 754 2241 780 pa-

1602 789 1720 815 rabolam
1739 790 1869 816 adversus
1887 797 1916 816 se
1935 790 2031 816 dictam
2045 790 2107 817 ibid.
2119 806 2155 810 —
2167 799 2241 824 prae-

1603 833 1735 865 ponebant
1754 834 1867 860 carnalia
1886 835 2032 866 praesentia
2057 835 2150 861 futuris
2168 836 2240 868 spiri·

1603 878 1716 904 tualibus
1735 877 1796 904 ibid.

1657 936 1691 940 —
1709 922 1832 954 improbe
1850 926 1981 955 quaerunt
1999 930 2014 949 a
2034 924 2129 950 loanne
2142 925 2174 950 Vl
2189 925 2241 950 258

1604 966 1647 996 53,
1667 965 1700 991 54
1719 980 1754 985 —
1773 967 1876 992 curiose
1901 967 2074 1000 inquisierunt
2094 969 2134 994 Vll
2153 968 2188 994 77
2208 969 2237 994 31

1603 1023 1639 1028 -
1658 1017 1709 1035 11011
1730 1011 1834 1036 10010111
1852 1010 1974 1043 baptizati
1990 1011 2121 1044 baptismo
2140 1013 2243 1038 loannis

1604 1055 1637 1079 82
1658 1054 1690 1079 48
1709 1068 1744 1073 -
1762 1059 1920 1087 spreverunt
1938 1056 2076 1082 consilium
2097 1057 2142 1082 Dei
2159 1056 2186 1082 iu
2205 1063 2243 1082 se-

1603 1099 1730 1131 metipsos
1757 1102 1865 1131 propter
1883 1106 1927 1126 sex
1946 1100 2061 1126 rationes
2081 1101 2131 1125 180
2151 1101 2185 1127 55
2205 1114 2252 1123 —--

1604 1143 1752 1175 despiciunt
1774 1144 1995 1175 praedicationem
2022 1145 2122 1171 loannis
2141 1148 2167 1171 et
2186 1145 2243 1171 0105

1604 1186 1765 1219 baptismum
1784 1191 1906 1214 recusant
1925 1188 1987 1215 ibid.
2169 1218 2173 1220 ,

1659 1245 1693 1249 -
1712 1232 1837 1258 relatione
1864 1233 2053 1265 discipulorum
2079 1234 2180 1259 loannis
2203 1240 2244 1260 co-

1606 1279 1766 1307 gnoverunt,
1794 1277 1865 1309 quod
1894 1277 2011 1304 Christus
2039 1280 2095 1304 erat
2116 1279 2200 1304 maior
2218 1282 2244 1305 et

1607 1319 1734 1346 celebrior
1762 1322 1855 1346 loanne
1884 1322 1914 1347 Vl
1945 1322 1996 1347 289
2016 1323 2031 1348 2
2050 1337 2086 1341 -
2105 1323 2244 1355 appropin-

1607 1363 1724 1396 quabant
1743 1365 1774 1390 ad
1795 1366 1880 1390 lesum
1899 1366 2021 1392 simulate
2039 1366 2082 1393 Vll
2103 1368 2155 1393 382
2175 1367 2190 1392 3
2209 1381 2245 1386 -

1607 1408 1727 1434 Seniores
1751 1415 1804 1434 non
1831 1410 2023 1436 conveniebant
2047 1411 2114 1437 sicut
2133 1411 2246 1438 humiles

1608 1452 1642 1478 ad
1660 1453 1867 1484 addiscendum,
1887 1454 1932 1480 sed
1952 1454 2019 1481 sicut
2037 1455 2144 1487 superbi
2158 1456 2192 1482 ad
2205 1463 2245 1482 ca-

1607 1497 1790 1523 lumniandum
1810 1497 1856 1523 501
1882 1499 1897 1523 2
1916 1513 1951 1517 -
1970 1498 2102 1526 habebant
2129 1500 2246 1526 intentio-

1608 1549 1668 1567 nem
1688 1542 1818 1568 curiosam
1837 1543 1990 1569 inveniendi
2002 1543 2133 1570 Christum
2146 1545 2180 1571 Vt
2193 1545 2245 1571 572

1608 1586 1623 1611 4
1644 1600 1678 1604 —-
1696 1586 1881 1618 discipulatum
1895 1586 1991 1613 Christi
2007 1588 2247 1615 contemnebant'et

1607 1630 1631 1656 ei
1650 1630 1833 1662 praeferebant
1851 1631 2038 1663 discipulatum
2051 1633 2133 1665 Moysi
2146 1632 2198 1659 379
2212 1633 2246 1660 34

1608 1690 1643 1693 —
1662 1682 1715 1701 non
1735 1678 1809 1701 erant
1828 1683 1891 1701 vere
1910 1676 2030 1708 discipuli
2050 1677 2132 1709 Moysi
2150 1676 2185 1704 ib.
2203 1677 2238 1704 35

1661 1733 1697 1738 —-
1727 1718 1817 1745 Nullus
1847 1727 1878 1746 ex
1909 1721 2054 1753 Pharisaeis
2084 1721 2195 1748 credidit
2218 1722 2247 1748 in

1608 1763 1739 1790 Christum
1769 1765 1801 1790 Vl
1828 1764 1874 1790 351
1899 1765 1933 1790 66
1953 1761 2120 1791 -’111310105
2138 1773 2249 1792 vocave-

1608 1812 1669 1834 runt
1687 1808 1819 1835 Christum
1839 1809 2005 1835 seductorem
2026 1809 2072 1835 341
2100 1810 2132 1836 13
2150 1823 2186 1829 -
2205 1817 2247 1836 ca-

1609 1852 1805 1879 lumniabantur
1836 1853 1968 1879 Christum
1994 1854 2036 1879 Vtt
2068 1853 2120 1880 375
2151 1854 2180 1880 51
2212 1867 2248 1874 -

1608 1897 1805 1929 redarguebant
1823 1897 1955 1924 Christum
1975 1901 2099 1931 tanquam
2120 1897 2248 1925 fautorem

1609 1942 1738 1967 malorum
1758 1945 1784 1968 et
1808 1945 2017 1974 contemptorem
2045 1945 2248 1975 praeceptorum

1611 1986 1661 2011 383
1682 1986 1697 2011 5
1716 2001 1751 2004 —
1770 1986 1985 2018 murmurabant,
2012 1987 2075 2020 quia
2093 1986 2202 2020 superbi
2222 1990 2249 2014 et

1611 2030 1745 2056 inhumani
1765 2030 1797 2057 ib.
1818 2031 1833 2056 4

1663 2089 1699 2093 —
1711 2075 1778 2100 male
1791 2075 1973 2102 iudicaverunt
1986 2076 2020 2102 de
2032 2075 2133 2103 Christo
2141 2096 2148 2109 ,
2160 2076 2250 2113 ipsum

1610 2119 1780 2151 despiciendo
1800 2120 1843 2145 Vll
1870 2120 1920 2145 188
1949 2121 1983 2146 83
2002 2133 2037 2140 -
2056 2120 2187 2146 Christum
2207 2120 2251 2147 def

1610 2163 1723 2196 spiciunt
1741 2166 1770 2189 ut
1787 2163 1973 2196 blasphemum
1993 2167 2018 2190 et
2036 2165 2202 2197 redarguunt
2220 2167 2250 2191 ut

1610 2212 1775 2240 peccatorem
1796 2208 1847 2233 125
1868 2208 1900 2233 49
1920 2222 1955 2227 -
1977 2207 2196 2241 blasphemabant
2220 2212 2249 2235 ut

1610 2253 1703 2279 salsum
1728 2252 1802 2285 quod
1829 2252 1949 2284 Apostoli
1967 2252 2173 2279 testificabantur
2191 2260 2250 2279 esse

1611 2304 1704 2323 verum
1732 2297 1779 2322 291
1814 2296 1847 2322 45
1866 2294 1901 2315 ‘—
1920 2299 2134 2328 contempserunt
2153 2304 2250 2324 sermo-

1610 2349 1671 2368 nem
1689 2341 1785 2368 Christi
1803 2343 1828 2366 et
1846 2341 2032 2373 Apostolorum
2051 2341 2085 2367 Vl
2105 2341 2155 2367 453
2175 2342 2209 2368 33

1665 2400 1698 2404 —
1717 2385 1916 2417 reprehendunt
1943 2385 2087 2417 discipulos
2105 2385 2201 2412 Christi
2219 2393 2250 2412 ex

1611 2430 1806 2462 comparatione
1837 2436 1898 2456 cum
1928 2429 2065 2461 discipulis
2095 2429 2197 2456 Ioannis
2225 2433 2251 2456 et

1611 2474 1770 2506 spernebant
1788 2481 1833 2500 eos
1853 2477 1977 2507 tanquam
1991 2474 2127 2500 discordes
2141 2474 2183 2503 V,ll
2199 2474 2249 2500 132

1610 2518 1644 2544 79
1665 2518 1829 2544 —libenter
1857 2518 2014 2544 insultabant
2042 2518 2177 2551 discipulis
2202 2518 2251 2544 Do-

1612 2563 1674 2588 mini
1706 2563 1756 2588 135
1777 2563 1792 2589 4
1810 2577 1847 2582 -
1864 2570 1956 2589 0010111
1985 2563 2132 2589 criminatio
2160 2566 2250 2589 contra

1610 2607 1753 2639 discipulos
1773 2606 1944 2639 proveniebat
1962 2614 1992 2633 ex
2011 2610 2124 2640 quatuor
2145 2608 2195 2633 136
2215 2608 2230 2632 6

1665 2665 1699 2669 -
1718 2651 1800 2677 invidi
1827 2651 1926 2677 nullum
1950 2651 2074 2677 volebant
2094 2650 2191 2677 habere
2209 2658 2251 2677 su-

1612 2695 1756 2727 periorem,
1782 2695 1841 2721 ideo
1871 2695 2024 2721 invidebant
2042 2695 2143 2722 Christo
2163 2696 2189 2721 in
2207 2703 2251 2722 no·

1612 2739 1681 2765 mine
1700 2733 1748 2765 suo
1768 2740 1928 2771 praedicanti
1957 2740 1989 2766 Vl
2019 2741 2065 2765 291
2100 2741 2132 2766 12
2162 2740 2190 2766 2·
2214 2754 2250 2760 —

1612 2784 1696 2809 iaculo
1715 2783 1831 2809 invidiae
1858 2784 1983 2809 commoti
2012 2787 2072 2810 sunt
2092 2784 2143 2810 415
2162 2784 2197 2810 25
2215 2798 2251 2805 ——

1611 2835 1642 2855 ex
1660 2828 1759 2853 invidia
1779 2827 1915 2858 dolebant,
1937 2835 1967 2853 ex
1987 2828 2112 2860 superbia
2125 2829 2251 2861 despicie-

1612 2872 1688 2905 bant,
1707 2879 1739 2898 ex
1758 2872 1795 2897 ira
1815 2871 1934 2897 furebant
1952 2865 2061 2898 ibsdj—
2074 2876 2148 2898 erant
2166 2880 2196 2899 ex
2215 2873 2250 2899 in·

1611 2917 1682 2943 vidia
1702 2916 1824 2942 obstinati
1845 2915 1906 2942 ibid.
1927 2930 1960 2935 -
1979 2916 2093 2942 maxime
2106 2920 2166 2943 sunt
2178 2923 2251 2943 corn-

1612 2961 1675 2987 moti
1703 2961 1737 2987 ad
1762 2961 1924 2986 iracundiam
1953 2967 1983 2986 ex
2011 2960 2089 2986 laude
2116 2964 2141 2986 et
2166 2961 2250 2993 gloria

1611 3005 1704 3032 Christi
1725 3006 1765 3031 vtt
1787 3005 1837 3031 494
1857 3005 1891 3030 60
1910 3018 1945 3024 -
1963 3004 2054 3030 tristati
2078 3008 2153 3037 sunt,
2179 3005 2268 3035 unde,

1612 3050 1765 3076 debuissent
1784 3049 1887 3080 laetari,
1906 3052 1932 3075 et
1950 3049 2095 3080 excaecati,
2114 3049 2185 3075 unde
2203 3050 2249 3075 de-

1611 3094 1728 3120 buissent
1747 3093 1885 3119 illuminari
1905 3092 1967 3119 ibid.
1985 3106 2020 3112 —
2038 3096 2196 3125 acceperunt
2208 3100 2250 3119 oc-

1610 3139 1756 3169 casionem,
1777 3141 1805 3164 ut
1823 3137 1958 3163 ardentius
1971 3137 2196 3163 inflammarentur
2215 3137 2248 3163 ad

1610 3182 1702 3209 odium
1721 3185 1810 3208 contra
1830 3181 1962 3208 Christum
1980 3180 2043 3207 ibid.
2055 3195 2089 3199 —
2102 3188 2194 3207 eorum
2211 3188 2250 3207 re-

1610 3226 1687 3252 bellio
1714 3229 1801 3252 ortum
1830 3224 1909 3251 habet
1927 3232 1957 3251 ex
1976 3224 2075 3250 invidia
2103 3225 2149 3250 501
2178 3226 2194 3250 2
2213 3238 2249 3244 -

1610 3271 1722 3296 oderunt
1731 3270 1863 3297 Christum
1871 3290 1877 3302 ,
1887 3269 1948 3302 quia
1959 3268 2087 3300 arguebat
2096 3275 2142 3294 eos
2151 3269 2203 3294 509
2214 3269 2248 3294 25

1663 3329 1698 3334 -
1711 3314 1792 3347 impie
1805 3313 1956 3340 iudicabant
1973 3312 2080 3339 interius
2092 3320 2154 3339 eum
2167 3305 2249 3346 quem

1611 3359 1654 3391 pie
1671 3358 1822 3384 reficiebant
1841 3358 1953 3384 exterius
1971 3357 2015 3383 Vll
2034 3357 2086 3382 302
2104 3357 2139 3382 79
2159 3361 2193 3375 ’-
2213 3356 2249 3382 in-

1611 3403 1676 3428 iuste
1696 3401 1860 3433 iudicabant,
1879 3401 1941 3435 quia
1965 3401 2050 3433 magis
2068 3399 2195 3427 curabant
2213 3400 2248 3426 de
