<?xml version="1.0" encoding="UTF-8"?>
<!DOCTYPE html PUBLIC "-//W3C//DTD XHTML 1.0 Transitional//EN"
    "http://www.w3.org/TR/xhtml1/DTD/xhtml1-transitional.dtd">
<html xmlns="http://www.w3.org/1999/xhtml" xml:lang="en" lang="en">
 <head>
  <title>
</title>
<meta http-equiv="Content-Type" content="text/html;charset=utf-8" />
  <meta name='ocr-system' content='tesseract 3.04.00' />
  <meta name='ocr-capabilities' content='ocr_page ocr_carea ocr_par ocr_line ocrx_word'/>
</head>
<body>
  <div class='ocr_page' id='page_1' title='image "./doctorisseraphic07bona_0233.png"; bbox 0 0 2476 3921; ppageno 0'>
   <div class='ocr_carea' id='block_1_1' title="bbox 10 887 140 963">
    <p class='ocr_par' dir='ltr' id='par_1_1' title="bbox 10 887 140 963">
     <span class='ocr_line' id='line_1_1' title="bbox 10 887 139 917; baseline -0.016 -7"><span class='ocrx_word' id='word_1_1' title='bbox 10 893 66 917; x_wconf 55' lang='lat' dir='ltr'>tiuare</span> <span class='ocrx_word' id='word_1_2' title='bbox 82 887 139 909; x_wconf 84' lang='lat' dir='ltr'>Chri-</span> 
     </span>
     <span class='ocr_line' id='line_1_2' title="bbox 13 917 140 937; baseline -0.016 0"><span class='ocrx_word' id='word_1_3' title='bbox 13 917 58 937; x_wconf 74' lang='lat' dir='ltr'>stus</span> <span class='ocrx_word' id='word_1_4' title='bbox 71 919 140 936; x_wconf 82' lang='lat' dir='ltr'>rever-</span> 
     </span>
     <span class='ocr_line' id='line_1_3' title="bbox 10 943 78 963; baseline 0 0"><span class='ocrx_word' id='word_1_5' title='bbox 10 954 11 960; x_wconf 72' lang='lat'>.</span> <span class='ocrx_word' id='word_1_6' title='bbox 17 943 78 963; x_wconf 77' lang='lat' dir='ltr'>tatur.</span> 
     </span>
    </p>
   </div>
   <div class='ocr_carea' id='block_1_2' title="bbox 8 1683 140 1759">
    <p class='ocr_par' dir='ltr' id='par_1_2' title="bbox 8 1683 140 1759">
     <span class='ocr_line' id='line_1_4' title="bbox 10 1683 140 1715; baseline 0.008 -11"><span class='ocrx_word' id='word_1_7' title='bbox 10 1683 140 1715; x_wconf 45' lang='lat' dir='ltr'>*piritualiter</span> 
     </span>
     <span class='ocr_line' id='line_1_5' title="bbox 8 1711 121 1759; baseline 0 0"><span class='ocrx_word' id='word_1_8' title='bbox 8 1711 121 1759; x_wconf 63' lang='grc' dir='ltr'>’ἓὲἓέιὲῗί</span> 
     </span>
    </p>
   </div>
   <div class='ocr_carea' id='block_1_3' title="bbox 13 2110 148 2243">
    <p class='ocr_par' dir='ltr' id='par_1_3' title="bbox 13 2110 148 2243">
     <span class='ocr_line' id='line_1_6' title="bbox 14 2110 148 2137; baseline 0.007 -6"><span class='ocrx_word' id='word_1_9' title='bbox 14 2110 97 2137; x_wconf 77' lang='lat' dir='ltr'>Quarto,</span> <span class='ocrx_word' id='word_1_10' title='bbox 112 2110 148 2132; x_wconf 85' lang='lat' dir='ltr'>be-</span> 
     </span>
     <span class='ocr_line' id='line_1_7' title="bbox 13 2137 137 2159; baseline 0.008 -2"><span class='ocrx_word' id='word_1_11' title='bbox 13 2144 15 2155; x_wconf 66' lang='grc' dir='ltr'><strong><em>ι</em></strong></span> <span class='ocrx_word' id='word_1_12' title='bbox 22 2137 137 2159; x_wconf 76' lang='lat' dir='ltr'>nevolentia</span> 
     </span>
     <span class='ocr_line' id='line_1_8' title="bbox 13 2164 148 2185; baseline 0.007 -1"><span class='ocrx_word' id='word_1_13' title='bbox 13 2164 148 2185; x_wconf 63' lang='lat' dir='ltr'>*commenda-</span> 
     </span>
     <span class='ocr_line' id='line_1_9' title="bbox 15 2190 148 2217; baseline 0.015 -7"><span class='ocrx_word' id='word_1_14' title='bbox 15 2191 43 2211; x_wconf 81' lang='lat' dir='ltr'>tur</span> <span class='ocrx_word' id='word_1_15' title='bbox 58 2190 148 2217; x_wconf 83' lang='lat' dir='ltr'>quadru-</span> 
     </span>
     <span class='ocr_line' id='line_1_10' title="bbox 31 2216 121 2243; baseline 0.011 -5"><span class='ocrx_word' id='word_1_16' title='bbox 31 2216 121 2243; x_wconf 77' lang='lat' dir='ltr'>pliciter.</span> 
     </span>
    </p>
   </div>
   <div class='ocr_carea' id='block_1_4' title="bbox 7 2429 143 2519">
    <p class='ocr_par' dir='ltr' id='par_1_4' title="bbox 7 2429 143 2519">
     <span class='ocr_line' id='line_1_11' title="bbox 15 2429 142 2459; baseline 0.008 -9"><span class='ocrx_word' id='word_1_17' title='bbox 15 2429 74 2459; x_wconf 56' lang='lat' dir='ltr'>Quoad</span> <span class='ocrx_word' id='word_1_18' title='bbox 87 2429 142 2451; x_wconf 82' lang='lat' dir='ltr'>ohla-</span> 
     </span>
     <span class='ocr_line' id='line_1_12' title="bbox 17 2457 143 2479; baseline 0.016 -3"><span class='ocrx_word' id='word_1_19' title='bbox 17 2457 93 2478; x_wconf 76' lang='lat' dir='ltr'>tionem</span> <span class='ocrx_word' id='word_1_20' title='bbox 107 2457 143 2479; x_wconf 84' lang='lat' dir='ltr'>ob-</span> 
     </span>
     <span class='ocr_line' id='line_1_13' title="bbox 7 2483 90 2519; baseline 0.012 -16"><span class='ocrx_word' id='word_1_21' title='bbox 7 2507 8 2519; x_wconf 27' lang='lat'><em>*</em></span> <span class='ocrx_word' id='word_1_22' title='bbox 17 2483 90 2509; x_wconf 71' lang='lat' dir='ltr'>nequii.</span> 
     </span>
    </p>
   </div>
   <div class='ocr_carea' id='block_1_5' title="bbox 740 257 1554 291">
    <p class='ocr_par' dir='ltr' id='par_1_5' title="bbox 740 257 1554 291">
     <span class='ocr_line' id='line_1_14' title="bbox 740 257 1554 291; baseline 0 -1"><span class='ocrx_word' id='word_1_23' title='bbox 740 258 933 291; x_wconf 89' lang='lat' dir='ltr'>COMMENT.</span> <span class='ocrx_word' id='word_1_24' title='bbox 960 258 996 290; x_wconf 95' lang='lat' dir='ltr'>lN</span> <span class='ocrx_word' id='word_1_25' title='bbox 1020 257 1258 290; x_wconf 83' lang='lat' dir='ltr'>EVANGELIUM</span> <span class='ocrx_word' id='word_1_26' title='bbox 1282 258 1399 291; x_wconf 75' lang='lat' dir='ltr'><strong>LUCAE</strong></span> <span class='ocrx_word' id='word_1_27' title='bbox 1424 258 1455 290; x_wconf 93' lang='lat' dir='ltr'>C.</span> <span class='ocrx_word' id='word_1_28' title='bbox 1484 259 1554 291; x_wconf 89' lang='lat' dir='ltr'>Vlll.</span> 
     </span>
    </p>
   </div>
   <div class='ocr_carea' id='block_1_6' title="bbox 157 346 1122 2364">
    <p class='ocr_par' dir='ltr' id='par_1_6' title="bbox 157 346 1121 1616">
     <span class='ocr_line' id='line_1_15' title="bbox 160 346 1119 387; baseline -0.004 -5"><span class='ocrx_word' id='word_1_29' title='bbox 160 359 201 383; x_wconf 84' lang='lat' dir='ltr'>ex</span> <span class='ocrx_word' id='word_1_30' title='bbox 225 349 337 382; x_wconf 89' lang='lat' dir='ltr'>timore</span> <span class='ocrx_word' id='word_1_31' title='bbox 369 348 573 381; x_wconf 88' lang='lat' dir='ltr'>reverentiae.</span> <span class='ocrx_word' id='word_1_32' title='bbox 606 347 692 380; x_wconf 87' lang='lat' dir='ltr'>Unde</span> <span class='ocrx_word' id='word_1_33' title='bbox 721 351 752 380; x_wconf 91' lang='lat' dir='ltr'>et</span> <span class='ocrx_word' id='word_1_34' title='bbox 775 347 940 379; x_wconf 85' lang='lat' dir='ltr'>subditur:</span> <span class='ocrx_word' id='word_1_35' title='bbox 967 346 1056 387; x_wconf 77' lang='lat' dir='ltr'>Quia</span> <span class='ocrx_word' id='word_1_36' title='bbox 1081 346 1119 378; x_wconf 86' lang='lat' dir='ltr'>ti-</span> 
     </span>
     <span class='ocr_line' id='line_1_16' title="bbox 159 399 1118 445; baseline -0.004 -10"><span class='ocrx_word' id='word_1_37' title='bbox 159 412 250 435; x_wconf 85' lang='lat' dir='ltr'>more</span> <span class='ocrx_word' id='word_1_38' title='bbox 261 411 383 445; x_wconf 73' lang='lat' dir='ltr'>mayno</span> <span class='ocrx_word' id='word_1_39' title='bbox 401 400 605 438; x_wconf 84' lang='lat' dir='ltr'>tenebantur,</span> <span class='ocrx_word' id='word_1_40' title='bbox 619 400 700 433; x_wconf 90' lang='lat' dir='ltr'>sicut</span> <span class='ocrx_word' id='word_1_41' title='bbox 718 400 838 438; x_wconf 87' lang='lat' dir='ltr'>Petrus,</span> <span class='ocrx_word' id='word_1_42' title='bbox 855 408 952 441; x_wconf 87' lang='lat' dir='ltr'>supra</span> <span class='ocrx_word' id='word_1_43' title='bbox 968 399 1078 441; x_wconf 91' lang='lat' dir='ltr'>quinto</span> <span class='ocrx_word' id='word_1_44' title='bbox 1093 400 1118 430; x_wconf 86' lang='lat'>¹:</span> 
     </span>
     <span class='ocr_line' id='line_1_17' title="bbox 163 453 1121 495; baseline -0.004 -7"><span class='ocrx_word' id='word_1_45' title='bbox 163 469 180 485; x_wconf 92' lang='lat'>«</span> <span class='ocrx_word' id='word_1_46' title='bbox 197 455 254 488; x_wconf 89' lang='lat' dir='ltr'>Exi</span> <span class='ocrx_word' id='word_1_47' title='bbox 278 464 297 487; x_wconf 90' lang='lat' dir='ltr'>a</span> <span class='ocrx_word' id='word_1_48' title='bbox 321 463 381 493; x_wconf 88' lang='lat' dir='ltr'>me,</span> <span class='ocrx_word' id='word_1_49' title='bbox 406 454 551 492; x_wconf 82' lang='lat' dir='ltr'>Domine,</span> <span class='ocrx_word' id='word_1_50' title='bbox 575 453 650 495; x_wconf 91' lang='lat' dir='ltr'>quia</span> <span class='ocrx_word' id='word_1_51' title='bbox 674 453 768 486; x_wconf 92' lang='lat' dir='ltr'>homo</span> <span class='ocrx_word' id='word_1_52' title='bbox 785 456 929 494; x_wconf 86' lang='lat' dir='ltr'>peccator</span> <span class='ocrx_word' id='word_1_53' title='bbox 954 461 1023 485; x_wconf 93' lang='lat' dir='ltr'>sum</span> <span class='ocrx_word' id='word_1_54' title='bbox 1041 464 1072 491; x_wconf 83' lang='lat'>»;</span> <span class='ocrx_word' id='word_1_55' title='bbox 1089 455 1121 485; x_wconf 91' lang='lat' dir='ltr'>et</span> 
     </span>
     <span class='ocr_line' id='line_1_18' title="bbox 159 505 1119 549; baseline -0.005 -7"><span class='ocrx_word' id='word_1_56' title='bbox 159 509 240 542; x_wconf 84' lang='lat' dir='ltr'>sicut</span> <span class='ocrx_word' id='word_1_57' title='bbox 263 507 417 547; x_wconf 89' lang='lat' dir='ltr'>centurio,</span> <span class='ocrx_word' id='word_1_58' title='bbox 449 516 547 549; x_wconf 88' lang='lat' dir='ltr'>supra</span> <span class='ocrx_word' id='word_1_59' title='bbox 579 507 728 548; x_wconf 85' lang='lat' dir='ltr'>septimo:</span> <span class='ocrx_word' id='word_1_60' title='bbox 759 519 773 534; x_wconf 71' lang='lat' dir='ltr'>r&lt;</span> <span class='ocrx_word' id='word_1_61' title='bbox 790 505 938 545; x_wconf 85' lang='lat' dir='ltr'>Domine,</span> <span class='ocrx_word' id='word_1_62' title='bbox 962 514 1023 538; x_wconf 95' lang='lat' dir='ltr'>non</span> <span class='ocrx_word' id='word_1_63' title='bbox 1049 514 1119 538; x_wconf 91' lang='lat' dir='ltr'>sum</span> 
     </span>
     <span class='ocr_line' id='line_1_19' title="bbox 158 559 1119 605; baseline -0.005 -10"><span class='ocrx_word' id='word_1_64' title='bbox 158 563 289 605; x_wconf 87' lang='lat' dir='ltr'>dignus,</span> <span class='ocrx_word' id='word_1_65' title='bbox 314 565 350 594; x_wconf 92' lang='lat' dir='ltr'>ut</span> <span class='ocrx_word' id='word_1_66' title='bbox 373 561 471 593; x_wconf 82' lang='lat' dir='ltr'>intres</span> <span class='ocrx_word' id='word_1_67' title='bbox 492 560 552 593; x_wconf 91' lang='lat' dir='ltr'>sub</span> <span class='ocrx_word' id='word_1_68' title='bbox 576 563 693 592; x_wconf 90' lang='lat' dir='ltr'>tectum</span> <span class='ocrx_word' id='word_1_69' title='bbox 718 568 824 592; x_wconf 90' lang='lat' dir='ltr'>meum</span> <span class='ocrx_word' id='word_1_70' title='bbox 842 571 873 598; x_wconf 80' lang='lat'>»3</span> <span class='ocrx_word' id='word_1_71' title='bbox 898 559 983 601; x_wconf 91' lang='lat' dir='ltr'>quia,</span> <span class='ocrx_word' id='word_1_72' title='bbox 1008 567 1119 591; x_wconf 91' lang='lat' dir='ltr'>secun-</span> 
     </span>
     <span class='ocr_line' id='line_1_20' title="bbox 158 612 1120 654; baseline -0.004 -6"><span class='ocrx_word' id='word_1_73' title='bbox 158 616 232 649; x_wconf 88' lang='lat' dir='ltr'>dum</span> <span class='ocrx_word' id='word_1_74' title='bbox 258 614 336 647; x_wconf 92' lang='lat' dir='ltr'>illud</span> <span class='ocrx_word' id='word_1_75' title='bbox 360 613 564 647; x_wconf 88' lang='lat' dir='ltr'>Ecclesiastici</span> <span class='ocrx_word' id='word_1_76' title='bbox 580 612 701 645; x_wconf 88' lang='lat' dir='ltr'>decimo</span> <span class='ocrx_word' id='word_1_77' title='bbox 718 612 828 650; x_wconf 91' lang='lat' dir='ltr'>tertio,</span> <span class='ocrx_word' id='word_1_78' title='bbox 851 625 866 640; x_wconf 76' lang='grc' dir='ltr'>α</span> <span class='ocrx_word' id='word_1_79' title='bbox 884 612 1007 653; x_wconf 88' lang='lat' dir='ltr'>pondus</span> <span class='ocrx_word' id='word_1_80' title='bbox 1023 620 1120 654; x_wconf 90' lang='lat' dir='ltr'>super</span> 
     </span>
     <span class='ocr_line' id='line_1_21' title="bbox 159 664 1120 710; baseline -0.006 -8"><span class='ocrx_word' id='word_1_81' title='bbox 159 678 191 702; x_wconf 86' lang='lat' dir='ltr'>se</span> <span class='ocrx_word' id='word_1_82' title='bbox 215 668 302 701; x_wconf 91' lang='lat' dir='ltr'>tollet</span> <span class='ocrx_word' id='word_1_83' title='bbox 324 667 378 710; x_wconf 91' lang='lat' dir='ltr'>qui</span> <span class='ocrx_word' id='word_1_84' title='bbox 404 666 573 700; x_wconf 84' lang='lat' dir='ltr'>honestiori</span> <span class='ocrx_word' id='word_1_85' title='bbox 598 675 630 699; x_wconf 88' lang='lat' dir='ltr'>se</span> <span class='ocrx_word' id='word_1_86' title='bbox 655 665 914 698; x_wconf 88' lang='lat' dir='ltr'>communicat».</span> <span class='ocrx_word' id='word_1_87' title='bbox 940 664 1026 697; x_wconf 83' lang='lat' dir='ltr'>Unde</span> <span class='ocrx_word' id='word_1_88' title='bbox 1050 665 1120 696; x_wconf 80' lang='lat' dir='ltr'>Am-</span> 
     </span>
     <span class='ocr_line' id='line_1_22' title="bbox 158 718 1120 760; baseline -0.006 -5"><span class='ocrx_word' id='word_1_89' title='bbox 158 721 325 755; x_wconf 74' lang='lat' dir='ltr'>brosius2:</span> <span class='ocrx_word' id='word_1_90' title='bbox 355 734 370 749; x_wconf 72' lang='grc' dir='ltr'>ιι</span> <span class='ocrx_word' id='word_1_91' title='bbox 387 720 513 753; x_wconf 87' lang='lat' dir='ltr'>Infirma</span> <span class='ocrx_word' id='word_1_92' title='bbox 536 728 625 752; x_wconf 90' lang='lat' dir='ltr'>mens</span> <span class='ocrx_word' id='word_1_93' title='bbox 649 728 710 751; x_wconf 91' lang='lat' dir='ltr'>non</span> <span class='ocrx_word' id='word_1_94' title='bbox 727 719 810 760; x_wconf 82' lang='lat' dir='ltr'>capit</span> <span class='ocrx_word' id='word_1_95' title='bbox 834 718 887 751; x_wconf 89' lang='lat' dir='ltr'>Dei</span> <span class='ocrx_word' id='word_1_96' title='bbox 914 718 1045 750; x_wconf 90' lang='lat' dir='ltr'>verbum</span> <span class='ocrx_word' id='word_1_97' title='bbox 1063 726 1120 750; x_wconf 91' lang='lat' dir='ltr'>nec</span> 
     </span>
     <span class='ocr_line' id='line_1_23' title="bbox 159 770 1119 818; baseline -0.005 -10"><span class='ocrx_word' id='word_1_98' title='bbox 159 778 259 818; x_wconf 89' lang='lat' dir='ltr'>potest</span> <span class='ocrx_word' id='word_1_99' title='bbox 283 774 406 817; x_wconf 89' lang='lat' dir='ltr'>pondus</span> <span class='ocrx_word' id='word_1_100' title='bbox 430 773 599 815; x_wconf 84' lang='lat' dir='ltr'>sapientiae</span> <span class='ocrx_word' id='word_1_101' title='bbox 623 772 780 805; x_wconf 90' lang='lat' dir='ltr'>sustinere</span> <span class='ocrx_word' id='word_1_102' title='bbox 797 785 826 804; x_wconf 67' lang='grc' dir='ltr'>ιι.</span> <span class='ocrx_word' id='word_1_103' title='bbox 849 771 886 804; x_wconf 89' lang='lat' dir='ltr'>Et</span> <span class='ocrx_word' id='word_1_104' title='bbox 908 771 1056 813; x_wconf 87' lang='lat' dir='ltr'>quoniam</span> <span class='ocrx_word' id='word_1_105' title='bbox 1082 770 1119 803; x_wconf 89' lang='lat' dir='ltr'>ad</span> 
     </span>
     <span class='ocr_line' id='line_1_24' title="bbox 157 823 1120 863; baseline -0.005 -2"><span class='ocrx_word' id='word_1_106' title='bbox 157 829 292 862; x_wconf 85' lang='lat' dir='ltr'>divinam</span> <span class='ocrx_word' id='word_1_107' title='bbox 317 827 578 860; x_wconf 79' lang='lat' dir='ltr'>cohabitationem</span> <span class='ocrx_word' id='word_1_108' title='bbox 595 829 686 859; x_wconf 90' lang='lat' dir='ltr'>erant</span> <span class='ocrx_word' id='word_1_109' title='bbox 701 825 806 858; x_wconf 90' lang='lat' dir='ltr'>minus</span> <span class='ocrx_word' id='word_1_110' title='bbox 823 825 942 863; x_wconf 91' lang='lat' dir='ltr'>idonei,</span> <span class='ocrx_word' id='word_1_111' title='bbox 968 824 1037 857; x_wconf 90' lang='lat' dir='ltr'>ideo</span> <span class='ocrx_word' id='word_1_112' title='bbox 1053 823 1120 856; x_wconf 84' lang='lat' dir='ltr'>fue-</span> 
     </span>
     <span class='ocr_line' id='line_1_25' title="bbox 159 879 1119 922; baseline -0.006 -7"><span class='ocrx_word' id='word_1_113' title='bbox 159 885 234 915; x_wconf 88' lang='lat' dir='ltr'>runt</span> <span class='ocrx_word' id='word_1_114' title='bbox 256 881 407 914; x_wconf 85' lang='lat' dir='ltr'>exauditi.</span> <span class='ocrx_word' id='word_1_115' title='bbox 425 899 468 903; x_wconf 95' lang='lat'>—</span> <span class='ocrx_word' id='word_1_116' title='bbox 485 880 616 922; x_wconf 86' lang='lat' dir='ltr'>Propter</span> <span class='ocrx_word' id='word_1_117' title='bbox 633 879 716 922; x_wconf 91' lang='lat' dir='ltr'>quod</span> <span class='ocrx_word' id='word_1_118' title='bbox 733 879 874 911; x_wconf 82' lang='lat' dir='ltr'>additur:</span> <span class='ocrx_word' id='word_1_119' title='bbox 900 879 973 920; x_wconf 74' lang='lat' dir='ltr'>Ipse</span> <span class='ocrx_word' id='word_1_120' title='bbox 996 881 1119 917; x_wconf 80' lang='lat' dir='ltr'>autent,</span> 
     </span>
     <span class='ocr_line' id='line_1_26' title="bbox 158 931 1121 972; baseline -0.005 -4"><span class='ocrx_word' id='word_1_121' title='bbox 158 934 336 968; x_wconf 74' lang='lat' dir='ltr'>ascendens</span> <span class='ocrx_word' id='word_1_122' title='bbox 358 933 474 966; x_wconf 96' lang='lat' dir='ltr'>navim</span> <span class='ocrx_word' id='word_1_123' title='bbox 486 933 511 972; x_wconf 76' lang='lat'>⁸,</span> <span class='ocrx_word' id='word_1_124' title='bbox 536 942 690 965; x_wconf 77' lang='lat' dir='ltr'>reversus</span> <span class='ocrx_word' id='word_1_125' title='bbox 718 936 772 964; x_wconf 78' lang='lat' dir='ltr'>est.</span> <span class='ocrx_word' id='word_1_126' title='bbox 809 931 938 964; x_wconf 89' lang='lat' dir='ltr'>Nolebat</span> <span class='ocrx_word' id='word_1_127' title='bbox 968 931 1121 963; x_wconf 88' lang='lat' dir='ltr'>Dominus</span> 
     </span>
     <span class='ocr_line' id='line_1_27' title="bbox 158 983 1120 1030; baseline -0.005 -9"><span class='ocrx_word' id='word_1_128' title='bbox 158 997 225 1021; x_wconf 91' lang='lat' dir='ltr'>esse</span> <span class='ocrx_word' id='word_1_129' title='bbox 248 987 407 1030; x_wconf 81' lang='lat' dir='ltr'>aliquibus</span> <span class='ocrx_word' id='word_1_130' title='bbox 430 995 600 1025; x_wconf 77' lang='lat' dir='ltr'>onerosus3</span> <span class='ocrx_word' id='word_1_131' title='bbox 626 985 709 1018; x_wconf 89' lang='lat' dir='ltr'>unde</span> <span class='ocrx_word' id='word_1_132' title='bbox 734 985 877 1018; x_wconf 82' lang='lat' dir='ltr'>Matthaei</span> <span class='ocrx_word' id='word_1_133' title='bbox 895 984 1032 1017; x_wconf 88' lang='lat' dir='ltr'>decimo:</span> <span class='ocrx_word' id='word_1_134' title='bbox 1056 997 1070 1012; x_wconf 74' lang='grc' dir='ltr'>α</span> <span class='ocrx_word' id='word_1_135' title='bbox 1085 983 1120 1016; x_wconf 89' lang='lat' dir='ltr'>Et</span> 
     </span>
     <span class='ocr_line' id='line_1_28' title="bbox 159 1038 1119 1084; baseline -0.006 -9"><span class='ocrx_word' id='word_1_136' title='bbox 159 1041 352 1084; x_wconf 85' lang='lat' dir='ltr'>quicumque</span> <span class='ocrx_word' id='word_1_137' title='bbox 376 1050 437 1073; x_wconf 92' lang='lat' dir='ltr'>non</span> <span class='ocrx_word' id='word_1_138' title='bbox 462 1039 639 1082; x_wconf 86' lang='lat' dir='ltr'>receperint</span> <span class='ocrx_word' id='word_1_139' title='bbox 663 1048 733 1077; x_wconf 90' lang='lat' dir='ltr'>vos,</span> <span class='ocrx_word' id='word_1_140' title='bbox 758 1042 913 1071; x_wconf 87' lang='lat' dir='ltr'>exeuntes</span> <span class='ocrx_word' id='word_1_141' title='bbox 937 1038 1038 1076; x_wconf 78' lang='lat' dir='ltr'>foras,</span> <span class='ocrx_word' id='word_1_142' title='bbox 1062 1046 1119 1070; x_wconf 84' lang='lat' dir='ltr'>ex-</span> 
     </span>
     <span class='ocr_line' id='line_1_29' title="bbox 159 1091 1119 1137; baseline -0.005 -9"><span class='ocrx_word' id='word_1_143' title='bbox 159 1095 255 1129; x_wconf 90' lang='lat' dir='ltr'>cutite</span> <span class='ocrx_word' id='word_1_144' title='bbox 278 1094 442 1137; x_wconf 91' lang='lat' dir='ltr'>pulverem</span> <span class='ocrx_word' id='word_1_145' title='bbox 458 1093 496 1126; x_wconf 91' lang='lat' dir='ltr'>de</span> <span class='ocrx_word' id='word_1_146' title='bbox 513 1093 645 1135; x_wconf 89' lang='lat' dir='ltr'>pedibus</span> <span class='ocrx_word' id='word_1_147' title='bbox 669 1092 782 1125; x_wconf 88' lang='lat' dir='ltr'>vestris</span> <span class='ocrx_word' id='word_1_148' title='bbox 799 1104 828 1130; x_wconf 84' lang='lat'>»;</span> <span class='ocrx_word' id='word_1_149' title='bbox 854 1095 885 1124; x_wconf 88' lang='lat' dir='ltr'>et</span> <span class='ocrx_word' id='word_1_150' title='bbox 901 1091 1047 1124; x_wconf 84' lang='lat' dir='ltr'>Matthaei</span> <span class='ocrx_word' id='word_1_151' title='bbox 1072 1100 1119 1124; x_wconf 89' lang='lat' dir='ltr'>se-</span> 
     </span>
     <span class='ocr_line' id='line_1_30' title="bbox 160 1145 1120 1191; baseline -0.005 -10"><span class='ocrx_word' id='word_1_152' title='bbox 160 1148 273 1191; x_wconf 88' lang='lat' dir='ltr'>ptimo:</span> <span class='ocrx_word' id='word_1_153' title='bbox 303 1160 319 1175; x_wconf 84' lang='lat'>«</span> <span class='ocrx_word' id='word_1_154' title='bbox 337 1147 435 1180; x_wconf 89' lang='lat' dir='ltr'>Nolite</span> <span class='ocrx_word' id='word_1_155' title='bbox 459 1149 602 1179; x_wconf 87' lang='lat' dir='ltr'>sanctum</span> <span class='ocrx_word' id='word_1_156' title='bbox 637 1145 713 1178; x_wconf 89' lang='lat' dir='ltr'>dare</span> <span class='ocrx_word' id='word_1_157' title='bbox 747 1145 878 1177; x_wconf 91' lang='lat' dir='ltr'>canibus</span> <span class='ocrx_word' id='word_1_158' title='bbox 909 1153 1012 1186; x_wconf 91' lang='lat' dir='ltr'>neque</span> <span class='ocrx_word' id='word_1_159' title='bbox 1035 1153 1120 1186; x_wconf 90' lang='lat' dir='ltr'>spar-</span> 
     </span>
     <span class='ocr_line' id='line_1_31' title="bbox 158 1196 1120 1244; baseline -0.005 -10"><span class='ocrx_word' id='word_1_160' title='bbox 158 1210 231 1244; x_wconf 87' lang='lat' dir='ltr'>gere</span> <span class='ocrx_word' id='word_1_161' title='bbox 255 1200 441 1243; x_wconf 85' lang='lat' dir='ltr'>margaritas</span> <span class='ocrx_word' id='word_1_162' title='bbox 456 1202 527 1233; x_wconf 92' lang='lat' dir='ltr'>ante</span> <span class='ocrx_word' id='word_1_163' title='bbox 551 1208 663 1242; x_wconf 91' lang='lat' dir='ltr'>porcos</span> <span class='ocrx_word' id='word_1_164' title='bbox 677 1212 706 1230; x_wconf 67' lang='lat' dir='ltr'>n.</span> <span class='ocrx_word' id='word_1_165' title='bbox 725 1198 783 1231; x_wconf 87' lang='lat' dir='ltr'>Sed</span> <span class='ocrx_word' id='word_1_166' title='bbox 800 1197 988 1240; x_wconf 88' lang='lat' dir='ltr'>prudentius</span> <span class='ocrx_word' id='word_1_167' title='bbox 1012 1197 1060 1230; x_wconf 92' lang='lat' dir='ltr'>his</span> <span class='ocrx_word' id='word_1_168' title='bbox 1076 1196 1120 1229; x_wconf 82' lang='lat' dir='ltr'>se-</span> 
     </span>
     <span class='ocr_line' id='line_1_32' title="bbox 158 1250 1119 1295; baseline -0.006 -7"><span class='ocrx_word' id='word_1_169' title='bbox 158 1258 270 1288; x_wconf 88' lang='lat' dir='ltr'>cerunt</span> <span class='ocrx_word' id='word_1_170' title='bbox 286 1253 489 1292; x_wconf 89' lang='lat' dir='ltr'>Samaritani,</span> <span class='ocrx_word' id='word_1_171' title='bbox 506 1253 544 1286; x_wconf 93' lang='lat' dir='ltr'>de</span> <span class='ocrx_word' id='word_1_172' title='bbox 561 1253 677 1295; x_wconf 92' lang='lat' dir='ltr'>quibus</span> <span class='ocrx_word' id='word_1_173' title='bbox 694 1251 816 1284; x_wconf 89' lang='lat' dir='ltr'>Ioannis</span> <span class='ocrx_word' id='word_1_174' title='bbox 831 1251 985 1293; x_wconf 75' lang='lat' dir='ltr'>quarto4:</span> <span class='ocrx_word' id='word_1_175' title='bbox 1014 1264 1029 1279; x_wconf 87' lang='lat'>«</span> <span class='ocrx_word' id='word_1_176' title='bbox 1041 1250 1119 1282; x_wconf 91' lang='lat' dir='ltr'>Cum</span> 
     </span>
     <span class='ocr_line' id='line_1_33' title="bbox 158 1303 1118 1347; baseline -0.007 -5"><span class='ocrx_word' id='word_1_177' title='bbox 158 1308 316 1342; x_wconf 89' lang='lat' dir='ltr'>venissent</span> <span class='ocrx_word' id='word_1_178' title='bbox 338 1307 377 1340; x_wconf 91' lang='lat' dir='ltr'>ad</span> <span class='ocrx_word' id='word_1_179' title='bbox 401 1316 473 1340; x_wconf 88' lang='lat' dir='ltr'>eum</span> <span class='ocrx_word' id='word_1_180' title='bbox 498 1305 697 1344; x_wconf 88' lang='lat' dir='ltr'>Samaritani,</span> <span class='ocrx_word' id='word_1_181' title='bbox 716 1307 907 1347; x_wconf 85' lang='lat' dir='ltr'>rogaverunt</span> <span class='ocrx_word' id='word_1_182' title='bbox 924 1313 1007 1342; x_wconf 91' lang='lat' dir='ltr'>eum,</span> <span class='ocrx_word' id='word_1_183' title='bbox 1024 1307 1061 1336; x_wconf 93' lang='lat' dir='ltr'>ut</span> <span class='ocrx_word' id='word_1_184' title='bbox 1077 1303 1118 1336; x_wconf 91' lang='lat' dir='ltr'>ibi</span> 
     </span>
     <span class='ocr_line' id='line_1_34' title="bbox 158 1356 1119 1400; baseline -0.006 -6"><span class='ocrx_word' id='word_1_185' title='bbox 158 1364 306 1394; x_wconf 90' lang='lat' dir='ltr'>maneret.</span> <span class='ocrx_word' id='word_1_186' title='bbox 325 1361 360 1393; x_wconf 87' lang='lat' dir='ltr'>Et</span> <span class='ocrx_word' id='word_1_187' title='bbox 383 1360 497 1392; x_wconf 90' lang='lat' dir='ltr'>mansit</span> <span class='ocrx_word' id='word_1_188' title='bbox 520 1359 604 1400; x_wconf 90' lang='lat' dir='ltr'>apud</span> <span class='ocrx_word' id='word_1_189' title='bbox 628 1367 681 1391; x_wconf 87' lang='lat' dir='ltr'>eos</span> <span class='ocrx_word' id='word_1_190' title='bbox 703 1358 782 1390; x_wconf 89' lang='lat' dir='ltr'>duos</span> <span class='ocrx_word' id='word_1_191' title='bbox 806 1357 872 1390; x_wconf 86' lang='lat' dir='ltr'>dies</span> <span class='ocrx_word' id='word_1_192' title='bbox 885 1370 915 1388; x_wconf 71' lang='grc' dir='ltr'>ι).</span> <span class='ocrx_word' id='word_1_193' title='bbox 933 1356 992 1389; x_wconf 87' lang='lat' dir='ltr'>Sed</span> <span class='ocrx_word' id='word_1_194' title='bbox 1009 1359 1119 1398; x_wconf 89' lang='lat' dir='ltr'>stupor</span> 
     </span>
     <span class='ocr_line' id='line_1_35' title="bbox 157 1410 1118 1452; baseline -0.006 -5"><span class='ocrx_word' id='word_1_195' title='bbox 157 1414 406 1447; x_wconf 84' lang='lat' dir='ltr'>circumdederat</span> <span class='ocrx_word' id='word_1_196' title='bbox 429 1413 521 1451; x_wconf 87' lang='lat' dir='ltr'>istos,</span> <span class='ocrx_word' id='word_1_197' title='bbox 547 1412 628 1444; x_wconf 89' lang='lat' dir='ltr'>sicut</span> <span class='ocrx_word' id='word_1_198' title='bbox 651 1414 682 1444; x_wconf 90' lang='lat' dir='ltr'>et</span> <span class='ocrx_word' id='word_1_199' title='bbox 699 1411 844 1449; x_wconf 87' lang='lat' dir='ltr'>Petrum,</span> <span class='ocrx_word' id='word_1_200' title='bbox 869 1419 967 1452; x_wconf 89' lang='lat' dir='ltr'>supra</span> <span class='ocrx_word' id='word_1_201' title='bbox 997 1410 1118 1452; x_wconf 91' lang='lat' dir='ltr'>quinto.</span> 
     </span>
     <span class='ocr_line' id='line_1_36' title="bbox 158 1463 1120 1509; baseline -0.005 -9"><span class='ocrx_word' id='word_1_202' title='bbox 158 1468 227 1501; x_wconf 91' lang='lat' dir='ltr'>Ideo</span> <span class='ocrx_word' id='word_1_203' title='bbox 243 1470 387 1509; x_wconf 91' lang='lat' dir='ltr'>poterant</span> <span class='ocrx_word' id='word_1_204' title='bbox 403 1466 507 1498; x_wconf 90' lang='lat' dir='ltr'>dicere</span> <span class='ocrx_word' id='word_1_205' title='bbox 523 1465 601 1497; x_wconf 92' lang='lat' dir='ltr'>illud</span> <span class='ocrx_word' id='word_1_206' title='bbox 618 1464 669 1497; x_wconf 91' lang='lat' dir='ltr'>lob</span> <span class='ocrx_word' id='word_1_207' title='bbox 686 1464 846 1506; x_wconf 87' lang='lat' dir='ltr'>trigesimo</span> <span class='ocrx_word' id='word_1_208' title='bbox 862 1463 978 1505; x_wconf 87' lang='lat' dir='ltr'>primo:</span> <span class='ocrx_word' id='word_1_209' title='bbox 1001 1476 1016 1491; x_wconf 90' lang='lat'>«</span> <span class='ocrx_word' id='word_1_210' title='bbox 1033 1463 1120 1496; x_wconf 92' lang='lat' dir='ltr'>Sem-</span> 
     </span>
     <span class='ocr_line' id='line_1_37' title="bbox 158 1517 1120 1563; baseline -0.005 -9"><span class='ocrx_word' id='word_1_211' title='bbox 158 1530 213 1563; x_wconf 87' lang='lat' dir='ltr'>per</span> <span class='ocrx_word' id='word_1_212' title='bbox 229 1520 318 1562; x_wconf 89' lang='lat' dir='ltr'>quasi</span> <span class='ocrx_word' id='word_1_213' title='bbox 337 1522 493 1552; x_wconf 87' lang='lat' dir='ltr'>tumentes</span> <span class='ocrx_word' id='word_1_214' title='bbox 513 1518 630 1551; x_wconf 86' lang='lat' dir='ltr'>fluctus</span> <span class='ocrx_word' id='word_1_215' title='bbox 654 1526 749 1559; x_wconf 89' lang='lat' dir='ltr'>super</span> <span class='ocrx_word' id='word_1_216' title='bbox 775 1526 823 1550; x_wconf 90' lang='lat' dir='ltr'>me</span> <span class='ocrx_word' id='word_1_217' title='bbox 847 1517 937 1550; x_wconf 92' lang='lat' dir='ltr'>timui</span> <span class='ocrx_word' id='word_1_218' title='bbox 964 1517 1063 1549; x_wconf 92' lang='lat' dir='ltr'>Deum</span> <span class='ocrx_word' id='word_1_219' title='bbox 1089 1520 1120 1549; x_wconf 89' lang='lat' dir='ltr'>et</span> 
     </span>
     <span class='ocr_line' id='line_1_38' title="bbox 159 1570 725 1616; baseline -0.009 -9"><span class='ocrx_word' id='word_1_220' title='bbox 159 1573 281 1616; x_wconf 91' lang='lat' dir='ltr'>pondus</span> <span class='ocrx_word' id='word_1_221' title='bbox 303 1573 372 1606; x_wconf 92' lang='lat' dir='ltr'>eius</span> <span class='ocrx_word' id='word_1_222' title='bbox 395 1572 479 1605; x_wconf 78' lang='lat' dir='ltr'>serre</span> <span class='ocrx_word' id='word_1_223' title='bbox 503 1581 565 1604; x_wconf 90' lang='lat' dir='ltr'>non</span> <span class='ocrx_word' id='word_1_224' title='bbox 590 1570 677 1613; x_wconf 90' lang='lat' dir='ltr'>potui</span> <span class='ocrx_word' id='word_1_225' title='bbox 696 1584 725 1602; x_wconf 79' lang='grc'>».</span> 
     </span>
    </p>

    <p class='ocr_par' dir='ltr' id='par_1_7' title="bbox 158 1622 1121 2044">
     <span class='ocr_line' id='line_1_39' title="bbox 249 1622 1119 1667; baseline -0.005 -8"><span class='ocrx_word' id='word_1_226' title='bbox 249 1627 281 1659; x_wconf 89' lang='lat' dir='ltr'>ln</span> <span class='ocrx_word' id='word_1_227' title='bbox 306 1626 365 1659; x_wconf 92' lang='lat' dir='ltr'>hoc</span> <span class='ocrx_word' id='word_1_228' title='bbox 388 1625 480 1658; x_wconf 89' lang='lat' dir='ltr'>etiam</span> <span class='ocrx_word' id='word_1_229' title='bbox 504 1624 726 1667; x_wconf 78' lang='lat' dir='ltr'>spi-ritualiter</span> <span class='ocrx_word' id='word_1_230' title='bbox 749 1623 843 1656; x_wconf 88' lang='lat' dir='ltr'>datur</span> <span class='ocrx_word' id='word_1_231' title='bbox 868 1623 1016 1665; x_wconf 86' lang='lat' dir='ltr'>intelligi,</span> <span class='ocrx_word' id='word_1_232' title='bbox 1033 1622 1119 1665; x_wconf 91' lang='lat' dir='ltr'>quod</span> 
     </span>
     <span class='ocr_line' id='line_1_40' title="bbox 158 1676 1119 1721; baseline -0.005 -8"><span class='ocrx_word' id='word_1_233' title='bbox 158 1679 310 1713; x_wconf 90' lang='lat' dir='ltr'>Dominus</span> <span class='ocrx_word' id='word_1_234' title='bbox 345 1679 492 1721; x_wconf 90' lang='lat' dir='ltr'>repulsus</span> <span class='ocrx_word' id='word_1_235' title='bbox 529 1678 688 1716; x_wconf 89' lang='lat' dir='ltr'>abscedit;</span> <span class='ocrx_word' id='word_1_236' title='bbox 729 1677 823 1719; x_wconf 91' lang='lat' dir='ltr'>primi</span> <span class='ocrx_word' id='word_1_237' title='bbox 863 1676 1119 1718; x_wconf 90' lang='lat' dir='ltr'>Paralipomenon</span> 
     </span>
     <span class='ocr_line' id='line_1_41' title="bbox 159 1729 1119 1776; baseline -0.003 -10"><span class='ocrx_word' id='word_1_238' title='bbox 159 1733 307 1776; x_wconf 88' lang='lat' dir='ltr'>vigesimo</span> <span class='ocrx_word' id='word_1_239' title='bbox 329 1732 482 1766; x_wconf 84' lang='lat' dir='ltr'>octav0⁵:</span> <span class='ocrx_word' id='word_1_240' title='bbox 512 1745 528 1760; x_wconf 89' lang='lat'><strong><em>«</em></strong></span> <span class='ocrx_word' id='word_1_241' title='bbox 544 1732 574 1764; x_wconf 92' lang='lat' dir='ltr'>Si</span> <span class='ocrx_word' id='word_1_242' title='bbox 599 1731 772 1774; x_wconf 87' lang='lat' dir='ltr'>quaesieris</span> <span class='ocrx_word' id='word_1_243' title='bbox 795 1739 888 1769; x_wconf 88' lang='lat' dir='ltr'>eum,</span> <span class='ocrx_word' id='word_1_244' title='bbox 911 1730 1068 1769; x_wconf 88' lang='lat' dir='ltr'>invenies;</span> <span class='ocrx_word' id='word_1_245' title='bbox 1093 1729 1119 1763; x_wconf 92' lang='lat' dir='ltr'>si</span> 
     </span>
     <span class='ocr_line' id='line_1_42' title="bbox 159 1784 1118 1828; baseline -0.004 -8"><span class='ocrx_word' id='word_1_246' title='bbox 159 1791 265 1820; x_wconf 87' lang='lat' dir='ltr'>autem</span> <span class='ocrx_word' id='word_1_247' title='bbox 288 1786 495 1828; x_wconf 88' lang='lat' dir='ltr'>dereliqueris</span> <span class='ocrx_word' id='word_1_248' title='bbox 518 1795 602 1823; x_wconf 90' lang='lat' dir='ltr'>eum,</span> <span class='ocrx_word' id='word_1_249' title='bbox 627 1784 769 1827; x_wconf 88' lang='lat' dir='ltr'>proiiciet</span> <span class='ocrx_word' id='word_1_250' title='bbox 793 1788 823 1817; x_wconf 91' lang='lat' dir='ltr'>te</span> <span class='ocrx_word' id='word_1_251' title='bbox 847 1784 879 1816; x_wconf 95' lang='lat' dir='ltr'>in</span> <span class='ocrx_word' id='word_1_252' title='bbox 907 1788 1071 1817; x_wconf 89' lang='lat' dir='ltr'>aeternum</span> <span class='ocrx_word' id='word_1_253' title='bbox 1088 1797 1118 1816; x_wconf 85' lang='grc'>».</span> 
     </span>
     <span class='ocr_line' id='line_1_43' title="bbox 160 1838 1121 1881; baseline -0.002 -8"><span class='ocrx_word' id='word_1_254' title='bbox 160 1860 203 1865; x_wconf 93' lang='lat'>—-</span> <span class='ocrx_word' id='word_1_255' title='bbox 226 1841 405 1874; x_wconf 90' lang='lat' dir='ltr'>Insinuatur</span> <span class='ocrx_word' id='word_1_256' title='bbox 429 1840 540 1878; x_wconf 91' lang='lat' dir='ltr'>etiam,</span> <span class='ocrx_word' id='word_1_257' title='bbox 576 1838 661 1881; x_wconf 72' lang='lat' dir='ltr'>qued</span> <span class='ocrx_word' id='word_1_258' title='bbox 695 1838 848 1871; x_wconf 90' lang='lat' dir='ltr'>Dominus</span> <span class='ocrx_word' id='word_1_259' title='bbox 883 1848 944 1871; x_wconf 93' lang='lat' dir='ltr'>non</span> <span class='ocrx_word' id='word_1_260' title='bbox 970 1838 1121 1881; x_wconf 89' lang='lat' dir='ltr'>relinquit</span> 
     </span>
     <span class='ocr_line' id='line_1_44' title="bbox 159 1892 1120 1936; baseline -0.004 -8"><span class='ocrx_word' id='word_1_261' title='bbox 159 1904 232 1934; x_wconf 92' lang='lat' dir='ltr'>nos,</span> <span class='ocrx_word' id='word_1_262' title='bbox 258 1894 315 1928; x_wconf 89' lang='lat' dir='ltr'>nisi</span> <span class='ocrx_word' id='word_1_263' title='bbox 341 1894 430 1936; x_wconf 92' lang='lat' dir='ltr'>prius</span> <span class='ocrx_word' id='word_1_264' title='bbox 453 1902 525 1926; x_wconf 90' lang='lat' dir='ltr'>eum</span> <span class='ocrx_word' id='word_1_265' title='bbox 557 1893 757 1935; x_wconf 88' lang='lat' dir='ltr'>repellamus,</span> <span class='ocrx_word' id='word_1_266' title='bbox 786 1892 863 1935; x_wconf 92' lang='lat' dir='ltr'>quin</span> <span class='ocrx_word' id='word_1_267' title='bbox 888 1892 993 1934; x_wconf 91' lang='lat' dir='ltr'>potius</span> <span class='ocrx_word' id='word_1_268' title='bbox 1017 1901 1050 1925; x_wconf 91' lang='lat' dir='ltr'>se</span> <span class='ocrx_word' id='word_1_269' title='bbox 1073 1892 1120 1924; x_wconf 90' lang='lat' dir='ltr'>in-</span> 
     </span>
     <span class='ocr_line' id='line_1_45' title="bbox 159 1938 1119 1990; baseline -0.002 -10"><span class='ocrx_word' id='word_1_270' title='bbox 159 1938 266 1990; x_wconf 61' lang='lat' dir='ltr'>gerit,</span> <span class='ocrx_word' id='word_1_271' title='bbox 282 1947 364 1980; x_wconf 92' lang='lat' dir='ltr'>unde</span> <span class='ocrx_word' id='word_1_272' title='bbox 388 1946 586 1989; x_wconf 90' lang='lat' dir='ltr'>Apocalypsis</span> <span class='ocrx_word' id='word_1_273' title='bbox 610 1946 720 1978; x_wconf 90' lang='lat' dir='ltr'>tertio:</span> <span class='ocrx_word' id='word_1_274' title='bbox 751 1959 766 1974; x_wconf 75' lang='grc' dir='ltr'>(ι</span> <span class='ocrx_word' id='word_1_275' title='bbox 782 1946 846 1988; x_wconf 86' lang='lat' dir='ltr'>Ego</span> <span class='ocrx_word' id='word_1_276' title='bbox 869 1949 917 1979; x_wconf 91' lang='lat' dir='ltr'>sto</span> <span class='ocrx_word' id='word_1_277' title='bbox 940 1946 979 1979; x_wconf 88' lang='lat' dir='ltr'>ad</span> <span class='ocrx_word' id='word_1_278' title='bbox 1002 1945 1119 1979; x_wconf 88' lang='lat' dir='ltr'>ostium</span> 
     </span>
     <span class='ocr_line' id='line_1_46' title="bbox 159 2001 423 2044; baseline -0.008 -10"><span class='ocrx_word' id='word_1_279' title='bbox 159 2005 190 2034; x_wconf 92' lang='lat' dir='ltr'>et</span> <span class='ocrx_word' id='word_1_280' title='bbox 213 2001 305 2044; x_wconf 92' lang='lat' dir='ltr'>pulso</span> <span class='ocrx_word' id='word_1_281' title='bbox 320 2014 335 2030; x_wconf 72' lang='grc' dir='ltr'>ι)</span> <span class='ocrx_word' id='word_1_282' title='bbox 365 2003 423 2033; x_wconf 89' lang='lat' dir='ltr'>etc.</span> 
     </span>
    </p>

    <p class='ocr_par' dir='ltr' id='par_1_8' title="bbox 160 2052 1122 2364">
     <span class='ocr_line' id='line_1_47' title="bbox 250 2052 1120 2096; baseline -0.001 -9"><span class='ocrx_word' id='word_1_283' title='bbox 250 2055 301 2087; x_wconf 81' lang='lat'>65.</span> <span class='ocrx_word' id='word_1_284' title='bbox 340 2054 439 2095; x_wconf 90' lang='lat' dir='ltr'>(Vers.</span> <span class='ocrx_word' id='word_1_285' title='bbox 476 2053 553 2095; x_wconf 62' lang='lat'>38).</span> <span class='ocrx_word' id='word_1_286' title='bbox 591 2054 632 2086; x_wconf 88' lang='lat' dir='ltr'>Et</span> <span class='ocrx_word' id='word_1_287' title='bbox 665 2053 809 2096; x_wconf 71' lang='lat' dir='ltr'>royabat</span> <span class='ocrx_word' id='word_1_288' title='bbox 842 2053 936 2086; x_wconf 82' lang='lat' dir='ltr'>illum</span> <span class='ocrx_word' id='word_1_289' title='bbox 972 2056 1030 2086; x_wconf 89' lang='lat' dir='ltr'>etc.</span> <span class='ocrx_word' id='word_1_290' title='bbox 1067 2052 1120 2086; x_wconf 86' lang='lat' dir='ltr'>Hic</span> 
     </span>
     <span class='ocr_line' id='line_1_48' title="bbox 160 2106 1121 2151; baseline -0.003 -10"><span class='ocrx_word' id='word_1_291' title='bbox 160 2111 274 2151; x_wconf 87' lang='lat' dir='ltr'>quarto</span> <span class='ocrx_word' id='word_1_292' title='bbox 296 2107 486 2140; x_wconf 86' lang='lat' dir='ltr'>describitur</span> <span class='ocrx_word' id='word_1_293' title='bbox 519 2106 732 2140; x_wconf 85' lang='lat' dir='ltr'>benevolentia</span> <span class='ocrx_word' id='word_1_294' title='bbox 757 2107 875 2139; x_wconf 81' lang='lat' dir='ltr'>sanati</span> <span class='ocrx_word' id='word_1_295' title='bbox 896 2106 1121 2148; x_wconf 84' lang='lat' dir='ltr'>obtemperan-</span> 
     </span>
     <span class='ocr_line' id='line_1_49' title="bbox 160 2159 1122 2204; baseline -0.002 -10"><span class='ocrx_word' id='word_1_296' title='bbox 160 2161 220 2201; x_wconf 81' lang='lat' dir='ltr'>tis,</span> <span class='ocrx_word' id='word_1_297' title='bbox 244 2170 339 2204; x_wconf 89' lang='lat' dir='ltr'>quam</span> <span class='ocrx_word' id='word_1_298' title='bbox 363 2160 559 2193; x_wconf 91' lang='lat' dir='ltr'>commendat</span> <span class='ocrx_word' id='word_1_299' title='bbox 582 2160 778 2203; x_wconf 87' lang='lat' dir='ltr'>Evangelista</span> <span class='ocrx_word' id='word_1_300' title='bbox 800 2169 842 2193; x_wconf 82' lang='lat' dir='ltr'>ex</span> <span class='ocrx_word' id='word_1_301' title='bbox 858 2163 1014 2202; x_wconf 89' lang='lat' dir='ltr'>quatuor,</span> <span class='ocrx_word' id='word_1_302' title='bbox 1039 2159 1122 2192; x_wconf 91' lang='lat' dir='ltr'>scili-</span> 
     </span>
     <span class='ocr_line' id='line_1_50' title="bbox 161 2213 1122 2257; baseline -0.003 -9"><span class='ocrx_word' id='word_1_303' title='bbox 161 2217 209 2248; x_wconf 89' lang='lat' dir='ltr'>cet</span> <span class='ocrx_word' id='word_1_304' title='bbox 232 2224 274 2248; x_wconf 85' lang='lat' dir='ltr'>ex</span> <span class='ocrx_word' id='word_1_305' title='bbox 306 2213 467 2246; x_wconf 83' lang='lat' dir='ltr'>oblatione</span> <span class='ocrx_word' id='word_1_306' title='bbox 498 2213 662 2257; x_wconf 75' lang='lat' dir='ltr'>obsequii,</span> <span class='ocrx_word' id='word_1_307' title='bbox 694 2223 736 2247; x_wconf 81' lang='lat' dir='ltr'>ex</span> <span class='ocrx_word' id='word_1_308' title='bbox 768 2213 1035 2246; x_wconf 74' lang='lat' dir='ltr'>condescensione</span> <span class='ocrx_word' id='word_1_309' title='bbox 1059 2213 1122 2245; x_wconf 89' lang='lat' dir='ltr'>Me-</span> 
     </span>
     <span class='ocr_line' id='line_1_51' title="bbox 161 2263 1122 2311; baseline -0.003 -10"><span class='ocrx_word' id='word_1_310' title='bbox 161 2268 245 2307; x_wconf 86' lang='lat' dir='ltr'>dici,</span> <span class='ocrx_word' id='word_1_311' title='bbox 270 2277 312 2301; x_wconf 86' lang='lat' dir='ltr'>ex</span> <span class='ocrx_word' id='word_1_312' title='bbox 336 2268 564 2300; x_wconf 75' lang='lat' dir='ltr'>commissione</span> <span class='ocrx_word' id='word_1_313' title='bbox 585 2267 689 2311; x_wconf 82' lang='lat' dir='ltr'>&#39;officii</span> <span class='ocrx_word' id='word_1_314' title='bbox 711 2270 742 2300; x_wconf 90' lang='lat' dir='ltr'>et</span> <span class='ocrx_word' id='word_1_315' title='bbox 765 2276 807 2300; x_wconf 84' lang='lat' dir='ltr'>ex</span> <span class='ocrx_word' id='word_1_316' title='bbox 831 2263 1056 2309; x_wconf 62' lang='lat' dir='ltr'>divulgatione</span> <span class='ocrx_word' id='word_1_317' title='bbox 1073 2266 1122 2299; x_wconf 84' lang='lat' dir='ltr'>be-</span> 
     </span>
     <span class='ocr_line' id='line_1_52' title="bbox 160 2319 978 2364; baseline -0.002 -10"><span class='ocrx_word' id='word_1_318' title='bbox 160 2321 288 2364; x_wconf 81' lang='lat' dir='ltr'>neficii,</span> <span class='ocrx_word' id='word_1_319' title='bbox 313 2321 356 2353; x_wconf 88' lang='lat' dir='ltr'>ita</span> <span class='ocrx_word' id='word_1_320' title='bbox 379 2321 463 2363; x_wconf 92' lang='lat' dir='ltr'>quod</span> <span class='ocrx_word' id='word_1_321' title='bbox 487 2330 587 2353; x_wconf 91' lang='lat' dir='ltr'>unum</span> <span class='ocrx_word' id='word_1_322' title='bbox 611 2320 650 2353; x_wconf 91' lang='lat' dir='ltr'>ad</span> <span class='ocrx_word' id='word_1_323' title='bbox 674 2320 808 2353; x_wconf 91' lang='lat' dir='ltr'>alterum</span> <span class='ocrx_word' id='word_1_324' title='bbox 833 2319 978 2361; x_wconf 88' lang='lat' dir='ltr'>disponit.</span> 
     </span>
    </p>
   </div>
   <div class='ocr_carea' id='block_1_7' title="bbox 250 2372 1148 2417">
    <p class='ocr_par' dir='ltr' id='par_1_9' title="bbox 250 2372 1148 2417">
     <span class='ocr_line' id='line_1_53' title="bbox 250 2372 1148 2417; baseline -0.003 -10"><span class='ocrx_word' id='word_1_325' title='bbox 250 2375 353 2408; x_wconf 88' lang='lat' dir='ltr'>Primo</span> <span class='ocrx_word' id='word_1_326' title='bbox 388 2375 484 2417; x_wconf 88' lang='lat' dir='ltr'>igitur</span> <span class='ocrx_word' id='word_1_327' title='bbox 512 2378 667 2416; x_wconf 89' lang='lat' dir='ltr'>quantum</span> <span class='ocrx_word' id='word_1_328' title='bbox 699 2373 737 2406; x_wconf 93' lang='lat' dir='ltr'>ad</span> <span class='ocrx_word' id='word_1_329' title='bbox 760 2372 954 2405; x_wconf 80' lang='lat' dir='ltr'>oblationem</span> <span class='ocrx_word' id='word_1_330' title='bbox 978 2372 1125 2416; x_wconf 74' lang='lat' dir='ltr'>obsequii</span> <span class='ocrx_word' id='word_1_331' title='bbox 1146 2378 1148 2380; x_wconf 82' lang='grc'><strong><em>·</em></strong></span> 
     </span>
    </p>
   </div>
   <div class='ocr_carea' id='block_1_8' title="bbox 161 2425 1124 2575">
    <p class='ocr_par' dir='ltr' id='par_1_10' title="bbox 161 2425 1124 2575">
     <span class='ocr_line' id='line_1_54' title="bbox 161 2425 1123 2470; baseline -0.004 -9"><span class='ocrx_word' id='word_1_332' title='bbox 161 2428 294 2462; x_wconf 89' lang='lat' dir='ltr'>dicitur:</span> <span class='ocrx_word' id='word_1_333' title='bbox 329 2428 368 2460; x_wconf 85' lang='lat' dir='ltr'>Et</span> <span class='ocrx_word' id='word_1_334' title='bbox 399 2427 543 2470; x_wconf 72' lang='lat' dir='ltr'>royabat</span> <span class='ocrx_word' id='word_1_335' title='bbox 576 2427 671 2460; x_wconf 80' lang='lat' dir='ltr'>illum</span> <span class='ocrx_word' id='word_1_336' title='bbox 705 2426 775 2464; x_wconf 81' lang='lat' dir='ltr'>vir,</span> <span class='ocrx_word' id='word_1_337' title='bbox 800 2435 822 2458; x_wconf 88' lang='lat' dir='ltr'>a</span> <span class='ocrx_word' id='word_1_338' title='bbox 857 2435 921 2468; x_wconf 79' lang='lat' dir='ltr'>quo</span> <span class='ocrx_word' id='word_1_339' title='bbox 945 2425 1123 2458; x_wconf 86' lang='lat' dir='ltr'>daemonia</span> 
     </span>
     <span class='ocr_line' id='line_1_55' title="bbox 162 2480 1122 2520; baseline -0.004 -5"><span class='ocrx_word' id='word_1_340' title='bbox 162 2482 329 2520; x_wconf 74' lang='lat' dir='ltr'>exierant,</span> <span class='ocrx_word' id='word_1_341' title='bbox 362 2481 479 2514; x_wconf 90' lang='lat' dir='ltr'>scilicet</span> <span class='ocrx_word' id='word_1_342' title='bbox 507 2484 635 2514; x_wconf 88' lang='lat' dir='ltr'>sanatus</span> <span class='ocrx_word' id='word_1_343' title='bbox 666 2480 841 2518; x_wconf 90' lang='lat' dir='ltr'>medicum,</span> <span class='ocrx_word' id='word_1_344' title='bbox 874 2483 910 2511; x_wconf 88' lang='lat' dir='ltr'>ut</span> <span class='ocrx_word' id='word_1_345' title='bbox 933 2489 1011 2512; x_wconf 85' lang='lat' dir='ltr'>cum</span> <span class='ocrx_word' id='word_1_346' title='bbox 1039 2480 1094 2512; x_wconf 87' lang='lat' dir='ltr'>illo</span> <span class='ocrx_word' id='word_1_347' title='bbox 1110 2480 1122 2500; x_wconf 76' lang='lat'><strong>⁶</strong></span> 
     </span>
     <span class='ocr_line' id='line_1_56' title="bbox 162 2532 1124 2575; baseline -0.001 -8"><span class='ocrx_word' id='word_1_348' title='bbox 162 2539 259 2574; x_wconf 76' lang='lat' dir='ltr'>esset,</span> <span class='ocrx_word' id='word_1_349' title='bbox 284 2538 321 2568; x_wconf 91' lang='lat' dir='ltr'>ut</span> <span class='ocrx_word' id='word_1_350' title='bbox 344 2534 462 2568; x_wconf 91' lang='lat' dir='ltr'>scilicet</span> <span class='ocrx_word' id='word_1_351' title='bbox 485 2534 513 2567; x_wconf 90' lang='lat' dir='ltr'>ei</span> <span class='ocrx_word' id='word_1_352' title='bbox 537 2534 671 2567; x_wconf 89' lang='lat' dir='ltr'>serviret</span> <span class='ocrx_word' id='word_1_353' title='bbox 688 2536 838 2575; x_wconf 88' lang='lat' dir='ltr'>tanquam</span> <span class='ocrx_word' id='word_1_354' title='bbox 861 2532 995 2566; x_wconf 91' lang='lat' dir='ltr'>Domino</span> <span class='ocrx_word' id='word_1_355' title='bbox 1011 2537 1042 2566; x_wconf 91' lang='lat' dir='ltr'>et</span> <span class='ocrx_word' id='word_1_356' title='bbox 1058 2534 1124 2566; x_wconf 85' lang='lat' dir='ltr'>Sal—</span> 
     </span>
    </p>
   </div>
   <div class='ocr_carea' id='block_1_9' title="bbox 163 2726 1127 3465">
    <p class='ocr_par' dir='ltr' id='par_1_11' title="bbox 163 2726 1126 2806">
     <span class='ocr_line' id='line_1_57' title="bbox 164 2726 1126 2762; baseline -0.001 -7"><span class='ocrx_word' id='word_1_357' title='bbox 164 2729 310 2762; x_wconf 87' lang='lat' dir='ltr'>praesentia</span> <span class='ocrx_word' id='word_1_358' title='bbox 331 2729 435 2755; x_wconf 88' lang='lat' dir='ltr'>Domini</span> <span class='ocrx_word' id='word_1_359' title='bbox 455 2729 577 2760; x_wconf 84' lang='lat' dir='ltr'>indignos</span> <span class='ocrx_word' id='word_1_360' title='bbox 601 2726 767 2758; x_wconf 84' lang='lat' dir='ltr'>iudicabant,</span> <span class='ocrx_word' id='word_1_361' title='bbox 787 2726 855 2753; x_wconf 87' lang='lat' dir='ltr'>sicut</span> <span class='ocrx_word' id='word_1_362' title='bbox 874 2730 899 2753; x_wconf 89' lang='lat' dir='ltr'>et</span> <span class='ocrx_word' id='word_1_363' title='bbox 926 2728 1018 2754; x_wconf 85' lang='lat' dir='ltr'>Petrus</span> <span class='ocrx_word' id='word_1_364' title='bbox 1036 2728 1063 2754; x_wconf 92' lang='lat' dir='ltr'>in</span> <span class='ocrx_word' id='word_1_365' title='bbox 1083 2735 1126 2754; x_wconf 85' lang='lat' dir='ltr'>ca—</span> 
     </span>
     <span class='ocr_line' id='line_1_58' title="bbox 163 2771 1124 2806; baseline 0 -7"><span class='ocrx_word' id='word_1_366' title='bbox 163 2777 240 2806; x_wconf 84' lang='lat' dir='ltr'>ptura</span> <span class='ocrx_word' id='word_1_367' title='bbox 259 2773 387 2806; x_wconf 86' lang='lat' dir='ltr'>piscium,</span> <span class='ocrx_word' id='word_1_368' title='bbox 400 2773 497 2799; x_wconf 85' lang='lat' dir='ltr'>cadens</span> <span class='ocrx_word' id='word_1_369' title='bbox 509 2773 543 2798; x_wconf 88' lang='lat' dir='ltr'>ad</span> <span class='ocrx_word' id='word_1_370' title='bbox 562 2778 649 2804; x_wconf 84' lang='lat' dir='ltr'>genua</span> <span class='ocrx_word' id='word_1_371' title='bbox 669 2771 822 2802; x_wconf 84' lang='lat' dir='ltr'>Salvatoris,</span> <span class='ocrx_word' id='word_1_372' title='bbox 842 2771 892 2797; x_wconf 87' lang='lat' dir='ltr'>ait:</span> <span class='ocrx_word' id='word_1_373' title='bbox 912 2772 967 2798; x_wconf 64' lang='lat' dir='ltr'>Exci</span> <span class='ocrx_word' id='word_1_374' title='bbox 984 2780 1001 2799; x_wconf 92' lang='lat' dir='ltr'>a</span> <span class='ocrx_word' id='word_1_375' title='bbox 1020 2780 1062 2799; x_wconf 84' lang='lat' dir='ltr'>me</span> <span class='ocrx_word' id='word_1_376' title='bbox 1075 2776 1124 2799; x_wconf 85' lang='lat' dir='ltr'>etc.</span> 
     </span>
    </p>

    <p class='ocr_par' dir='ltr' id='par_1_12' title="bbox 235 2815 990 2850">
     <span class='ocr_line' id='line_1_59' title="bbox 235 2815 990 2850; baseline -0.001 -6"><span class='ocrx_word' id='word_1_377' title='bbox 235 2817 243 2832; x_wconf 89' lang='lat'>¹</span> <span class='ocrx_word' id='word_1_378' title='bbox 265 2819 340 2845; x_wconf 88' lang='lat' dir='ltr'>Vers.</span> <span class='ocrx_word' id='word_1_379' title='bbox 361 2819 390 2850; x_wconf 84' lang='lat'>8,</span> <span class='ocrx_word' id='word_1_380' title='bbox 409 2820 469 2850; x_wconf 87' lang='lat' dir='ltr'>post</span> <span class='ocrx_word' id='word_1_381' title='bbox 487 2824 568 2850; x_wconf 89' lang='lat' dir='ltr'>quem</span> <span class='ocrx_word' id='word_1_382' title='bbox 586 2817 648 2842; x_wconf 90' lang='lat' dir='ltr'>Luc.</span> <span class='ocrx_word' id='word_1_383' title='bbox 668 2815 698 2846; x_wconf 88' lang='lat'>7,</span> <span class='ocrx_word' id='word_1_384' title='bbox 717 2816 741 2841; x_wconf 87' lang='grc'>6.</span> <span class='ocrx_word' id='word_1_385' title='bbox 761 2818 786 2841; x_wconf 90' lang='lat' dir='ltr'>et</span> <span class='ocrx_word' id='word_1_386' title='bbox 806 2816 882 2842; x_wconf 88' lang='lat' dir='ltr'>Eccli.</span> <span class='ocrx_word' id='word_1_387' title='bbox 906 2817 945 2848; x_wconf 84' lang='lat'>13,</span> <span class='ocrx_word' id='word_1_388' title='bbox 965 2818 990 2843; x_wconf 92' lang='grc'>2.</span> 
     </span>
    </p>

    <p class='ocr_par' dir='ltr' id='par_1_13' title="bbox 164 2860 1125 2940">
     <span class='ocr_line' id='line_1_60' title="bbox 235 2860 1125 2888; baseline 0 0"><span class='ocrx_word' id='word_1_389' title='bbox 235 2861 245 2877; x_wconf 73' lang='lat'>²</span> <span class='ocrx_word' id='word_1_390' title='bbox 264 2862 334 2888; x_wconf 89' lang='lat' dir='ltr'>Libr.</span> <span class='ocrx_word' id='word_1_391' title='bbox 357 2863 397 2888; x_wconf 88' lang='lat' dir='ltr'>Vl.</span> <span class='ocrx_word' id='word_1_392' title='bbox 417 2862 440 2888; x_wconf 94' lang='lat' dir='ltr'>in</span> <span class='ocrx_word' id='word_1_393' title='bbox 460 2863 521 2887; x_wconf 89' lang='lat' dir='ltr'>Luc.</span> <span class='ocrx_word' id='word_1_394' title='bbox 541 2869 566 2886; x_wconf 91' lang='lat' dir='ltr'>n.</span> <span class='ocrx_word' id='word_1_395' title='bbox 587 2860 628 2886; x_wconf 75' lang='lat'>5⁴.</span> <span class='ocrx_word' id='word_1_396' title='bbox 649 2860 713 2886; x_wconf 89' lang='lat' dir='ltr'>lbid.</span> <span class='ocrx_word' id='word_1_397' title='bbox 733 2868 759 2886; x_wconf 88' lang='lat' dir='ltr'>n.</span> <span class='ocrx_word' id='word_1_398' title='bbox 778 2861 821 2886; x_wconf 78' lang='lat'>52.</span> <span class='ocrx_word' id='word_1_399' title='bbox 841 2861 927 2887; x_wconf 84' lang='lat' dir='ltr'>addit:</span> <span class='ocrx_word' id='word_1_400' title='bbox 949 2863 977 2888; x_wconf 89' lang='lat' dir='ltr'>Et</span> <span class='ocrx_word' id='word_1_401' title='bbox 996 2862 1056 2888; x_wconf 88' lang='lat' dir='ltr'>ideo</span> <span class='ocrx_word' id='word_1_402' title='bbox 1070 2862 1125 2888; x_wconf 91' lang='lat' dir='ltr'>diu-</span> 
     </span>
     <span class='ocr_line' id='line_1_61' title="bbox 164 2904 1125 2940; baseline 0 -7"><span class='ocrx_word' id='word_1_403' title='bbox 164 2907 214 2933; x_wconf 90' lang='lat' dir='ltr'>tius</span> <span class='ocrx_word' id='word_1_404' title='bbox 233 2908 358 2932; x_wconf 80' lang='lat' dir='ltr'>molestus</span> <span class='ocrx_word' id='word_1_405' title='bbox 376 2913 429 2932; x_wconf 87' lang='lat' dir='ltr'>non</span> <span class='ocrx_word' id='word_1_406' title='bbox 449 2906 508 2938; x_wconf 79' lang='lat' dir='ltr'>fuit,</span> <span class='ocrx_word' id='word_1_407' title='bbox 527 2905 575 2931; x_wconf 88' lang='lat' dir='ltr'>sed</span> <span class='ocrx_word' id='word_1_408' title='bbox 593 2904 713 2931; x_wconf 81' lang='lat' dir='ltr'>ascendit</span> <span class='ocrx_word' id='word_1_409' title='bbox 732 2904 862 2939; x_wconf 84' lang='lat' dir='ltr'>[navim],</span> <span class='ocrx_word' id='word_1_410' title='bbox 881 2907 906 2932; x_wconf 75' lang='lat' dir='ltr'>&#39;et</span> <span class='ocrx_word' id='word_1_411' title='bbox 917 2913 1058 2940; x_wconf 59' lang='lat' dir='ltr'>regressus</span> <span class='ocrx_word' id='word_1_412' title='bbox 1078 2909 1125 2933; x_wconf 89' lang='lat' dir='ltr'>esl.</span> 
     </span>
    </p>

    <p class='ocr_par' dir='ltr' id='par_1_14' title="bbox 166 2949 1126 3026">
     <span class='ocr_line' id='line_1_62' title="bbox 236 2949 1126 2984; baseline 0 -7"><span class='ocrx_word' id='word_1_413' title='bbox 236 2949 246 2964; x_wconf 80' lang='lat'>⁸</span> <span class='ocrx_word' id='word_1_414' title='bbox 265 2950 349 2977; x_wconf 91' lang='lat' dir='ltr'>Codd.</span> <span class='ocrx_word' id='word_1_415' title='bbox 376 2950 457 2977; x_wconf 89' lang='lat' dir='ltr'>ACD</span> <span class='ocrx_word' id='word_1_416' title='bbox 485 2953 510 2975; x_wconf 88' lang='lat' dir='ltr'>et</span> <span class='ocrx_word' id='word_1_417' title='bbox 534 2950 605 2975; x_wconf 88' lang='lat' dir='ltr'>Beda</span> <span class='ocrx_word' id='word_1_418' title='bbox 632 2956 737 2975; x_wconf 85' lang='lat' dir='ltr'>navem.</span> <span class='ocrx_word' id='word_1_419' title='bbox 757 2963 792 2968; x_wconf 92' lang='lat'>——</span> <span class='ocrx_word' id='word_1_420' title='bbox 812 2950 869 2976; x_wconf 93' lang='lat' dir='ltr'>Duo</span> <span class='ocrx_word' id='word_1_421' title='bbox 897 2957 971 2984; x_wconf 85' lang='lat' dir='ltr'>seqq.</span> <span class='ocrx_word' id='word_1_422' title='bbox 991 2952 1039 2977; x_wconf 87' lang='lat' dir='ltr'>loci</span> <span class='ocrx_word' id='word_1_423' title='bbox 1066 2954 1126 2977; x_wconf 87' lang='lat' dir='ltr'>sunt</span> 
     </span>
     <span class='ocr_line' id='line_1_63' title="bbox 166 2995 981 3026; baseline 0 -5"><span class='ocrx_word' id='word_1_424' title='bbox 166 2996 252 3021; x_wconf 84' lang='lat' dir='ltr'>Mat-th.</span> <span class='ocrx_word' id='word_1_425' title='bbox 274 2995 321 3025; x_wconf 87' lang='grc'>40,</span> <span class='ocrx_word' id='word_1_426' title='bbox 346 2995 384 3020; x_wconf 73' lang='grc'>14.</span> <span class='ocrx_word' id='word_1_427' title='bbox 403 2997 429 3020; x_wconf 85' lang='lat' dir='ltr'>et</span> <span class='ocrx_word' id='word_1_428' title='bbox 447 2995 477 3026; x_wconf 95' lang='lat'>7,</span> <span class='ocrx_word' id='word_1_429' title='bbox 497 2995 527 3025; x_wconf 86' lang='lat'>6;</span> <span class='ocrx_word' id='word_1_430' title='bbox 547 2995 594 3020; x_wconf 82' lang='lat' dir='ltr'>csr.</span> <span class='ocrx_word' id='word_1_431' title='bbox 613 3001 693 3025; x_wconf 86' lang='lat' dir='ltr'>supra</span> <span class='ocrx_word' id='word_1_432' title='bbox 713 3001 775 3026; x_wconf 84' lang='lat' dir='ltr'>pag.</span> <span class='ocrx_word' id='word_1_433' title='bbox 798 2995 856 3026; x_wconf 79' lang='grc'>494,</span> <span class='ocrx_word' id='word_1_434' title='bbox 876 2998 936 3021; x_wconf 77' lang='lat' dir='ltr'>nota</span> <span class='ocrx_word' id='word_1_435' title='bbox 957 2997 981 3021; x_wconf 83' lang='lat'>2.</span> 
     </span>
    </p>

    <p class='ocr_par' dir='ltr' id='par_1_15' title="bbox 235 3037 1044 3072">
     <span class='ocr_line' id='line_1_64' title="bbox 235 3037 1044 3072; baseline 0.001 -7"><span class='ocrx_word' id='word_1_436' title='bbox 235 3037 246 3053; x_wconf 78' lang='lat'><strong>⁴</strong></span> <span class='ocrx_word' id='word_1_437' title='bbox 267 3039 342 3065; x_wconf 87' lang='lat' dir='ltr'>Vers.</span> <span class='ocrx_word' id='word_1_438' title='bbox 361 3038 402 3064; x_wconf 75' lang='lat'>40.</span> <span class='ocrx_word' id='word_1_439' title='bbox 422 3052 458 3058; x_wconf 89' lang='lat'>-—</span> <span class='ocrx_word' id='word_1_440' title='bbox 477 3039 628 3071; x_wconf 85' lang='lat' dir='ltr'>Sequuntur</span> <span class='ocrx_word' id='word_1_441' title='bbox 646 3039 709 3064; x_wconf 88' lang='lat' dir='ltr'>Luc.</span> <span class='ocrx_word' id='word_1_442' title='bbox 728 3038 759 3070; x_wconf 83' lang='lat'>5,</span> <span class='ocrx_word' id='word_1_443' title='bbox 779 3039 803 3064; x_wconf 95' lang='lat'>9.</span> <span class='ocrx_word' id='word_1_444' title='bbox 823 3042 849 3065; x_wconf 87' lang='lat' dir='ltr'>et</span> <span class='ocrx_word' id='word_1_445' title='bbox 868 3039 912 3065; x_wconf 90' lang='lat' dir='ltr'>lob</span> <span class='ocrx_word' id='word_1_446' title='bbox 932 3040 982 3072; x_wconf 83' lang='grc'>31,</span> <span class='ocrx_word' id='word_1_447' title='bbox 1001 3041 1044 3066; x_wconf 85' lang='grc'>23.</span> 
     </span>
    </p>

    <p class='ocr_par' dir='ltr' id='par_1_16' title="bbox 236 3082 934 3115">
     <span class='ocr_line' id='line_1_65' title="bbox 236 3082 934 3115; baseline 0.001 -6"><span class='ocrx_word' id='word_1_448' title='bbox 236 3082 247 3097; x_wconf 77' lang='lat'>⁵</span> <span class='ocrx_word' id='word_1_449' title='bbox 268 3084 342 3109; x_wconf 89' lang='lat' dir='ltr'>Vers.</span> <span class='ocrx_word' id='word_1_450' title='bbox 361 3084 385 3108; x_wconf 92' lang='lat'>9.</span> <span class='ocrx_word' id='word_1_451' title='bbox 406 3097 440 3104; x_wconf 81' lang='lat'>—-</span> <span class='ocrx_word' id='word_1_452' title='bbox 459 3082 576 3108; x_wconf 85' lang='lat' dir='ltr'>Subinde</span> <span class='ocrx_word' id='word_1_453' title='bbox 595 3083 721 3115; x_wconf 83' lang='lat' dir='ltr'>allegatur</span> <span class='ocrx_word' id='word_1_454' title='bbox 740 3083 822 3115; x_wconf 85' lang='lat' dir='ltr'>Apoc.</span> <span class='ocrx_word' id='word_1_455' title='bbox 841 3084 870 3115; x_wconf 90' lang='grc'>3,</span> <span class='ocrx_word' id='word_1_456' title='bbox 891 3085 934 3110; x_wconf 84' lang='grc'>20.</span> 
     </span>
    </p>

    <p class='ocr_par' dir='ltr' id='par_1_17' title="bbox 165 3126 1127 3248">
     <span class='ocr_line' id='line_1_66' title="bbox 236 3126 1126 3161; baseline 0.002 -7"><span class='ocrx_word' id='word_1_457' title='bbox 236 3126 248 3142; x_wconf 81' lang='lat'><strong>⁶</strong></span> <span class='ocrx_word' id='word_1_458' title='bbox 267 3128 393 3160; x_wconf 80' lang='lat' dir='ltr'>Vulgata,</span> <span class='ocrx_word' id='word_1_459' title='bbox 413 3134 493 3161; x_wconf 85' lang='lat' dir='ltr'>quam</span> <span class='ocrx_word' id='word_1_460' title='bbox 513 3130 660 3160; x_wconf 87' lang='lat' dir='ltr'>sequuntur</span> <span class='ocrx_word' id='word_1_461' title='bbox 681 3128 737 3153; x_wconf 87' lang='lat' dir='ltr'>Vat.</span> <span class='ocrx_word' id='word_1_462' title='bbox 757 3131 783 3153; x_wconf 88' lang='lat' dir='ltr'>et</span> <span class='ocrx_word' id='word_1_463' title='bbox 810 3128 845 3161; x_wconf 82' lang='grc' dir='ltr'>Η,</span> <span class='ocrx_word' id='word_1_464' title='bbox 876 3136 939 3155; x_wconf 81' lang='lat' dir='ltr'>cum</span> <span class='ocrx_word' id='word_1_465' title='bbox 957 3136 994 3156; x_wconf 86' lang='lat' dir='ltr'>eo.</span> <span class='ocrx_word' id='word_1_466' title='bbox 1014 3143 1050 3148; x_wconf 88' lang='lat'>—-</span> <span class='ocrx_word' id='word_1_467' title='bbox 1068 3130 1126 3155; x_wconf 89' lang='lat' dir='ltr'>Duo</span> 
     </span>
     <span class='ocr_line' id='line_1_67' title="bbox 165 3172 1127 3207; baseline 0.001 -8"><span class='ocrx_word' id='word_1_468' title='bbox 165 3181 238 3207; x_wconf 83' lang='lat' dir='ltr'>seqq.</span> <span class='ocrx_word' id='word_1_469' title='bbox 259 3173 307 3198; x_wconf 93' lang='lat' dir='ltr'>loci</span> <span class='ocrx_word' id='word_1_470' title='bbox 327 3175 387 3198; x_wconf 88' lang='lat' dir='ltr'>sunt</span> <span class='ocrx_word' id='word_1_471' title='bbox 406 3173 433 3198; x_wconf 89' lang='lat' dir='ltr'>ll.</span> <span class='ocrx_word' id='word_1_472' title='bbox 454 3172 517 3203; x_wconf 79' lang='lat' dir='ltr'>neg.</span> <span class='ocrx_word' id='word_1_473' title='bbox 538 3172 586 3202; x_wconf 81' lang='grc'>45,</span> <span class='ocrx_word' id='word_1_474' title='bbox 606 3172 648 3197; x_wconf 87' lang='grc'>24.</span> <span class='ocrx_word' id='word_1_475' title='bbox 668 3174 694 3197; x_wconf 88' lang='lat' dir='ltr'>et</span> <span class='ocrx_word' id='word_1_476' title='bbox 713 3172 753 3197; x_wconf 92' lang='lat' dir='ltr'>lV.</span> <span class='ocrx_word' id='word_1_477' title='bbox 774 3173 840 3205; x_wconf 83' lang='lat' dir='ltr'>Reg.</span> <span class='ocrx_word' id='word_1_478' title='bbox 860 3174 891 3204; x_wconf 84' lang='lat'>2,</span> <span class='ocrx_word' id='word_1_479' title='bbox 911 3175 936 3200; x_wconf 86' lang='grc'>2.</span> <span class='ocrx_word' id='word_1_480' title='bbox 953 3187 989 3193; x_wconf 88' lang='grc'>-</span> <span class='ocrx_word' id='word_1_481' title='bbox 1008 3174 1127 3200; x_wconf 85' lang='lat' dir='ltr'>Subinde</span> 
     </span>
     <span class='ocr_line' id='line_1_68' title="bbox 166 3215 808 3248; baseline -0.003 -4"><span class='ocrx_word' id='word_1_482' title='bbox 166 3218 226 3244; x_wconf 90' lang='lat' dir='ltr'>voci</span> <span class='ocrx_word' id='word_1_483' title='bbox 243 3217 357 3244; x_wconf 79' lang='lat' dir='ltr'>serviret</span> <span class='ocrx_word' id='word_1_484' title='bbox 376 3217 435 3242; x_wconf 86' lang='lat' dir='ltr'>Vat.</span> <span class='ocrx_word' id='word_1_485' title='bbox 452 3216 575 3248; x_wconf 79' lang='lat' dir='ltr'>praefigit</span> <span class='ocrx_word' id='word_1_486' title='bbox 594 3215 759 3243; x_wconf 77' lang='lat' dir='ltr'>cohabitaret</span> <span class='ocrx_word' id='word_1_487' title='bbox 777 3219 808 3244; x_wconf 82' lang='lat' dir='ltr'>et.</span> 
     </span>
    </p>

    <p class='ocr_par' dir='ltr' id='par_1_18' title="bbox 236 3259 1127 3296">
     <span class='ocr_line' id='line_1_69' title="bbox 236 3259 1127 3296; baseline 0 -8"><span class='ocrx_word' id='word_1_488' title='bbox 236 3260 246 3276; x_wconf 82' lang='lat'>‘¹</span> <span class='ocrx_word' id='word_1_489' title='bbox 267 3262 342 3288; x_wconf 87' lang='lat' dir='ltr'>Vers.</span> <span class='ocrx_word' id='word_1_490' title='bbox 362 3261 410 3286; x_wconf 73' lang='lat'>44:</span> <span class='ocrx_word' id='word_1_491' title='bbox 429 3259 556 3287; x_wconf 74' lang='lat' dir='ltr'>Iri-vocavi</span> <span class='ocrx_word' id='word_1_492' title='bbox 567 3259 713 3287; x_wconf 81' lang='lat' dir='ltr'>Dominum</span> <span class='ocrx_word' id='word_1_493' title='bbox 726 3264 775 3287; x_wconf 88' lang='lat' dir='ltr'>etc.</span> <span class='ocrx_word' id='word_1_494' title='bbox 788 3275 823 3281; x_wconf 91' lang='lat'>—-</span> <span class='ocrx_word' id='word_1_495' title='bbox 837 3263 960 3296; x_wconf 84' lang='lat' dir='ltr'>Sequitur</span> <span class='ocrx_word' id='word_1_496' title='bbox 973 3264 1012 3288; x_wconf 88' lang='lat' dir='ltr'>Ps.</span> <span class='ocrx_word' id='word_1_497' title='bbox 1028 3264 1087 3294; x_wconf 79' lang='grc'>448,</span> <span class='ocrx_word' id='word_1_498' title='bbox 1103 3264 1127 3288; x_wconf 83' lang='lat'>8.</span> 
     </span>
    </p>

    <p class='ocr_par' dir='ltr' id='par_1_19' title="bbox 167 3304 1127 3465">
     <span class='ocr_line' id='line_1_70' title="bbox 237 3304 1126 3340; baseline 0.001 -8"><span class='ocrx_word' id='word_1_499' title='bbox 237 3305 248 3320; x_wconf 79' lang='lat'>⁸</span> <span class='ocrx_word' id='word_1_500' title='bbox 269 3307 342 3332; x_wconf 89' lang='lat' dir='ltr'>Vers.</span> <span class='ocrx_word' id='word_1_501' title='bbox 363 3306 409 3338; x_wconf 84' lang='lat'>23,</span> <span class='ocrx_word' id='word_1_502' title='bbox 434 3305 477 3331; x_wconf 89' lang='lat' dir='ltr'>cui</span> <span class='ocrx_word' id='word_1_503' title='bbox 502 3304 671 3336; x_wconf 83' lang='lat' dir='ltr'>subiungitur</span> <span class='ocrx_word' id='word_1_504' title='bbox 699 3306 768 3332; x_wconf 83' lang='lat' dir='ltr'>loan.</span> <span class='ocrx_word' id='word_1_505' title='bbox 797 3308 843 3340; x_wconf 87' lang='grc'>42,</span> <span class='ocrx_word' id='word_1_506' title='bbox 872 3308 923 3340; x_wconf 81' lang='grc'>26;</span> <span class='ocrx_word' id='word_1_507' title='bbox 942 3309 988 3333; x_wconf 73' lang='lat' dir='ltr'>cir.</span> <span class='ocrx_word' id='word_1_508' title='bbox 1010 3307 1057 3339; x_wconf 82' lang='grc'>47,</span> <span class='ocrx_word' id='word_1_509' title='bbox 1084 3307 1126 3333; x_wconf 71' lang='grc'>24.</span> 
     </span>
     <span class='ocr_line' id='line_1_71' title="bbox 168 3349 1127 3385; baseline 0 -8"><span class='ocrx_word' id='word_1_510' title='bbox 168 3351 257 3385; x_wconf 86' lang='lat' dir='ltr'>(quem</span> <span class='ocrx_word' id='word_1_511' title='bbox 280 3351 337 3375; x_wconf 86' lang='lat' dir='ltr'>Vat.</span> <span class='ocrx_word' id='word_1_512' title='bbox 356 3349 434 3375; x_wconf 83' lang='lat' dir='ltr'>etiam</span> <span class='ocrx_word' id='word_1_513' title='bbox 455 3349 574 3382; x_wconf 83' lang='lat' dir='ltr'>allegat),</span> <span class='ocrx_word' id='word_1_514' title='bbox 593 3356 608 3375; x_wconf 88' lang='lat' dir='ltr'>e</span> <span class='ocrx_word' id='word_1_515' title='bbox 626 3349 725 3382; x_wconf 87' lang='lat' dir='ltr'>quibus</span> <span class='ocrx_word' id='word_1_516' title='bbox 745 3351 809 3376; x_wconf 84' lang='lat' dir='ltr'>haec</span> <span class='ocrx_word' id='word_1_517' title='bbox 828 3352 955 3377; x_wconf 86' lang='lat' dir='ltr'>sententia</span> <span class='ocrx_word' id='word_1_518' title='bbox 975 3351 1127 3385; x_wconf 85' lang='lat' dir='ltr'>(antiphona</span> 
     </span>
     <span class='ocr_line' id='line_1_72' title="bbox 168 3394 1127 3429; baseline 0 -8"><span class='ocrx_word' id='word_1_519' title='bbox 168 3395 191 3421; x_wconf 82' lang='lat'>5.</span> <span class='ocrx_word' id='word_1_520' title='bbox 211 3395 245 3421; x_wconf 88' lang='lat' dir='ltr'>ad</span> <span class='ocrx_word' id='word_1_521' title='bbox 264 3394 366 3421; x_wconf 81' lang='lat' dir='ltr'>Laudes</span> <span class='ocrx_word' id='word_1_522' title='bbox 386 3394 464 3420; x_wconf 86' lang='lat' dir='ltr'>unius</span> <span class='ocrx_word' id='word_1_523' title='bbox 492 3394 609 3426; x_wconf 87' lang='lat' dir='ltr'>Martyris</span> <span class='ocrx_word' id='word_1_524' title='bbox 634 3394 760 3420; x_wconf 83' lang='lat' dir='ltr'>Breviarii</span> <span class='ocrx_word' id='word_1_525' title='bbox 788 3396 910 3429; x_wconf 86' lang='lat' dir='ltr'>Romani)</span> <span class='ocrx_word' id='word_1_526' title='bbox 931 3397 1040 3421; x_wconf 77' lang='lat' dir='ltr'>formata</span> <span class='ocrx_word' id='word_1_527' title='bbox 1069 3402 1127 3422; x_wconf 88' lang='lat' dir='ltr'>esse</span> 
     </span>
     <span class='ocr_line' id='line_1_73' title="bbox 167 3439 281 3465; baseline 0 0"><span class='ocrx_word' id='word_1_528' title='bbox 167 3439 281 3465; x_wconf 87' lang='lat' dir='ltr'>videtur.</span> 
     </span>
    </p>
   </div>
   <div class='ocr_carea' id='block_1_10' title="bbox 2082 260 2146 292">
    <p class='ocr_par' dir='ltr' id='par_1_20' title="bbox 2082 260 2146 292">
     <span class='ocr_line' id='line_1_74' title="bbox 2082 260 2146 292; baseline -0.031 0"><span class='ocrx_word' id='word_1_529' title='bbox 2082 260 2146 292; x_wconf 71' lang='lat'>207</span> 
     </span>
    </p>
   </div>
   <div class='ocr_carea' id='block_1_11' title="bbox 1184 347 2315 1080">
    <p class='ocr_par' dir='ltr' id='par_1_21' title="bbox 1184 347 2149 602">
     <span class='ocr_line' id='line_1_75' title="bbox 1186 347 2148 385; baseline 0.002 -7"><span class='ocrx_word' id='word_1_530' title='bbox 1186 347 1303 385; x_wconf 86' lang='lat' dir='ltr'>vatori,</span> <span class='ocrx_word' id='word_1_531' title='bbox 1329 347 1410 379; x_wconf 88' lang='lat' dir='ltr'>sicut</span> <span class='ocrx_word' id='word_1_532' title='bbox 1444 347 1567 379; x_wconf 89' lang='lat' dir='ltr'>dicebat</span> <span class='ocrx_word' id='word_1_533' title='bbox 1599 348 1685 380; x_wconf 86' lang='lat' dir='ltr'>Ethai</span> <span class='ocrx_word' id='word_1_534' title='bbox 1723 348 1880 380; x_wconf 87' lang='lat' dir='ltr'>Gethaeus</span> <span class='ocrx_word' id='word_1_535' title='bbox 1915 348 1953 380; x_wconf 92' lang='lat' dir='ltr'>ad</span> <span class='ocrx_word' id='word_1_536' title='bbox 1979 348 2075 380; x_wconf 88' lang='lat' dir='ltr'>David</span> <span class='ocrx_word' id='word_1_537' title='bbox 2100 356 2148 380; x_wconf 86' lang='lat' dir='ltr'>se-</span> 
     </span>
     <span class='ocr_line' id='line_1_76' title="bbox 1184 399 2148 442; baseline 0.003 -11"><span class='ocrx_word' id='word_1_538' title='bbox 1184 399 1277 431; x_wconf 89' lang='lat' dir='ltr'>cundi</span> <span class='ocrx_word' id='word_1_539' title='bbox 1304 400 1421 441; x_wconf 80' lang='lat' dir='ltr'>Regum</span> <span class='ocrx_word' id='word_1_540' title='bbox 1457 400 1578 432; x_wconf 87' lang='lat' dir='ltr'>decimo</span> <span class='ocrx_word' id='word_1_541' title='bbox 1612 400 1741 442; x_wconf 88' lang='lat' dir='ltr'>quinto:</span> <span class='ocrx_word' id='word_1_542' title='bbox 1773 414 1787 428; x_wconf 76' lang='lat' dir='ltr'>a</span> <span class='ocrx_word' id='word_1_543' title='bbox 1806 401 1887 433; x_wconf 89' lang='lat' dir='ltr'>Vivit</span> <span class='ocrx_word' id='word_1_544' title='bbox 1919 401 2086 439; x_wconf 86' lang='lat' dir='ltr'>Dominus,</span> <span class='ocrx_word' id='word_1_545' title='bbox 2118 405 2148 434; x_wconf 92' lang='lat' dir='ltr'>et</span> 
     </span>
     <span class='ocr_line' id='line_1_77' title="bbox 1186 453 2148 496; baseline 0.003 -12"><span class='ocrx_word' id='word_1_546' title='bbox 1186 453 1262 485; x_wconf 89' lang='lat' dir='ltr'>vivit</span> <span class='ocrx_word' id='word_1_547' title='bbox 1285 453 1431 485; x_wconf 91' lang='lat' dir='ltr'>dominus</span> <span class='ocrx_word' id='word_1_548' title='bbox 1463 462 1552 486; x_wconf 90' lang='lat' dir='ltr'>meus</span> <span class='ocrx_word' id='word_1_549' title='bbox 1577 462 1653 492; x_wconf 86' lang='lat' dir='ltr'>rex,</span> <span class='ocrx_word' id='word_1_550' title='bbox 1678 454 1752 496; x_wconf 82' lang='lat' dir='ltr'>quia</span> <span class='ocrx_word' id='word_1_551' title='bbox 1785 455 1814 486; x_wconf 89' lang='lat' dir='ltr'>in</span> <span class='ocrx_word' id='word_1_552' title='bbox 1848 463 2049 496; x_wconf 90' lang='lat' dir='ltr'>quocumque</span> <span class='ocrx_word' id='word_1_553' title='bbox 2081 455 2148 487; x_wconf 88' lang='lat' dir='ltr'>loco</span> 
     </span>
     <span class='ocr_line' id='line_1_78' title="bbox 1185 506 2149 545; baseline 0.001 -7"><span class='ocrx_word' id='word_1_554' title='bbox 1185 506 1301 545; x_wconf 80' lang='lat' dir='ltr'>fueris,</span> <span class='ocrx_word' id='word_1_555' title='bbox 1324 506 1391 538; x_wconf 89' lang='lat' dir='ltr'>sive</span> <span class='ocrx_word' id='word_1_556' title='bbox 1416 506 1446 538; x_wconf 94' lang='lat' dir='ltr'>in</span> <span class='ocrx_word' id='word_1_557' title='bbox 1482 509 1601 545; x_wconf 91' lang='lat' dir='ltr'>morte,</span> <span class='ocrx_word' id='word_1_558' title='bbox 1627 507 1692 539; x_wconf 89' lang='lat' dir='ltr'>sive</span> <span class='ocrx_word' id='word_1_559' title='bbox 1724 507 1754 539; x_wconf 93' lang='lat' dir='ltr'>in</span> <span class='ocrx_word' id='word_1_560' title='bbox 1781 507 1860 545; x_wconf 90' lang='lat' dir='ltr'>vita,</span> <span class='ocrx_word' id='word_1_561' title='bbox 1886 508 1926 540; x_wconf 91' lang='lat' dir='ltr'>ibi</span> <span class='ocrx_word' id='word_1_562' title='bbox 1952 508 2012 540; x_wconf 83' lang='lat' dir='ltr'>erit</span> <span class='ocrx_word' id='word_1_563' title='bbox 2036 516 2149 540; x_wconf 89' lang='lat' dir='ltr'>servus</span> 
     </span>
     <span class='ocr_line' id='line_1_79' title="bbox 1186 559 2147 602; baseline 0 -11"><span class='ocrx_word' id='word_1_564' title='bbox 1186 562 1260 591; x_wconf 90' lang='lat' dir='ltr'>tuus</span> <span class='ocrx_word' id='word_1_565' title='bbox 1277 572 1306 590; x_wconf 71' lang='lat' dir='ltr'>n.</span> <span class='ocrx_word' id='word_1_566' title='bbox 1332 559 1380 592; x_wconf 90' lang='lat' dir='ltr'>Sic</span> <span class='ocrx_word' id='word_1_567' title='bbox 1406 559 1524 592; x_wconf 88' lang='lat' dir='ltr'>Eliseus</span> <span class='ocrx_word' id='word_1_568' title='bbox 1540 560 1577 592; x_wconf 89' lang='lat' dir='ltr'>ad</span> <span class='ocrx_word' id='word_1_569' title='bbox 1596 559 1707 598; x_wconf 83' lang='lat' dir='ltr'>Ellam,</span> <span class='ocrx_word' id='word_1_570' title='bbox 1732 560 1836 601; x_wconf 89' lang='lat' dir='ltr'>quarti</span> <span class='ocrx_word' id='word_1_571' title='bbox 1857 561 1972 602; x_wconf 83' lang='lat' dir='ltr'>Regum</span> <span class='ocrx_word' id='word_1_572' title='bbox 1992 561 2147 593; x_wconf 88' lang='lat' dir='ltr'>secundo:</span> 
     </span>
    </p>

    <p class='ocr_par' dir='ltr' id='par_1_22' title="bbox 1185 612 2315 867">
     <span class='ocr_line' id='line_1_80' title="bbox 1191 612 2148 655; baseline 0.002 -11"><span class='ocrx_word' id='word_1_573' title='bbox 1191 625 1206 640; x_wconf 88' lang='lat'>«</span> <span class='ocrx_word' id='word_1_574' title='bbox 1224 612 1306 644; x_wconf 89' lang='lat' dir='ltr'>Vivit</span> <span class='ocrx_word' id='word_1_575' title='bbox 1329 612 1498 651; x_wconf 89' lang='lat' dir='ltr'>Dominus,</span> <span class='ocrx_word' id='word_1_576' title='bbox 1523 616 1554 645; x_wconf 91' lang='lat' dir='ltr'>et</span> <span class='ocrx_word' id='word_1_577' title='bbox 1587 613 1662 644; x_wconf 88' lang='lat' dir='ltr'>vivit</span> <span class='ocrx_word' id='word_1_578' title='bbox 1693 613 1797 645; x_wconf 88' lang='lat' dir='ltr'>anima</span> <span class='ocrx_word' id='word_1_579' title='bbox 1822 618 1893 652; x_wconf 88' lang='lat' dir='ltr'>tua,</span> <span class='ocrx_word' id='word_1_580' title='bbox 1918 614 1993 655; x_wconf 87' lang='lat' dir='ltr'>quia</span> <span class='ocrx_word' id='word_1_581' title='bbox 2016 624 2076 646; x_wconf 87' lang='lat' dir='ltr'>non</span> <span class='ocrx_word' id='word_1_582' title='bbox 2102 614 2148 646; x_wconf 91' lang='lat' dir='ltr'>di-</span> 
     </span>
     <span class='ocr_line' id='line_1_81' title="bbox 1186 666 2315 721; baseline 0.003 -24"><span class='ocrx_word' id='word_1_583' title='bbox 1186 666 1307 697; x_wconf 86' lang='lat' dir='ltr'>mittam</span> <span class='ocrx_word' id='word_1_584' title='bbox 1334 669 1410 698; x_wconf 86' lang='lat' dir='ltr'>te».</span> <span class='ocrx_word' id='word_1_585' title='bbox 1436 666 1506 698; x_wconf 82' lang='lat' dir='ltr'>Ideo</span> <span class='ocrx_word' id='word_1_586' title='bbox 1529 670 1635 698; x_wconf 91' lang='lat' dir='ltr'>autem</span> <span class='ocrx_word' id='word_1_587' title='bbox 1668 666 1791 698; x_wconf 88' lang='lat' dir='ltr'>volebat</span> <span class='ocrx_word' id='word_1_588' title='bbox 1814 676 1881 699; x_wconf 88' lang='lat' dir='ltr'>esse</span> <span class='ocrx_word' id='word_1_589' title='bbox 1906 676 1977 699; x_wconf 86' lang='lat' dir='ltr'>cum</span> <span class='ocrx_word' id='word_1_590' title='bbox 2004 668 2088 709; x_wconf 85' lang='lat' dir='ltr'>ipso,</span> <span class='ocrx_word' id='word_1_591' title='bbox 2113 670 2150 700; x_wconf 87' lang='lat' dir='ltr'>ut</span> <span class='ocrx_word' id='word_1_592' title='bbox 2169 674 2233 721; x_wconf 48' lang='grc' dir='ltr'>(1ξῦἐῖ</span> <span class='ocrx_word' id='word_1_593' title='bbox 2246 674 2315 721; x_wconf 44' lang='lat'>{533</span> 
     </span>
     <span class='ocr_line' id='line_1_82' title="bbox 1185 719 2212 763; baseline 0.002 -12"><span class='ocrx_word' id='word_1_594' title='bbox 1185 724 1267 751; x_wconf 92' lang='lat' dir='ltr'>esset</span> <span class='ocrx_word' id='word_1_595' title='bbox 1290 719 1459 757; x_wconf 75' lang='lat' dir='ltr'>securior,</span> <span class='ocrx_word' id='word_1_596' title='bbox 1485 719 1657 751; x_wconf 85' lang='lat' dir='ltr'>secundum</span> <span class='ocrx_word' id='word_1_597' title='bbox 1676 719 1752 751; x_wconf 90' lang='lat' dir='ltr'>illud</span> <span class='ocrx_word' id='word_1_598' title='bbox 1770 720 1973 753; x_wconf 89' lang='lat' dir='ltr'>Ecclesiastici</span> <span class='ocrx_word' id='word_1_599' title='bbox 1992 722 2150 763; x_wconf 89' lang='lat' dir='ltr'>quinqua·</span> <span class='ocrx_word' id='word_1_600' title='bbox 2169 729 2212 748; x_wconf 73' lang='grc' dir='ltr'>ιω-</span> 
     </span>
     <span class='ocr_line' id='line_1_83' title="bbox 1185 772 2148 815; baseline 0.002 -11"><span class='ocrx_word' id='word_1_601' title='bbox 1185 772 1303 814; x_wconf 84' lang='lat' dir='ltr'>gesimo</span> <span class='ocrx_word' id='word_1_602' title='bbox 1327 772 1431 814; x_wconf 89' lang='lat' dir='ltr'>primo</span> <span class='ocrx_word' id='word_1_603' title='bbox 1447 772 1477 803; x_wconf 81' lang='lat'>⁷:</span> <span class='ocrx_word' id='word_1_604' title='bbox 1500 785 1515 800; x_wconf 74' lang='lat' dir='ltr'>r&lt;</span> <span class='ocrx_word' id='word_1_605' title='bbox 1533 772 1684 804; x_wconf 88' lang='lat' dir='ltr'>Invocabo</span> <span class='ocrx_word' id='word_1_606' title='bbox 1701 773 1868 805; x_wconf 89' lang='lat' dir='ltr'>Dominum</span> <span class='ocrx_word' id='word_1_607' title='bbox 1887 777 2006 815; x_wconf 89' lang='lat' dir='ltr'>patrem</span> <span class='ocrx_word' id='word_1_608' title='bbox 2025 774 2148 806; x_wconf 89' lang='lat' dir='ltr'>Domini</span> 
     </span>
     <span class='ocr_line' id='line_1_84' title="bbox 1185 824 2146 867; baseline 0.002 -10"><span class='ocrx_word' id='word_1_609' title='bbox 1185 825 1256 864; x_wconf 91' lang='lat' dir='ltr'>mei,</span> <span class='ocrx_word' id='word_1_610' title='bbox 1270 828 1306 857; x_wconf 93' lang='lat' dir='ltr'>ut</span> <span class='ocrx_word' id='word_1_611' title='bbox 1322 834 1383 857; x_wconf 94' lang='lat' dir='ltr'>non</span> <span class='ocrx_word' id='word_1_612' title='bbox 1400 824 1598 867; x_wconf 89' lang='lat' dir='ltr'>derelinquat</span> <span class='ocrx_word' id='word_1_613' title='bbox 1616 834 1664 858; x_wconf 88' lang='lat' dir='ltr'>me</span> <span class='ocrx_word' id='word_1_614' title='bbox 1678 826 1708 857; x_wconf 92' lang='lat' dir='ltr'>in</span> <span class='ocrx_word' id='word_1_615' title='bbox 1725 826 1775 858; x_wconf 88' lang='lat' dir='ltr'>die</span> <span class='ocrx_word' id='word_1_616' title='bbox 1789 826 2000 859; x_wconf 87' lang='lat' dir='ltr'>tribulationis</span> <span class='ocrx_word' id='word_1_617' title='bbox 2018 836 2103 860; x_wconf 86' lang='lat' dir='ltr'>meae</span> <span class='ocrx_word' id='word_1_618' title='bbox 2117 841 2146 859; x_wconf 68' lang='lat' dir='ltr'>n.</span> 
     </span>
    </p>

    <p class='ocr_par' dir='ltr' id='par_1_23' title="bbox 1185 877 2149 976">
     <span class='ocr_line' id='line_1_85' title="bbox 1186 877 2149 920; baseline 0.003 -10"><span class='ocrx_word' id='word_1_619' title='bbox 1186 878 1223 910; x_wconf 90' lang='lat' dir='ltr'>Ut</span> <span class='ocrx_word' id='word_1_620' title='bbox 1246 878 1339 911; x_wconf 91' lang='lat' dir='ltr'>etiam</span> <span class='ocrx_word' id='word_1_621' title='bbox 1363 881 1445 911; x_wconf 91' lang='lat' dir='ltr'>esset</span> <span class='ocrx_word' id='word_1_622' title='bbox 1472 877 1668 920; x_wconf 82' lang='lat' dir='ltr'>perfectior,·</span> <span class='ocrx_word' id='word_1_623' title='bbox 1691 879 1848 912; x_wconf 89' lang='lat' dir='ltr'>Psalmus:</span> <span class='ocrx_word' id='word_1_624' title='bbox 1878 893 1893 908; x_wconf 72' lang='grc' dir='ltr'>«ι</span> <span class='ocrx_word' id='word_1_625' title='bbox 1912 880 2149 913; x_wconf 82' lang='lat' dir='ltr'>lustiticationes</span> 
     </span>
     <span class='ocr_line' id='line_1_86' title="bbox 1185 932 2147 976; baseline 0.002 -12"><span class='ocrx_word' id='word_1_626' title='bbox 1185 936 1257 964; x_wconf 87' lang='lat' dir='ltr'>tuas</span> <span class='ocrx_word' id='word_1_627' title='bbox 1281 932 1472 970; x_wconf 89' lang='lat' dir='ltr'>custodiam,</span> <span class='ocrx_word' id='word_1_628' title='bbox 1498 941 1558 964; x_wconf 94' lang='lat' dir='ltr'>non</span> <span class='ocrx_word' id='word_1_629' title='bbox 1583 941 1633 965; x_wconf 92' lang='lat' dir='ltr'>me</span> <span class='ocrx_word' id='word_1_630' title='bbox 1657 932 1858 975; x_wconf 86' lang='lat' dir='ltr'>derelinquas</span> <span class='ocrx_word' id='word_1_631' title='bbox 1874 943 2147 976; x_wconf 72' lang='lat' dir='ltr'>usquequaque».</span> 
     </span>
    </p>

    <p class='ocr_par' dir='ltr' id='par_1_24' title="bbox 1185 984 2146 1029">
     <span class='ocr_line' id='line_1_87' title="bbox 1185 984 2146 1029; baseline 0.002 -11"><span class='ocrx_word' id='word_1_632' title='bbox 1185 985 1224 1018; x_wconf 96' lang='lat' dir='ltr'>Ut</span> <span class='ocrx_word' id='word_1_633' title='bbox 1246 986 1339 1018; x_wconf 89' lang='lat' dir='ltr'>etiam</span> <span class='ocrx_word' id='word_1_634' title='bbox 1375 989 1457 1018; x_wconf 90' lang='lat' dir='ltr'>esset</span> <span class='ocrx_word' id='word_1_635' title='bbox 1491 984 1639 1028; x_wconf 78' lang='lat' dir='ltr'>felicior,·</span> <span class='ocrx_word' id='word_1_636' title='bbox 1674 986 1711 1018; x_wconf 83' lang='lat' dir='ltr'>ad</span> <span class='ocrx_word' id='word_1_637' title='bbox 1746 987 1959 1029; x_wconf 85' lang='lat' dir='ltr'>Philippenses</span> <span class='ocrx_word' id='word_1_638' title='bbox 1996 988 2097 1029; x_wconf 90' lang='lat' dir='ltr'>primo</span> <span class='ocrx_word' id='word_1_639' title='bbox 2117 987 2146 1019; x_wconf 71' lang='lat'>⁸:</span> 
     </span>
    </p>

    <p class='ocr_par' dir='ltr' id='par_1_25' title="bbox 1191 1037 2149 1080">
     <span class='ocr_line' id='line_1_88' title="bbox 1191 1037 2149 1080; baseline 0.003 -10"><span class='ocrx_word' id='word_1_640' title='bbox 1191 1051 1206 1066; x_wconf 80' lang='grc' dir='ltr'>α</span> <span class='ocrx_word' id='word_1_641' title='bbox 1222 1037 1320 1080; x_wconf 89' lang='lat' dir='ltr'>Cupio</span> <span class='ocrx_word' id='word_1_642' title='bbox 1336 1038 1462 1071; x_wconf 91' lang='lat' dir='ltr'>dissolvi</span> <span class='ocrx_word' id='word_1_643' title='bbox 1480 1042 1511 1071; x_wconf 91' lang='lat' dir='ltr'>et</span> <span class='ocrx_word' id='word_1_644' title='bbox 1527 1047 1594 1071; x_wconf 89' lang='lat' dir='ltr'>esse</span> <span class='ocrx_word' id='word_1_645' title='bbox 1611 1048 1683 1071; x_wconf 92' lang='lat' dir='ltr'>cum</span> <span class='ocrx_word' id='word_1_646' title='bbox 1701 1039 1825 1072; x_wconf 90' lang='lat' dir='ltr'>Christo</span> <span class='ocrx_word' id='word_1_647' title='bbox 1839 1052 1868 1079; x_wconf 80' lang='lat'>»;</span> <span class='ocrx_word' id='word_1_648' title='bbox 1886 1044 1916 1072; x_wconf 91' lang='lat' dir='ltr'>et</span> <span class='ocrx_word' id='word_1_649' title='bbox 1934 1041 2055 1073; x_wconf 89' lang='lat' dir='ltr'>loannis</span> <span class='ocrx_word' id='word_1_650' title='bbox 2071 1041 2149 1073; x_wconf 89' lang='lat' dir='ltr'>duo-</span> 
     </span>
    </p>
   </div>
   <div class='ocr_carea' id='block_1_12' title="bbox 1171 1090 2149 1142">
    <p class='ocr_par' dir='ltr' id='par_1_26' title="bbox 1171 1090 2149 1142">
     <span class='ocr_line' id='line_1_89' title="bbox 1171 1090 2149 1142; baseline 0.003 -19"><span class='ocrx_word' id='word_1_651' title='bbox 1171 1090 1321 1142; x_wconf 65' lang='lat' dir='ltr'>rdecimo:</span> <span class='ocrx_word' id='word_1_652' title='bbox 1352 1104 1367 1120; x_wconf 92' lang='lat'>«</span> <span class='ocrx_word' id='word_1_653' title='bbox 1386 1092 1479 1130; x_wconf 93' lang='lat' dir='ltr'>Volo,</span> <span class='ocrx_word' id='word_1_654' title='bbox 1505 1093 1612 1130; x_wconf 83' lang='lat' dir='ltr'>Pater,</span> <span class='ocrx_word' id='word_1_655' title='bbox 1638 1097 1687 1131; x_wconf 93' lang='lat' dir='ltr'>ut,</span> <span class='ocrx_word' id='word_1_656' title='bbox 1714 1093 1766 1125; x_wconf 90' lang='lat' dir='ltr'>ubi</span> <span class='ocrx_word' id='word_1_657' title='bbox 1792 1102 1848 1135; x_wconf 84' lang='lat' dir='ltr'>ego</span> <span class='ocrx_word' id='word_1_658' title='bbox 1874 1103 1961 1132; x_wconf 87' lang='lat' dir='ltr'>sum,</span> <span class='ocrx_word' id='word_1_659' title='bbox 1988 1094 2028 1126; x_wconf 90' lang='lat' dir='ltr'>ibi</span> <span class='ocrx_word' id='word_1_660' title='bbox 2054 1094 2094 1126; x_wconf 88' lang='lat' dir='ltr'>sit</span> <span class='ocrx_word' id='word_1_661' title='bbox 2118 1098 2149 1126; x_wconf 92' lang='lat' dir='ltr'>et</span> 
     </span>
    </p>
   </div>
   <div class='ocr_carea' id='block_1_13' title="bbox 1184 1144 2317 2523">
    <p class='ocr_par' dir='ltr' id='par_1_27' title="bbox 1185 1144 2148 1240">
     <span class='ocr_line' id='line_1_90' title="bbox 1185 1144 2148 1186; baseline 0.003 -10"><span class='ocrx_word' id='word_1_662' title='bbox 1185 1144 1327 1177; x_wconf 90' lang='lat' dir='ltr'>minister</span> <span class='ocrx_word' id='word_1_663' title='bbox 1352 1154 1442 1178; x_wconf 90' lang='lat' dir='ltr'>meus</span> <span class='ocrx_word' id='word_1_664' title='bbox 1458 1158 1488 1177; x_wconf 88' lang='lat'>».</span> <span class='ocrx_word' id='word_1_665' title='bbox 1515 1164 1555 1168; x_wconf 93' lang='lat'>—</span> <span class='ocrx_word' id='word_1_666' title='bbox 1582 1146 1651 1178; x_wconf 89' lang='lat' dir='ltr'>ldeo</span> <span class='ocrx_word' id='word_1_667' title='bbox 1675 1146 1798 1179; x_wconf 88' lang='lat' dir='ltr'>volebat</span> <span class='ocrx_word' id='word_1_668' title='bbox 1822 1147 2003 1180; x_wconf 85' lang='lat' dir='ltr'>cohabitare</span> <span class='ocrx_word' id='word_1_669' title='bbox 2029 1147 2058 1179; x_wconf 91' lang='lat' dir='ltr'>in</span> <span class='ocrx_word' id='word_1_670' title='bbox 2084 1147 2148 1186; x_wconf 80' lang='lat' dir='ltr'>via,</span> 
     </span>
     <span class='ocr_line' id='line_1_91' title="bbox 1185 1197 1628 1240; baseline 0.005 -11"><span class='ocrx_word' id='word_1_671' title='bbox 1185 1200 1221 1229; x_wconf 94' lang='lat' dir='ltr'>ut</span> <span class='ocrx_word' id='word_1_672' title='bbox 1244 1197 1439 1231; x_wconf 88' lang='lat' dir='ltr'>cohabitaret</span> <span class='ocrx_word' id='word_1_673' title='bbox 1462 1198 1493 1231; x_wconf 94' lang='lat' dir='ltr'>in</span> <span class='ocrx_word' id='word_1_674' title='bbox 1518 1199 1628 1240; x_wconf 85' lang='lat' dir='ltr'>patria.</span> 
     </span>
    </p>

    <p class='ocr_par' dir='ltr' id='par_1_28' title="bbox 1184 1251 2316 1605">
     <span class='ocr_line' id='line_1_92' title="bbox 1276 1251 2316 1306; baseline 0.007 -23"><span class='ocrx_word' id='word_1_675' title='bbox 1276 1252 1326 1283; x_wconf 89' lang='lat'>66.</span> <span class='ocrx_word' id='word_1_676' title='bbox 1353 1251 1495 1284; x_wconf 90' lang='lat' dir='ltr'>Secundo</span> <span class='ocrx_word' id='word_1_677' title='bbox 1511 1256 1665 1294; x_wconf 90' lang='lat' dir='ltr'>quantum</span> <span class='ocrx_word' id='word_1_678' title='bbox 1695 1253 1731 1285; x_wconf 88' lang='lat' dir='ltr'>ad</span> <span class='ocrx_word' id='word_1_679' title='bbox 1761 1253 2063 1286; x_wconf 75' lang='lat' dir='ltr'>condescensionem</span> <span class='ocrx_word' id='word_1_680' title='bbox 2086 1255 2148 1287; x_wconf 85' lang='lat' dir='ltr'>Me-</span> <span class='ocrx_word' id='word_1_681' title='bbox 2172 1259 2251 1306; x_wconf 52' lang='lat'><strong>{⁰0³⁶</strong></span> <span class='ocrx_word' id='word_1_682' title='bbox 2268 1266 2316 1290; x_wconf 60' lang='grc' dir='ltr'>φη-</span> 
     </span>
     <span class='ocr_line' id='line_1_93' title="bbox 1185 1292 2313 1345; baseline 0.003 -8"><span class='ocrx_word' id='word_1_683' title='bbox 1185 1304 1253 1337; x_wconf 73' lang='lat' dir='ltr'>atet</span> <span class='ocrx_word' id='word_1_684' title='bbox 1276 1305 1440 1337; x_wconf 74' lang='lat' dir='ltr'>subditur:</span> <span class='ocrx_word' id='word_1_685' title='bbox 1468 1305 1601 1338; x_wconf 74' lang='lat' dir='ltr'>Dimisit</span> <span class='ocrx_word' id='word_1_686' title='bbox 1625 1310 1735 1338; x_wconf 74' lang='lat' dir='ltr'>autem</span> <span class='ocrx_word' id='word_1_687' title='bbox 1761 1316 1834 1338; x_wconf 73' lang='lat' dir='ltr'>eum</span> <span class='ocrx_word' id='word_1_688' title='bbox 1860 1307 1967 1345; x_wconf 73' lang='lat' dir='ltr'>lesus,</span> <span class='ocrx_word' id='word_1_689' title='bbox 1994 1307 2024 1339; x_wconf 87' lang='lat' dir='ltr'>in</span> <span class='ocrx_word' id='word_1_690' title='bbox 2049 1292 2313 1340; x_wconf 58' lang='lat' dir='ltr'>omn5-„0z⁵⁰.i⁰0{1&#39;?0}.</span> 
     </span>
     <span class='ocr_line' id='line_1_94' title="bbox 1184 1357 2149 1403; baseline 0.003 -13"><span class='ocrx_word' id='word_1_691' title='bbox 1184 1357 1276 1390; x_wconf 90' lang='lat' dir='ltr'>moda</span> <span class='ocrx_word' id='word_1_692' title='bbox 1299 1358 1417 1390; x_wconf 90' lang='lat' dir='ltr'>scilicet</span> <span class='ocrx_word' id='word_1_693' title='bbox 1442 1358 1603 1397; x_wconf 90' lang='lat' dir='ltr'>libertate,</span> <span class='ocrx_word' id='word_1_694' title='bbox 1628 1359 1737 1392; x_wconf 92' lang='lat' dir='ltr'>nolens</span> <span class='ocrx_word' id='word_1_695' title='bbox 1761 1359 1818 1392; x_wconf 90' lang='lat' dir='ltr'>sibi</span> <span class='ocrx_word' id='word_1_696' title='bbox 1843 1360 1927 1392; x_wconf 86' lang='lat' dir='ltr'>aliud</span> <span class='ocrx_word' id='word_1_697' title='bbox 1945 1370 2025 1392; x_wconf 82' lang='lat' dir='ltr'>onus</span> <span class='ocrx_word' id='word_1_698' title='bbox 2050 1361 2149 1403; x_wconf 87' lang='lat' dir='ltr'>impo—</span> 
     </span>
     <span class='ocr_line' id='line_1_95' title="bbox 1184 1411 2149 1454; baseline 0.003 -11"><span class='ocrx_word' id='word_1_699' title='bbox 1184 1419 1280 1450; x_wconf 89' lang='lat' dir='ltr'>nere,</span> <span class='ocrx_word' id='word_1_700' title='bbox 1304 1411 1486 1450; x_wconf 88' lang='lat' dir='ltr'>ostendens,</span> <span class='ocrx_word' id='word_1_701' title='bbox 1511 1411 1595 1453; x_wconf 89' lang='lat' dir='ltr'>quod</span> <span class='ocrx_word' id='word_1_702' title='bbox 1626 1415 1756 1454; x_wconf 91' lang='lat' dir='ltr'>propter</span> <span class='ocrx_word' id='word_1_703' title='bbox 1788 1413 1935 1445; x_wconf 90' lang='lat' dir='ltr'>collatum</span> <span class='ocrx_word' id='word_1_704' title='bbox 1962 1413 2149 1446; x_wconf 83' lang='lat' dir='ltr'>beneficium</span> 
     </span>
     <span class='ocr_line' id='line_1_96' title="bbox 1185 1464 2150 1507; baseline 0.004 -11"><span class='ocrx_word' id='word_1_705' title='bbox 1185 1473 1247 1496; x_wconf 93' lang='lat' dir='ltr'>non</span> <span class='ocrx_word' id='word_1_706' title='bbox 1271 1467 1319 1497; x_wconf 93' lang='lat' dir='ltr'>est</span> <span class='ocrx_word' id='word_1_707' title='bbox 1342 1464 1559 1506; x_wconf 88' lang='lat' dir='ltr'>accipiendum</span> <span class='ocrx_word' id='word_1_708' title='bbox 1583 1465 1789 1507; x_wconf 89' lang='lat' dir='ltr'>obsequium;</span> <span class='ocrx_word' id='word_1_709' title='bbox 1814 1466 1897 1499; x_wconf 93' lang='lat' dir='ltr'>unde</span> <span class='ocrx_word' id='word_1_710' title='bbox 1927 1467 2072 1500; x_wconf 83' lang='lat' dir='ltr'>Matthaei</span> <span class='ocrx_word' id='word_1_711' title='bbox 2097 1468 2150 1500; x_wconf 87' lang='lat' dir='ltr'>de-</span> 
     </span>
     <span class='ocr_line' id='line_1_97' title="bbox 1185 1517 2151 1553; baseline 0.003 -3"><span class='ocrx_word' id='word_1_712' title='bbox 1185 1519 1266 1551; x_wconf 91' lang='lat' dir='ltr'>cimo</span> <span class='ocrx_word' id='word_1_713' title='bbox 1289 1517 1443 1551; x_wconf 85' lang='lat' dir='ltr'>octavo⁹:</span> <span class='ocrx_word' id='word_1_714' title='bbox 1479 1518 1658 1552; x_wconf 87' lang='lat' dir='ltr'>«Misertus</span> <span class='ocrx_word' id='word_1_715' title='bbox 1688 1519 1834 1552; x_wconf 86' lang='lat' dir='ltr'>dominus</span> <span class='ocrx_word' id='word_1_716' title='bbox 1866 1521 1948 1553; x_wconf 78' lang='lat' dir='ltr'>servi</span> <span class='ocrx_word' id='word_1_717' title='bbox 1985 1521 2069 1553; x_wconf 88' lang='lat' dir='ltr'>illius</span> <span class='ocrx_word' id='word_1_718' title='bbox 2105 1521 2151 1553; x_wconf 91' lang='lat' dir='ltr'>di-</span> 
     </span>
     <span class='ocr_line' id='line_1_98' title="bbox 1185 1572 1826 1605; baseline 0.002 -1"><span class='ocrx_word' id='word_1_719' title='bbox 1185 1572 1270 1605; x_wconf 90' lang='lat' dir='ltr'>misit</span> <span class='ocrx_word' id='word_1_720' title='bbox 1293 1581 1365 1605; x_wconf 92' lang='lat' dir='ltr'>eum</span> <span class='ocrx_word' id='word_1_721' title='bbox 1389 1575 1421 1605; x_wconf 90' lang='lat' dir='ltr'>et</span> <span class='ocrx_word' id='word_1_722' title='bbox 1444 1572 1584 1605; x_wconf 90' lang='lat' dir='ltr'>debitum</span> <span class='ocrx_word' id='word_1_723' title='bbox 1609 1572 1728 1605; x_wconf 91' lang='lat' dir='ltr'>dimisit</span> <span class='ocrx_word' id='word_1_724' title='bbox 1752 1573 1779 1605; x_wconf 91' lang='lat' dir='ltr'>ei</span> <span class='ocrx_word' id='word_1_725' title='bbox 1797 1587 1826 1605; x_wconf 73' lang='lat' dir='ltr'>n.</span> 
     </span>
    </p>

    <p class='ocr_par' dir='ltr' id='par_1_29' title="bbox 1185 1625 2302 2034">
     <span class='ocr_line' id='line_1_99' title="bbox 1276 1625 2302 1679; baseline 0.005 -22"><span class='ocrx_word' id='word_1_726' title='bbox 1276 1626 1327 1657; x_wconf 88' lang='lat'>67.</span> <span class='ocrx_word' id='word_1_727' title='bbox 1353 1625 1455 1665; x_wconf 88' lang='lat' dir='ltr'>(Vers.</span> <span class='ocrx_word' id='word_1_728' title='bbox 1481 1625 1558 1666; x_wconf 78' lang='lat'>39.).</span> <span class='ocrx_word' id='word_1_729' title='bbox 1588 1625 1711 1658; x_wconf 90' lang='lat' dir='ltr'>Dimisit</span> <span class='ocrx_word' id='word_1_730' title='bbox 1733 1629 1839 1659; x_wconf 89' lang='lat' dir='ltr'>autem</span> <span class='ocrx_word' id='word_1_731' title='bbox 1872 1636 1945 1659; x_wconf 89' lang='lat' dir='ltr'>eum</span> <span class='ocrx_word' id='word_1_732' title='bbox 1970 1627 2001 1659; x_wconf 90' lang='lat' dir='ltr'>in</span> <span class='ocrx_word' id='word_1_733' title='bbox 2026 1628 2150 1670; x_wconf 82' lang='lat' dir='ltr'>quiete3</span> <span class='ocrx_word' id='word_1_734' title='bbox 2171 1632 2263 1679; x_wconf 54' lang='grc' dir='ltr'>ῠίωϋῑῑιῑ</span> <span class='ocrx_word' id='word_1_735' title='bbox 2281 1632 2302 1652; x_wconf 70' lang='lat'>1¹¹</span> 
     </span>
     <span class='ocr_line' id='line_1_100' title="bbox 1185 1664 2277 1720; baseline 0.003 -9"><span class='ocrx_word' id='word_1_736' title='bbox 1185 1679 1269 1712; x_wconf 76' lang='lat' dir='ltr'>unde</span> <span class='ocrx_word' id='word_1_737' title='bbox 1293 1679 1416 1712; x_wconf 75' lang='lat' dir='ltr'>subdit:</span> <span class='ocrx_word' id='word_1_738' title='bbox 1444 1679 1577 1712; x_wconf 55' lang='grc' dir='ltr'>[ἤρθης.-</span> <span class='ocrx_word' id='word_1_739' title='bbox 1606 1680 1685 1712; x_wconf 72' lang='lat' dir='ltr'>Redz·</span> <span class='ocrx_word' id='word_1_740' title='bbox 1708 1680 1744 1712; x_wconf 72' lang='lat' dir='ltr'>tn</span> <span class='ocrx_word' id='word_1_741' title='bbox 1768 1680 1903 1713; x_wconf 79' lang='lat' dir='ltr'>domum</span> <span class='ocrx_word' id='word_1_742' title='bbox 1928 1685 2038 1720; x_wconf 69' lang='lat' dir='ltr'>mam,</span> <span class='ocrx_word' id='word_1_743' title='bbox 2057 1686 2092 1714; x_wconf 80' lang='lat' dir='ltr'>ut</span> <span class='ocrx_word' id='word_1_744' title='bbox 2109 1682 2151 1714; x_wconf 82' lang='lat' dir='ltr'>ibi</span> <span class='ocrx_word' id='word_1_745' title='bbox 2197 1664 2277 1686; x_wconf 52' lang='lat' dir='ltr'>‘me&#39;</span> 
     </span>
     <span class='ocr_line' id='line_1_101' title="bbox 1186 1732 2152 1777; baseline 0.004 -13"><span class='ocrx_word' id='word_1_746' title='bbox 1186 1732 1382 1775; x_wconf 86' lang='lat' dir='ltr'>requiescas,</span> <span class='ocrx_word' id='word_1_747' title='bbox 1407 1732 1491 1765; x_wconf 91' lang='lat' dir='ltr'>unde</span> <span class='ocrx_word' id='word_1_748' title='bbox 1515 1736 1546 1766; x_wconf 90' lang='lat' dir='ltr'>te</span> <span class='ocrx_word' id='word_1_749' title='bbox 1580 1733 1745 1777; x_wconf 87' lang='lat' dir='ltr'>daemonia</span> <span class='ocrx_word' id='word_1_750' title='bbox 1768 1734 1976 1776; x_wconf 85' lang='lat' dir='ltr'>expulerant;</span> <span class='ocrx_word' id='word_1_751' title='bbox 2003 1735 2152 1768; x_wconf 85' lang='lat' dir='ltr'>Ecclesia-</span> 
     </span>
     <span class='ocr_line' id='line_1_102' title="bbox 1186 1786 2153 1830; baseline 0.003 -11"><span class='ocrx_word' id='word_1_752' title='bbox 1186 1786 1253 1820; x_wconf 91' lang='lat' dir='ltr'>stici</span> <span class='ocrx_word' id='word_1_753' title='bbox 1280 1787 1440 1829; x_wconf 87' lang='lat' dir='ltr'>trigesimo</span> <span class='ocrx_word' id='word_1_754' title='bbox 1470 1787 1608 1820; x_wconf 92' lang='lat' dir='ltr'>secundo</span> <span class='ocrx_word' id='word_1_755' title='bbox 1627 1787 1670 1819; x_wconf 90' lang='lat'>¹⁰:</span> <span class='ocrx_word' id='word_1_756' title='bbox 1700 1800 1715 1815; x_wconf 75' lang='grc' dir='ltr'><em>α</em></span> <span class='ocrx_word' id='word_1_757' title='bbox 1734 1788 1907 1821; x_wconf 87' lang='lat' dir='ltr'>Praecurre</span> <span class='ocrx_word' id='word_1_758' title='bbox 1930 1789 2018 1830; x_wconf 91' lang='lat' dir='ltr'>prior</span> <span class='ocrx_word' id='word_1_759' title='bbox 2043 1789 2073 1821; x_wconf 94' lang='lat' dir='ltr'>in</span> <span class='ocrx_word' id='word_1_760' title='bbox 2098 1789 2153 1822; x_wconf 94' lang='lat' dir='ltr'>do-</span> 
     </span>
     <span class='ocr_line' id='line_1_103' title="bbox 1185 1840 2152 1884; baseline 0.002 -11"><span class='ocrx_word' id='word_1_761' title='bbox 1185 1840 1278 1873; x_wconf 75' lang='lat' dir='ltr'>mum&#39;</span> <span class='ocrx_word' id='word_1_762' title='bbox 1298 1844 1403 1880; x_wconf 90' lang='lat' dir='ltr'>tuam,</span> <span class='ocrx_word' id='word_1_763' title='bbox 1427 1843 1458 1873; x_wconf 92' lang='lat' dir='ltr'>et</span> <span class='ocrx_word' id='word_1_764' title='bbox 1481 1840 1544 1873; x_wconf 89' lang='lat' dir='ltr'>illic</span> <span class='ocrx_word' id='word_1_765' title='bbox 1567 1849 1699 1874; x_wconf 86' lang='lat' dir='ltr'>avocare</span> <span class='ocrx_word' id='word_1_766' title='bbox 1723 1845 1754 1874; x_wconf 88' lang='lat' dir='ltr'>et</span> <span class='ocrx_word' id='word_1_767' title='bbox 1777 1841 1840 1874; x_wconf 90' lang='lat' dir='ltr'>illic</span> <span class='ocrx_word' id='word_1_768' title='bbox 1857 1842 1930 1874; x_wconf 91' lang='lat' dir='ltr'>lude</span> <span class='ocrx_word' id='word_1_769' title='bbox 1954 1846 1984 1875; x_wconf 88' lang='lat' dir='ltr'>et</span> <span class='ocrx_word' id='word_1_770' title='bbox 2000 1852 2057 1884; x_wconf 85' lang='lat' dir='ltr'>age</span> <span class='ocrx_word' id='word_1_771' title='bbox 2079 1852 2152 1875; x_wconf 89' lang='lat' dir='ltr'>con-</span> 
     </span>
     <span class='ocr_line' id='line_1_104' title="bbox 1186 1894 2152 1936; baseline 0.002 -10"><span class='ocrx_word' id='word_1_772' title='bbox 1186 1894 1345 1936; x_wconf 90' lang='lat' dir='ltr'>ceptiones</span> <span class='ocrx_word' id='word_1_773' title='bbox 1362 1896 1432 1927; x_wconf 89' lang='lat' dir='ltr'>tuas</span> <span class='ocrx_word' id='word_1_774' title='bbox 1445 1907 1475 1926; x_wconf 88' lang='lat'>».</span> <span class='ocrx_word' id='word_1_775' title='bbox 1493 1894 1626 1927; x_wconf 87' lang='lat' dir='ltr'>Seneca:</span> <span class='ocrx_word' id='word_1_776' title='bbox 1649 1894 1827 1927; x_wconf 76' lang='lat' dir='ltr'>«Indicium</span> <span class='ocrx_word' id='word_1_777' title='bbox 1846 1895 1960 1927; x_wconf 89' lang='lat' dir='ltr'>mentis</span> <span class='ocrx_word' id='word_1_778' title='bbox 1983 1895 2062 1928; x_wconf 89' lang='lat' dir='ltr'>bene</span> <span class='ocrx_word' id='word_1_779' title='bbox 2079 1905 2152 1928; x_wconf 91' lang='lat' dir='ltr'>con-</span> 
     </span>
     <span class='ocr_line' id='line_1_105' title="bbox 1188 1947 2152 1991; baseline 0.002 -11"><span class='ocrx_word' id='word_1_780' title='bbox 1188 1947 1315 1981; x_wconf 86' lang='lat' dir='ltr'>stitutae</span> <span class='ocrx_word' id='word_1_781' title='bbox 1339 1951 1404 1986; x_wconf 90' lang='lat' dir='ltr'>est,</span> <span class='ocrx_word' id='word_1_782' title='bbox 1429 1947 1461 1980; x_wconf 93' lang='lat' dir='ltr'>in</span> <span class='ocrx_word' id='word_1_783' title='bbox 1484 1956 1517 1980; x_wconf 91' lang='lat' dir='ltr'>se</span> <span class='ocrx_word' id='word_1_784' title='bbox 1550 1955 1640 1989; x_wconf 90' lang='lat' dir='ltr'>posse</span> <span class='ocrx_word' id='word_1_785' title='bbox 1676 1947 1846 1980; x_wconf 90' lang='lat' dir='ltr'>consistere</span> <span class='ocrx_word' id='word_1_786' title='bbox 1870 1952 1900 1980; x_wconf 90' lang='lat' dir='ltr'>et</span> <span class='ocrx_word' id='word_1_787' title='bbox 1925 1957 2032 1981; x_wconf 92' lang='lat' dir='ltr'>secum</span> <span class='ocrx_word' id='word_1_788' title='bbox 2062 1958 2152 1991; x_wconf 88' lang='lat' dir='ltr'>posse</span> 
     </span>
     <span class='ocr_line' id='line_1_106' title="bbox 1186 2001 1347 2034; baseline -0.006 0"><span class='ocrx_word' id='word_1_789' title='bbox 1186 2001 1347 2034; x_wconf 76' lang='lat' dir='ltr'>morari».</span> 
     </span>
    </p>

    <p class='ocr_par' dir='ltr' id='par_1_30' title="bbox 1187 2054 2317 2523">
     <span class='ocr_line' id='line_1_107' title="bbox 1277 2054 2317 2106; baseline -0.002 -19"><span class='ocrx_word' id='word_1_790' title='bbox 1277 2055 1313 2087; x_wconf 85' lang='lat' dir='ltr'>Et</span> <span class='ocrx_word' id='word_1_791' title='bbox 1336 2058 1427 2094; x_wconf 87' lang='lat' dir='ltr'>nota,</span> <span class='ocrx_word' id='word_1_792' title='bbox 1452 2054 1536 2097; x_wconf 92' lang='lat' dir='ltr'>quod</span> <span class='ocrx_word' id='word_1_793' title='bbox 1564 2054 1717 2087; x_wconf 91' lang='lat' dir='ltr'>Dominus</span> <span class='ocrx_word' id='word_1_794' title='bbox 1740 2054 1891 2096; x_wconf 90' lang='lat' dir='ltr'>quosdam</span> <span class='ocrx_word' id='word_1_795' title='bbox 1917 2055 2053 2087; x_wconf 79' lang='lat' dir='ltr'>dimittit</span> <span class='ocrx_word' id='word_1_796' title='bbox 2080 2065 2152 2097; x_wconf 92' lang='lat' dir='ltr'>pro—</span> <span class='ocrx_word' id='word_1_797' title='bbox 2165 2058 2317 2106; x_wconf 51' lang='lat' dir='ltr'>ngj‘su‘g‘ffffl</span> 
     </span>
     <span class='ocr_line' id='line_1_108' title="bbox 1187 2091 2289 2150; baseline 0 -9"><span class='ocrx_word' id='word_1_798' title='bbox 1187 2112 1258 2150; x_wconf 88' lang='lat' dir='ltr'>pter</span> <span class='ocrx_word' id='word_1_799' title='bbox 1281 2107 1531 2149; x_wconf 77' lang='lat' dir='ltr'>infirmitatem,</span> <span class='ocrx_word' id='word_1_800' title='bbox 1556 2107 1637 2140; x_wconf 89' lang='lat' dir='ltr'>sicut</span> <span class='ocrx_word' id='word_1_801' title='bbox 1672 2107 1767 2140; x_wconf 91' lang='lat' dir='ltr'>istum</span> <span class='ocrx_word' id='word_1_802' title='bbox 1792 2108 1843 2140; x_wconf 92' lang='lat' dir='ltr'>cui</span> <span class='ocrx_word' id='word_1_803' title='bbox 1875 2108 2151 2141; x_wconf 87' lang='lat' dir='ltr'>condescendebat.</span> <span class='ocrx_word' id='word_1_804' title='bbox 2185 2091 2289 2132; x_wconf 59' lang='lat' dir='ltr'>Christgus-</span> 
     </span>
     <span class='ocr_line' id='line_1_109' title="bbox 1188 2159 2151 2202; baseline 0.001 -10"><span class='ocrx_word' id='word_1_805' title='bbox 1188 2160 1345 2202; x_wconf 86' lang='lat' dir='ltr'>Quosdam</span> <span class='ocrx_word' id='word_1_806' title='bbox 1369 2159 1517 2193; x_wconf 79' lang='lat' dir='ltr'>admittit</span> <span class='ocrx_word' id='word_1_807' title='bbox 1539 2164 1669 2202; x_wconf 88' lang='lat' dir='ltr'>propter</span> <span class='ocrx_word' id='word_1_808' title='bbox 1692 2159 1902 2202; x_wconf 79' lang='lat' dir='ltr'>fidelitatem,</span> <span class='ocrx_word' id='word_1_809' title='bbox 1927 2160 2008 2193; x_wconf 84' lang='lat' dir='ltr'>sicut</span> <span class='ocrx_word' id='word_1_810' title='bbox 2033 2161 2151 2202; x_wconf 89' lang='lat' dir='ltr'>ipsum,</span> 
     </span>
     <span class='ocr_line' id='line_1_110' title="bbox 1187 2213 2153 2256; baseline 0.001 -10"><span class='ocrx_word' id='word_1_811' title='bbox 1187 2214 1226 2246; x_wconf 92' lang='lat' dir='ltr'>de</span> <span class='ocrx_word' id='word_1_812' title='bbox 1250 2223 1314 2256; x_wconf 92' lang='lat' dir='ltr'>quo</span> <span class='ocrx_word' id='word_1_813' title='bbox 1345 2214 1426 2246; x_wconf 88' lang='lat' dir='ltr'>infra</span> <span class='ocrx_word' id='word_1_814' title='bbox 1449 2222 1532 2246; x_wconf 88' lang='lat' dir='ltr'>nono</span> <span class='ocrx_word' id='word_1_815' title='bbox 1547 2214 1590 2245; x_wconf 85' lang='lat'>1¹:</span> <span class='ocrx_word' id='word_1_816' title='bbox 1621 2226 1637 2242; x_wconf 67' lang='grc' dir='ltr'>«ι</span> <span class='ocrx_word' id='word_1_817' title='bbox 1652 2213 1740 2246; x_wconf 87' lang='lat' dir='ltr'>Dixit</span> <span class='ocrx_word' id='word_1_818' title='bbox 1763 2213 1801 2246; x_wconf 87' lang='lat' dir='ltr'>ad</span> <span class='ocrx_word' id='word_1_819' title='bbox 1826 2214 1982 2246; x_wconf 86' lang='lat' dir='ltr'>alterum:</span> <span class='ocrx_word' id='word_1_820' title='bbox 2015 2214 2153 2256; x_wconf 88' lang='lat' dir='ltr'>Sequere</span> 
     </span>
     <span class='ocr_line' id='line_1_111' title="bbox 1189 2266 2153 2306; baseline 0 -7"><span class='ocrx_word' id='word_1_821' title='bbox 1189 2276 1249 2300; x_wconf 90' lang='lat' dir='ltr'>me.</span> <span class='ocrx_word' id='word_1_822' title='bbox 1275 2267 1328 2299; x_wconf 91' lang='lat' dir='ltr'>Ille</span> <span class='ocrx_word' id='word_1_823' title='bbox 1351 2270 1457 2299; x_wconf 87' lang='lat' dir='ltr'>autem</span> <span class='ocrx_word' id='word_1_824' title='bbox 1485 2266 1581 2299; x_wconf 87' lang='lat' dir='ltr'>dixit:</span> <span class='ocrx_word' id='word_1_825' title='bbox 1615 2266 1762 2306; x_wconf 90' lang='lat' dir='ltr'>Domine,</span> <span class='ocrx_word' id='word_1_826' title='bbox 1787 2267 1841 2300; x_wconf 90' lang='lat' dir='ltr'>sed</span> <span class='ocrx_word' id='word_1_827' title='bbox 1875 2267 1997 2300; x_wconf 91' lang='lat' dir='ltr'>dimitte</span> <span class='ocrx_word' id='word_1_828' title='bbox 2025 2276 2092 2306; x_wconf 88' lang='lat' dir='ltr'>me,</span> <span class='ocrx_word' id='word_1_829' title='bbox 2117 2270 2153 2299; x_wconf 89' lang='lat' dir='ltr'>ut</span> 
     </span>
     <span class='ocr_line' id='line_1_112' title="bbox 1188 2320 2153 2363; baseline 0 -10"><span class='ocrx_word' id='word_1_830' title='bbox 1188 2320 1300 2353; x_wconf 87' lang='lat' dir='ltr'>vadam</span> <span class='ocrx_word' id='word_1_831' title='bbox 1324 2320 1414 2362; x_wconf 91' lang='lat' dir='ltr'>prius</span> <span class='ocrx_word' id='word_1_832' title='bbox 1431 2321 1564 2362; x_wconf 90' lang='lat' dir='ltr'>sepelire</span> <span class='ocrx_word' id='word_1_833' title='bbox 1577 2334 1592 2349; x_wconf 83' lang='lat'>»</span> <span class='ocrx_word' id='word_1_834' title='bbox 1609 2324 1667 2353; x_wconf 86' lang='lat' dir='ltr'>etc.</span> <span class='ocrx_word' id='word_1_835' title='bbox 1686 2321 1842 2362; x_wconf 90' lang='lat' dir='ltr'>Quosdam</span> <span class='ocrx_word' id='word_1_836' title='bbox 1860 2320 2000 2353; x_wconf 75' lang='lat' dir='ltr'>atti-altit</span> <span class='ocrx_word' id='word_1_837' title='bbox 2024 2324 2153 2363; x_wconf 88' lang='lat' dir='ltr'>propter</span> 
     </span>
     <span class='ocr_line' id='line_1_113' title="bbox 1189 2373 2152 2416; baseline 0 -10"><span class='ocrx_word' id='word_1_838' title='bbox 1189 2374 1417 2412; x_wconf 85' lang='lat' dir='ltr'>idoneitatem,</span> <span class='ocrx_word' id='word_1_839' title='bbox 1442 2373 1524 2406; x_wconf 86' lang='lat' dir='ltr'>infra</span> <span class='ocrx_word' id='word_1_840' title='bbox 1548 2383 1648 2407; x_wconf 90' lang='lat' dir='ltr'>nono:</span> <span class='ocrx_word' id='word_1_841' title='bbox 1678 2387 1693 2403; x_wconf 77' lang='grc' dir='ltr'><em>α</em></span> <span class='ocrx_word' id='word_1_842' title='bbox 1712 2374 1747 2407; x_wconf 90' lang='lat' dir='ltr'>Et</span> <span class='ocrx_word' id='word_1_843' title='bbox 1770 2375 1814 2407; x_wconf 91' lang='lat' dir='ltr'>ait</span> <span class='ocrx_word' id='word_1_844' title='bbox 1837 2375 1934 2407; x_wconf 87' lang='lat' dir='ltr'>alter:</span> <span class='ocrx_word' id='word_1_845' title='bbox 1959 2375 2079 2416; x_wconf 90' lang='lat' dir='ltr'>Sequar</span> <span class='ocrx_word' id='word_1_846' title='bbox 2111 2378 2152 2413; x_wconf 88' lang='lat' dir='ltr'>te,</span> 
     </span>
     <span class='ocr_line' id='line_1_114' title="bbox 1189 2427 2150 2469; baseline -0.002 -9"><span class='ocrx_word' id='word_1_847' title='bbox 1189 2427 1339 2466; x_wconf 89' lang='lat' dir='ltr'>Domine,</span> <span class='ocrx_word' id='word_1_848' title='bbox 1356 2427 1410 2460; x_wconf 90' lang='lat' dir='ltr'>sed</span> <span class='ocrx_word' id='word_1_849' title='bbox 1434 2427 1582 2469; x_wconf 90' lang='lat' dir='ltr'>permitte</span> <span class='ocrx_word' id='word_1_850' title='bbox 1598 2427 1674 2460; x_wconf 90' lang='lat' dir='ltr'>mihi</span> <span class='ocrx_word' id='word_1_851' title='bbox 1693 2428 1831 2469; x_wconf 90' lang='lat' dir='ltr'>primum</span> <span class='ocrx_word' id='word_1_852' title='bbox 1857 2427 2039 2460; x_wconf 87' lang='lat' dir='ltr'>renuntiare</span> <span class='ocrx_word' id='word_1_853' title='bbox 2057 2441 2072 2456; x_wconf 72' lang='grc' dir='ltr'>ι»</span> <span class='ocrx_word' id='word_1_854' title='bbox 2093 2430 2150 2459; x_wconf 87' lang='lat' dir='ltr'>etc.</span> 
     </span>
     <span class='ocr_line' id='line_1_115' title="bbox 1190 2480 2152 2523; baseline -0.001 -10"><span class='ocrx_word' id='word_1_855' title='bbox 1190 2480 1346 2522; x_wconf 88' lang='lat' dir='ltr'>Quosdam</span> <span class='ocrx_word' id='word_1_856' title='bbox 1375 2480 1501 2522; x_wconf 79' lang='lat' dir='ltr'>repellit</span> <span class='ocrx_word' id='word_1_857' title='bbox 1524 2485 1654 2523; x_wconf 88' lang='lat' dir='ltr'>propter</span> <span class='ocrx_word' id='word_1_858' title='bbox 1678 2481 1910 2523; x_wconf 80' lang='lat' dir='ltr'>cupiditatem,</span> <span class='ocrx_word' id='word_1_859' title='bbox 1936 2481 2017 2513; x_wconf 87' lang='lat' dir='ltr'>sicut</span> <span class='ocrx_word' id='word_1_860' title='bbox 2046 2481 2152 2519; x_wconf 89' lang='lat' dir='ltr'>illum,</span> 
     </span>
    </p>
   </div>
   <div class='ocr_carea' id='block_1_14' title="bbox 1189 2534 2152 2577">
    <p class='ocr_par' dir='ltr' id='par_1_31' title="bbox 1189 2534 2152 2577">
     <span class='ocr_line' id='line_1_116' title="bbox 1189 2534 2152 2577; baseline -0.001 -10"><span class='ocrx_word' id='word_1_861' title='bbox 1189 2534 1228 2567; x_wconf 91' lang='lat' dir='ltr'>de</span> <span class='ocrx_word' id='word_1_862' title='bbox 1259 2544 1323 2576; x_wconf 91' lang='lat' dir='ltr'>quo</span> <span class='ocrx_word' id='word_1_863' title='bbox 1355 2534 1500 2567; x_wconf 87' lang='lat' dir='ltr'>Matthaei</span> <span class='ocrx_word' id='word_1_864' title='bbox 1525 2538 1636 2567; x_wconf 89' lang='lat' dir='ltr'>octavo</span> <span class='ocrx_word' id='word_1_865' title='bbox 1650 2535 1693 2566; x_wconf 71' lang='lat'>¹2:</span> <span class='ocrx_word' id='word_1_866' title='bbox 1717 2535 1909 2577; x_wconf 71' lang='lat' dir='ltr'>«Magister,</span> <span class='ocrx_word' id='word_1_867' title='bbox 1935 2543 2054 2576; x_wconf 85' lang='lat' dir='ltr'>sequar</span> <span class='ocrx_word' id='word_1_868' title='bbox 2078 2537 2152 2572; x_wconf 81' lang='lat' dir='ltr'>te»,</span> 
     </span>
    </p>
   </div>
   <div class='ocr_carea' id='block_1_15' title="bbox 1189 2726 2158 3474">
    <p class='ocr_par' dir='ltr' id='par_1_32' title="bbox 1259 2726 2154 2762">
     <span class='ocr_line' id='line_1_117' title="bbox 1259 2726 2154 2762; baseline -0.001 -8"><span class='ocrx_word' id='word_1_869' title='bbox 1259 2727 1271 2742; x_wconf 82' lang='lat'>⁹</span> <span class='ocrx_word' id='word_1_870' title='bbox 1290 2729 1364 2754; x_wconf 90' lang='lat' dir='ltr'>Vers.</span> <span class='ocrx_word' id='word_1_871' title='bbox 1385 2728 1429 2754; x_wconf 91' lang='grc'>27.</span> <span class='ocrx_word' id='word_1_872' title='bbox 1447 2742 1482 2747; x_wconf 92' lang='grc'><strong>-</strong></span> <span class='ocrx_word' id='word_1_873' title='bbox 1501 2728 1629 2760; x_wconf 87' lang='lat' dir='ltr'>Superius</span> <span class='ocrx_word' id='word_1_874' title='bbox 1648 2735 1696 2760; x_wconf 89' lang='lat' dir='ltr'>pro</span> <span class='ocrx_word' id='word_1_875' title='bbox 1715 2726 1901 2762; x_wconf 78' lang='lat' dir='ltr'>accipiendum</span> <span class='ocrx_word' id='word_1_876' title='bbox 1915 2728 1936 2753; x_wconf 92' lang='lat' dir='ltr'>G</span> <span class='ocrx_word' id='word_1_877' title='bbox 1949 2727 2154 2761; x_wconf 79' lang='lat' dir='ltr'>acceptandum.</span> 
     </span>
    </p>

    <p class='ocr_par' dir='ltr' id='par_1_33' title="bbox 1190 2772 2154 2844">
     <span class='ocr_line' id='line_1_118' title="bbox 1261 2772 2154 2805; baseline 0 -6"><span class='ocrx_word' id='word_1_878' title='bbox 1261 2772 1283 2787; x_wconf 82' lang='lat'>¹⁰</span> <span class='ocrx_word' id='word_1_879' title='bbox 1304 2774 1379 2799; x_wconf 89' lang='lat' dir='ltr'>Vers.</span> <span class='ocrx_word' id='word_1_880' title='bbox 1399 2773 1440 2798; x_wconf 85' lang='grc'>45.</span> <span class='ocrx_word' id='word_1_881' title='bbox 1462 2774 1503 2799; x_wconf 84' lang='grc'>46.</span> <span class='ocrx_word' id='word_1_882' title='bbox 1524 2773 1561 2799; x_wconf 89' lang='lat' dir='ltr'>De</span> <span class='ocrx_word' id='word_1_883' title='bbox 1577 2773 1701 2799; x_wconf 88' lang='lat' dir='ltr'>sententia</span> <span class='ocrx_word' id='word_1_884' title='bbox 1729 2773 1842 2798; x_wconf 86' lang='lat' dir='ltr'>Senecae</span> <span class='ocrx_word' id='word_1_885' title='bbox 1862 2774 1906 2798; x_wconf 82' lang='lat' dir='ltr'>cfr.</span> <span class='ocrx_word' id='word_1_886' title='bbox 1928 2780 2009 2804; x_wconf 85' lang='lat' dir='ltr'>supra</span> <span class='ocrx_word' id='word_1_887' title='bbox 2029 2780 2091 2805; x_wconf 85' lang='lat' dir='ltr'>pag.</span> <span class='ocrx_word' id='word_1_888' title='bbox 2111 2773 2154 2804; x_wconf 67' lang='lat'>34,</span> 
     </span>
     <span class='ocr_line' id='line_1_119' title="bbox 1190 2817 1294 2844; baseline 0 -1"><span class='ocrx_word' id='word_1_889' title='bbox 1190 2821 1249 2844; x_wconf 84' lang='lat' dir='ltr'>nota</span> <span class='ocrx_word' id='word_1_890' title='bbox 1270 2817 1294 2843; x_wconf 73' lang='lat'>4.</span> 
     </span>
    </p>

    <p class='ocr_par' dir='ltr' id='par_1_34' title="bbox 1189 2861 2158 3474">
     <span class='ocr_line' id='line_1_120' title="bbox 1262 2861 2156 2895; baseline 0.001 -9"><span class='ocrx_word' id='word_1_891' title='bbox 1262 2861 1281 2877; x_wconf 83' lang='lat'>¹¹</span> <span class='ocrx_word' id='word_1_892' title='bbox 1304 2863 1379 2888; x_wconf 85' lang='lat' dir='ltr'>Vers.</span> <span class='ocrx_word' id='word_1_893' title='bbox 1398 2862 1446 2895; x_wconf 82' lang='lat'>59,</span> <span class='ocrx_word' id='word_1_894' title='bbox 1465 2862 1612 2888; x_wconf 84' lang='lat' dir='ltr'>secundum</span> <span class='ocrx_word' id='word_1_895' title='bbox 1626 2865 1740 2887; x_wconf 82' lang='lat' dir='ltr'>nostram</span> <span class='ocrx_word' id='word_1_896' title='bbox 1756 2861 1908 2892; x_wconf 79' lang='lat' dir='ltr'>lectionem,</span> <span class='ocrx_word' id='word_1_897' title='bbox 1923 2868 2003 2894; x_wconf 86' lang='lat' dir='ltr'>quam</span> <span class='ocrx_word' id='word_1_898' title='bbox 2019 2862 2156 2887; x_wconf 80' lang='lat' dir='ltr'>confirmat</span> 
     </span>
     <span class='ocr_line' id='line_1_121' title="bbox 1190 2905 2151 2937; baseline 0 -5"><span class='ocrx_word' id='word_1_899' title='bbox 1190 2907 1225 2937; x_wconf 88' lang='lat' dir='ltr'>H,</span> <span class='ocrx_word' id='word_1_900' title='bbox 1246 2907 1377 2932; x_wconf 88' lang='lat' dir='ltr'>nonnullis</span> <span class='ocrx_word' id='word_1_901' title='bbox 1395 2906 1484 2932; x_wconf 87' lang='lat' dir='ltr'>verbis</span> <span class='ocrx_word' id='word_1_902' title='bbox 1504 2910 1587 2932; x_wconf 81' lang='lat' dir='ltr'>textus</span> <span class='ocrx_word' id='word_1_903' title='bbox 1612 2906 1724 2932; x_wconf 87' lang='lat' dir='ltr'>omissis.</span> <span class='ocrx_word' id='word_1_904' title='bbox 1743 2906 1794 2931; x_wconf 83' lang='lat' dir='ltr'>&#39;Sed</span> <span class='ocrx_word' id='word_1_905' title='bbox 1815 2906 1872 2931; x_wconf 81' lang='lat' dir='ltr'>Vat.</span> <span class='ocrx_word' id='word_1_906' title='bbox 1893 2910 1917 2930; x_wconf 74' lang='lat' dir='ltr'>et</span> <span class='ocrx_word' id='word_1_907' title='bbox 1938 2905 2052 2932; x_wconf 73' lang='lat' dir='ltr'>ACDG</span> <span class='ocrx_word' id='word_1_908' title='bbox 2071 2906 2151 2932; x_wconf 84' lang='lat' dir='ltr'>citant</span> 
     </span>
     <span class='ocr_line' id='line_1_122' title="bbox 1190 2950 2152 2983; baseline 0.001 -8"><span class='ocrx_word' id='word_1_909' title='bbox 1190 2958 1215 2975; x_wconf 80' lang='lat' dir='ltr'>v.</span> <span class='ocrx_word' id='word_1_910' title='bbox 1237 2952 1285 2976; x_wconf 77' lang='lat' dir='ltr'>fil:</span> <span class='ocrx_word' id='word_1_911' title='bbox 1308 2961 1321 2974; x_wconf 70' lang='lat' dir='ltr'>a</span> <span class='ocrx_word' id='word_1_912' title='bbox 1336 2952 1365 2976; x_wconf 83' lang='lat' dir='ltr'>Et</span> <span class='ocrx_word' id='word_1_913' title='bbox 1389 2952 1424 2976; x_wconf 88' lang='lat' dir='ltr'>ait</span> <span class='ocrx_word' id='word_1_914' title='bbox 1453 2951 1534 2976; x_wconf 87' lang='lat' dir='ltr'>alter:</span> <span class='ocrx_word' id='word_1_915' title='bbox 1560 2952 1661 2983; x_wconf 86' lang='lat' dir='ltr'>Sequar</span> <span class='ocrx_word' id='word_1_916' title='bbox 1690 2953 1727 2981; x_wconf 83' lang='lat' dir='ltr'>te,</span> <span class='ocrx_word' id='word_1_917' title='bbox 1756 2950 1867 2975; x_wconf 90' lang='lat' dir='ltr'>Domine</span> <span class='ocrx_word' id='word_1_918' title='bbox 1896 2950 1968 2983; x_wconf 85' lang='lat' dir='ltr'>[Vat.</span> <span class='ocrx_word' id='word_1_919' title='bbox 1989 2952 2044 2982; x_wconf 63' lang='lat' dir='ltr'>etc„</span> <span class='ocrx_word' id='word_1_920' title='bbox 2077 2951 2152 2977; x_wconf 87' lang='lat' dir='ltr'>omit-</span> 
     </span>
     <span class='ocr_line' id='line_1_123' title="bbox 1190 2994 2154 3028; baseline 0 -7"><span class='ocrx_word' id='word_1_921' title='bbox 1190 2999 1247 3021; x_wconf 85' lang='lat' dir='ltr'>tens</span> <span class='ocrx_word' id='word_1_922' title='bbox 1266 3002 1335 3028; x_wconf 87' lang='lat' dir='ltr'>quae</span> <span class='ocrx_word' id='word_1_923' title='bbox 1354 2994 1526 3028; x_wconf 82' lang='lat' dir='ltr'>sequuntur];</span> <span class='ocrx_word' id='word_1_924' title='bbox 1546 2995 1594 3020; x_wconf 90' lang='lat' dir='ltr'>sed</span> <span class='ocrx_word' id='word_1_925' title='bbox 1613 2995 1715 3020; x_wconf 84' lang='lat' dir='ltr'>dimitte</span> <span class='ocrx_word' id='word_1_926' title='bbox 1742 3002 1798 3026; x_wconf 89' lang='lat' dir='ltr'>me,</span> <span class='ocrx_word' id='word_1_927' title='bbox 1819 2998 1846 3020; x_wconf 92' lang='lat' dir='ltr'>ut</span> <span class='ocrx_word' id='word_1_928' title='bbox 1866 2995 1962 3020; x_wconf 77' lang='lat' dir='ltr'>vadam</span> <span class='ocrx_word' id='word_1_929' title='bbox 1983 2996 2057 3027; x_wconf 81' lang='lat' dir='ltr'>prius</span> <span class='ocrx_word' id='word_1_930' title='bbox 2070 3005 2083 3018; x_wconf 69' lang='lat' dir='ltr'>n</span> <span class='ocrx_word' id='word_1_931' title='bbox 2105 2999 2154 3021; x_wconf 84' lang='lat' dir='ltr'>etc.</span> 
     </span>
     <span class='ocr_line' id='line_1_124' title="bbox 1190 3038 2158 3072; baseline 0.001 -7"><span class='ocrx_word' id='word_1_932' title='bbox 1190 3040 1271 3065; x_wconf 91' lang='lat' dir='ltr'>lidem</span> <span class='ocrx_word' id='word_1_933' title='bbox 1291 3040 1370 3072; x_wconf 85' lang='lat' dir='ltr'>paulo</span> <span class='ocrx_word' id='word_1_934' title='bbox 1390 3043 1449 3071; x_wconf 87' lang='lat' dir='ltr'>post</span> <span class='ocrx_word' id='word_1_935' title='bbox 1468 3039 1547 3064; x_wconf 84' lang='lat' dir='ltr'>citant</span> <span class='ocrx_word' id='word_1_936' title='bbox 1567 3046 1592 3064; x_wconf 78' lang='lat' dir='ltr'>v.</span> <span class='ocrx_word' id='word_1_937' title='bbox 1612 3039 1658 3065; x_wconf 86' lang='lat'>59:</span> <span class='ocrx_word' id='word_1_938' title='bbox 1682 3049 1695 3062; x_wconf 83' lang='grc' dir='ltr'>ιι</span> <span class='ocrx_word' id='word_1_939' title='bbox 1710 3039 1776 3064; x_wconf 88' lang='lat' dir='ltr'>Dixit</span> <span class='ocrx_word' id='word_1_940' title='bbox 1795 3039 1829 3064; x_wconf 86' lang='lat' dir='ltr'>ad</span> <span class='ocrx_word' id='word_1_941' title='bbox 1847 3040 1957 3064; x_wconf 86' lang='lat' dir='ltr'>alterum</span> <span class='ocrx_word' id='word_1_942' title='bbox 1978 3038 2050 3072; x_wconf 86' lang='lat' dir='ltr'>[Vat.</span> <span class='ocrx_word' id='word_1_943' title='bbox 2072 3039 2105 3065; x_wconf 85' lang='lat' dir='ltr'>Et</span> <span class='ocrx_word' id='word_1_944' title='bbox 2117 3039 2158 3066; x_wconf 73' lang='lat' dir='ltr'>ait</span> 
     </span>
     <span class='ocr_line' id='line_1_125' title="bbox 1190 3083 2156 3117; baseline 0 -7"><span class='ocrx_word' id='word_1_945' title='bbox 1190 3083 1226 3110; x_wconf 82' lang='lat' dir='ltr'>ad</span> <span class='ocrx_word' id='word_1_946' title='bbox 1244 3083 1392 3117; x_wconf 84' lang='lat' dir='ltr'>alterum]:</span> <span class='ocrx_word' id='word_1_947' title='bbox 1414 3085 1529 3116; x_wconf 84' lang='lat' dir='ltr'>Sequere</span> <span class='ocrx_word' id='word_1_948' title='bbox 1548 3090 1592 3108; x_wconf 88' lang='lat' dir='ltr'>me</span> <span class='ocrx_word' id='word_1_949' title='bbox 1605 3093 1629 3108; x_wconf 69' lang='lat' dir='ltr'>n.</span> <span class='ocrx_word' id='word_1_950' title='bbox 1655 3083 1706 3108; x_wconf 86' lang='lat' dir='ltr'>Sed</span> <span class='ocrx_word' id='word_1_951' title='bbox 1730 3083 1897 3109; x_wconf 79' lang='lat' dir='ltr'>manifestum</span> <span class='ocrx_word' id='word_1_952' title='bbox 1917 3086 1956 3109; x_wconf 85' lang='lat' dir='ltr'>est</span> <span class='ocrx_word' id='word_1_953' title='bbox 1975 3087 2000 3108; x_wconf 87' lang='lat' dir='ltr'>et</span> <span class='ocrx_word' id='word_1_954' title='bbox 2018 3084 2156 3111; x_wconf 83' lang='lat' dir='ltr'>conflrma-</span> 
     </span>
     <span class='ocr_line' id='line_1_126' title="bbox 1191 3127 2154 3162; baseline 0.001 -8"><span class='ocrx_word' id='word_1_955' title='bbox 1191 3132 1232 3154; x_wconf 92' lang='lat' dir='ltr'>tur</span> <span class='ocrx_word' id='word_1_956' title='bbox 1252 3136 1299 3160; x_wconf 82' lang='lat' dir='ltr'>per</span> <span class='ocrx_word' id='word_1_957' title='bbox 1319 3135 1349 3153; x_wconf 83' lang='lat' dir='ltr'>ca</span> <span class='ocrx_word' id='word_1_958' title='bbox 1368 3135 1436 3161; x_wconf 86' lang='lat' dir='ltr'>quac</span> <span class='ocrx_word' id='word_1_959' title='bbox 1456 3131 1547 3153; x_wconf 82' lang='lat' dir='ltr'>auctor</span> <span class='ocrx_word' id='word_1_960' title='bbox 1567 3128 1631 3153; x_wconf 82' lang='lat' dir='ltr'>infra</span> <span class='ocrx_word' id='word_1_961' title='bbox 1651 3134 1674 3153; x_wconf 87' lang='lat' dir='ltr'>c.</span> <span class='ocrx_word' id='word_1_962' title='bbox 1694 3128 1718 3152; x_wconf 89' lang='lat'>9.</span> <span class='ocrx_word' id='word_1_963' title='bbox 1739 3128 1763 3152; x_wconf 92' lang='lat' dir='ltr'>in</span> <span class='ocrx_word' id='word_1_964' title='bbox 1783 3127 1931 3153; x_wconf 89' lang='lat' dir='ltr'>Comment.</span> <span class='ocrx_word' id='word_1_965' title='bbox 1954 3136 1978 3153; x_wconf 92' lang='lat' dir='ltr'>n.</span> <span class='ocrx_word' id='word_1_966' title='bbox 2002 3129 2060 3154; x_wconf 83' lang='grc'>406.</span> <span class='ocrx_word' id='word_1_967' title='bbox 2080 3136 2154 3162; x_wconf 82' lang='lat' dir='ltr'>seqq.</span> 
     </span>
     <span class='ocr_line' id='line_1_127' title="bbox 1191 3172 2156 3205; baseline 0.002 -7"><span class='ocrx_word' id='word_1_968' title='bbox 1191 3173 1267 3205; x_wconf 83' lang='lat' dir='ltr'>dicit,</span> <span class='ocrx_word' id='word_1_969' title='bbox 1291 3173 1364 3205; x_wconf 89' lang='lat' dir='ltr'>quod</span> <span class='ocrx_word' id='word_1_970' title='bbox 1392 3173 1454 3198; x_wconf 88' lang='lat' dir='ltr'>Luc.</span> <span class='ocrx_word' id='word_1_971' title='bbox 1484 3173 1513 3204; x_wconf 83' lang='grc'>9,</span> <span class='ocrx_word' id='word_1_972' title='bbox 1543 3172 1584 3197; x_wconf 71' lang='grc'>59,</span> <span class='ocrx_word' id='word_1_973' title='bbox 1615 3172 1657 3197; x_wconf 89' lang='grc'>60.</span> <span class='ocrx_word' id='word_1_974' title='bbox 1685 3172 1842 3197; x_wconf 84' lang='lat' dir='ltr'>conveniant</span> <span class='ocrx_word' id='word_1_975' title='bbox 1868 3172 1891 3198; x_wconf 89' lang='lat' dir='ltr'>ei</span> <span class='ocrx_word' id='word_1_976' title='bbox 1915 3172 1961 3205; x_wconf 89' lang='lat' dir='ltr'>qui</span> <span class='ocrx_word' id='word_1_977' title='bbox 1990 3180 2042 3198; x_wconf 91' lang='lat' dir='ltr'>non</span> <span class='ocrx_word' id='word_1_978' title='bbox 2058 3174 2156 3200; x_wconf 59' lang='lat' dir='ltr'>solum</span> 
     </span>
     <span class='ocr_line' id='line_1_128' title="bbox 1191 3215 2156 3249; baseline 0 -6"><span class='ocrx_word' id='word_1_979' title='bbox 1191 3218 1339 3248; x_wconf 79' lang='lat' dir='ltr'>attractus,</span> <span class='ocrx_word' id='word_1_980' title='bbox 1362 3216 1408 3241; x_wconf 87' lang='lat' dir='ltr'>sed</span> <span class='ocrx_word' id='word_1_981' title='bbox 1436 3216 1514 3241; x_wconf 85' lang='lat' dir='ltr'>etiam</span> <span class='ocrx_word' id='word_1_982' title='bbox 1543 3215 1680 3241; x_wconf 84' lang='lat' dir='ltr'>admissus</span> <span class='ocrx_word' id='word_1_983' title='bbox 1707 3216 1768 3246; x_wconf 80' lang='lat' dir='ltr'>suit,</span> <span class='ocrx_word' id='word_1_984' title='bbox 1796 3223 1849 3242; x_wconf 90' lang='lat' dir='ltr'>non</span> <span class='ocrx_word' id='word_1_985' title='bbox 1874 3223 1938 3242; x_wconf 76' lang='lat' dir='ltr'>vero</span> <span class='ocrx_word' id='word_1_986' title='bbox 1966 3224 1992 3242; x_wconf 85' lang='lat' dir='ltr'>v.</span> <span class='ocrx_word' id='word_1_987' title='bbox 2022 3218 2070 3249; x_wconf 84' lang='grc'>64,</span> <span class='ocrx_word' id='word_1_988' title='bbox 2095 3225 2156 3243; x_wconf 89' lang='lat' dir='ltr'>cum</span> 
     </span>
     <span class='ocr_line' id='line_1_129' title="bbox 1191 3259 2156 3294; baseline 0 -7"><span class='ocrx_word' id='word_1_989' title='bbox 1191 3261 1275 3293; x_wconf 82' lang='lat' dir='ltr'>alter,</span> <span class='ocrx_word' id='word_1_990' title='bbox 1295 3262 1341 3293; x_wconf 88' lang='lat' dir='ltr'>qui</span> <span class='ocrx_word' id='word_1_991' title='bbox 1362 3261 1413 3286; x_wconf 88' lang='lat' dir='ltr'>citt.</span> <span class='ocrx_word' id='word_1_992' title='bbox 1443 3259 1532 3286; x_wconf 76' lang='lat' dir='ltr'>verbis</span> <span class='ocrx_word' id='word_1_993' title='bbox 1560 3260 1693 3292; x_wconf 86' lang='lat' dir='ltr'>adiungit:</span> <span class='ocrx_word' id='word_1_994' title='bbox 1717 3270 1729 3283; x_wconf 74' lang='lat' dir='ltr'>u</span> <span class='ocrx_word' id='word_1_995' title='bbox 1743 3261 1795 3286; x_wconf 89' lang='lat' dir='ltr'>Sed</span> <span class='ocrx_word' id='word_1_996' title='bbox 1815 3261 1938 3293; x_wconf 87' lang='lat' dir='ltr'>permitte</span> <span class='ocrx_word' id='word_1_997' title='bbox 1956 3262 2020 3287; x_wconf 91' lang='lat' dir='ltr'>mihi</span> <span class='ocrx_word' id='word_1_998' title='bbox 2040 3263 2156 3294; x_wconf 88' lang='lat' dir='ltr'>primum</span> 
     </span>
     <span class='ocr_line' id='line_1_130' title="bbox 1191 3305 2156 3338; baseline 0 -6"><span class='ocrx_word' id='word_1_999' title='bbox 1191 3306 1340 3332; x_wconf 85' lang='lat' dir='ltr'>renuntiare</span> <span class='ocrx_word' id='word_1_1000' title='bbox 1360 3306 1400 3331; x_wconf 87' lang='lat' dir='ltr'>his</span> <span class='ocrx_word' id='word_1_1001' title='bbox 1419 3312 1488 3338; x_wconf 88' lang='lat' dir='ltr'>quae</span> <span class='ocrx_word' id='word_1_1002' title='bbox 1507 3305 1579 3331; x_wconf 92' lang='lat' dir='ltr'>domi</span> <span class='ocrx_word' id='word_1_1003' title='bbox 1599 3308 1658 3331; x_wconf 86' lang='lat' dir='ltr'>suut</span> <span class='ocrx_word' id='word_1_1004' title='bbox 1671 3315 1696 3336; x_wconf 73' lang='lat'>»‚</span> <span class='ocrx_word' id='word_1_1005' title='bbox 1715 3312 1767 3331; x_wconf 90' lang='lat' dir='ltr'>non</span> <span class='ocrx_word' id='word_1_1006' title='bbox 1792 3305 1888 3332; x_wconf 88' lang='lat' dir='ltr'>dicitur</span> <span class='ocrx_word' id='word_1_1007' title='bbox 1917 3306 2047 3338; x_wconf 80' lang='lat' dir='ltr'>expressis</span> <span class='ocrx_word' id='word_1_1008' title='bbox 2066 3306 2156 3333; x_wconf 78' lang='lat' dir='ltr'>verbis</span> 
     </span>
     <span class='ocr_line' id='line_1_131' title="bbox 1191 3350 2156 3382; baseline 0 -5"><span class='ocrx_word' id='word_1_1009' title='bbox 1191 3350 1337 3377; x_wconf 74' lang='lat' dir='ltr'>admissus.</span> <span class='ocrx_word' id='word_1_1010' title='bbox 1356 3350 1430 3375; x_wconf 89' lang='lat' dir='ltr'>Unde</span> <span class='ocrx_word' id='word_1_1011' title='bbox 1449 3350 1614 3381; x_wconf 85' lang='lat' dir='ltr'>censuimus,</span> <span class='ocrx_word' id='word_1_1012' title='bbox 1628 3350 1786 3382; x_wconf 87' lang='lat' dir='ltr'>positionem</span> <span class='ocrx_word' id='word_1_1013' title='bbox 1800 3351 1914 3377; x_wconf 89' lang='lat' dir='ltr'>duarum</span> <span class='ocrx_word' id='word_1_1014' title='bbox 1927 3351 2079 3377; x_wconf 82' lang='lat' dir='ltr'>citationum</span> <span class='ocrx_word' id='word_1_1015' title='bbox 2099 3358 2156 3377; x_wconf 79' lang='lat' dir='ltr'>esse</span> 
     </span>
     <span class='ocr_line' id='line_1_132' title="bbox 1192 3394 2156 3433; baseline 0.001 -12"><span class='ocrx_word' id='word_1_1016' title='bbox 1192 3395 1417 3433; x_wconf 84' lang='lat' dir='ltr'>commutandam.</span> <span class='ocrx_word' id='word_1_1017' title='bbox 1435 3408 1472 3414; x_wconf 90' lang='lat'>-</span> <span class='ocrx_word' id='word_1_1018' title='bbox 1485 3394 1611 3427; x_wconf 78' lang='lat' dir='ltr'>Stiperius</span> <span class='ocrx_word' id='word_1_1019' title='bbox 1631 3395 1651 3420; x_wconf 86' lang='grc' dir='ltr'>Α</span> <span class='ocrx_word' id='word_1_1020' title='bbox 1662 3395 1684 3421; x_wconf 91' lang='lat' dir='ltr'>D</span> <span class='ocrx_word' id='word_1_1021' title='bbox 1699 3397 1814 3429; x_wconf 78' lang='lat' dir='ltr'>propter</span> <span class='ocrx_word' id='word_1_1022' title='bbox 1827 3394 2008 3430; x_wconf 72' lang='lat' dir='ltr'>infidelitatem</span> <span class='ocrx_word' id='word_1_1023' title='bbox 2025 3402 2074 3427; x_wconf 85' lang='lat' dir='ltr'>pro</span> <span class='ocrx_word' id='word_1_1024' title='bbox 2089 3401 2156 3429; x_wconf 73' lang='lat' dir='ltr'>pro-</span> 
     </span>
     <span class='ocr_line' id='line_1_133' title="bbox 1189 3439 2155 3474; baseline -0.001 -8"><span class='ocrx_word' id='word_1_1025' title='bbox 1189 3442 1251 3474; x_wconf 81' lang='lat' dir='ltr'>pter</span> <span class='ocrx_word' id='word_1_1026' title='bbox 1270 3439 1432 3474; x_wconf 68' lang='lat' dir='ltr'>fidelitatem.</span> <span class='ocrx_word' id='word_1_1027' title='bbox 1868 3439 1891 3454; x_wconf 78' lang='lat'>¹¹</span> <span class='ocrx_word' id='word_1_1028' title='bbox 1912 3440 1985 3466; x_wconf 78' lang='lat' dir='ltr'>Vei-s.</span> <span class='ocrx_word' id='word_1_1029' title='bbox 2007 3440 2048 3465; x_wconf 86' lang='grc'>49,</span> <span class='ocrx_word' id='word_1_1030' title='bbox 2067 3444 2093 3466; x_wconf 80' lang='lat' dir='ltr'>et</span> <span class='ocrx_word' id='word_1_1031' title='bbox 2113 3439 2155 3465; x_wconf 80' lang='lat'>20.</span> 
     </span>
    </p>
   </div>
  </div>
 </body>
</html>
