2427 3872
403 239 464 265 ΗΕΒ

172 297 208 303 -
227 283 275 309 1011
293 283 396 315 primus
416 283 482 309 inter
500 283 608 313 alienos,
621 283 666 316 qui
681 282 762 315 impe-

119 327 187 353 ravit
205 327 309 353 ludaeis
328 327 370 353 Vll
386 327 419 353 13
434 328 448 352 8
463 341 497 346 -—
511 327 537 352 in
550 326 647 352 malitia
663 326 710 352 fuit
723 327 762 352 in-

119 371 203 404 signis
220 371 283 398 ibid.

173 430 207 435 —
225 416 372 442 Ascalonita
385 416 511 442 interfecit
526 422 639 448 pueros,
654 415 761 447 Antipas

117 460 277 493 decapitavit
294 461 432 492 loannem,
461 460 579 492 Agrippa
607 460 704 485 occidit
723 460 761 486 la-

118 504 231 537 cobum,
258 505 383 531 claudens
401 505 428 530 in
447 511 553 530 carcere
581 504 687 529 Petrum
716 504 760 529 Vll

120 548 152 574 13
173 549 188 574 8
207 562 244 568 -
261 549 409 575 Ascalonita
438 549 485 574 fuit
510 548 630 573 infamior
648 550 674 574 et
693 548 760 573 inter

118 599 212 620 omnes
230 593 361 619 crudelior
379 592 441 619 ibid.

171 651 207 657 -
225 639 356 664 tetrarcha
384 636 525 669 corripitur
552 643 567 662 a
588 637 685 662 loanne
711 637 760 662 Ba-

121 682 198 714 ptista
217 682 261 708 Vll
281 683 309 707 81
336 682 369 707 15
387 696 422 700 -
442 681 503 706 Ε105
526 681 616 713 opinio
635 680 668 706 de
687 680 761 707 Chri-

121 729 161 752 sto
181 726 232 752 220
254 727 286 752 12
305 741 340 744 -
358 725 497 753 decollavit
515 725 637 750 loannem
652 728 760 757 propter

120 770 177 796 eius
205 771 342 796 veritatem
365 769 398 796 ib.
429 770 460 795 13
479 784 514 787 -
534 772 671 801 comparat
690 770 760 795 loan-

117 821 178 840 nem
208 821 268 840 cum
288 814 391 840 Christo
411 813 473 840 ibid.
492 827 527 833 —
545 813 692 839 admiratus
712 814 760 839 fuit

117 859 151 885 de
170 858 265 885 Christi
284 859 381 885 virtute
399 857 462 884 ibid.

170 917 206 923 -
224 904 316 929 volens
343 902 499 928 infantulum
527 903 613 928 lesum
638 902 760 928 occidere

117 951 179 974 ante
197 950 316 981 tempus,
335 946 463 973 interfecit
475 954 573 979 pueros
586 947 759 972 Bethlehemi-

117 994 157 1018 tas
185 992 228 1018 Vll
255 992 305 1018 354
325 992 360 1017 65
378 1005 414 1011 -
432 991 533 1023 paterni
553 991 658 1017 sceleris
678 991 759 1017 imita-

117 1039 170 1068 tor,
199 1036 306 1062 volebat
323 1036 445 1062 occidere
464 1034 597 1061 Christum
617 1039 675 1061 ante
694 1038 759 1061 tem-

117 1087 182 1112 pus,
201 1081 269 1107 sicut
287 1081 452 1106 interfecerat
475 1086 677 1111 praecursorem
696 1079 760 1106 ibid.

117 1139 153 1143 —
171 1125 282 1151 Herodis
300 1131 383 1157 nepos
407 1122 513 1149 volebat
540 1124 661 1150 occidere
688 1124 760 1151 Chri—

117 1171 187 1194 stum
207 1169 260 1194 iam
280 1168 453 1200 glorificatum
473 1166 535 1194 ibid.

170 1228 205 1231 —
224 1213 282 1239 viso
302 1213 374 1243 lesu,
394 1212 503 1244 gavisus
522 1214 561 1238 est
579 1219 631 1238 non
650 1216 759 1245 propter

116 1260 252 1289 aspectum
281 1256 457 1287 credulitatis,
484 1256 532 1282 sed
560 1263 590 1282 ex
609 1257 758 1284 curiositate

116 1301 161 1327 Vll
180 1301 231 1327 568
253 1302 285 1327 10
301 1315 337 1319 -
356 1299 480 1332 sperabat
494 1307 542 1332 per
554 1301 701 1333 appetitum
716 1308 759 1327 cu-

116 1345 240 1372 riositatis
258 1346 365 1377 signum
384 1345 491 1378 aliquod
512 1345 603 1371 videre
622 1353 636 1371 a
655 1345 758 1372 Christo

116 1388 150 1416 ib.
171 1390 198 1415 11
224 1404 256 1408 —-
277 1389 455 1421 interrogabat
474 1388 607 1416 Christum
626 1397 677 1416 non
691 1390 759 1416 sicut

116 1434 262 1467 studiosus,
291 1433 338 1459 scd
365 1433 432 1459 sicut
460 1434 595 1466 curiosus,
620 1442 672 1460 non
691 1434 758 1461 sicut

116 1481 233 1510 amator,
252 1478 299 1504 sed
318 1478 386 1504 sicut
403 1481 515 1504 tentator
528 1477 591 1505 ibid.
604 1489 639 1498 -—
652 1479 709 1505 eius
721 1479 759 1505 111-

117 1522 257 1549 credulitas
284 1529 338 1548 non
365 1522 518 1549 merebatur
545 1523 638 1549 audire
666 1523 758 1550 divina

116 1565 180 1593 ibid.

169 1626 204 1631 —
223 1612 323 1644 sprevit
347 1610 479 1638 Christum
500 1615 526 1638 et
543 1612 622 1639 illusit
642 1613 684 1639 Vll
705 1613 757 1639 569

117 1656 150 1682 13
169 1671 204 1675 -
222 1656 308 1682 induit
335 1655 467 1683 Christum
495 1660 569 1683 veste
592 1656 649 1682 alba
670 1656 704 1683 ib.
725 1657 758 1683 11

115 1714 150 1720 -—
169 1701 231 1734 quia
257 1708 309 1727 non
338 1700 488 1727 inveniebat
514 1700 648 1727 Christum
674 1704 758 1727 morte

114 1744 243 1777 dignum,
262 1748 287 1771 et
306 1745 363 1777 ipse
381 1744 522 1772 recusabat
535 1745 661 1771 iudicium
676 1744 709 1771 ib.
725 1745 758 1771 15

114 1803 150 1809 -
179 1780 250 1815 misit
277 1789 410 1816 Christum
435 1790 473 1815 ad
501 1790 611 1815 Pilatum
631 1792 757 1823 tanquam

114 1833 150 1859 ad
168 1834 284 1859 amicum
311 1833 374 1860 ibid.
392 1847 428 1853 —
451 1834 574 1866 designat
600 1834 758 1866 persecutio-

114 1884 162 1903 nes
181 1878 338 1904 ludaeorum
357 1880 447 1904 contra
466 1877 599 1904 Christum
619 1877 680 1904 ibid.

169 1922 283 1951 Hsssaou
304 1935 339 1940 ——-
357 1922 406 1947 Per
425 1921 554 1954 piscinam
583 1922 608 1948 in
636 1921 757 1948 Hesebon

115 1966 267 1998 intelligitur
294 1965 423 1991 munditia
452 1966 540 1992 cordis
568 1969 594 1992 et
614 1966 758 1999 limpiditas

114 2009 301 2042 intelligentiae
319 2009 461 2042 spiritualis
480 2011 524 2037 Vll
544 2010 596 2036 377
616 2011 650 2037 57
677 2037 682 2041 ,

167 2054 334 2080 Hmnmwuus
351 2068 387 2073 —
406 2054 431 2080 in
451 2055 614 2087 expositione
633 2055 757 2082 Ecclesia-

114 2100 170 2124 stae
197 2105 259 2124 cum
287 2098 344 2124 aliis
368 2099 562 2136 expositoribus
581 2106 631 2126 nec
650 2100 758 2126 omnino

115 2142 240 2168 convenit
258 2149 307 2169 nec
326 2143 435 2170 omnino
454 2143 541 2170 differt
560 2144 592 2170 Vl
613 2145 628 2169 9
648 2144 666 2170 11

168 2187 254 2213 1101.οΛ
273 2202 309 2205 -
333 2187 520 2220 interpretatur
547 2189 671 2215 discretio
699 2195 758 2214 mea

115 2233 141 2257 et
159 2230 281 2263 designat
300 2232 467 2264 prudentiam
488 2233 531 2259 Vll
551 2233 585 2259 61
606 2233 639 2258 89

168 2276 351 2303 110100105-1011
378 2292 414 2295 -
442 2278 699 2303 101001111081101101·
732 2277 758 2302 111

113 2320 242 2346 sacrificio
261 2321 388 2347 dominici
406 2322 526 2353 corporis
546 2322 579 2347 Vl
607 2322 657 2347 127
678 2329 703 2347 ν.
724 2322 739 2346 6

168 2365 322 2391 110018011011
341 2380 377 2384 —
395 2367 422 2392 ln
441 2366 584 2391 homicidio
602 2368 642 2392 est
661 2365 758 2391 malitia

115 2409 223 2435 affectus
242 2410 274 2436 Vl
295 2410 347 2435 366
367 2410 396 2435 61
420 2423 456 2429 —-
474 2410 619 2436 innocentis
632 2409 757 2442 prohibe-

115 2455 158 2479 tur
176 2453 229 2479 315
249 2454 292 2479 28.
311 2454 362 2479 366
383 2454 417 2479 57
436 2467 471 2473 -
490 2454 540 2480 11151
559 2454 627 2480 00511
639 2453 705 2479 ordo
718 2453 758 2478 iu-

117 2497 179 2523 dicii
198 2500 224 2523 et
243 2505 337 2529 causa,
358 2498 428 2523 nullo
447 2498 528 2524 modo
547 2497 615 2523 bene
635 2498 663 2523 nt
676 2497 727 2523 457
741 2497 756 2522 9

167 2542 241 2568 110110
259 2555 295 2561 —
313 2542 410 2568 dicitur
428 2542 463 2568 ab
477 2543 558 2568 humo
572 2542 604 2567 Vl
618 2542 669 2568 212
683 2548 710 2566 v.
724 2540 757 2566 11

115 2599 150 2603 -
169 2589 208 2612 851
226 2589 346 2612 creatura
365 2586 497 2612 rationalis
527 2586 558 2612 12
584 2594 611 2611 v.
631 2587 646 2611 3
665 2599 700 2604 --
719 2587 758 2610 851

115 2630 211 2656 animal
230 2631 370 2662 rationale,
389 2631 499 2656 mortale
521 2630 565 2655 151
589 2637 615 2655 v.
637 2630 646 2655 1
671 2632 758 2654 -051

114 2674 209 2700 01110101
228 2677 320 2700 natura
340 2678 523 2705 mansuetum,
542 2674 642 2700 ratione
661 2674 757 2699 discre-

114 2720 184 2750 tum,
204 2721 302 2745 statura
322 2722 439 2745 erectum
460 2719 511 2744 160
531 2725 557 2744 v.
579 2718 669 2743 1.189
683 2725 709 2743 v.
723 2718 756 2743 19

115 2775 150 2781 -
169 2762 253 2788 tribus
272 2762 392 2795 partibus
411 2762 556 2794 integratur
576 2762 618 2787 Vll
639 2761 689 2787 348
712 2761 744 2787 44

168 2820 203 2826 -
222 2810 283 2832 sunt
301 2804 425 2840 aequales
443 2809 537 2832 natura
557 2806 589 2831 Vl
605 2806 638 2831 69
652 2813 678 2838 q.
693 2806 703 2830 1
723 2818 756 2823 -

112 2856 205 2876 omnes
223 2850 294 2876 idem
314 2850 412 2876 habent
431 2849 572 2875 nativitatis
588 2849 689 2875 initium
705 2849 755 2875 152

115 2900 141 2919 ν.
162 2894 176 2920 1
196 2908 231 2914 -
249 2901 342 2920 01111185
360 2901 391 2920 ex
411 2900 464 2919 uno
493 2893 599 2919 homine
625 2900 758 2925 processe-

113 2940 182 2970 runt,
195 2938 222 2964 in
234 2945 289 2971 quo
308 2941 333 2964 et
352 2940 529 2970 peccaverunt
549 2938 590 2962 Vll
608 2937 658 2963 381
679 2938 695 2963 9

166 2995 203 3002 -
214 2985 270 3008 erat
282 2981 359 3014 quasi
377 2987 446 3013 opus
460 2980 552 3006 maiori
565 2981 756 3013 excogitatione

119 3025 269 3052 faciendum
283 3025 316 3051 Vl
332 3024 382 3050 167
396 3032 424 3051 ν.
442 3025 458 3050 2
476 3037 512 3043 -
530 3024 625 3050 dicitur
645 3026 728 3052 factus
741 3033 755 3052 a

116 3068 170 3095 Deo
193 3069 334 3102 sapientia,
362 3068 439 3102 quasi
467 3075 535 3100 opus
562 3067 676 3095 nobilius
695 3069 757 3096 ibid.

115 3126 151 3130 —
169 3112 231 3146 quia
251 3113 317 3139 inter
335 3116 421 3139 cetera
444 3118 525 3144 opera
544 3112 590 3141 Dei
611 3114 757 3146 perfectus,

116 3159 188 3182 sexta
207 3157 250 3183 die
268 3160 309 3184 est
333 3156 455 3184 conditus
484 3156 526 3182 Vll
551 3157 584 3181 20
605 3156 633 3182 11
656 3170 692 3176 -
712 3158 759 3184 fuit

117 3203 187 3226 sexta
207 3200 250 3226 die
269 3202 397 3227 formatus
415 3200 462 3226 58l
487 3199 530 3226 54.
550 3200 602 3226 585
621 3201 654 3226 66
667 3216 703 3220 -
715 3202 759 3228 de-

117 3242 202 3269 cimus
214 3247 253 3270 est
265 3248 325 3277 post
343 3243 517 3270 novenarium
530 3245 692 3276 Angelorum
707 3245 757 3271 387

790 195 827 227 IN
850 194 1144 228 COMMENTARIOS
1168 195 1197 228 S.
1223 195 1449 229 SCRIPTURAE

853 298 888 301 —
908 285 986 309 natus
1005 285 1044 309 est
1072 290 1102 309 ex
1130 283 1212 309 nihilo
1232 284 1334 316 orIgine
1353 284 1442 310 imme·

2057 200 2120 231 759

1762 242 1830 269 ΗΟΜ

1533 299 1567 304 -
1587 286 1705 312 Hominis
1733 294 1785 312 non
1813 290 1853 313 cst
1880 287 1944 313 darc
1963 294 2069 313 sensum
2097 291 2123 313 et

799 327 869 352 diata
888 330 1018 360 quantum
1032 327 1065 353 ad
1080 327 1211 359 animam,
1231 331 1256 353 et
1274 328 1377 360 origine
1390 335 1442 354 1110-
1480 332 1581 355 motum
1614 331 1645 354 w
1667 331 1717 356 208
1739 338 1763 356 v.
1785 331 1817 356 16
1837 345 1872 350 -
1891 339 1941 357 non
1963 336 2047 364 potest
2066 339 2122 358 cor-

798 371 868 397 diata
888 374 1018 404 quantum
1038 371 1072 397 ad
1091 378 1191 404 corpus
1210 372 1242 398 Vl
1258 372 1308 397 119
1329 380 1356 398 v.
1377 373 1393 398 2
1407 386 1442 392 -

799 417 926 442 formatus
945 418 984 441 est
1002 415 1036 442 de
1055 419 1124 441 terra
1150 417 1196 442 151
1221 423 1248 441 v.
1271 418 1280 441 1
1304 431 1339 435 —
1358 418 1441 443 factus

798 462 837 485 est
856 467 871 485 a
890 460 945 486 Deo
958 460 992 486 de
1006 460 1068 486 limo
1088 463 1173 486 terrae
1191 467 1222 486 ex
1235 463 1309 492 parte
1322 461 1441 493 corporis

798 505 851 530 207
871 512 896 531 v.
922 505 950 530 11
974 519 1010 523 -
1029 505 1168 530 Hominem
1198 505 1267 530 Deus
1296 506 1378 531 multa
1400 512 1441 531 sa-

799 549 896 580 pientia
915 556 946 575 ex
966 548 1086 581 partibus
1105 549 1183 574 valde
1202 549 1315 575 diversis
1335 556 1441 581 compo-

798 593 864 625 suit,
883 593 981 619 scilicet
999 600 1030 619 ex
1049 593 1142 625 spiritu
1156 593 1275 619 rationali
1289 597 1314 619 ct
1327 594 1380 619 luto
1394 597 1441 619 ter-

798 637 873 663 restri
894 637 944 663 167
964 644 991 663 ν.
1013 639 1029 663 2

850 696 885 700 -
904 681 961 707 Νο11
979 684 1066 713 potest
1078 681 1128 707 sibi
1141 681 1284 708 attribuere
1304 682 1354 708 nisi
1367 682 1439 715 quod

798 725 821 751 ei
840 726 932 752 datum
952 728 991 751 est
1011 726 1042 751 Vl
1063 725 1114 751 287
1135 726 1168 752 50
1187 740 1223 745 -
1242 726 1372 751 dominari
1386 729 1441 758 pot·

797 772 836 795 est
855 777 903 802 per
922 770 1066 802 potentiam
1085 773 1220 796 creaturae
1234 771 1373 803 corporali,
1387 778 1440 796 non

797 814 926 846 spirituali
945 815 987 840 vel
1006 815 1141 846 angelicae
1162 814 1212 839 167
1233 822 1260 840 v.
1282 816 1297 840 2
1326 830 1361 833 -
1391 823 1439 847 ρο-

798 859 863 885 situs
881 863 921 885 est
940 859 965 884 in
985 860 1035 884 hoc
1055 859 1154 885 mundo
1183 859 1250 885 sicut
1275 866 1319 885 rex
1349 860 1373 885 in
1400 867 1440 886 re-

797 911 851 936 gno
871 902 904 930 z'b.
924 911 950 929 v.
970 904 985 929 3
1005 918 1040 922 -—
1059 904 1168 935 Propter
1196 904 1331 929 hominem
1357 906 1439 930 factae

796 951 857 974 sunt
875 950 977 974 ceterae
995 952 1131 974 creaturae
1150 948 1193 973 Vll
1213 948 1265 973 319
1285 948 1319 973 31

851 1007 885 1011 -—
905 995 1007 1018 creatus
1035 994 1074 1017 est
1102 992 1135 1018 ad
1165 992 1307 1024 imaginem
1337 993 1383 1018 Dei
1408 1000 1439 1019 ex

796 1040 871 1069 parte
890 1037 992 1062 animae
1012 1036 1111 1062 V1421t
1131 1043 1157 1061 v.
1177 1037 1211 1061 23
1230 1050 1265 1055 -
1284 1040 1388 1063 creatus
1401 1041 1439 1063 est

797 1082 831 1107 ad
850 1081 1047 1107 similitudinem
1067 1081 1093 1106 in
1113 1081 1234 1112 gratuitis
1253 1081 1295 1106 vcl
1313 1081 1336 1106 in
1351 1085 1438 1113 poten-

797 1126 831 1152 tia
850 1126 969 1151 affectiva
990 1125 1041 1151 125
1061 1132 1088 1151 ν.
1110 1125 1143 1150 21
1163 1139 1198 1143 -
1217 1128 1321 1151 crcatus
1346 1129 1385 1152 est
1404 1127 1439 1152 ad

797 1171 939 1202 imaginem
960 1170 1004 1195 Dei
1034 1170 1059 1195 in
1088 1169 1250 1195 naturalibus
1275 1171 1317 1196 vet
1344 1171 1369 1196 in
1395 1178 1439 1203 po-

797 1215 875 1241 tentia
899 1214 1032 1247 cognitiva
1058 1213 1120 1240 ibid.
1140 1227 1175 1232 —
1193 1217 1232 1240 est
1259 1216 1386 1241 formatus
1405 1216 1438 1242 ad

797 1259 939 1291 imaginem
955 1258 1000 1284 Dei
1014 1258 1055 1284 Vll
1077 1258 1128 1284 503
1150 1259 1177 1283 1·1
1196 1272 1231 1277 -
1244 1259 1306 1291 quia
1326 1259 1359 1285 ad
1373 1260 1438 1285 ima-

796 1304 885 1335 ginem
905 1303 951 1329 Dei
975 1304 1072 1332 factus,
1102 1302 1215 1327 maxime
1243 1303 1344 1334 regitur
1369 1304 1439 1333 0,οἰ-

797 1348 857 1373 vina
876 1346 1043 1379 providentia
1063 1347 1109 1372 321
1141 1346 1173 1371 10
1193 1360 1229 1365 -
1258 1347 1370 1378 Spiritus
1394 1349 1439 1374 liu-

795 1399 892 1418 manus
911 1394 950 1417 est
962 1391 1117 1423 speculum,
1131 1390 1157 1415 in
1171 1397 1224 1423 quo
1238 1392 1336 1417 relucet
1349 1392 1439 1425 imago

795 1436 885 1462 divina
905 1436 938 1461 Vl
959 1435 1008 1461 158
1029 1442 1056 1461 v.
1076 1435 1108 1460 26

848 1494 884 1500 -
903 1481 986 1506 factus
1004 1482 1057 1511 est,
1085 1481 1114 1505 ut
1142 1479 1240 1505 serviat
1259 1480 1313 1506 Deo
1333 1480 1365 1506 Vl
1386 1481 1438 1506 576

797 1525 830 1550 10
849 1539 884 1543 -
904 1525 987 1550 factus
1005 1526 1045 1549 est
1060 1526 1169 1555 propter
1182 1524 1266 1550 Deum
1281 1525 1324 1550 Vll
1339 1525 1390 1551 319
1404 1526 1438 1551 31

849 1583 884 1587 -
903 1569 989 1601 pictus
1008 1568 1050 1593 vel
1069 1571 1191 1593 mortuus
1219 1575 1271 1594 non
1299 1572 1339 1594 est
1358 1570 1438 1595 homo

796 1613 830 1639 Vl
851 1613 900 1639 167
921 1621 947 1639 v.
966 1613 982 1638 3
1002 1627 1037 1631 —
1056 1616 1095 1638 est
1115 1613 1142 1638 in
1161 1609 1250 1638 medio
1278 1613 1345 1639 inter
1368 1621 1438 1639 crea-

795 1660 867 1683 turas
885 1657 1002 1683 visibiles
1021 1660 1047 1683 et
1066 1657 1150 1683 Deum
1164 1657 1197 1682 54
1217 1664 1244 1690 q.
1263 1658 1279 1683 2
1298 1672 1334 1676 -
1353 1658 1439 1684 Domi-

795 1709 845 1728 nus
864 1702 945 1728 vitam
975 1701 1089 1727 hominis
1117 1701 1208 1727 bestiis
1236 1702 1349 1728 similem
1379 1703 1439 1729 fecit

795 1746 830 1771 35
849 1753 876 1772 v.
896 1746 929 1772 17
942 1761 978 1765 -
991 1746 1125 1772 01551101Ιί5
1145 1748 1184 1771 851
1197 1745 1288 1773 bestiis
1302 1747 1328 1772 in
1341 1748 1438 1780 anima,

795 1790 843 1816 sed
861 1797 913 1816 non
933 1793 1023 1822 aperte
1049 1789 1084 1816 ib.
1111 1797 1138 1815 v.
1158 1790 1187 1815 21
1211 1804 1247 1809 -
1267 1790 1347 1817 1101181
1371 1793 1437 1817 ultra

796 1835 893 1861 bestias
911 1835 1039 1860 rationem
1060 1834 1092 1860 36
1113 1841 1140 1866 q.
1160 1848 1194 1852 —
1214 1834 1300 1861 differt
1320 1842 1334 1860 a
1348 1835 1439 1863 bestiis

795 1879 943 1905 secundum
974 1878 1128 1904 rationalem
1159 1879 1262 1904 animae
1294 1880 1437 1912 potentiam

796 1924 847 1949 216
867 1930 893 1949 v.
913 1923 946 1948 26
965 1937 1001 1941 -
1019 1925 1059 1948 851
1082 1921 1173 1948 11851115
1191 1923 1283 1949 similis
1307 1927 1437 1957 quantum

795 1968 830 1993 ad
849 1966 976 1999 visibilia,
1005 1973 1058 1992 non
1087 1969 1216 1999 quantum
1240 1968 1274 1993 ad
1293 1968 1437 2000 spiritualia

796 2012 829 2037 36
849 2019 876 2044 q.
894 2024 930 2030 —
948 2010 1039 2036 bestiis
1067 2011 1158 2036 similis
1186 2014 1225 2037 est
1253 2011 1279 2037 in
1297 2013 1388 2038 *morte
1413 2015 1439 2039 et

795 2056 849 2081 vita
869 2058 894 2081 et
912 2055 940 2080 in
958 2054 1067 2080 materia
1088 2055 1122 2080 35
1142 2062 1168 2080 v.
1189 2056 1221 2080 18
1240 2069 1276 2075 -—
1294 2064 1346 2083 non
1361 2057 1439 2083 habet

796 2099 910 2131 amplius
928 2098 1045 2124 iumento
1065 2101 1193 2131 quantum
1212 2100 1246 2126 ad
1266 2104 1354 2127 actum
1369 2102 1439 2128 vitae

796 2143 829 2170 ib.
849 2150 876 2169 v.
897 2143 929 2168 19
947 2156 984 2162 -
1003 2143 1181 2169 communicat
1204 2151 1265 2170 cum
1294 2145 1386 2172 bestiis
1411 2146 1436 2172 in

796 2186 1026 2219 corruptibilitate,
1046 2186 1100 2213 vita
1119 2190 1145 2213 et
1163 2189 1337 2221 respiratione
1357 2191 1389 2216 36
1410 2198 1437 2224 q.

795 2245 830 2251 -
849 2231 964 2257 Carnalis
983 2231 1079 2264 credit,
1103 2232 1166 2258 nihil
1185 2233 1283 2260 habere
1302 2235 1436 2261 hominem

796 2276 856 2308 plus
875 2275 990 2301 iumento
1011 2275 1072 2302 ibid.

848 2333 883 2338 —
896 2323 999 2345 creatus
1012 2322 1051 2346 est
1064 2323 1158 2352 potens
1172 2329 1224 2348 non
1240 2323 1306 2349 mori
1320 2331 1350 2349 ex
1364 2326 1437 2356 parte

796 2363 914 2395 corporis
942 2363 976 2389 Vl
1006 2364 1057 2389 121
1086 2372 1112 2390 v.
1136 2366 1169 2391 23
1189 2380 1224 2386 ——
1243 2368 1361 2393 Hominis
1380 2375 1438 2400 pro-

796 2407 893 2439 prietas
921 2411 960 2433 est
988 2415 1046 2434 csse
1074 2410 1211 2436 mortalem
1233 2412 1284 2437 200
1303 2419 1331 2437 ν.
1351 2413 1384 2438 15
1402 2425 1437 2430 -

794 2465 830 2471 -
849 2454 935 2483 potest
953 2453 1021 2478 mori
1041 2460 1072 2479 ex
1092 2455 1178 2486 prima
1206 2456 1370 2486 conditione,
1389 2456 1436 2481 580

795 2503 902 2521 necesse
922 2496 1001 2523 habet
1025 2499 1093 2524 mori
1121 2506 1153 2525 ex
1181 2500 1266 2532 prima
1296 2504 1437 2531 transgres-

795 2540 868 2566 sione
883 2540 928 2565 151
948 2542 999 2567 ν.1
1023 2556 1058 2561 -
1077 2546 1117 2569 851
1136 2545 1254 2570 mortalis
1273 2544 1333 2571 ibid.
1348 2558 1383 2563 —
1401 2544 1434 2569 (le

794 2585 931 2610 nativitate
941 2586 1013 2612 venit
1023 2587 1058 2613 ad
1069 2591 1181 2614 mortem
1192 2589 1225 2614 29
1240 2596 1266 2614 v.
1280 2590 1295 2614 2
1309 2603 1344 2606 -
1355 2589 1434 2613 Parva

795 2632 834 2654 est
856 2629 959 2655 duratio
974 2630 1044 2656 vitae
1062 2632 1177 2658 hominis
1195 2633 1228 2658 53
1249 2640 1276 2658 v.
1291 2633 1323 2657 10
1338 2646 1371 2650 -
1385 2639 1435 2657 11011

795 2680 900 2705 semper
919 2674 985 2700 vivit
1005 2675 1039 2700 35
1055 2683 1081 2702 v.
1096 2677 1127 2701 18
1142 2691 1177 2695 —-
1191 2679 1331 2708 generatur
1344 2679 1436 2701 81001·-

795 2718 928 2750 rumpitur
938 2722 1066 2752 quantum
1081 2720 1114 2746 ad
1127 2720 1300 2746 substantiam
1322 2719 1353 2745 11
1373 2727 1399 2752 q.
1420 2720 1435 2744 2

848 2775 884 2781 -
903 2766 962 2795 post
981 2764 1048 2789 hanc
1067 2764 1149 2790 vitam
1170 2767 1316 2790 revertetur
1328 2764 1354 2789 in
1374 2763 1436 2789 nihil

795 2805 828 2831 Vl
849 2806 899 2832 119
919 2814 947 2833 ν.
966 2809 981 2833 2
994 2822 1029 2826 ——
1043 2808 1107 2834 dum
1128 2808 1315 2840 corrumpitur,
1328 2815 1381 2833 non
1394 2815 1437 2833 ce-

794 2849 833 2875 dit
852 2850 878 2876 in
897 2851 973 2884 nihil,
987 2852 1072 2878 sedin
1087 2855 1183 2878 terram
1204 2853 1236 2877 12
1249 2859 1276 2877 v.
1297 2852 1312 2877 3
1326 2866 1361 2874 —
1381 2852 1435 2877 Non

794 2895 879 2920 solum
900 2896 1014 2922 hominis
1032 2897 1143 2922 essentia
1172 2899 1198 2921 ct
1216 2895 1370 2927 substantia,
1389 2896 1440 2927 sed,

794 2939 872 2965 etiam
892 2941 959 2965 fama
987 2940 1105 2966 transibit
1124 2941 1150 2965 in
1170 2940 1278 2965 nihilum
1305 2940 1355 2965 120
1374 2947 1402 2966 v.
1421 2940 1436 2966 4

794 2997 829 3001 -—-
848 2991 909 3009 cum
933 2984 1057 3015 moritur,
1077 2991 1153 3016 spem
1178 2983 1257 3009 habet
1281 2985 1436 3016 resurgendi

795 3028 837 3054 Vll
850 3028 902 3054 536
916 3028 951 3053 50
964 3042 999 3047 -
1012 3029 1080 3054 circa
1099 3030 1211 3053 mortem
1232 3028 1382 3059 phantasias
1401 3029 1437 3054 vi-

794 3071 839 3097 det
859 3072 908 3097 139
930 3071 972 3098 10.
991 3072 1043 3097 525
1063 3071 1096 3097 11

847 3130 883 3134 -
901 3118 941 3141 851
959 3115 1092 3141 mutabilis
1113 3115 1143 3141 Vl
1163 3116 1195 3141 12
1215 3123 1241 3141 v.
1262 3116 1277 3141 3
1297 3131 1331 3134 —
1350 3123 1365 3142 a
1379 3124 1437 3143 mu-

796 3158 920 3185 tabilitate
938 3160 1009 3185 nullo
1028 3158 1119 3184 labore
1137 3159 1203 3191 eripi
1223 3163 1309 3191 potest
1328 3160 1436 3187 ibid.—

796 3203 863 3229 Tam
883 3203 909 3228 ln
929 3203 1036 3228 homine
1063 3210 1145 3236 quam
1173 3203 1199 3229 in
1228 3204 1285 3230 eius
1310 3204 1438 3237 operibus

795 3249 834 3273 est
854 3247 962 3272 mutatio
982 3250 1007 3272 et
1019 3247 1152 3273 successio
1166 3246 1228 3274 ibid.
1240 3263 1276 3267 —
1290 3248 1369 3275 habet
1382 3256 1438 3275 mu-

119 3286 161 3312 16.
180 3288 227 3314 511
252 3289 295 3315 30.
314 3288 365 3314 531
386 3288 419 3314 12
432 3287 575 3314 —dicitur
588 3289 675 3315 omnis
688 3296 758 3316 crea·
796 3290 946 3316 tabilitatem
975 3294 1001 3316 et
1019 3290 1173 3318 varietatem
1192 3295 1218 3318 et
1237 3299 1285 3324 pcr
1304 3294 1354 3319 hoc
1373 3293 1437 3319 atili-

119 3334 175 3357 tura
195 3332 228 3359 Vl
249 3333 299 3358 111
319 3339 347 3359 ν.
364 3332 389 3358 7.
411 3331 461 3358 181
482 3340 508 3359 v.
526 3333 560 3359 27

794 3332 908 3361 ctionem
928 3334 961 3360 32
980 3341 1007 3360 V.
1027 3334 1043 3360 9

1479 381 1530 405 pus
1549 381 1647 406 augere
1667 382 1716 400 nec
1736 375 1805 401 vitae
1829 376 1970 402 terminum
1991 378 2121 408 protelare

1480 418 1522 443 Vll
1543 419 1594 444 320
1615 419 1647 444 38

1531 476 1567 481 -
1585 470 1663 489 carne
1682 464 1766 496 fragili
1781 465 1887 491 indutus
1900 469 1939 490 cst
1954 466 1983 491 Vl
2000 466 2050 491 186
2065 473 2090 491 v.
2105 467 2120 491 8

1478 507 1512 532 ad
1532 508 1696 538 peccandum
1716 511 1755 534 est
1775 509 1882 540 pronior
1901 509 1964 535 ibid.
1982 524 2017 528 -
2037 511 2122 543 sequi-

1479 554 1521 576 tur
1540 552 1676 582 passiones
1705 553 1823 584 corporis
1854 554 1902 579 113
1929 561 1955 579 v.
1978 554 1992 579 4
2013 569 2047 572 —
2066 554 2120 579 Filii

1479 595 1615 620 hominum
1645 599 1705 621 sunt
1734 597 1795 622 mali
1823 601 1849 622 ct
1871 598 1988 623 carnales
2005 598 2039 623 72
2059 606 2085 623 v.
2105 599 2119 623 3

1478 653 1512 657 -—
1532 639 1652 665 redditur
1671 640 1792 666 infirmus
1812 648 1859 673 per
1878 643 1982 674 culpam
2005 643 2036 668 19
2057 650 2084 675 q.
2104 644 2119 668 2

1479 698 1511 701 -
1526 684 1580 709 Filii
1595 684 1731 709 hominum
1752 688 1813 710 sunt
1832 690 1983 717 peccatores
1998 687 2031 711 32
2046 694 2072 712 v.
2088 687 2119 711 10

1531 742 1566 746 —-
1586 729 1611 753 ln
1632 729 1738 754 homine
1758 729 1887 761 reperitur
1907 731 2008 756 xanitas
2022 738 2121 762 poena-

1478 772 1569 804 litatis,
1590 773 1746 805 iniquitatis‚
1767 773 1945 800 mutabilitatis
1966 776 1997 800 Vl
2017 776 2044 800 11
2063 783 2090 800 v.
2104 777 2120 801 2

1477 831 1513 836 -
1532 818 1558 843 111
1578 818 1712 843 hominem
1732 818 1801 843 cadit
1819 825 1901 850 poena
1922 822 1948 844 ct
1967 820 2043 851 culpa
2058 819 2121 846 ibid.

1477 876 1512 881 —
1532 862 1605 887 vadit
1624 869 1638 887 a
1659 869 1722 888 vero
1742 861 1812 888 bono
1837 863 1986 889 recedendo
2007 864 2040 889 20
2061 871 2087 889 v.
2107 866 2114 889 1

1477 920 1512 925 -
1531 909 1570 932 851
1582 907 1689 938 spiritus
1711 907 1811 932 vadens
1830 914 1877 939 per
1896 908 2001 939 culpam
2024 908 2072 933 187
2094 915 2120 934 v.

1479 951 1510 976 10
1530 965 1566 970 -
1585 954 1670 983 potest
1687 951 1807 977 occidere
1826 951 1941 977 animam
1961 959 2052 983 suam,
2072 952 2119 978 sed

1478 1002 1529 1021 non
1544 995 1679 1021 viviflcare
1699 996 1750 1021 212
1771 1003 1796 1020 ν.
1818 996 1850 1021 11

1530 1053 1566 1058 -
1585 1047 1615 1066 ex
1635 1047 1662 1065 sc
1683 1047 1733 1065 non
1753 1043 1838 1071 potest
1857 1040 1947 1066 venire
1972 1041 2005 1066 ad
2026 1041 2119 1072 Deum,

1477 1084 1538 1116 quia
1559 1085 1639 1109 homo
1659 1087 1698 1109 051
1717 1085 1821 1116 gravis,
1841 1085 1882 1110 via
1898 1085 2022 1117 difficilis,
2036 1085 2119 1112 virtus

1477 1127 1571 1154 debilis
1591 1128 1623 1154 Vl
1643 1128 1694 1153 567
1714 1130 1729 1154 2
1743 1143 1778 1147 —
1791 1129 1851 1154 Tria
1872 1137 1968 1161 genera
1983 1130 2118 1155 hominum

1476 1180 1490 1198 a
1511 1176 1619 1204 peccato
1648 1172 1791 1199 liberantur
1818 1177 1844 1199 et
1863 1181 1876 1198 a
1897 1174 1950 1199 Deo
1974 1175 2118 1206 diliguntur

1477 1217 1529 1242 592
1549 1225 1575 1243 v.
1596 1217 1611 1242 5
1631 1231 1666 1237 —
1686 1218 1754 1243 Deus
1783 1219 1867 1250 parcit
1894 1218 2018 1244 omnibus
2038 1220 2118 1244 1101111-

1477 1261 1555 1286 nibus
1576 1261 1626 1287 181
1647 1269 1673 1287 v.
1693 1262 1727 1287 27
1746 1275 1781 1281 -
1800 1262 1928 1288 Dominus
1941 1263 2118 1294 circumspicit

1476 1305 1502 1330 in
1522 1313 1615 1331 omnes
1634 1306 1691 1331 vias
1720 1306 1857 1332 hominum
1878 1306 1910 1332 43
1931 1314 1956 1332 v.
1978 1308 1986 1332 1
2014 1322 2046 1325 -
2066 1314 2117 1333 11011

1476 1351 1537 1375 latet
1555 1351 1639 1375 Deum
1659 1350 1721 1376 ibid.

1530 1409 1565 1412 —
1585 1394 1713 1420 Mentibus
1732 1395 1868 1420 hominum
1900 1395 1974 1420 insita
2004 1400 2042 1421 est
2062 1397 2117 1421 veri

1477 1437 1595 1471 bonique
1614 1439 1745 1471 cupiditas
1764 1439 1796 1465 Vl
1818 1440 1868 1465 191
1888 1447 1913 1465 v.
1935 1441 1949 1464 6
1966 1454 2000 1459 -
2015 1447 2119 1472 perver-

1477 1485 1534 1508 tunt
1562 1483 1690 1508 iudicium
1709 1490 1723 1508 a
1744 1484 1877 1509 voluntate
1897 1484 1941 1509 Dei
1962 1484 2117 1510 declinando

1476 1527 1528 1552 312
1558 1527 1592 1552 51
1611 1542 1646 1545 —
1665 1534 1743 1553 suum
1773 1528 1929 1553 intellectum
1951 1532 1975 1553 et
1994 1529 2116 1554 affectum

1476 1571 1556 1597 debet
1575 1572 1679 1597 mittere
1696 1575 1722 1597 et
1741 1572 1855 1603 dirigere
1875 1579 1979 1597 sursum
1999 1573 2046 1597 133
2062 1580 2087 1598 v.
2101 1573 2116 1598 3

1478 1630 1511 1634 —
1530 1616 1628 1642 Omnes
1642 1617 1762 1642 homines
1775 1619 1835 1642 sunt
1848 1616 1922 1642 liberi
1941 1621 2069 1649 quantum
2084 1617 2117 1642 ad

1476 1663 1571 1686 statum
1586 1664 1695 1686 naturae
1705 1661 1836 1686 institutae
1855 1661 1888 1685 69
1908 1668 1935 1693 q.
1956 1662 1964 1685 t

1529 1718 1564 1724 —
1593 1705 1684 1731 Omnis
1712 1707 1792 1731 homo
1821 1705 1915 1730 dicitur
1944 1706 2024 1731 homo
2056 1706 2117 1731 inte-

1476 1756 1524 1781 ger
1548 1752 1574 1775 et
1592 1751 1723 1782 perfectus
1742 1752 1767 1775 et
1786 1749 1891 1774 omnino
1920 1749 2003 1775 iustus
2033 1750 2063 1775 Vl
2083 1751 2116 1775 99

1475 1800 1502 1819 v.
1529 1794 1562 1819 13

1529 1852 1565 1856 -·
1583 1837 1732 1864 recedendo
1752 1837 1786 1863 ab
1805 1844 1857 1863 uno
1872 1838 1953 1863 factus
1967 1841 2005 1863 est
2018 1845 2117 1869 pronus

1475 1882 1508 1907 ad
1529 1882 1609 1908 multa
1629 1885 1655 1908 ct
1674 1882 1773 1907 infinita
1796 1882 1825 1907 Vl
1847 1882 1879 1906 63
1900 1889 1925 1906 Υ.
1943 1882 1976 1906 30
1991 1883 2065 1907 —ln
2079 1889 2116 1907 re-

1476 1925 1526 1952 bus
1539 1927 1632 1952 creatis
1645 1926 1758 1952 hominis
1771 1926 1981 1957 concupiscentia
1995 1933 2047 1952 non
2060 1927 2116 1952 tini-

1476 1973 1517 1996 tur
1541 1977 1589 1996 nee
1617 1970 1726 1996 satiatur
1753 1969 1815 1996 ibid.
1836 1983 1870 1988 -
1889 1970 1982 1995 Anima
2002 1971 2116 1996 hominis

1475 2014 1677 2045 obtenebratur,
1706 2014 1813 2046 quando
1843 2014 1868 2039 in
1897 2014 1937 2039 his
1957 2015 2066 2040 terrenis
2091 2019 2115 2041 et

1476 2058 1573 2084 intimis
1591 2059 1695 2084 oculum
1716 2058 1772 2090 ssgit
1791 2057 1824 2084 54
1844 2065 1871 2090 q.
1891 2058 1906 2083 2

1528 2116 1564 2122 -
1582 2103 1615 2128 08
1634 2109 1663 2128 58
1683 2102 1740 2134 ipso
1759 2101 1852 2133 nescit,
1875 2104 1964 2128 utrum
1984 2102 2017 2128 sit
2036 2104 2115 2130 homo

1475 2146 1575 2179 bonus,
1595 2146 1636 2172 vel
1656 2146 1740 2172 malus
1762 2146 1792 2171 Vl
1811 2145 1841 2170 71
1866 2153 1892 2171 v.
1914 2147 1923 2171 1
1941 2160 1976 2165 -
1989 2153 2045 2173 non
2062 2153 2116 2180 pot-

1475 2194 1514 2217 est
1532 2191 1708 2222 distinguere,
1738 2192 1826 2215 utrum
1856 2190 1884 2215 in
1906 2192 2036 2222 praesenti
2061 2192 2116 2219 Deo

1474 2236 1574 2268 placeat
1593 2238 1617 2259 et
1637 2234 1663 2259 in
1683 2235 1770 2259 futuro
1789 2234 1950 2265 praemietur
1962 2235 1997 2260 75
2011 2242 2038 2268 q.
2053 2235 2068 2261 4
2082 2251 2117 2255 —

1475 2279 1564 2310 nescit,
1584 2282 1671 2304 utrum
1693 2278 1781 2303 fecerit
1799 2278 1899 2310 aliquid
1918 2279 1972 2305 Deo
1992 2280 2115 2312 placitum

1474 2324 1526 2349 305
1548 2323 1579 2348 13
1593 2337 1625 2340 -
1640 2329 1692 2347 non
1711 2322 1759 2347 scit
1778 2323 1864 2348 futura
1884 2323 1934 2349 nisi
1954 2324 2065 2350 Domino
2079 2332 2116 2351 re-

1474 2367 1575 2392 velante
1597 2372 1645 2397 per
1663 2366 1775 2397 gratiam
1795 2366 1828 2392 53
1854 2373 1881 2392 v,
1902 2368 1911 2392 1
1935 2382 1971 2387 —
1990 2375 2040 2394 non
2061 2373 2115 2401 pot-

1473 2414 1512 2436 est
1524 2410 1642 2435 invenire
1660 2410 1788 2436 rationem
1803 2418 1914 2443 operum
1929 2412 1975 2438 Dei
1988 2412 2017 2438 71
2042 2421 2068 2438 v.
2083 2413 2115 2439 17

1472 2469 1508 2474 -
1526 2455 1581 2480 Non
1600 2457 1639 2479 est
1656 2454 1769 2480 hominis
1788 2462 1879 2486 nosse,
1904 2463 1972 2489 quae
1992 2458 2116 2483 eveniunt

1473 2499 1498 2524 in
1523 2498 1674 2524 aeternitate
1691 2499 1761 2525 etin
1790 2501 1877 2526 futuro
1908 2501 1958 2526 162
1982 2509 2008 2527 v.
2037 2502 2052 2526 8
2082 2516 2117 2521 —

1473 2544 1556 2568 Purus
1569 2543 1649 2568 homo
1669 2543 1724 2569 sine
1743 2544 1870 2576 sapientia
1894 2545 1939 2571 Dei
1959 2553 2010 2572 non
2031 2549 2116 2578 potest

1472 2587 1539 2612 scire
1559 2587 1697 2613 consilium
1718 2588 1763 2614 Dei
1785 2589 1835 2614 169
1856 2597 1882 2615 v.
1907 2590 1935 2615 13

1526 2645 1562 2651 ·-·
1582 2632 1666 2664 ipsam
1687 2640 1775 2659 rerum
1796 2633 1968 2660 substantiam
1989 2642 2036 2661 nec
2059 2642 2117 2661 mu-

1473 2679 1528 2701 tare
1556 2680 1643 2709 potest
1661 2684 1710 2703 nec
1729 2685 1829 2711 augere
1858 2679 1891 2704 Vl
1919 2679 1951 2705 34
1981 2687 2006 2712 q.
2028 2693 2061 2697 —
2081 2680 2116 2704 in·

1473 2721 1606 2747 sufficiens
1625 2725 1664 2747 051
1683 2723 1717 2748 00
1736 2723 1958 2749 considerandum
1983 2727 2008 2749 ot
2027 2723 2115 2749 viden-

1473 2765 1538 2790 dum
1565 2773 1634 2798 quae
1660 2767 1788 2793 Dominus
1814 2767 1953 2799 praevidet
1971 2767 2004 2793 21
2033 2775 2060 2792 v.
2081 2768 2113 2792 12

1474 2823 1508 2827 -
1526 2810 1614 2836 deficit
1633 2811 1658 2836 in
1687 2812 1862 2842 inveniendo,
1891 2812 1985 2837 fallitur
2004 2812 2030 2837 in
2049 2811 2114 2837 iudi-

1473 2854 1574 2885 cando,
1594 2854 1683 2881 deviat
1703 2857 1865 2888 frequenter,
1884 2855 1997 2881 innitens
2010 2855 2115 2887 ingenio

1473 2905 1522 2924 suo
1541 2899 1584 2924 Vll
1604 2899 1656 2925 315
1677 2900 1710 2924 19
1729 2913 1764 2919 -
1783 2907 1835 2925 non
1862 2903 1949 2932 potest
1977 2906 2004 2925 50
2028 2900 2116 2925 iustifi-

1475 2949 1535 2968 care
1554 2943 1580 2968 in
1600 2943 1697 2969 iudicio
1716 2951 1777 2970 cum
1798 2945 1852 2970 Deo
1872 2944 1905 2969 Vl
1925 2944 1958 2969 53
1978 2951 2005 2968 ν.
2026 2944 2059 2968 10
2082 2957 2116 2962 -

1473 2987 1560 3013 omnis
1590 2987 1749 3013 iudicabitur
1768 2988 1801 3013 35
1821 2995 1847 3013 v.
1870 2987 1900 3013 17
1920 3001 1955 3007 —-
1973 2986 2116 3013 turbabun-

1474 3034 1515 3056 tur
1536 3032 1560 3056 in
1582 3031 1678 3057 iudicio
1697 3032 1739 3056 Vll
1760 3032 1811 3057 526
1833 3032 1864 3056 17
2103 3031 2106 3032 ’

1526 3090 1562 3093 -
1580 3075 1673 3101 vivunt
1692 3076 1746 3101 Deo
1773 3077 1815 3100 vel
1843 3075 1958 3107 potentia
1988 3075 2030 3099 vel
2055 3078 2114 3100 actu

1474 3120 1516 3145 Vll
1536 3119 1588 3145 515
1609 3119 1641 3145 44
1660 3134 1702 3153 —-
1715 3120 1784 3145 Deus
1797 3126 1825 3145 se
1839 3118 1942 3144 exhibet
1956 3118 2053 3144 homini
2069 3120 2116 3144 0-0-

1473 3166 1540 3189 trem
1560 3166 1585 3189 et
1604 3164 1757 3189 familiarem
1777 3163 1809 3187 Vt
1830 3162 1881 3187 537
1903 3163 1912 3187 1
1931 3176 1966 3181 -
1987 3163 2056 3188 Deus
2070 3164 2115 3188 ha-

1474 3206 1537 3232 bitat
1555 3207 1625 3233 circa
1643 3207 1763 3233 homines
1781 3206 1814 3231 ad
1843 3206 2052 3238 protegendum,
2079 3207 2115 3232 in·

1474 3254 1512 3276 ter
1531 3251 1650 3276 homines
1668 3250 1701 3276 ad
1720 3250 1881 3282 regendum,
1906 3250 1971 3275 intra
1994 3251 2116 3277 homines

1473 3294 1507 3321 ad
1527 3295 1716 3321 consolandum
1742 3298 1767 3319 ct
1791 3294 2007 3320 sanctificandum
2027 3295 2078 3320 538
2097 3295 2116 3320 7

1473 3353 1508 3357 -
1527 3339 1555 3364 sst
1583 3339 1710 3370 templum
1729 3338 1775 3364 Dei
1804 3346 1852 3371 per
1877 3339 2043 3366 dilectionem
2062 3339 2115 3365 308
