2427 3872
300 259 365 292 790

586 300 652 326 mn

298 347 415 374 liberans
443 349 468 372 et
496 346 599 371 salvans
628 344 670 370 Vll
690 344 723 369 32
742 342 776 368 95
796 355 830 361 —-
854 340 943 366 laudat

302 392 444 417 Dominum
464 390 488 415 in
502 396 583 421 opere
596 386 797 419 redemptionis,
811 386 873 418 quia
887 391 943 409 ma-

302 435 478 462 nifestativum
507 434 639 465 potentiae
662 432 687 457 in
717 430 863 456 deiectione
881 429 943 454 dae-

302 485 413 505 monum
432 477 607 509 superborum
627 478 652 501 et
665 475 778 501 divitum
793 474 942 505 iniquorum

303 522 364 549 ibid.
383 536 417 542 -—
436 522 525 548 laudat
544 521 590 546 Dei
603 519 746 552 potentiam
760 519 785 543 in
799 516 944 543 deiectione

305 567 481 599 superborum
502 565 662 591 daemonum
682 566 708 588 et
726 565 897 593 tyrannorum
910 560 943 585 33

304 611 338 637 97
357 624 392 630 —-
410 610 499 636 laudat
524 609 680 640 Dominum,
706 606 852 632 secundum
872 604 944 637 quod

303 658 343 681 est
363 654 571 680 manifestativus
590 652 716 684 largitatis
735 650 767 677 ib.
789 651 821 675 98
836 663 871 668 —
890 649 946 674 lau-

303 700 348 726 dat
367 700 450 725 Deum
470 701 498 724 ut
517 696 736 723 manifestativum
756 694 872 720 veritatis
884 700 946 725 pro-

303 744 377 769 missi
405 742 440 769 ib.
465 742 498 767 99
517 755 553 761 —-
571 741 628 767 eius
651 740 782 765 canticum
812 738 903 769 incipit
931 744 945 762 a

304 787 485 820 magnitudine
513 785 610 812 summi
638 784 760 817 principii
789 786 814 809 et
842 782 898 808 linit
921 782 945 807 in

304 832 456 858 aeternitate
475 831 533 856 finis
552 830 586 855 34
606 830 658 855 100
678 843 712 847 --
731 829 756 854 111
775 834 823 854 suo
846 826 946 852 cantico

305 876 418 903 ostendit
437 874 690 901 consummationem
710 872 828 898 omnium
849 870 946 896 henefi-

304 921 406 947 ciorum
434 919 625 952 promissorum
652 916 714 944 ibid.
732 930 768 935 —
786 915 843 941 eius
871 914 948 941 canti·

306 972 367 991 cum
387 967 426 990 est
445 962 686 989 consummativum
700 960 819 986 omnium
840 959 947 985 laudum

305 1012 331 1035 et
349 1008 510 1034 canticorum
530 1010 556 1032 et
574 1006 652 1032 etiam
672 1005 866 1037 Scripturarum
886 1002 947 1029 ibid.

359 1067 392 1071 —
412 1059 473 1078 cum
493 1052 557 1077 Filio
576 1052 648 1082 Rege
668 1050 751 1075 voluit
776 1048 884 1074 obedire
902 1048 949 1072 im-

306 1097 428 1131 peratori,
448 1099 477 1123 ut
495 1096 570 1122 daret
582 1095 732 1126 exemplum
747 1091 949 1125 obtemperandi

306 1142 377 1168 omni
397 1141 517 1174 potestati
537 1140 581 1165 Vll
602 1139 634 1165 46
655 1140 670 1164 8
690 1153 723 1157 -—
744 1144 795 1163 non
816 1136 901 1169 potuit
914 1135 949 1161 in-

306 1187 398 1213 venire
425 1186 549 1215 domum,
575 1184 622 1210 sed
652 1182 755 1215 peperit
782 1182 809 1207 in
836 1183 949 1213 angusto

306 1232 363 1257 loco
383 1229 521 1256 diversorii
542 1228 575 1254 47
595 1228 628 1253 14
653 1241 688 1246 -
707 1226 868 1259 paupercula
888 1232 950 1258 pau·

306 1282 398 1308 perem
418 1273 521 1307 peperit
543 1272 690 1304 Christum,
711 1274 739 1297 ut
758 1278 806 1296 nos
824 1270 858 1295 ad
886 1276 950 1301 pau-

308 1323 436 1353 pertatem
460 1318 583 1344 invitaret
610 1319 635 1342 et
663 1323 710 1342 sua
736 1315 824 1347 inopia
854 1314 951 1340 ditaret

308 1364 342 1391 ib.
363 1364 396 1390 15

360 1422 396 1428 —-
416 1407 553 1434 fecundata
573 1408 612 1432 est
630 1405 686 1431 sine
699 1403 877 1435 corruptione,
891 1409 950 1428 con·

308 1453 378 1485 cepit
405 1452 462 1479 sine
489 1451 612 1481 libidine,
640 1449 743 1482 peperit
767 1448 822 1474 sine
846 1448 949 1479 dolore,

308 1498 370 1532 quia
389 1504 443 1523 non
462 1504 492 1522 ex
510 1496 581 1521 virili
599 1494 714 1524 semine,
734 1493 780 1519 sed
794 1499 825 1518 ex
839 1491 951 1524 Spiritus

311 1542 392 1568 sancti
412 1541 508 1567 virtute
526 1540 569 1565 Vll
590 1540 623 1565 25
643 1539 685 1564 62.
714 1537 766 1563 296
786 1537 819 1562 60
838 1550 874 1555 -
893 1542 951 1561 con-

309 1586 379 1619 cepit
397 1586 453 1611 sine
472 1584 583 1617 pudore,
603 1583 706 1615 peperit
732 1582 787 1607 sine
807 1581 898 1607 dolore
918 1580 951 1605 46

310 1631 344 1656 10
363 1644 398 1649 -
418 1629 520 1662 peperit
538 1629 594 1654 sine
622 1627 794 1659 parturitione
818 1628 843 1651 et
862 1625 952 1651 dolore

310 1675 344 1701 24
363 1675 397 1701 55
417 1688 451 1692 -—
471 1673 562 1699 habuit
581 1674 694 1698 fructum
713 1671 779 1696 uteri
794 1677 855 1695 cum
869 1669 953 1694 salute

310 1718 372 1745 ibid.
390 1732 426 1737 —
444 1718 536 1743 Partus
554 1717 611 1742 sine
638 1716 728 1741 dolore
747 1715 901 1746 designatur
925 1713 951 1738 in

311 1770 371 1791 rnre
388 1766 414 1788 et
432 1762 539 1794 vellere,
558 1761 630 1793 quod
656 1767 709 1786 non
737 1759 814 1785 sentit
833 1758 952 1790 corporis

312 1807 461 1840 passionem
488 1807 521 1831 25
548 1806 580 1831 63
600 1820 632 1824 -
654 1805 678 1830 in
707 1807 783 1836 partu
803 1807 859 1829 erat
877 1805 952 1834 porta

311 1852 412 1883 clausa,
432 1857 480 1876 nec
499 1850 594 1876 dicitur
613 1852 702 1881 aperta
722 1848 771 1873 nisi
792 1850 900 1879 propter
920 1848 951 1872 fe-

311 1895 486 1927 cunditatem,
505 1894 589 1919 ablata
609 1893 742 1919 sterilitate
762 1892 795 1917 56
810 1892 843 1917 53
864 1904 899 1909 -—
911 1898 950 1916 ce·

311 1940 373 1965 lavit
409 1942 514 1971 partum
550 1938 706 1970 virginalem
738 1937 812 1962 annis
847 1935 951 1967 triginta

312 1984 363 2009 239
384 1984 417 2009 69

370 2042 402 2046 —
423 2027 470 2053 suit
488 2027 568 2052 Mater
586 2026 681 2052 Christi
700 2031 762 2050 vera
782 2027 808 2050 et
827 2025 951 2057 perfecta,

310 2072 371 2105 quia
390 2079 443 2097 non
462 2072 546 2097 solum
561 2070 664 2102 genuit,
678 2070 725 2096 sed
737 2069 814 2095 etiam
829 2068 953 2094 educavit

312 2117 354 2141 Vll
375 2116 426 2141 297
446 2116 474 2141 61
495 2130 526 2134 -
541 2115 606 2141 Solis
619 2113 747 2140 uberibus
761 2113 877 2145 Virginis
890 2112 952 2138 hea-

311 2160 426 2186 tissimae
445 2160 552 2185 lactatus
572 2159 619 2185 suit
637 2158 756 2185 Christus
775 2158 826 2184 296
847 2158 876 2183 61

364 2218 400 2223 -
419 2211 471 2230 11011
491 2207 546 2229 erat
559 2203 676 2229 subiecta
690 2203 741 2234 legi
755 2201 953 2234 purificationis,

311 2249 372 2282 quia
392 2256 445 2274 non
472 2248 587 2280 suscepit
614 2254 717 2279 semen,
737 2247 784 2272 sed
808 2246 953 2272 humilitate

312 2293 440 2319 obediens
458 2292 501 2318 Vll
522 2292 555 2318 56
575 2292 603 2317 51
627 2305 663 2311 -
686 2291 748 2317 Mira
768 2294 824 2317 erat
842 2297 954 2323 pauper-

312 2341 351 2363 tas
370 2337 494 2369 Virginis,
514 2340 541 2362 ut
559 2343 659 2368 agnum
678 2343 731 2361 non
750 2335 859 2361 haberet
871 2335 905 2360 57
919 2335 953 2360 54

364 2396 400 2401 —-
418 2381 564 2407 mirabatur
583 2387 662 2412 super
682 2380 722 2405 his
741 2387 810 2412 quae
828 2379 953 2405 diceban-

312 2431 354 2452 tur
382 2426 415 2452 de
443 2425 505 2451 Filio
534 2425 575 2450 Vll
596 2425 624 2450 61
657 2424 691 2450 74
718 2439 753 2442 -
782 2423 955 2449 conservabat

313 2471 410 2501 omnia,
433 2476 503 2503 quae
521 2469 639 2494 audierat
667 2475 682 2494 a
706 2469 772 2499 lesu,
792 2472 820 2494 ut
839 2468 955 2494 testimo-

313 2515 388 2540 nium
415 2514 440 2539 ei
465 2513 615 2545 perhiberet
640 2513 673 2538 68
701 2513 752 2538 109
779 2526 815 2531 -
841 2512 954 2538 maxime

314 2558 538 2590 appropinquavit
565 2557 600 2583 ad
628 2556 759 2583 Christum
788 2559 814 2582 et
841 2557 954 2583 maxime

315 2602 396 2628 verba
417 2602 473 2627 eius
491 2601 606 2633 suscepit
624 2604 650 2626 et
667 2601 724 2626 aliis
742 2601 888 2626 reservavit
902 2600 953 2626 276

314 2646 348 2672 79
359 2660 394 2664 -
407 2645 581 2671 conservabat
590 2644 672 2670 verba
687 2648 822 2676 pastorum
835 2645 860 2669 in
874 2645 955 2670 corde

315 2693 441 2723 tanquam
461 2689 578 2721 prudens
596 2691 621 2714 et
644 2688 754 2714 discreta
774 2691 800 2713 et
818 2695 849 2713 ea
869 2688 955 2714 intelli-

316 2734 395 2766 gebat
413 2734 446 2759 53
468 2733 500 2758 40

370 2792 403 2796 —-
422 2777 489 2803 Cum
503 2777 578 2802 beata
593 2777 700 2808 Virgine
714 2779 868 2802 manserunt
881 2776 956 2802 multi

315 2822 420 2854 Angeli,
440 2822 485 2854 qui
505 2820 688 2847 custodiebant
707 2827 764 2846 eam
784 2824 908 2852 tanquam
922 2821 956 2845 lo-

315 2873 376 2892 cum
396 2866 502 2891 divinae
521 2865 687 2890 habitationis
706 2865 892 2890 electissimum
913 2864 954 2889 Vll

316 2911 350 2936 27
369 2910 403 2935 70
417 2924 450 2928 -
464 2910 569 2942 Angeli,
589 2910 633 2942 qui
648 2908 831 2935 custodiebant
849 2908 954 2934 Mariam

316 2958 424 2986 propter
444 2954 619 2979 infirmitatem
639 2954 738 2984 carnis,
766 2953 865 2979 cultum
885 2960 956 2978 reve-

315 2998 414 3024 rentiae
432 2997 590 3023 exhibebant
608 3001 716 3029 propter
735 2997 888 3028 dignitatem
908 2997 957 3022 Ma-

316 3043 361 3068 tris
380 3041 440 3068 ibid.

370 3101 405 3104 —
415 3093 465 3112 non
480 3086 526 3112 fuit
540 3085 760 3118 reprehensibilis,
774 3085 882 3119 quando
895 3085 957 3110 ami-

315 3131 349 3156 sit
367 3137 479 3162 puerum
499 3131 583 3156 lesum
609 3130 651 3155 Vll
672 3130 704 3155 66
724 3130 757 3155 96
777 3144 811 3148 -
831 3136 892 3155 cum
912 3129 957 3155 do-

317 3175 371 3200 lore
399 3174 549 3207 requirebat
576 3174 660 3200 lesum
691 3174 819 3200 amissum
848 3173 882 3200 ib.
912 3174 957 3199 97.

321 3218 354 3243 68
382 3218 432 3243 105
452 3232 484 3237 -
513 3218 670 3243 Fiducialius
692 3225 773 3251 quam
802 3218 893 3250 loseph
923 3218 957 3243 lo·

316 3262 406 3294 quitur
435 3269 517 3293 puero
544 3263 599 3287 lesu
628 3262 661 3286 68
692 3262 742 3287 105
761 3276 793 3280 -
815 3262 957 3293 interrogat

317 3306 409 3331 Filium
428 3306 461 3331 de
480 3312 557 3331 causa
577 3306 736 3332 dimissionis
754 3305 816 3332 ibid.

371 3363 414 3369 —>
434 3350 481 3375 ivit
505 3350 539 3375 ad
567 3349 672 3380 nuptias
699 3350 799 3375 ratione
826 3349 956 3375 affinitatis

311 3396 444 3425 tanquam
472 3393 587 3419 officiosa
617 3393 648 3419 Vl
669 3393 720 3419 269
741 3394 750 3418 l
775 3407 810 3413 -
829 3394 956 3419 miserans

1167 250 1281 282 1NDEx
1306 249 1434 281 RERUM

979 339 1068 371 sponsi
1088 338 1204 370 inopiam
1230 337 1343 363 obtinuit
1371 337 1527 362 miraculum
1547 335 1582 361 ib.
1601 335 1616 360 3

978 397 1015 403 --
1032 390 1085 409 non
1104 385 1207 415 poterat
1233 382 1385 414 praecipere
1412 380 1514 407 Christo
1534 381 1620 406 facere

981 428 1152 458 miraculum,
1176 426 1323 452 secundum
1349 425 1421 458 quod
1446 425 1529 450 mater
1548 423 1619 455 ibid,

982 471 1005 497 4.
1025 472 1076 497 273
1107 471 1139 496 17
1158 484 1194 490 -—
1213 470 1367 496 fiducialiter
1394 469 1522 502 praecipit
1549 468 1621 493 mini-

981 516 1055 545 stris,
1074 518 1145 541 certo
1159 517 1311 546 exspectans
1324 514 1479 539 miraculum
1494 513 1546 538 269
1567 512 1591 543 4,
1605 513 1620 538 5

980 574 1016 579 -
1035 567 1086 585 non
1107 558 1221 585 debebat
1241 563 1329 590 petere
1343 558 1499 583 miraculum
1513 560 1620 589 propter

982 604 1153 636 indigentiam
1172 604 1439 635 consanguineorum,
1453 602 1500 627 sed
1513 602 1546 627 ad
1567 608 1621 626 ma-

983 648 1153 674 nisestandam
1173 647 1268 674 Christi
1287 647 1397 679 gloriam
1418 647 1468 672 272
1490 646 1523 671 17
1541 659 1577 665 -
1594 648 1622 671 ut

983 694 1076 719 mulier
1089 696 1176 718 sancta
1190 692 1341 724 impetravit
1354 691 1508 717 miraculum
1523 690 1574 716 273
1590 690 1622 715 17

1036 752 1071 757 -
1094 736 1256 769 pauperibus
1283 736 1396 762 convivii
1425 735 1533 761 adhibet
1560 735 1623 760 sola-

983 782 1047 808 tium
1068 781 1265 814 compassionis,
1285 780 1421 806 consilium
1439 779 1623 810 instructionis,

983 827 1138 858 suffragium
1158 826 1282 851 orationis
1302 825 1334 850 Vl
1355 824 1405 850 547
1427 825 1436 849 1
1455 839 1490 842 -
1508 824 1547 849 Ad
1567 830 1624 856 pre-

984 878 1028 896 ces
1047 870 1177 902 Virginis,
1196 870 1253 902 ipsa
1281 868 1469 899 intercedente,
1495 869 1560 893 facta
1585 871 1625 893 est

986 915 1070 947 gratia
1088 915 1114 939 in
1127 914 1226 946 nuptiis
1238 913 1332 939 Christi
1345 916 1370 938 et
1383 913 1511 938 Ecclesiae
1524 912 1571 938 271
1591 913 1623 937 12

984 974 1019 977 —
1050 958 1149 984 obtinet
1179 965 1275 990 aquam
1304 957 1528 988 compunctionis,
1556 963 1625 989 quae

985 1003 1145 1029 convertitur
1165 1003 1192 1027 in
1211 1002 1303 1027 vinum
1323 1001 1471 1027 devotionis
1489 1000 1523 1027 ib.
1544 1001 1576 1026 13
1591 1015 1624 1019 —

985 1048 1086 1073 Bonum
1106 1050 1145 1072 est
1164 1047 1270 1072 Matrem
1291 1046 1347 1071 lesu
1376 1045 1408 1071 ad
1437 1052 1516 1071 suum
1536 1045 1627 1070 convi‘

985 1092 1059 1117 vium
1079 1091 1191 1116 invitare
1210 1090 1262 1116 547
1283 1090 1293 1114 1
1311 1105 1346 1108 -
1360 1089 1438 1116 debet
1451 1096 1508 1115 esse
1527 1089 1551 1114 in
1565 1096 1626 1115 con-

986 1136 1064 1161 viviis
1083 1134 1263 1167 spiritualibus
1283 1134 1334 1160 545
1354 1134 1370 1159 5

1038 1194 1074 1199 —
1093 1180 1118 1205 in
1138 1182 1222 1205 morte
1241 1179 1296 1204 Filii
1315 1178 1355 1204 sui
1374 1178 1487 1204 nonfuit
1505 1178 1625 1209 elongata

985 1231 1035 1250 nec
1053 1225 1146 1249 affectu
1166 1230 1216 1249 nec
1234 1223 1285 1248 situ
1306 1223 1347 1248 Vll
1367 1222 1418 1248 583
1439 1222 1471 1247 59
1487 1236 1520 1240 —
1532 1223 1626 1248 affectu

987 1269 1034 1295 fuit
1052 1269 1115 1294 Filio
1135 1267 1361 1300 propinquissima
1387 1267 1436 1292 276
1457 1266 1501 1292 79.
1520 1267 1571 1292 583
1592 1266 1625 1292 59

987 1328 1020 1331 -
1039 1313 1108 1339 stetit
1127 1313 1195 1338 iuxta
1214 1318 1320 1337 crucem
1339 1311 1434 1337 Christi
1458 1311 1490 1336 Vl
1512 1310 1565 1336 497
1584 1310 1626 1336 37.

988 1358 1030 1383 Vll
1050 1357 1100 1383 276
1120 1357 1154 1382 79
1173 1370 1209 1376 -
1228 1363 1308 1388 super
1333 1363 1425 1381 omnes
1453 1354 1628 1387 compatieba-

988 1405 1029 1428 tur
1048 1402 1079 1427 Vl
1101 1401 1151 1427 497
1171 1401 1205 1426 37
1225 1415 1259 1419 -
1278 1401 1341 1434 quia
1354 1400 1482 1426 veraciter
1494 1399 1626 1426 Christum

988 1445 1129 1478 diligebat,
1157 1453 1188 1471 ex
1217 1446 1310 1470 affectu
1340 1445 1431 1470 intimo
1458 1446 1628 1470 vehementer

989 1490 1198 1523 compatiebatur
1224 1490 1267 1515 Vll
1294 1490 1322 1514 61
1355 1489 1389 1514 78
1408 1502 1444 1507 -—
1463 1489 1490 1514 in
1508 1489 1629 1521 passione

989 1535 1082 1562 Christi
1111 1535 1232 1560 transfixa
1260 1537 1299 1559 est
1326 1534 1414 1565 gladio
1439 1533 1630 1564 compassionis

988 1579 1051 1605 ibid.
1078 1593 1113 1598 —
1141 1585 1171 1604 ex
1197 1578 1380 1610 compassione
1409 1579 1475 1603 facta
1503 1580 1542 1603 est
1570 1578 1630 1609 plus

988 1631 1069 1657 quam
1098 1624 1195 1655 Martyr
1224 1622 1287 1649 ibid.
1305 1636 1340 1641 —
1360 1622 1478 1653 dolores,
1499 1629 1567 1655 quos
1586 1629 1629 1654 pa-

989 1669 1059 1694 riens
1084 1668 1189 1700 effugit,
1209 1671 1329 1699 tempore
1354 1666 1483 1698 passionis
1508 1666 1630 1692 sustinuit

988 1712 1052 1739 ibid.
1070 1726 1105 1732 -——
1124 1719 1203 1745 quem
1223 1712 1249 1737 in
1277 1711 1411 1737 nativitate
1440 1718 1501 1737 cum
1530 1711 1628 1742 gaudio

989 1757 1092 1790 peperit
1111 1757 1138 1782 in
1157 1756 1278 1788 passione
1302 1762 1362 1781 cum
1390 1754 1526 1781 doloribus
1544 1758 1631 1787 partu-

989 1802 1050 1827 rivit
1069 1802 1120 1827 583
1146 1801 1179 1826 59
1207 1814 1242 1819 -
1270 1800 1500 1826 recommendatur
1528 1800 1629 1831 loanni,

989 1850 1017 1872 ut
1035 1846 1069 1872 de
1088 1853 1119 1871 eo
1133 1845 1247 1871 confidat
1265 1845 1332 1870 sicut
1350 1844 1384 1870 de
1403 1844 1454 1869 filio
1473 1844 1506 1868 Vl
1527 1843 1576 1869 498
1597 1844 1629 1869 38

1044 1904 1076 1908 -
1096 1889 1254 1921 compatitur
1282 1889 1385 1914 miseris
1405 1889 1435 1913 Vl
1462 1888 1508 1913 271
1535 1888 1567 1912 13
1595 1901 1632 1907 -

989 1937 1028 1960 est
1046 1935 1174 1960 advocata
1194 1934 1228 1959 ad
1248 1933 1464 1958 intercedendum
1485 1932 1535 1957 603
1555 1939 1581 1957 v.
1597 1932 1629 1956 16

987 1992 1024 1997 -—
1042 1979 1142 2004 Nomen
1163 1978 1280 2009 Virginis
1299 1977 1324 2002 iu
1337 1976 1537 2003 necessitatibus
1556 1976 1631 2001 invo-

989 2023 1104 2049 candum
1123 2023 1167 2048 Vll
1188 2023 1220 2048 22
1242 2022 1274 2048 45

1042 2081 1077 2087 -
1096 2067 1248 2093 Secundum
1268 2066 1369 2099 aliquos
1388 2067 1493 2091 fuerunt
1512 2068 1564 2091 tres
1583 2065 1632 2090 Ma-

989 2112 1044 2137 riae
1063 2112 1130 2137 filiae
1149 2112 1238 2137 Annae
1266 2111 1299 2136 Vl
1324 2110 1374 2136 498
1395 2110 1428 2136 37
1449 2124 1483 2128 —-
1501 2109 1632 2141 Cleophae

990 2156 1038 2182 fuit
1057 2159 1141 2181 mater
1159 2155 1245 2181 lacobi
1266 2154 1328 2181 ibid.

1042 2214 1078 2219 —
1097 2198 1250 2233 Magdalene
1268 2200 1337 2225 dicta
1357 2202 1396 2225 est
1420 2206 1434 2224 a
1455 2198 1574 2231 Magdalo
1594 2205 1633 2224 ca-

990 2248 1044 2271 stro
1065 2245 1095 2271 Vl
1117 2245 1167 2271 498
1188 2245 1222 2271 37
1247 2259 1276 2263 -
1295 2252 1369 2270 soror
1397 2244 1485 2270 Lazari
1511 2246 1566 2269 erat
1592 2243 1632 2269 illa

990 2289 1135 2322 peccatriX,
1154 2296 1223 2322 quae
1242 2289 1314 2315 unxit
1331 2289 1414 2320 pedes
1426 2288 1520 2314 Christi
1533 2288 1585 2313 397
1600 2287 1632 2313 16

990 2348 1025 2353 --
1053 2334 1110 2360 eius
1139 2334 1244 2359 infamia
1273 2334 1421 2359 innotuerat
1448 2333 1494 2358 toti
1519 2332 1631 2365 civitati,

991 2379 1052 2412 quia
1072 2378 1209 2404 fornicaria
1229 2378 1364 2403 manifesta
1383 2380 1439 2403 erat
1462 2377 1505 2403 Vll
1529 2377 1577 2402 182
1597 2376 1631 2401 64

990 2436 1026 2442 -
1045 2422 1174 2448 Peccatrix
1193 2423 1287 2447 merito
1311 2422 1407 2448 dicitur
1431 2424 1456 2447 et
1474 2421 1575 2447 ratione
1595 2421 1633 2446 in—

992 2468 1086 2493 famiae
1105 2471 1130 2492 et
1149 2467 1249 2492 ratione
1270 2466 1431 2500 frequentiae
1449 2465 1511 2492 ibid.
1530 2479 1565 2485 -—
1580 2472 1631 2491 non

991 2512 1075 2537 solum
1095 2512 1200 2543 culpam
1230 2511 1383 2543 iteraverat,
1403 2511 1450 2537 sed
1475 2513 1501 2536 et
1519 2510 1632 2536 diversis

992 2556 1078 2581 modis
1096 2558 1253 2588 peccaverat
1272 2556 1322 2580 183
1343 2554 1377 2581 64
1396 2568 1432 2574 -
1451 2558 1553 2587 septem
1573 2555 1633 2580 dae-

992 2600 1079 2625 monia
1099 2600 1190 2625 habuit
1207 2599 1270 2626 ibid.
1295 2600 1343 2625 189
1371 2600 1385 2625 3
1405 2613 1440 2618 -
1460 2590 1632 2625 613111013ὺί-

992 2644 1024 2670 lis
1042 2644 1142 2670 ratione
1161 2644 1322 2669 enormitatis
1341 2643 1441 2675 peccati
1464 2643 1513 2668 189
1533 2644 1548 2668 3

1044 2703 1079 2707 -
1100 2689 1146 2714 fuit
1163 2688 1206 2720 pie
1225 2695 1238 2714 a
1259 2688 1370 2713 Domino
1389 2690 1510 2718 suscepta
1525 2689 1632 2719 propter

992 2732 1179 2764 poenitentiam
1201 2733 1243 2757 Vll
1265 2732 1315 2757 182
1344 2732 1386 2757 62.
1408 2731 1459 2756 184
1479 2732 1512 2756 69
1531 2746 1566 2749 -
1587 2731 1633 2756 fuit

992 2776 1107 2801 admissa
1125 2775 1159 2801 ad
1173 2775 1372 2800 familiaritatem
1389 2774 1511 2807 obsequii
1525 2775 1575 2799 182
1590 2774 1631 2799 64.

994 2820 1044 2844 183
1066 2820 1099 2844 65
1119 2833 1153 2837 -—
1166 2821 1275 2850 propter
1288 2819 1412 2850 pietatem
1426 2818 1538 2849 Domini,
1551 2825 1632 2851 quam

993 2863 1126 2894 cognovit,
1145 2865 1251 2888 attracta
1270 2863 1318 2888 fuit
1342 2863 1392 2888 183
1412 2862 1446 2887 65
1464 2876 1499 2881 -
1518 2862 1633 2887 introivit

993 2907 1026 2933 ad
1046 2907 1230 2939 poenitentiam
1251 2914 1299 2939 per
1318 2906 1554 2932 considerationem
1569 2906 1633 2932 divi-

993 2958 1043 2977 nae
1062 2951 1258 2977 misericordiae
1278 2952 1309 2976 Vl
1330 2951 1381 2976 560
1401 2958 1425 2976 ν.
1447 2952 1461 2976 2

1046 3010 1082 3015 --
1109 2996 1192 3022 attulit
1217 2996 1251 3021 ad
1279 2995 1388 3021 domum
1415 2995 1558 3026 Pharisaei,
1587 2994 1632 3021 ubi

994 3040 1111 3066 Christus
1130 3039 1265 3071 accubuit,
1291 3042 1455 3071 unguentum
1482 3039 1634 3065 humilitatis

995 3085 1037 3111 Vll
1058 3085 1107 3110 183
1138 3084 1172 3110 65
1197 3099 1231 3102 -
1256 3087 1390 3116 unguenta
1418 3084 1502 3109 attulit
1526 3087 1634 3115 propter

995 3129 1201 3161 impendendum
1215 3128 1340 3153 familiare
1353 3127 1511 3160 obsequium
1524 3127 1586 3154 ibid.
1599 3143 1633 3146 —

994 3173 1110 3198 exhibuit
1129 3172 1230 3199 Christo
1258 3179 1288 3198 ex
1316 3172 1458 3198 devotione
1482 3172 1554 3205 quod
1584 3171 1632 3198 sibi

994 3216 1146 3243 exhibuerat
1163 3225 1194 3243 ex
1213 3216 1321 3244 libibine
1340 3215 1401 3242 ibid.
1421 3230 1456 3235 —
1469 3219 1577 3248 propter
1596 3218 1635 3242 af-

994 3262 1090 3287 fectum
1110 3261 1284 3293 poenitentiae
1312 3263 1337 3286 et
1366 3259 1563 3286 benevolentiae
1591 3261 1633 3286 ad-

994 3306 1073 3331 missa
1092 3306 1139 3331 fuit
1166 3305 1199 3331 ad
1225 3304 1399 3335 abluendum,
1429 3304 1633 3337 detergendum,

993 3349 1200 3375 deosculandum
1215 3351 1240 3374 et
1259 3348 1414 3380 ungendum
1428 3348 1632 3374 sacratissimum

994 3400 1092 3425 corpus
1110 3393 1204 3419 Christi
1224 3391 1285 3419 ibid.
1305 3407 1339 3411 —
1359 3392 1430 3418 unxit
1443 3392 1525 3424 pedes
1538 3392 1633 3419 Christi

1938 290 2006 316 MAR

1656 335 1794 361 dilectione
1818 334 2017 360 benevolentiae
2045 340 2125 366 pura,
2155 334 2296 360 affectuosa

1656 382 1682 405 et
1700 379 1796 405 devota
1815 378 1850 404 ib.
1868 379 1901 404 66

1709 436 1745 442 -—
1763 422 1867 454 pudore
1885 421 1971 448 stabat
1994 424 2073 454 retro,
2100 422 2194 448 timore
2221 429 2298 448 secus

1658 467 1754 498 pedes,
1773 466 1864 492 dolore
1882 465 2005 498 lacrymis
2018 465 2121 498 rigabat
2134 466 2177 491 Vll
2191 466 2241 492 183
2255 466 2298 492 66.

1660 510 1710 536 184
1728 511 1763 535 70
1783 524 1818 530 -
1837 510 1922 542 magis
1941 509 2051 536 curabat
2069 510 2103 536 de
2116 510 2205 535 inflma
2225 513 2298 542 parte

1658 555 1777 587 corporis
1795 555 1834 580 sui
1855 561 1936 587 quam
1955 554 1989 580 de
2007 561 2131 586 suprema
2154 554 2203 580 183
2216 555 2250 580 66
2262 567 2298 574 —

1658 607 1710 625 non
1739 598 1883 632 quaerebat
1911 599 2014 631 placere
2043 599 2156 630 mundo,
2184 598 2231 624 sed
2250 599 2297 624 soli

1659 643 1761 670 Christo
1781 642 1842 669 ibid.
1864 657 1897 661 —
1917 643 1964 668 fuit
1991 644 2105 674 perfecte
2128 649 2256 668 conversa
2274 646 2300 668 et

1659 694 1764 713 reversa
1785 686 1817 713 ib.
1839 687 1872 712 67

1713 747 1748 750 —
1768 735 1796 758 ut
1814 733 1928 764 perfecta
1947 732 2083 764 poenitens
2102 731 2184 757 oculis
2206 731 2301 757 servie-

1659 776 1704 802 bat
1723 777 1756 802 ad
1768 776 1978 808 lacrymandum,
1992 776 2091 808 capillis
2103 776 2136 801 ad
2149 775 2301 808 abstergen-

1661 824 1735 854 dum,
1748 830 1793 848 ore
1807 823 1840 848 ad
1854 822 2041 854 osculandum,
2054 822 2195 854 unguentis
2207 821 2242 847 ad
2254 829 2302 848 un-

1661 867 1779 899 gendum
1799 867 1842 892 Vll
1863 867 1913 892 183
1933 866 1967 892 67
1986 880 2021 886 -
2040 867 2171 898 lacrymas
2189 865 2216 891 in
2230 868 2299 891 tanta

1661 912 1738 944 copia
1758 912 1824 937 fudit
1842 911 1877 937 ad
1890 911 2000 937 modum
2014 911 2090 937 fontis
2110 913 2136 936 et
2152 910 2230 936 rivuli
2251 910 2301 936 186

1661 955 1695 981 75
1714 969 1751 975 --
1768 954 1891 981 Mirabilis
1909 955 1966 981 eius
1985 955 2092 981 affectus
2118 958 2145 980 et
2164 955 2246 986 gratia
2265 954 2302 979 in-

1662 1000 1741 1026 terior
1760 1001 1787 1025 in
1806 1001 1936 1031 lacrymas
1949 998 2097 1031 profluebat
2110 998 2222 1024 exterius
2240 997 2302 1025 ibid.

1661 1059 1697 1064 —
1715 1051 1768 1070 non
1788 1043 1907 1070 cessabat
1926 1042 1960 1069 ab
1978 1043 2077 1075 osculo,
2095 1043 2158 1076 quia
2177 1049 2229 1069 non
2251 1049 2304 1069 ces-

1663 1088 1738 1115 sabat
1756 1088 1791 1114 ab
1809 1088 1927 1114 interiori
1940 1087 2071 1114 desiderio
2090 1086 2152 1113 ibid.
2165 1100 2202 1107 —
2215 1087 2302 1113 flendo

1662 1137 1688 1159 et
1706 1133 1875 1165 lacrymando
1894 1133 1939 1159 (lat
1957 1132 2101 1164 intelligere
2123 1131 2304 1157 contritionem

1664 1179 1716 1204 212
1737 1178 1770 1203 86

1715 1237 1751 1240 -
1769 1222 1817 1247 Per
1836 1221 1943 1247 Mariam
1962 1221 2108 1253 plorantem
2127 1220 2306 1253 intelliguntur

1664 1266 1828 1299 poenitentes
1848 1266 1881 1292 Vl
1901 1266 1946 1291 601
1971 1273 1999 1291 v.
2017 1266 2051 1291 23
2064 1278 2099 1284 -
2113 1267 2141 1290 ut
2152 1264 2303 1296 exemplum

1663 1310 1889 1343 contemplationis
1916 1317 2022 1342 semper
2046 1309 2122 1342 quasi
2150 1308 2306 1335 describitur

1665 1356 1769 1388 plorans
1789 1355 1831 1381 Vll
1852 1355 1903 1380 273
1923 1355 1956 1380 67
1974 1368 2010 1373 -
2028 1354 2085 1380 eius
2104 1354 2236 1385 lacrymae
2255 1354 2307 1378 fue-

1665 1402 1725 1426 runt
1753 1399 1980 1431 compunctionis,
2004 1398 2195 1431 compassionis
2220 1400 2246 1423 et
2263 1397 2306 1424 de-

1665 1444 1780 1470 votionis
1799 1443 1862 1470 ibid.
1876 1457 1912 1463 --
1925 1444 1997 1469 flevit
2009 1442 2220 1475 compunctione,
2234 1448 2306 1468 com-

1666 1489 1787 1521 passione
1805 1491 1831 1514 et
1849 1488 1990 1514 devotione
2009 1488 2043 1513 Vl
2064 1487 2115 1512 507
2136 1487 2169 1512 19

1720 1547 1754 1552 -—-
1774 1532 1901 1558 maiorem
1920 1532 2041 1558 affectum
2067 1531 2160 1557 habuit
2177 1531 2211 1557 ad
2236 1530 2308 1557 Chri-

1666 1581 1734 1603 stum
1754 1584 1835 1610 quam
1856 1577 2011 1603 Pharisaeus
2030 1576 2072 1602 Vll
2095 1575 2144 1601 186
2164 1575 2247 1601 75-
2264 1581 2307 1600 ve-

1666 1622 1721 1648 rius
1739 1625 1765 1647 et
1784 1622 1927 1647 ferventius
1950 1621 2038 1647 dilexit
2065 1619 2198 1646 Christum
2226 1626 2308 1652 quam

1667 1666 1820 1692 Pharisaeus
1841 1666 1890 1691 187
1909 1666 1942 1691 77
1963 1679 1997 1685 —
2017 1665 2124 1691 Dilectio
2143 1671 2202 1690 eam
2222 1671 2237 1689 a
2250 1670 2308 1696 pec-

1666 1713 1724 1737 cato
1743 1710 1867 1742 purgavit
1885 1709 1917 1736 ib.
1938 1710 1972 1735 78
1996 1724 2031 1728 --
2050 1709 2136 1735 Ardor
2155 1708 2269 1735 caritatis
2282 1708 2309 1734 in

1666 1762 1695 1780 ea
1715 1754 1865 1786 rubiginem
1886 1756 2054 1786 peccatorum
2068 1753 2214 1779 consumsit
2227 1752 2260 1779 ib.
2273 1752 2307 1778 79

1666 1814 1701 1817 —
1719 1799 1826 1824 Dilectio
1845 1805 1904 1824 eam
1924 1798 1949 1823 in
1969 1798 2061 1823 merito
2075 1797 2183 1829 perfecit
2197 1796 2259 1824 ibid.
2274 1810 2310 1816 —

1667 1843 1775 1869 Dilectio
1794 1850 1852 1868 eam
1879 1843 2017 1868 Pharisaeo
2045 1842 2197 1874 praeposuit
2220 1840 2255 1867 ib.
2274 1842 2308 1866 80

1668 1901 1702 1906 -
1730 1888 1848 1913 Remissa
1874 1890 1934 1913 sunt
1960 1887 1985 1912 ei
2014 1889 2120 1918 peccata
2148 1893 2201 1912 non
2224 1886 2309 1911 solum

1667 1932 1757 1965 quoad
1776 1931 1895 1963 culpam,
1915 1931 1962 1956 sed
1981 1931 2059 1956 etiam
2088 1930 2176 1963 quoad
2196 1936 2309 1962 poenam

1669 1977 1718 2001 188
1739 1977 1773 2002 82
1793 1990 1825 1994 --
1845 1976 1917 2001 salva
1937 1976 1985 2001 suit
2003 1982 2019 2000 a
2038 1975 2153 2007 peccatis
2166 1981 2214 2007 per
2227 1974 2309 2000 fidem

1669 2019 1731 2047 ibid.
1750 2034 1785 2039 -
1804 2021 1830 2046 ln
1849 2027 1879 2045 ea
1893 2020 1987 2046 iustitia
2002 2020 2061 2045 fecit
2074 2026 2168 2052 pacem
2181 2025 2242 2045 cum
2255 2019 2309 2044 Deo

1669 2068 1695 2091 et
1714 2072 1775 2091 cum
1795 2064 1953 2090 conscientia
1976 2065 2023 2089 188
2044 2063 2077 2089 84

1722 2123 1757 2128 -
1776 2112 1831 2134 erat
1850 2109 1876 2134 in
1889 2109 1941 2135 otio
1954 2108 2182 2141 contemplationis
2194 2108 2310 2140 perfecta

1671 2154 1713 2179 Vll
1743 2153 1794 2179 272
1820 2154 1853 2178 66
1872 2167 1908 2172 -
1935 2153 1992 2179 eius
2020 2153 2103 2178 otium
2123 2155 2179 2178 erat
2197 2151 2309 2177 Domino

1670 2198 1820 2229 intendere,
1839 2204 1948 2230 vacare,
1968 2197 2061 2224 sedere
2080 2201 2105 2223 et
2124 2200 2210 2223 tacere
2223 2195 2257 2223 ib.
2276 2196 2309 2221 67

1669 2256 1705 2260 ——
1723 2243 1771 2267 Per
1789 2242 1846 2267 eius
1870 2242 2014 2268 sessionem
2041 2248 2118 2267 secus
2136 2241 2220 2273 pedes
2238 2239 2311 2266 Chri-

1670 2286 1701 2312 sti
1721 2286 1872 2318 intelligitur
1890 2285 2021 2311 humilitas
2040 2286 2091 2311 273
2111 2285 2145 2311 67

1723 2345 1756 2349 —
1776 2330 1978 2362 contemplativa
1997 2330 2123 2362 optimam
2142 2332 2244 2362 partem
2263 2328 2311 2354 ele-

1670 2375 1709 2407 git
1729 2375 1770 2400 Vll
1790 2374 1841 2400 275
1860 2374 1905 2400 73.
1924 2374 1976 2399 277
2005 2375 2038 2399 80
2058 2389 2093 2392 -
2112 2381 2193 2400 unum
2222 2379 2310 2405 praee-

1670 2419 1746 2451 legit,
1765 2419 1810 2452 qui
1830 2422 1869 2444 est
1886 2419 2038 2450 simpliciter
2066 2419 2182 2451 optimus
2202 2418 2253 2444 275
2272 2417 2305 2443 73

1670 2479 1705 2482 —
1724 2463 1857 2489 Laudatur
1875 2463 1932 2489 eius
1951 2470 2024 2495 pars,
2048 2463 2110 2496 quia
2138 2470 2191 2489 non
2210 2463 2308 2492 aufere·

1671 2512 1712 2534 tur
1731 2508 1765 2533 ab
1784 2515 1814 2533 ea
1834 2507 1867 2534 ib.
1887 2507 1921 2533 74
1940 2521 1976 2527 —
1995 2508 2056 2533 Eius
2076 2514 2136 2540 pars
2155 2510 2194 2533 est
2212 2506 2309 2539 simpli-

1669 2553 1733 2579 citer
1761 2552 1853 2578 melior
1878 2555 1904 2578 et
1931 2552 2070 2584 eligibilior
2096 2551 2159 2578 ibid.
2184 2566 2220 2571 —
2247 2550 2309 2577 nihil

1670 2597 1757 2630 perdit
1776 2597 1895 2627 tacendo,
1913 2596 1975 2629 quia
1995 2596 2122 2622 Dominus
2135 2603 2241 2622 causam
2254 2595 2312 2621 eius

1669 2641 1780 2667 assumit
1798 2640 1964 2666 defendendo
1984 2640 2035 2665 273
2056 2641 2088 2666 69

1723 2700 1758 2703 —
1777 2684 1892 2716 suscepit
1910 2683 2041 2710 Christum
2072 2685 2096 2710 in
2125 2685 2238 2717 hospitio
2266 2684 2311 2710 do-

1670 2737 1729 2755 mus
1748 2729 1878 2755 interioris
1897 2728 1940 2754 Vll
1960 2728 2010 2754 276
2030 2728 2063 2754 76
2083 2742 2119 2748 -—
2132 2736 2184 2755 non
2197 2729 2310 2755 discum-

1671 2773 1750 2799 bebat
1768 2779 1816 2798 nec
1835 2772 2013 2805 ministrabat,
2032 2773 2078 2799 sed
2098 2774 2154 2805 ipsa
2168 2773 2310 2799 Dominum

1670 2817 1774 2849 speciali
1800 2817 1940 2843 refectione
1964 2817 2090 2849 pascebat
2118 2818 2150 2843 Vl
2171 2817 2221 2843 410
2241 2818 2256 2842 3
2275 2830 2310 2836 -

1671 2865 1695 2888 et
1713 2863 1811 2887 Martha
1831 2864 1924 2893 typum
1954 2865 2050 2894 gerunt
2074 2862 2205 2888 societatis
2223 2861 2310 2887 bonae

1670 2906 1721 2931 586
1742 2914 1767 2932 v.
1783 2907 1792 2931 1
1810 2906 1988 2932 -invenitur
2000 2906 2218 2932 commendabilis
2231 2912 2310 2939 quan·
2326 2901 2332 2903 ”

1671 2956 1726 2976 tum
1746 2950 1780 2976 ad
1806 2950 1962 2976 intellectum
1987 2957 2017 2976 ex
2042 2951 2212 2983 discretione,
2231 2957 2311 2983 quan-

1671 2999 1726 3021 tum
1746 2995 1780 3020 ad
1798 2995 1919 3020 affectum
1947 3002 1977 3020 ex
2005 2995 2157 3026 dilectione,
2181 2997 2309 3027 quantum

1671 3040 1703 3065 ad
1722 3040 1843 3065 effectum
1857 3046 1888 3065 ex
1901 3046 2013 3071 operum
2032 3039 2127 3071 pietate
2146 3038 2198 3065 594
2212 3046 2238 3064 v.
2257 3038 2273 3063 7
2293 3039 2309 3063 2

1722 3098 1759 3102 --
1777 3087 1802 3109 et
1821 3077 1918 3109 Martha
1938 3083 2136 3110 introducuntur
2165 3086 2193 3109 tit
2217 3082 2311 3115 princi-

1671 3128 1755 3160 pales,
1775 3128 1835 3161 quia
1856 3128 1976 3154 tlrmitate
1995 3128 2075 3153 animi
2089 3130 2115 3153 et
2127 3128 2223 3153 virtute
2235 3128 2311 3152 Laza-

1671 3179 1730 3198 rum
1753 3171 1916 3198 excedebant
1940 3172 1972 3198 Vl
2001 3172 2052 3197 396
2085 3173 2114 3198 12
2133 3186 2168 3190 -
2187 3171 2310 3197 mulieres

1670 3217 1786 3249 optimae
1816 3220 1842 3242 et
1869 3216 1959 3242 fideles
1990 3215 2185 3248 cognoscebant
2215 3214 2309 3241 Christi

1671 3264 1840 3293 potestatem,
1855 3260 2045 3286 reverebantur
2063 3260 2120 3286 eius
2139 3260 2310 3291 maiestatem,

1671 3305 1812 3337 sperabant
1830 3305 1864 3331 de
1882 3305 1940 3331 eius
1958 3304 2074 3330 bonitate
2093 3303 2127 3330 ib.
2150 3304 2180 3329 13
2200 3317 2234 3322 -
2253 3310 2310 3335 spe-

1671 3349 1764 3375 rabant
1774 3352 1877 3375 mortuo
1886 3349 1992 3381 Lazaro,
2002 3348 2075 3381 quod
2086 3347 2212 3374 Dominus
2221 3347 2309 3379 ipsum

1671 3394 1838 3420 resuscitaret
1855 3392 1907 3419 397
1928 3392 1960 3418 14
1978 3406 2014 3412 -
2033 3399 2125 3418 earum
2150 3391 2256 3417 devotio
2284 3393 2310 3416 et
