2476 3921
286 295 350 328 528

293 397 308 413 a
325 385 462 425 Tempus
485 384 550 419 est,
582 382 619 412 ut
641 378 770 420 incipiat
793 377 946 410 iudicium
970 387 988 410 a
1011 377 1105 410 domo
1128 377 1194 410 Dei.
1215 376 1246 409 Si

285 439 390 469 autem
414 434 554 476 primum
578 441 597 465 a
620 431 727 470 nobiS,
751 430 823 473 quis
846 430 918 463 finis
941 430 1069 463 illorum
1100 429 1156 472 qui
1183 439 1246 462 non

262 512 267 517 -
286 488 420 522 credunt
434 486 489 520 Dei
507 484 673 527 Evangelio
688 487 726 516 »ἵ
744 503 785 507 —
805 483 975 527 Continyet
989 483 1084 517 etiam
1092 483 1137 521 ,in
1160 483 1246 516 tesci-

286 541 436 574 monium
458 538 610 572 veritatis·
629 537 849 580 praedicatae
856 548 868 575 ;
896 546 969 570 nam
999 540 1135 580 martyr
1158 536 1247 569 testis

286 594 417 632 dicitur,
433 595 464 625 et
479 590 669 633 martyrium
693 589 907 623 testimonium
923 592 971 623 est
987 588 1146 628 veritatis;
1167 589 1248 631 Apo-

286 645 419 688 calypsis
442 644 577 678 sexto1:
606 656 623 672 «ι
638 642 793 676 Vidisub
816 642 907 676 altari
924 641 1045 675 animas
1067 641 1247 675 interfecto-

286 708 357 733 rum
381 701 512 741 propter
535 697 670 731 verbum
701 696 758 730 Dei
789 699 821 730 et
851 698 982 738 propter
1013 694 1246 733 testimonium,

285 752 369 795 quod
394 751 598 785 habebant».
625 750 660 784 Et
683 750 762 783 haec
785 750 960 791 Martyrum
985 751 1169 782 sanctorum
1200 750 1247 780 te-

285 805 431 840 stimonia
454 804 635 838 credibilem
660 803 780 837 faciunt
803 802 898 836 fidem
922 802 1145 842 christianam;
1162 801 1247 834 Psal-

285 868 358 892 mus
371 859 405 891 ²:
429 871 445 887 <r
461 857 653 891 Testimonia
669 860 724 890 tua
739 855 901 889 credibilia
916 855 998 888 facta
1013 857 1089 888 sunt
1103 854 1199 893 nimis
1214 867 1246 894 ι»,

284 914 415 954 propter
436 913 572 944 mortem
594 908 855 952 praedicantium.
879 908 966 942 Unde
989 911 1020 941 et
1043 908 1177 941 Actuum
1192 907 1247 940 de-

285 966 389 999 cimo:
418 977 434 994 α
451 963 612 1006 Praecepit
643 963 736 996 nobis
758 962 941 1005 praedicare
964 961 1082 1004 populo
1105 964 1137 995 et
1160 961 1247 994 testi-

285 1018 388 1058 ficari,
410 1017 487 1061 quia
510 1017 577 1060 ipse
600 1019 668 1055 est,
691 1016 746 1059 qui
764 1015 956 1049 constitutus
971 1017 1019 1048 est
1034 1023 1053 1047 a
1068 1014 1133 1048 Deo
1148 1013 1247 1047 iudex

284 1073 430 1106 vivorum
455 1073 486 1104 et
509 1073 712 1103 mortuorum
729 1082 760 1101 2³.

375 1126 428 1158 21.
454 1124 555 1166 (Vers.
584 1122 660 1164 14).
684 1121 791 1155 Tertio
811 1120 915 1164 quoad
939 1120 1180 1154 tribulatorum
1199 1120 1248 1153 vi-

121 1180 429 1216 Trilmh‘s’mmctoriam
453 1177 638 1220 subiungit:
664 1175 780 1209 Ponite
802 1185 881 1219 erqo
904 1175 941 1208 in
957 1174 1114 1208 cordibus
1129 1173 1248 1207 vestris

147 1214 244 1234 victoria.

283 1243 350 1266 non
362 1230 622 1275 praemeditari,
639 1229 919 1274 quemadmodum
935 1227 1174 1271 respondeatis,
1191 1236 1248 1270 per

284 1285 554 1328 investigationem
577 1283 758 1326 propriam,
783 1283 872 1325 quia,
897 1281 1053 1315 secundae
1077 1281 1116 1314 ad
1139 1281 1249 1314 Corin-

284 1340 368 1373 thios
392 1338 529 1377 terti0³‚
559 1350 575 1366 α
590 1346 652 1370 non
677 1336 762 1379 quod
786 1336 887 1369 simus
902 1335 1095 1369 sufficientes
1111 1334 1249 1377 cogitare

285 1392 404 1436 aliquid
427 1401 445 1425 a
467 1391 558 1424 nobis
589 1390 680 1433 quasi
704 1399 746 1423 ex
769 1389 878 1428 nobis,
902 1389 955 1422 sed
981 1388 1170 1422 sufficientia
1193 1397 1249 1421 no-

286 1450 351 1481 stra
374 1455 415 1479 ex
439 1446 504 1478 Deo
527 1447 575 1478 est
591 1456 622 1483 »;
648 1444 811 1477 Psalmus:
841 1456 856 1472 a
874 1442 1027 1475 Dominus
1050 1442 1109 1475 scit
1133 1442 1249 1484 cogita-

286 1501 386 1534 tiones
410 1499 594 1538 hominum,
619 1497 769 1540 quoniam
792 1505 892 1530 vanae
916 1499 1037 1529 sunt».

375 1555 428 1587 22.
454 1552 555 1594 (Vers.
584 1551 659 1593 15.).
686 1551 755 1594 Eyo
778 1550 866 1583 enim
889 1549 975 1582 dabo
991 1548 1082 1582 vobis
1099 1558 1135 1582 os
1150 1552 1179 1582 et
1194 1558 1250 1581 sa-

130 1611 213 1638 D¹¹12¹0¹
230 1611 267 1633 do·
282 1607 465 1650 pientiam,
490 1615 547 1648 per
571 1604 809 1647 inspirationem
834 1603 1008 1642 internam;
1033 1602 1180 1635 Matthaei
1196 1602 1250 1635 de-

170 1644 228 1660 Ilum.

157 1770 267 1819 Sffiltelqtia

143 2462 269 2510 Eltiiiaqtffintia

287 1661 414 1694 cimo4:
443 1660 542 1692 «Non
575 1658 658 1692 enim
691 1666 748 1691 vos
779 1657 869 1696 estis,
900 1656 955 1700 qui
985 1655 1170 1699 loquimini,
1195 1655 1250 1689 sed

287 1714 421 1758 Spiritus
443 1713 544 1746 Patris
566 1712 683 1751 vestri,
715 1711 770 1754 qui
795 1710 937 1753 loquitur
965 1710 997 1743 in
1026 1709 1116 1743 vobis
1132 1722 1162 1742 ι».
1196 1710 1250 1742 Hic

286 1771 391 1801 autem
423 1766 559 1809 Spiritus
588 1765 712 1798 Domini
743 1764 797 1797 dat
824 1763 1027 1807 sapientiam
1050 1767 1081 1797 et
1104 1763 1157 1796 dat
1188 1763 1250 1796 elo—

287 1820 478 1864 quentiam.-
513 1817 716 1861 sapientiam
747 1817 783 1850 in
815 1817 932 1856 corde,
963 1816 1139 1850 secundum
1171 1816 1250 1849 illud

288 1873 409 1906 loannis
431 1872 551 1906 decimo
579 1871 717 1905 sexto⁵z
748 1884 764 1900 <x
780 1870 859 1903 Cum
884 1870 1006 1903 venerit
1030 1870 1082 1903 ille
1113 1869 1251 1912 Spiritus

287 1926 445 1965 veritatis,
468 1925 591 1958 docebit
619 1933 675 1958 vos
706 1933 832 1958 omnem
864 1923 1029 1957 veritatem
1047 1936 1078 1963 »;
1102 1923 1173 1956 ideo
1197 1923 1250 1956 Iob

287 1980 448 2023 trigesimo
479 1978 636 2012 secundo:
666 1991 681 2007 α
699 1978 835 2020 Spiritus
858 1980 906 2011 est
929 1977 962 2010 in
986 1976 1187 2017 hominibus,
1219 1979 1251 2010 et

288 2033 452 2076 inspiratio
468 2031 697 2074 Omnipotentis
720 2032 773 2064 dat
797 2031 1034 2073 intelligentiam
1054 2043 1084 2062 m.
1110 2028 1147 2062 Et
1169 2030 1251 2063 ratio

287 2086 385 2119 huius
408 2084 552 2118 redditur
574 2082 696 2126 primae
718 2084 757 2116 ad
781 2083 960 2116 Corinthios
976 2082 1158 2116 secundo⁶:
1176 2082 1251 2125 quia

294 2153 309 2169 α
327 2138 464 2181 Spiritus
486 2137 591 2170 omnia
607 2140 787 2176 scrutatur,
805 2137 899 2170 etiam
917 2136 1074 2179 profunda
1089 2136 1155 2169 Dei.
1173 2136 1251 2178 Quis

289 2192 372 2226 enim
395 2190 562 2224 hominum
586 2190 661 2229 scit,
686 2199 768 2232 quae
792 2193 867 2223 sunt
889 2189 922 2222 in
946 2189 1092 2229 homine,
1109 2188 1169 2222 nisi
1186 2189 1250 2232 spi-

288 2246 371 2279 ritus
394 2243 548 2283 hominis,
573 2243 627 2286 qui
651 2246 699 2277 est
721 2243 753 2276 in
770 2243 863 2286 ipso?
880 2243 924 2276 lta
940 2246 971 2277 et
987 2252 1069 2286 quae
1085 2243 1141 2277 Dei
1159 2246 1249 2283 sunt,

288 2308 381 2332 nemo
411 2296 557 2340 cognovit
587 2296 644 2330 nisi
670 2296 806 2339 Spiritus
829 2296 883 2330 Dei
900 2310 931 2329 n.
961 2297 997 2330 Et
1028 2297 1097 2331 ideo
1122 2296 1250 2340 Sapien-

288 2353 349 2386 tiae
372 2360 475 2385 nono:
505 2364 521 2380 α
538 2351 669 2384 Sensum
695 2353 786 2383 tuum
810 2350 882 2393 quis
905 2350 996 2390 sciet,
1012 2350 1071 2384 nisi
1096 2353 1132 2384 tu
1155 2350 1250 2384 dede-

288 2406 333 2439 ris
356 2402 538 2448 sapientiam
563 2406 594 2437 et
618 2403 741 2437 miseris
764 2403 916 2446 Spiritum
941 2406 1085 2437 sanctum
1102 2406 1194 2437 tuum
1210 2403 1250 2438 de

287 2458 447 2492 altissimis
461 2461 499 2490 n?
517 2476 558 2481 —
574 2457 634 2490 Dat
649 2456 793 2490 similiter
809 2455 1024 2500 eloquentiam
1041 2456 1078 2489 in
1101 2466 1250 2490 sermone

288 2521 345 2555 per
369 2511 552 2554 sapientiam
567 2522 576 2551 ;
598 2510 684 2544 unde
700 2509 875 2552 Sapientiae
892 2509 1013 2543 decimo
1026 2510 1038 2529 ⁷
1053 2522 1060 2542 ε
1090 2523 1106 2539 α
1122 2510 1250 2552 Sapien-

289 2566 332 2598 tia
354 2564 480 2607 aperuit
510 2572 546 2597 os
575 2566 740 2596 mutorum
765 2566 796 2596 et
824 2562 949 2605 linguas
979 2562 1146 2595 infantium
1177 2562 1251 2596 fecit

288 2618 422 2652 disertas
437 2629 469 2657 n;
493 2617 562 2650 ideo
586 2616 685 2649 Exodi
708 2618 845 2659 quarto:
875 2627 891 2644 α
907 2615 985 2657 Quis
1007 2615 1081 2648 fecit
1096 2624 1132 2648 os
1148 2615 1250 2648 homi-

288 2671 364 2704 nis?
387 2670 447 2703 Aut
470 2670 542 2712 quis
564 2668 736 2702 fabricatus
759 2671 807 2701 est
828 2670 954 2700 mutum
979 2671 1011 2701 et
1034 2667 1187 2707 surdum,
1203 2668 1250 2701 vi-

288 2724 413 2757 dentem
436 2726 468 2756 et
491 2724 649 2756 caecum?
672 2722 769 2763 Perge
792 2720 907 2763 igitur,
931 2724 963 2754 et
986 2729 1043 2763 ego
1066 2729 1122 2754 ero
1145 2721 1177 2753 in
1193 2730 1249 2754 ore

290 2780 346 2810 tuo
362 2780 393 2809 et
407 2775 525 2809 docebo
541 2778 571 2808 te
581 2801 589 2815 ,
606 2775 682 2818 quid
699 2774 839 2817 loquaris
855 2787 886 2806 ».
905 2774 940 2806 Et
960 2773 1031 2807 ideo
1046 2773 1141 2808 Isaiae
1157 2782 1251 2808 sexa-

290 2829 408 2872 gesimo
432 2828 546 2862 tertio:
576 2841 591 2857 «
608 2827 689 2870 Ego,
713 2827 767 2870 qui
793 2827 906 2870 loquor
930 2826 1081 2860 iustitiam
1114 2830 1145 2859 et
1175 2835 1250 2869 pro-

362 3007 370 3022 ¹
391 3007 467 3034 Vers.
486 3008 512 3034 9.
526 3021 560 3027 —
573 3008 699 3040 August„
719 3008 834 3033 Enarrnt.
855 3007 881 3033 in
900 3007 940 3034 Ps.
962 3008 1023 3034 448.
1041 3014 1122 3034 serm.
1141 3008 1165 3033 9.
1180 3015 1206 3034 n.
1219 3009 1249 3034 2:

289 3052 449 3079 Testimonia
468 3052 567 3078 Graece
584 3051 722 3087 martyria
741 3055 942 3085 nuncupantur,
961 3059 1014 3086 quo
1033 3051 1117 3078 verbo
1129 3052 1182 3078 lam
1201 3052 1252 3079 uti-

289 3100 349 3123 mur
368 3103 417 3129 pro
436 3096 536 3123 Latino.
562 3096 638 3123 Unde
663 3096 719 3122 illos
747 3097 792 3129 qui
821 3099 930 3129 propter
957 3096 1136 3123 testimouium
1155 3096 1250 3124 Christi

289 3141 403 3167 diversis
431 3139 599 3173 passionibus
624 3140 751 3166 humiliati
780 3143 842 3167 sunt
861 3144 886 3167 et
904 3145 990 3174 usque
1009 3140 1042 3167 ud
1062 3143 1174 3166 mortem
1200 3147 1250 3173 pro

288 3186 399 3212 vei-itate
427 3188 572 3217 certarunt,
600 3192 654 3211 non
673 3186 765 3217 testes,
784 3186 856 3219 quod
875 3186 966 3212 Latine
985 3185 1076 3219 utique
1094 3191 1250 3217 possemus,

288 3230 335 3257 sed
354 3230 453 3257 Graece
470 3231 606 3265 ‘martyres
625 3230 797 3263 appellamus.

361 3273 372 3289 ²
392 3274 485 3301 Psalm.
505 3274 554 3307 92,
573 3274 604 3306 5,
623 3274 665 3301 cui
683 3273 849 3301 subnectitur
868 3274 924 3301 Act.
947 3274 995 3307 40,
1016 3273 1058 3300 42.

362 3317 372 3333 ⁸
391 3318 468 3345 Vers.
489 3319 514 3346 5.
539 3321 565 3344 et
582 3318 680 3345 deinde
699 3318 740 3344 ΡΞ.
759 3318 808 3351 93,
829 3319 871 3344 44.
890 3317 942 3344 Cir.
962 3318 1086 3350 Gregor.‚
1107 3318 1133 3343 ll.
1152 3316 1250 3344 Homil.

289 3362 316 3388 in
334 3363 436 3395 Evnng.
455 3362 545 3388 homil.
566 3362 610 3389 35.
631 3369 655 3388 n.
677 3363 702 3388 3.

360 3406 372 3421 ¹
392 3407 466 3433 vers.
486 3407 529 3433 20.

362 3450 372 3466 ⁶
392 3451 467 3477 Vers.
488 3451 535 3482 43,
554 3454 614 3484 post
632 3457 712 3484 quern
732 3450 778 3478 lob
798 3451 847 3484 32,
866 3451 893 3477 8.

863 262 1057 322 COMMENT.
1081 288 1118 321 IN
1142 287 1381 322 EVANGELIUM
1405 287 1523 321 LUCAE
1547 286 1579 319 C.
1604 286 1680 320 XXl.

1310 360 1468 418 pugnator
1499 384 1570 409 sum
1601 375 1641 408 ad
1672 374 1857 408 salvandum
1873 388 1905 407 n.
1929 393 1973 399 ——-
1999 375 2035 408 Et
2063 375 2164 417 quia⁸
2192 388 2209 405 α
2225 384 2274 409 sa·
2291 382 2427 410 Adiungitur}

1311 429 1460 472 pientiam
1483 438 1546 462 non
1570 428 1668 462 vincit
1690 428 1855 467 malitia»,
1872 427 1942 461 ideo
1966 428 2094 461 subdit:
2121 428 2185 462 Cui
2205 438 2273 462 non

1306 486 1464 525 poterunt
1486 482 1638 515 resistere
1653 485 1683 514 et
1698 481 1926 514 contradicere
1945 491 2057 515 omnes
2080 482 2275 515 adversarii

1310 535 1431 575 vestri,
1455 544 1512 578 per
1540 535 1769 569 cavillationem
1801 534 2057 574 fraudulentam
2089 535 2188 568 Exodi
2219 535 2274 568 de-

1310 589 1392 622 cimo
1415 592 1531 631 quarto
1543 588 1578 621 ⁹:
1599 602 1615 617 α
1632 588 1787 621 Dominus
1802 587 1956 630 pugnabit
1971 597 2031 630 pro
2048 587 2136 621 vobis
2146 613 2154 627 ,
2170 590 2202 621 et
2216 597 2274 621 vos

1311 641 1454 675 tacebitis
1470 654 1500 673 n.
1517 641 1595 674 Huic
1611 641 1685 674 forti
1701 640 1845 674 bellatori
1861 640 1970 673 nullus
1986 640 2134 674 resistere
2149 643 2252 683 potest
2265 652 2283 680 ;.

1311 695 1474 729 Psalmus:
1504 708 1520 724 α
1534 695 1582 728 Tu
1613 694 1765 728 terribilis
1787 703 1839 733 es,
1864 696 1895 727 et
1918 693 1991 736 quis
2014 693 2140 727 resistet
2162 693 2219 727 tibi
2235 697 2274 726 »ἵ

1310 752 1342 782 et
1365 749 1418 782 Iob
1441 758 1546 782 nono:
1575 761 1592 778 α
1609 748 1685 790 Quis
1710 748 1826 782 restitit
1856 748 1885 781 ei
1915 751 1947 781 et
1975 756 2083 790 pacem
2109 747 2222 780 habuit
2238 750 2274 779 »ἵ

1310 802 1423 836 Nullus
1445 810 1521 845 ergo
1552 802 1688 841 resistit,
1719 802 1775 844 qui
1807 811 1870 835 non
1900 801 2048 835 vincatur
2071 810 2090 833 a
2112 799 2275 843 discipulis

1311 859 1441 898 propter
1465 855 1606 889 veritatis
1634 855 1927 895 annuntiationem;
1951 855 2027 898 quia
2049 854 2166 888 dicitur
2190 854 2275 887 tertii

1311 908 1428 942 Esdrae
1450 911 1566 952 quarto
1581 909 1628 941 1⁰:
1658 922 1674 938 «
1692 909 1727 942 Et
1750 909 1868 943 veritas
1890 912 1997 942 manet
2013 912 2044 942 et
2060 907 2223 942 invalescit
2242 907 2275 949 in

1310 964 1475 995 aeternum
1499 965 1532 995 et
1552 962 1630 995 vivit
1653 962 1685 996 in
1710 963 1836 996 saecula
1864 962 2065 996 saeculorum
2081 974 2113 1001 »ς
2143 964 2175 995 et
2196 961 2275 1004 Apo-

1311 1014 1446 1057 calypsis
1468 1015 1654 1048 duodecimo
1676 1015 1716 1049 de
1739 1016 1925 1049 antichristo
1947 1015 2083 1049 dicitur:
2112 1027 2128 1044 α
2145 1015 2275 1057 1ρείψὴ-

1311 1070 1426 1101 cerunt
1448 1076 1521 1101 eum
1546 1072 1676 1111 propter
1700 1069 1885 1112 sanguinem
1909 1069 1986 1112 Agni
2009 1072 2041 1102 et
2056 1072 2189 1111 propter
2204 1077 2276 1102 ver—

1311 1120 1389 1154 bum
1412 1121 1582 1154 testimonii
1613 1122 1682 1161 sui,
1709 1125 1741 1156 et
1764 1122 1840 1165 quia
1862 1132 1925 1155 non
1949 1123 2133 1156 dilexerunt
2155 1122 2277 1156 animas

1312 1183 1386 1208 suas
1410 1183 1514 1217 usque
1537 1174 1576 1207 ad
1599 1177 1734 1209 mortem
1749 1188 1781 1207 ».

1402 1227 1455 1261 23.
1481 1228 1540 1264 Sed
1563 1228 1758 1261 contrarium
1782 1228 1843 1262 dici
1860 1226 1985 1262 videtur
2001 1227 2202 1271 Apocalypsis
2216 1238 2277 1262 un—

1312 1281 1434 1314 decimo
1448 1282 1495 1313 ¹¹:
1527 1294 1542 1310 «
1558 1281 1645 1314 Dabo
1661 1281 1787 1314 duobus
1808 1281 1942 1315 testibus
1965 1281 2062 1323 meis,
2086 1285 2117 1314 et
2140 1281 2277 1324 prophe-

1313 1335 1426 1368 tabunt
1448 1334 1561 1368 diebus
1591 1335 1676 1368 mille
1706 1335 1850 1368 ducentis
1874 1329 2056 1378 sexaginta,
2080 1335 2185 1369 amicti
2209 1343 2277 1368 sac-

1313 1388 1358 1422 cis
1374 1400 1406 1428 »;
1431 1391 1462 1421 et
1486 1391 1573 1430 post:
1603 1388 1712 1421 «Cum
1744 1388 1885 1422 finierint
1916 1388 2130 1422 testimonium
2163 1397 2276 1428 suum,

1313 1442 1430 1481 bestia,
1454 1450 1537 1484 quae
1559 1441 1698 1474 ascendit
1721 1441 1760 1475 de
1783 1441 1913 1484 abysso,
1931 1441 2022 1475 faciet
2038 1441 2208 1475 adversum
2223 1450 2277 1475 eos

1313 1493 1432 1528 bellum
1455 1497 1487 1528 et
1511 1495 1615 1528 vincet
1637 1503 1691 1527 eos
1706 1507 1737 1527 ι).
1764 1512 1806 1518 -
1830 1494 1888 1528 Sed
1913 1494 1973 1527 hoc
1996 1503 2059 1527 non
2082 1498 2130 1527 est
2153 1497 2278 1527 contra-

1314 1548 1417 1588 rium,
1449 1549 1542 1591 quia,
1576 1548 1648 1581 licet
1679 1547 1796 1581 veritas
1823 1547 1863 1581 ad
1887 1551 2013 1590 tempus
2036 1550 2276 1591 prosternatur,

1313 1604 1438 1645 oportet
1461 1605 1583 1641 tamen,
1600 1601 1686 1644 quod
1703 1603 1858 1644 resurgat.
1875 1600 1963 1634 Unde
1978 1600 2094 1634 ibidem
2108 1600 2152 1633 ¹²:
2175 1613 2192 1630 α
2207 1601 2279 1635 Post

1314 1656 1380 1689 dies
1404 1659 1469 1689 tres
1493 1659 1524 1689 et
1547 1655 1712 1689 dimidium
1744 1655 1876 1698 spiritus
1906 1654 1988 1688 vitae
2011 1664 2031 1688 a
2053 1654 2118 1688 Deo
2149 1654 2279 1688 intravit

1313 1709 1346 1742 in
1370 1718 1432 1743 eos.
1459 1709 1494 1742 Et
1518 1711 1676 1742 steterunt
1698 1717 1795 1751 super
1819 1708 1914 1751 pedes
1938 1717 2030 1748 suos,
2055 1711 2087 1742 et
2102 1708 2197 1741 timor
2213 1716 2280 1741 ma-

1314 1772 1396 1806 gnus
1419 1763 1531 1797 cecidit
1562 1771 1659 1805 super
1687 1770 1740 1796 eos
1764 1761 1819 1805 qui
1843 1761 1992 1795 viderunt
2015 1770 2069 1795 eos
2085 1775 2116 1794 n.
2147 1774 2163 1791 α
2181 1761 2216 1794 Et
2246 1761 2279 1794 in

1315 1816 1368 1850 illa
1392 1816 1471 1849 hora
1494 1816 1597 1850 factus
1620 1818 1668 1850 est
1691 1818 1904 1850 terraemotus
1926 1824 2079 1858 magnus,
2103 1817 2135 1849 et
2160 1814 2281 1849 decima

1314 1879 1389 1912 pars
1412 1870 1547 1904 civitatis
1570 1869 1729 1903 cecidit».

1404 1923 1458 1956 24.
1484 1923 1585 1966 (Vers.
1613 1924 1664 1956 16.
1692 1922 1767 1965 17.).
1807 1922 2004 1956 Trademini
2034 1924 2153 1956 autem*
2173 1931 2196 1955 a
2216 1931 2280 1965 pa-

1314 1976 1463 2010 rentibus
1486 1979 1544 2010 etc.
1571 1976 1739 2019 Postquam
1770 1975 1937 2019 descripsit
1968 1975 2183 2018 perfectorum
2206 1984 2280 2018 per-

1314 2030 1507 2063 secutionem
1524 2029 1694 2072 publicam,
1711 2029 1763 2064 hic
1779 2029 1930 2063 describit
1942 2029 2119 2073 privatam
2132 2029 2158 2048 ¹⁵
2167 2041 2179 2068 ,·
2195 2028 2280 2062 circa

1314 2092 1410 2126 quam
1434 2082 1683 2116 introducuntur
1706 2082 1785 2123 tria,
1809 2082 1928 2117 scilicet
1950 2082 2130 2116 domestica
2144 2092 2279 2126 puyna,

1314 2146 1464 2180 superna
1488 2135 1590 2169 tutela
1613 2138 1645 2169 et
1667 2135 1802 2169 interna
1825 2138 2020 2169 armatura.

1376 2191 1379 2192 ’
1404 2189 1508 2222 Primo
1539 2198 1615 2232 ergo
1644 2192 1800 2232 quantum
1823 2189 1863 2222 ad
1886 2189 2099 2223 domesticam
2124 2199 2279 2233 pugnam

1314 2243 1410 2277 dicit:
1443 2242 1641 2277 Trademini
1655 2246 1768 2276 autem
1791 2252 1815 2276 a
1835 2242 2035 2286 parentibus
2058 2246 2088 2276 et
2109 2241 2280 2286 fratribus

1314 2301 1343 2331 et
1365 2296 1516 2340 cognatis
1539 2299 1569 2329 et
1591 2296 1736 2335 amici3‚·
1767 2298 1799 2330 et
1827 2296 1888 2329 hoc
1916 2295 2044 2339 quidem
2072 2296 2280 2330 durissimum

1313 2350 1384 2385 erit.
1411 2350 1545 2383 Durum
1568 2349 1696 2393 quidem
1720 2352 1768 2383 est
1785 2349 1879 2383 tradi
1894 2348 1936 2383 ab
1953 2349 2061 2383 amieo
2077 2353 2108 2383 et
2122 2346 2278 2394 cognato,

1314 2404 1490 2438 secundum
1513 2403 1592 2437 illud
1607 2403 1720 2437 Psalmi
1734 2404 1781 2436 ¹⁴:
1811 2416 1827 2433 α
1844 2403 1875 2436 Si
1898 2403 2046 2437 inimicus
2069 2412 2160 2437 meus
2182 2403 2280 2437 male-

1312 2457 1447 2491 dixisset
1468 2456 1565 2496 mihi‚
1589 2456 1811 2490 sustinuissem
1842 2455 1964 2499 utique.
1998 2456 2047 2495 Tu
2076 2464 2154 2489 vero
2184 2455 2279 2489 homo

1313 2510 1490 2550 unanimis,
1513 2509 1582 2543 dux
1605 2518 1696 2543 meus
1719 2512 1751 2543 et
1774 2513 1869 2543 notus
1892 2518 2001 2549 meus,
2026 2508 2080 2552 qui
2098 2509 2194 2542 simul
2213 2517 2279 2542 me-

1313 2571 1386 2596 cum
1417 2562 1527 2596 dulces
1558 2562 1703 2605 capiebas
1726 2562 1814 2595 cibos
1829 2575 1845 2592 »
1873 2565 1933 2595 etc.
1960 2562 2092 2595 Durius
2115 2564 2163 2595 est
2186 2561 2280 2594 tradi

1313 2625 1336 2648 a
1358 2613 1470 2658 fratre
1488 2615 1651 2658 propi-im
1667 2614 1824 2648 Michaeae
1848 2615 1981 2657 septimo
1995 2614 2043 2647 ¹⁶:
2074 2627 2090 2644 α
2105 2613 2223 2659 Omnes
2245 2613 2278 2647 in

1313 2667 1466 2710 sanguine
1493 2667 1702 2707 insidiantur,
1726 2667 1775 2701 vir
1798 2666 1930 2701 fratrem
1961 2676 2057 2701 suum
2080 2667 2120 2700 ad
2143 2669 2277 2700 mortem

1314 2722 1458 2754 venatur.
1491 2720 1607 2753 Malum
1638 2728 1792 2753 manuum
1820 2728 1953 2752 suarum
1977 2718 2087 2753 dicunt
2109 2718 2229 2752 bonum
2245 2730 2276 2750 n.

1313 2773 1373 2807 Sed
1393 2773 1639 2816 pravissimum
1669 2775 1718 2806 est
1741 2772 1819 2815 pati
1840 2781 1863 2805 a
1883 2772 2032 2815 ycmitore
2054 2781 2136 2811 suo;
2160 2771 2278 2805 Zacha-

1314 2826 1379 2860 riae
1395 2826 1516 2860 decimo
1540 2826 1633 2860 tertio
1645 2825 1694 2859 ¹⁸:
1723 2838 1740 2855 <t
1755 2825 1918 2868 Configent
1941 2834 2014 2859 eum
2039 2828 2129 2868 pater
2153 2824 2222 2859 eius
2245 2828 2276 2858 et

1386 3006 1398 3021 ⁰
1417 3007 1491 3033 Vere.
1513 3007 1556 3033 40.
1574 3013 1629 3040 seq.
1649 3019 1684 3026 —
1704 3005 1822 3032 Subinde
1841 3006 1969 3038 allegatur
1988 3005 2049 3038 Sap.
2069 3006 2101 3037 9,
2125 3005 2164 3031 ¹7.

1387 3050 1397 3066 ⁷
1417 3051 1493 3077 Vers.
1513 3051 1556 3077 2¹.
1573 3064 1609 3070 —
1629 3051 1686 3077 Duo
1705 3057 1781 3084 seqq.
1800 3050 1850 3076 loci
1875 3052 1936 3076 sunt
1954 3050 2035 3076 Exod.
2055 3049 2085 3083 4,
2107 3050 2148 3076 41.
2168 3056 2224 3083 seq.
2251 3052 2277 3075 et

1314 3096 1373 3123 lsai.
1392 3097 1440 3128 63,
1461 3096 1485 3122 4.

1385 3139 1396 3155 ⁶
1415 3141 1448 3167 Ut
1466 3140 1562 3167 dicitur
1580 3135 1693 3173 Sep.'7,
1714 3140 1756 3166 30.

1385 3180 1396 3200 ⁹
1415 3184 1491 3211 Vers.
1511 3184 1553 3211 44.
1572 3197 1607 3204 -·
1626 3184 1777 3217 Sequuntur
1795 3183 1837 3209 Ps.
1855 3182 1904 3215 75,
1925 3183 1950 3208 8.
1969 3185 1994 3208 et
2013 3181 2059 3209 Iob
2078 3182 2109 3215 9,
2130 3182 2156 3208 4.

1385 3228 1409 3244 ²⁰
1427 3229 1504 3256 Vei-s.
1523 3229 1572 3261 38,
1591 3229 1634 3255 cul
1652 3226 1821 3261 subiungitur
1840 3227 1922 3260 Apoc.
1943 3227 1992 3259 42,
2013 3227 2054 3253 ll.

1386 3272 1407 3288 ¹¹
1427 3274 1503 3300 Vei-s.
1523 3274 1548 3300 3.
1566 3276 1593 3299 et
1611 3272 1707 3299 deinde
1726 3278 1752 3298 v.
1772 3271 1798 3298 7.

1385 3316 1408 3333 ¹⁹
1427 3316 1502 3344 Ver's.
1524 3317 1565 3343 44.
1585 3319 1611 3343 et
1631 3317 1673 3342 43.

1385 3360 1408 3376 ²¹³
1427 3360 1481 3388 Cir.
1499 3367 1580 3393 supra
1599 3367 1624 3386 n.
1646 3361 1689 3386 48.

1386 3404 1408 3420 ¹⁴
1428 3404 1521 3431 Pselm.
1543 3404 1592 3435 54,
1612 3404 1702 3431 43-45.

1385 3448 1409 3465 ¹⁶
1427 3448 1503 3475 Vei-s.
1522 3449 1547 3475 2.
1566 3448 1592 3474 et
1611 3448 1635 3474 3.
2107 3444 2130 3461 ¹⁰
2148 3444 2224 3472 Vers.
2246 3445 2273 3471 3.

2305 409 2412 432 fortitudo.

2295 1232 2399 1255 Obiectio.

2297 1498 2387 1520 solutio.

2298 1925 2330 1947 De
2347 1925 2435 1953 privata*

2293 1952 2434 1980 persecutioni

2295 1980 2420 2006 nugantur

2338 2006 2387 2027 tria.

2299 2191 2419 2214 Domestica

2318 2224 2396 2247 pugna.

2298 2352 2351 2374 Tres
2363 2350 2439 2382 *gradun

2311 2384 2423 2407 passionis.

2297 2775 2426 2798 Notandum.
