2476 3921
121 646 195 674 Quoad
200 647 274 668 Etiam.

152 1176 192 1197 oad
203 1181 267 1196 riuum

143 1202 262 1230 rophetam.

150 2079 180 2100 De
195 2081 265 2101 tertio.

289 235 352 267 226

285 322 324 355 ad
348 322 480 364 primam
503 321 591 354 dicit:
617 322 661 353 Ac
683 321 733 354 itti
754 321 993 363 responderunt
1016 325 1043 353 et
1063 321 1238 353 dixerunt:

122 382 268 410 Quoad1oan-
286 376 444 408 Ioannem
475 375 683 416 [raptatam
706 377 737 406 et
769 374 842 412 hoc,
867 374 941 415 quia
972 373 1118 406 videbant
1141 374 1173 406 in
1204 383 1241 406 eo

167 414 223 430 [18111.

284 427 747 471 spiritamsanctifieationis,
772 427 827 469 qui
851 427 910 459 fuit
927 427 957 459 in
979 427 1109 465 Ioanne,
1133 436 1242 459 secun-

285 481 360 514 dum
386 480 462 513 illud
487 489 584 522 supra
607 480 709 522 primo
726 481 755 511 ¹:
782 493 797 508 «
815 479 879 512 Erit
902 488 1035 521 magnus
1059 487 1163 511 coram
1181 479 1240 511 Do-

286 535 371 567 mino
393 537 424 567 et
446 534 565 576 Spiritu
592 537 699 567 sancto
723 533 895 575 replebitur
917 546 931 561 ι)
959 535 1017 565 etc.
1036 550 1077 556 —
1095 532 1152 565 Sed
1184 541 1241 565 nec

286 588 317 620 in
334 588 393 620 hoo
409 596 518 620 omnes
540 587 788 625 consentiebant,
813 586 882 618 ideo
896 585 995 618 addit:
1022 585 1091 618 Alii
1113 589 1239 617 autem:

286 641 411 679 Etiam,
435 640 553 673 scilicet
576 644 706 682 propter
725 638 1105 677 zelum'aenizltationis,
1130 647 1241 671 secun-

284 694 358 727 dum
376 693 453 726 illud
477 693 680 726 Ecclesiastici
697 692 936 735 quadragesimo
959 696 1068 724 octavo
1081 691 1108 723 ²:
1134 704 1148 720 «
1166 692 1241 723 Sur-

285 747 369 779 rexit
402 747 481 779 Elias
512 746 665 788 propheta
696 745 784 787 quasi
818 745 914 787 ignis,
947 749 977 777 et
1008 745 1141 777 verbum
1174 744 1242 776 eius

283 799 371 841 quasi
396 799 498 832 facula
520 799 695 831 ardebat».
722 799 757 830 Et
780 798 857 831 illud
881 798 1047 830 videbatur
1063 797 1241 839 probabile,

283 853 356 894 quia
380 852 460 885 Elias
475 852 628 894 propheta
651 851 809 884 excellens
832 854 900 884 erat
916 860 977 883 non
997 851 1099 883 solum
1116 851 1146 882 111
1164 851 1241 889 vita,

283 905 335 938 sed
360 906 452 937 etiam
478 905 508 937 in
533 905 688 947 potentia,
713 909 744 937 et
767 905 842 947 quia
873 905 966 936 etiam
989 904 1143 936 adventus
1174 903 1242 936 eius

283 958 457 1000 promissus
480 961 562 996 erat,
595 957 767 990 secundum
804 957 881 989 illud
914 957 1081 988 Malachiae
1112 956 1240 988 ultimo:

288 1011 413 1050 «Ecce,
437 1020 494 1053 ego
526 1011 647 1043 mittam
679 1008 767 1042 vobis
799 1010 893 1041 Eliam
918 1010 1123 1051 prophetant,
1155 1013 1242 1041 ante-

282 1074 376 1106 quam
402 1065 505 1096 veniat
520 1063 587 1096 dies
611 1063 731 1095 Domini
756 1071 888 1104 magnus
911 1066 942 1095 et
966 1062 1127 1094 horribilis
1143 1076 1173 1093 ».
1199 1081 1242 1085 —

282 1119 342 1150 Nec
366 1121 468 1150 tamen
494 1117 524 1149 in
550 1117 608 1149 hoc
632 1125 740 1149 omnes
763 1116 1008 1155 concordabant,
1033 1120 1064 1148 et
1096 1115 1164 1148 ideo
1188 1115 1241 1147 ad-

281 1171 344 1203 dit:
371 1170 480 1209 Aliz'ss,
504 1171 586 1214 quia
611 1169 778 1211 Propheta
794 1179 884 1201 unus
907 1169 945 1201 cte
967 1168 1141 1211 prioribus
1163 1178 1241 1201 sitr-

281 1225 387 1261 reoezt:
410 1228 441 1256 et
466 1225 524 1256 hoc
542 1227 670 1265 propter
694 1232 824 1255 sensam
843 1222 1067 1260 discretionis,
1090 1231 1183 1264 quem
1210 1222 1240 1254 in

282 1287 319 1311 eo
345 1277 566 1315 attendebant;
596 1286 693 1318 supra
719 1276 868 1318 septimo:
898 1289 913 1304 α
932 1276 1085 1317 Propheta
1109 1284 1241 1317 magnus

282 1331 423 1364 surrexit
448 1331 479 1362 in
504 1330 593 1362 nobis
610 1343 644 1368 »;
669 1334 700 1362 et
723 1329 844 1362 loannis
859 1333 976 1363 sexto:
1007 1342 1021 1356 ι(
1039 1329 1092 1361 Hic
1115 1332 1163 1361 est
1186 1328 1240 1370 qui

282 1388 436 1417 venturus
459 1388 506 1416 est
530 1392 604 1416 vere
629 1383 783 1425 Propheta
807 1397 836 1414 ».
862 1382 920 1415 Sed
944 1382 1019 1424 quia
1042 1391 1160 1423 purum
1185 1382 1241 1414 ho-

283 1437 396 1469 minem
421 1436 604 1474 credebant,
620 1435 689 1468 ideo
712 1445 818 1468 unani
842 1436 881 1468 de
895 1435 1068 1477 prioribus
1077 1447 1087 1472 ;
1112 1438 1241 1476 propter

282 1490 366 1532 quod
390 1489 555 1527 errabant,
588 1489 663 1530 quia
694 1498 755 1520 non
780 1492 848 1521 erat
879 1497 963 1520 unus
995 1488 1076 1520 inter
1101 1488 1241 1529 priores,

282 1543 335 1576 sed
360 1551 460 1581 unus,
486 1547 614 1584 propter
638 1551 732 1584 quem
765 1546 1000 1583 praecesserant
1026 1551 1135 1574 omnes
1158 1542 1242 1583 prio-

283 1605 350 1634 res;
375 1596 413 1628 de
448 1605 512 1637 quo
544 1595 775 1627 Deuteronomii
804 1594 924 1627 decimo
954 1597 1107 1627 octavo⁴z
1137 1608 1151 1622 (ι
1170 1594 1243 1626 Pro-

284 1649 409 1690 phetam
434 1648 597 1681 suscitabit
628 1648 779 1679 Dominus
802 1647 840 1679 de
868 1651 960 1689 gente
992 1650 1112 1684 vestra;
1139 1646 1241 1688 ipsum

283 1702 364 1735 sicut
388 1711 437 1734 me
461 1701 639 1733 audietis».
657 1720 700 1724 —-
718 1700 762 1732 Ex
787 1703 872 1732 tanta
896 1700 991 1742 igitur
1016 1700 1166 1732 varietate
1188 1709 1243 1741 ap-

284 1759 389 1797 paret,
414 1754 498 1797 quod
523 1754 635 1787 turbae
658 1754 776 1786 alienae
808 1757 897 1786 erant
920 1763 938 1786 a
962 1753 1093 1786 veritate
1117 1757 1147 1785 et
1170 1752 1241 1785 fidei

284 1808 514 1846 uniformitate3
540 1811 668 1849 propter
688 1807 771 1849 quod
795 1807 911 1840 dicitur
927 1806 963 1839 ad
984 1807 1130 1848 Ephesios
1147 1815 1241 1848 quar-

286 1866 315 1893 to
328 1860 358 1893 ⁵’:
388 1874 403 1889 α
422 1861 485 1893 Νο11
509 1861 608 1893 31111113
632 1860 712 1893 sicut
745 1860 866 1901 parvuli
897 1860 1086 1892 fluctuantes
1117 1863 1148 1892 et
1182 1859 1242 1891 cir-

284 1914 498 1947 cumferamur
522 1914 605 1946 omni
625 1917 716 1945 vento
739 1912 916 1951 doctrinae,
941 1913 978 1945 ad
1002 1913 1243 1946 circumventio-

284 1977 354 2000 nem
380 1968 499 2000 erroris
515 1981 545 1999 ».

373 2021 424 2054 33.
455 2021 555 2062 (Vers.
585 2022 661 2061 ⁶20.)
689 2021 794 2053 Tertio
823 2030 897 2053 vero
924 2024 1077 2062 quantum
1106 2021 1144 2053 ad
1169 2030 1243 2052 con-

285 2075 457 2119 fessionem
484 2073 608 2107 Christi
621 2074 815 2106 mediatoris
838 2073 999 2106 subditur:
1020 2073 1112 2105 Dixit
1134 2077 1244 2106 autem

288 2128 370 2161 iltis:
405 2129 463 2160 Vos
486 2132 597 2160 autem
628 2137 722 2171 quem
747 2137 796 2159 ine
820 2137 887 2159 esse
911 2125 1045 2159 dicitis?
1088 2126 1161 2164 Vos,
1187 2126 1245 2158 sci-

285 2182 357 2215 licet
372 2181 414 2214 ab
431 2181 509 2214 aliis
531 2181 652 2219 selecti,
678 2181 851 2213 secundum
868 2180 945 2212 illud
970 2179 1090 2212 loannis
1114 2179 1245 2211 sextossz

290 2248 305 2263 «
321 2235 381 2276 Ego
403 2234 568 2267 duodecim
585 2243 640 2266 vos
663 2233 740 2275 elegi
754 2245 790 2272 »;
808 2237 838 2266 et
861 2233 983 2265 decimo
999 2232 1125 2274 quinto:
1152 2245 1167 2260 «
1181 2232 1246 2265 Νο11

244 2298 247 2300 ·
286 2297 340 2321 vos
361 2297 409 2320 ine
433 2287 584 2329 elegistis,
602 2287 654 2319 sed
676 2296 732 2328 ego
749 2287 826 2328 elegi
853 2295 907 2319 vos
923 2300 953 2318 ».
977 2286 1030 2318 Vel
1055 2296 1111 2318 vos
1128 2286 1245 2325 amici,

888 232 1079 265 COMMENT.
1104 233 1142 265 IN
1165 232 1405 266 EVANGELIUM
1429 232 1545 265 LUCAE
1570 232 1602 264 C.
1628 233 1675 265 lX.

1305 320 1478 354 secundum
1503 320 1579 353 illud
1604 320 1725 353 loannis
1747 321 1867 354 decimo
1890 321 2017 363 quinto:
2048 334 2063 350 «
2079 322 2141 354 Vos
2156 325 2262 354 autem

1304 373 1370 406 dixi
1387 374 1504 406 amicos
1517 387 1547 405 n.
1565 373 1619 405 Vel
1643 383 1700 405 vos
1722 374 1878 415 speciales
1893 374 2064 416 discipali,
2089 375 2262 407 secundum

1305 427 1381 459 illud
1406 435 1503 468 supra
1519 430 1628 458 octavo
1641 426 1668 458 ⁷:
1698 439 1714 455 a
1730 427 1824 459 Vobis
1847 427 1954 460 datum
1971 431 2019 460 est
2041 437 2132 461 nosse
2148 432 2263 469 myste-

1306 479 1389 511 rium
1413 479 1500 521 regni
1525 479 1627 511 Dei».
1660 480 1720 512 Vos
1747 483 1868 519 autem,
1900 480 1954 522 qui
1986 481 2016 512 in
2046 490 2096 514 me
2119 481 2262 519 creditis,

1304 542 1400 575 quem
1434 542 1485 564 me
1515 542 1582 564 esse
1612 532 1751 565 dicitis?
1784 533 1814 565 id
1848 536 1912 572 est,
1949 534 2157 573 confitemini,
2189 534 2263 576 quia

1310 598 1324 612 α
1350 584 1444 617 001(Ιο
1468 584 1608 617 creditur
1636 585 1675 617 ad
1699 585 1867 624 iustitiam,
1891 594 1946 618 ore
1975 589 2081 619 autem
2111 586 2263 619 confessio

1305 637 1340 669 fit
1363 637 1401 669 ad
1425 637 1603 676 salutem»,
1627 637 1666 669 ad
1691 638 1842 670 Romanos
1865 638 1994 671 decimo.
2012 638 2141 671 —Ideo
2158 638 2263 671 subdi-

1306 694 1379 722 tur:
1413 690 1619 732 Respondens
1651 691 1766 723 Simon
1799 691 1920 723 Petrus
1955 691 2060 724 dixit:
2095 690 2264 724 Christum

1309 744 1384 781 Dei;
1408 744 1492 785 quod
1525 753 1608 777 1111113
1638 753 1696 786 pro
1727 744 1874 777 omnibus
1898 745 2082 786 respondet,
2114 749 2151 777 ut
2181 754 2264 778 com-

1306 797 1472 830 mendetur
1503 797 1608 830 unitas
1640 797 1793 830 Ecclesiae
1824 798 1855 830 111
1888 798 1969 836 fide,
2002 798 2195 832 consessione
2234 801 2265 830 et

1306 850 1518 891 praelatione;
1552 850 1634 883 unde
1666 851 1776 883 Petrus
1809 854 1958 893 tanquam
1990 860 2074 883 unus
2106 851 2265 892 praelatus

1307 903 1493 936 universalis
1518 904 1670 936 Ecclesiae
1702 913 1786 937 unus
1818 914 1876 946 pro
1909 904 2056 936 omnibus
2087 900 2263 945 respondet.

1308 956 1437 997 Propter
1465 956 1549 998 quod
1580 957 1702 989 dicebat
1726 957 1839 990 Paulus
1868 957 1987 999 primae
2018 957 2057 989 ad
2088 957 2265 989 Corinthios

1307 1009 1450 1050 prim081
1480 1022 1495 1038 α
1512 1009 1665 1048 Obsecro,
1690 1014 1725 1042 ut
1756 1010 1785 1042 id
1812 1011 1915 1052 ipsum
1937 1010 2047 1043 dicatis
2077 1019 2202 1049 omnes,
2234 1013 2266 1043 et

1306 1072 1367 1094 non
1392 1063 1453 1095 sint
1478 1063 1508 1094 in
1533 1063 1621 1095 vobis
1644 1063 1812 1096 schismata
1828 1077 1857 1095 n.
1876 1081 1918 1086 ——-
1936 1064 2022 1096 Unde
2038 1065 2150 1096 merito
2176 1064 2265 1097 istius

1306 1115 1507 1148 confessionis
1527 1116 1622 1148 11111113
1646 1125 1703 1158 pro
1723 1117 1869 1149 omnibus
1892 1126 2005 1149 nomen
2028 1117 2120 1149 Petri
2134 1120 2181 1149 est
2196 1125 2266 1149 cou-

1306 1168 1485 1206 firmatum,
1520 1172 1551 1201 et
1582 1169 1770 1202 universalis
1800 1169 1950 1211 praelatio
1983 1179 2078 1211 super
2101 1170 2266 1203 Ecclesiam

1305 1225 1352 1254 est
1376 1231 1542 1260 concessa,
1575 1222 1749 1255 secundum
1779 1223 1863 1264 quod
1893 1223 2009 1255 dicitur
2037 1223 2180 1256 Matthaei
2213 1223 2266 1255 de-

1305 1275 1386 1307 cimo
1410 1279 1517 1307 sexto:
1540 1288 1555 1302 «
1570 1275 1604 1307 Et
1627 1284 1684 1317 ego
1705 1275 1774 1308 dico
1798 1275 1852 1308 tibi
1867 1289 1897 1307 n.
1914 1276 2000 1308 Unde
2020 1279 2164 1317 apparet,
2182 1275 2266 1318 quod

1305 1337 1366 1361 non
1392 1337 1432 1361 ex
1457 1328 1593 1370 impetu,
1626 1329 1679 1361 sed
1708 1331 1814 1361 sancto
1846 1329 1962 1371 Spiritu
1991 1329 2151 1368 incitatus,
2180 1329 2266 1371 prior

1306 1381 1467 1423 respondit
1488 1382 1607 1414 Petrus.
1627 1382 1661 1414 Et
1683 1382 1741 1414 hoc
1761 1386 1807 1414 est
1831 1382 1915 1423 quod
1935 1382 2051 1414 dicitur
2071 1382 2102 1414 in
2119 1382 2265 1414 Glossa⁹:

1312 1449 1327 1463 «
1344 1435 1429 1468 Unus
1455 1444 1511 1476 pro
1534 1435 1681 1468 omnibus
1712 1439 1742 1467 et
1766 1444 1841 1477 prae
1872 1435 2033 1474 omnibus,
2058 1435 2133 1477 quia
2161 1435 2265 1468 senior

1306 1493 1336 1521 et
1362 1489 1507 1530 princeps
1531 1489 1748 1530 Apostolorum
1766 1502 1797 1520 1).

1396 1541 1447 1574 34.
1485 1541 1666 1574 confitendo
1701 1546 1805 1574 autem
1841 1542 1944 1584 ipsum
1979 1541 2148 1575 Christum
2187 1537 2266 1581 Dei,

1307 1596 1476 1628 confitetur
1496 1595 1589 1627 simul
1610 1595 1709 1627 Deum
1730 1604 1840 1627 verum
1862 1599 1893 1627 et
1913 1595 2080 1628 hominem.
2099 1596 2184 1628 Unde
2200 1597 2268 1628 Am-

1308 1647 1433 1679 brosius
1458 1647 1488 1679 in
1512 1647 1619 1679 Glossa
1637 1647 1679 1678 l⁰:
1709 1660 1724 1675 «
1750 1647 1940 1689 Complexus
1964 1651 2011 1680 est
2031 1648 2136 1680 omnia
2159 1649 2213 1690 qui
2237 1652 2268 1681 et

1306 1704 1469 1732 naturam
1490 1704 1521 1733 et
1544 1709 1663 1732 nomen
1682 1701 1848 1742 expressit.
1875 1701 1906 1733 ln
1926 1701 2051 1734 nomine
2075 1701 2157 1734 enim
2178 1700 2270 1734 Clzri-

1306 1755 1351 1786 sti
1366 1757 1397 1787 et
1414 1754 1590 1786 Divinitatis
1610 1757 1641 1786 et
1657 1754 1880 1792 incarnationis
1900 1758 1947 1787 est
1966 1755 2129 1799 expressio
2145 1759 2176 1788 et
2192 1755 2269 1788 fides

1307 1808 1459 1849 passionis
1472 1821 1501 1839 ».
1521 1806 1674 1839 Christus
1690 1808 1772 1840 enim
1797 1808 1948 1849 exprimit
1970 1818 2148 1850 personam
2164 1818 2268 1841 anam

1307 1861 1342 1893 in
1355 1860 1487 1892 (duabus
1499 1860 1634 1892 naturis
1646 1864 1677 1892 et
1690 1860 1884 1902 cliynitatem
1896 1861 2025 1903 regiam
2038 1865 2069 1893 et
2080 1862 2269 1894 sacerdota-

1307 1914 1367 1946 lem
1384 1917 1415 1946 et
1433 1914 1567 1956 yratiae
1586 1913 1823 1956 plenitudinem
1846 1918 1974 1956 propter
1999 1915 2163 1947 unctionis
2179 1923 2270 1956 prae-

1308 1967 1498 2008 rogativam,
1530 1966 1569 1999 de
1600 1976 1664 2008 quo
1692 1967 1723 1998 in
1749 1967 1869 1999 Psalmo
1887 1968 1927 1999 ¹¹:
1957 1980 1972 1996 «ι
1989 1967 2086 2000 Unxit
2113 1971 2143 2000 te
2167 1968 2269 2007 Deus,

1308 2021 1393 2053 Deus
1417 2022 1491 2052 tuus
1514 2020 1583 2052 oleo
1607 2020 1741 2052 laetitiae
1765 2033 1796 2051 ».
1828 2020 1912 2052 Unde
1936 2021 1967 2052 in
1996 2020 2120 2053 nomine
2146 2019 2271 2053 Christi
2288 2026 2417 2074 Pgrasffi-et

1308 2073 1494 2114 intelligitur
1519 2077 1658 2111 unctus,
1684 2082 1811 2114 unpens
1835 2076 1866 2105 et
1882 2082 1945 2116 quo
1970 2073 2130 2115 unquam
2154 2082 2189 2106 ac
2213 2083 2270 2115 per

1309 2127 1369 2158 hoc
1390 2126 1483 2158 simul
1503 2126 1604 2164 Pater,
1623 2125 1761 2157 Verbum
1785 2129 1816 2158 et
1832 2125 1982 2167 Spiritus,
2003 2125 2175 2158 secundum
2193 2126 2268 2158 illud

1311 2179 1404 2211 Isaiae
1415 2178 1609 2220 sexagesimo
1619 2178 1735 2220 primo:
1751 2191 1766 2206 «
1776 2179 1911 2220 Spiritus
1921 2176 2042 2210 Domini
2056 2188 2151 2220 super
2162 2188 2221 2218 me,
2234 2188 2270 2212 eo

1311 2232 1394 2274 quod
1412 2232 1542 2277 unxerit
1559 2241 1609 2264 me
1622 2245 1705 2263 ».—
1716 2232 1902 2274 Intelligitur
1919 2232 2011 2265 etiam
2029 2233 2113 2265 uncti
2131 2238 2270 2271 natura,

1309 2286 1441 2328 qratia,
1466 2295 1529 2328 qua
1553 2286 1693 2327 ungitur,
1711 2290 1741 2318 et
1765 2286 1929 2328 (Itynitas,
1953 2285 1991 2317 ad
2008 2295 2103 2327 quam
2128 2286 2270 2328 ungitur,

358 2503 367 2518 ¹
389 2504 463 2529 νει-3.
488 2503 529 2529 15.
548 2517 584 2523 -
601 2503 652 2529 Csr.
671 2503 806 2536 Ambros,
827 2505 867 2530 Vl.
889 2505 914 2530 in
933 2505 996 2530 Luc.
1015 2512 1039 2530 n.
1059 2505 1102 2530 96.

358 2546 368 2561 ²
390 2549 462 2573 Vers.
485 2548 507 2573 i.
528 2562 562 2567 —
581 2547 697 2573 Subinde
721 2548 848 2580 allegatur
867 2549 974 2574 lllalach.
994 2548 1022 2578 4,
1043 2549 1067 2574 5.

358 2590 368 2606 ³
390 2593 499 2624 Vulgata
519 2596 544 2618 et
565 2593 622 2618 Vat.
643 2592 698 2619 Alii
715 2599 794 2625 vero,¹
814 2593 892 2618 codd.
905 2596 931 2618 et
950 2593 1017 2618 Beda
1038 2593 1160 2618 omittunt
1175 2599 1245 2619 vero.

288 2651 322 2655 —
342 2637 398 2662 Duo
417 2643 491 2669 seqq.
510 2637 559 2662 loci
581 2640 641 2662 sunt
660 2637 721 2662 Luc.
741 2637 770 2667 7,
792 2637 834 2662 16.
853 2640 878 2662 et
898 2638 966 2663 loan.
987 2637 1016 2668 6,
1038 2637 1079 2662 14.

358 2680 369 2694 ¹
390 2681 463 2706 Vers.
479 2681 519 2706 45.
534 2695 569 2700 —-
582 2681 707 2713 Superius
721 2680 803 2707 verbo
817 2680 960 2708 credebant
972 2682 994 2707 H
1007 2682 1128 2714 praefigit
1141 2681 1245 2715 ipsum,·

290 2726 346 2751 Vat.
366 2725 537 2756 ezistimant,
558 2724 614 2751 ideo
634 2733 720 2751 unum
740 2725 771 2752 de
786 2725 927 2759 prioribus
948 2725 1037 2759 ipsum
1056 2725 1204 2752 credebant.

358 2768 369 2783 ⁶
391 2770 463 2795 Vers.
488 2770 534 2800 14,
554 2769 598 2795 11111
621 2770 730 2801 Vulgata
750 2770 823 2802 plura
843 2770 980 2795 interserit.

360 2811 371 2826 ⁶
389 2814 462 2839 Vers.
482 2813 529 2844 71,
550 2817 608 2844 post
626 2820 706 2845 quem
732 2814 801 2839 ioan.
823 2814 866 2844 15,
888 2814 928 2838 le.
948 2816 974 2839 et
995 2814 1035 2839 l5.
1057 2829 1089 2832 —-
1110 2813 1246 2840 Substitui-

289 2865 348 2883 mus
367 2857 400 2883 ab
419 2857 480 2883 aliis
500 2856 589 2883 selecti
608 2857 708 2889 (Glossa
729 2856 846 2883 interlin.
866 2858 891 2883 iu
912 2858 998 2884 Matth.
1014 2858 1062 2891 16,
1078 2859 1124 2884 ¹5:
1139 2857 1248 2885 discreti

289 2902 322 2928 ab
340 2902 411 2934 aliis)
433 2909 480 2934 pro
499 2900 533 2927 ab
551 2900 613 2927 aliis
632 2900 714 2928 electi.

359 2944 369 2959 ⁷
391 2947 463 2972 Vers.
486 2946 527 2970 lO.
548 2959 581 2963 —-
601 2946 724 2978 Sequitur
743 2947 820 2972 Boin.
841 2947 887 2978 110,
908 2947 950 2972 io.

360 2989 370 3004 Β
391 2991 465 3016 Vers.
485 2990 526 3015 lo.
546 3003 582 3008 —-
601 2989 717 3016 Subinde
736 2991 862 3023 allegatur
881 2992 966 3017 Matth.
989 2992 1034 3023 16,
1056 2992 1097 3016 18.
1110 3005 1146 3010 -
1158 2992 1247 3018 Glossa

290 3034 432 3062 ordinaria
453 3035 477 3060 in
498 3035 583 3060 Matth.
606 3035 650 3067 116,
681 3036 724 3060 16;
745 3035 805 3061 ldeo
826 3043 894 3061 unus
912 3036 1084 3068 respondens,
1103 3038 1128 3061 et
1147 3036 1190 3062 uni
1211 3043 1248 3061 re-

289 3080 433 3112 spondetur
452 3086 500 3111 pro
520 3078 658 3111 omnibus,
677 3083 705 3105 ut
725 3080 809 3106 unitas
829 3080 854 3105 in
870 3080 993 3106 omnibus
1011 3080 1176 3106 observetur.

360 3122 371 3137 ⁰
390 3124 479 3149 Glossa
500 3123 695 3150 interlinearis:
719 3134 732 3147 α
746 3124 915 3158 Respondeas
935 3124 1029 3152 Simon
1049 3125 1145 3151 Petrus
1164 3124 1247 3156 discit,

290 3176 358 3194 unus
379 3176 425 3200 pro
445 3168 568 3194 omnibus
582 3178 607 3193 n.
625 3167 702 3196 Card.
722 3169 798 3201 Hugo
824 3170 892 3195 113110
910 3171 1063 3195 sententiam
1089 3169 1179 3195 tribuit
1204 3170 1248 3195 Be-

290 3212 353 3245 dae,
372 3213 417 3246 qui
438 3216 523 3238 tamen
543 3219 574 3237 ex
592 3212 730 3238 Ambrosio
752 3213 804 3245 (Vl.
824 3213 849 3238 in
863 3213 924 3239 Luc.
944 3220 971 3238 11.
991 3214 1044 3247 93.)
1065 3215 1128 3239 haec
1147 3216 1247 3239 tantum

290 3258 363 3282 affert
377 3256 472 3282 verba:
488 3267 501 3280 u
515 3257 585 3283 Licet
604 3257 681 3282 ceteri
696 3257 809 3289 Apostoli
823 3258 920 3289 sciant,
934 3258 1024 3284 Petrus
1038 3261 1124 3284 tamen
1143 3264 1249 3290 respon-

291 3295 329 3326 dit
347 3307 411 3332 prae
429 3301 522 3326 ceteris
535 3310 559 3326 ».
579 3301 669 3326 Glossa
690 3301 870 3328 interlinearis
891 3302 1015 3337 invMatth.
1037 3303 1084 3333 16,
1106 3303 1155 3327 ⁴6:
1181 3312 1192 3325 11
1205 3302 1250 3328 Re-

290 3344 423 3378 spondeas
447 3349 509 3377 etc.,
534 3345 619 3371 sciunt
644 3349 669 3371 et
694 3345 823 3377 Apostoli,
849 3346 894 3372 sed
920 3347 1010 3372 Petrus
1034 3347 1176 3379 respondet
1200 3353 1249 3384 pro

291 3389 413 3415 omnibus
427 3399 451 3414 n.
465 3389 536 3415 ldem
555 3391 633 3416 refert
645 3390 735 3416 Glossa
754 3389 936 3417 interlinearis
957 3391 982 3416 in
996 3391 1072 3417 Marc.
1093 3392 1122 3422 8,
1142 3391 1185 3417 29.
1198 3390 1248 3417 Ct’r.

1310 2504 1458 2535 chrysost,
1478 2503 1571 2529 Homil.
1592 2503 1635 2529 54.
1664 2503 1739 2534 (alias
1758 2503 1812 2535 55.)
1834 2503 1861 2527 in
1883 2503 1971 2528 Mattli.
1995 2510 2021 2528 11.
2045 2503 2070 2528 l:
2096 2503 2165 2535 Quid
2191 2503 2270 2535 igitur

1310 2555 1339 2574 os
1359 2548 1543 2580 Apostolorum
1563 2548 1674 2573 Petrus?
1700 2548 1810 2578 Semper
1835 2548 1952 2577 fervens,
1977 2547 2050 2572 chori
2076 2547 2211 2579 apostolici
2230 2554 2270 2573 co-

1310 2594 1455 2624 ryphaeus,
1474 2591 1598 2618 omnibus
1616 2590 1796 2622 interrogatis,
1815 2591 1871 2622 ipse
1889 2591 2039 2623 respondet.

1381 2635 1403 2651 ¹⁰
1424 2637 1527 2662 Scilicet
1545 2635 1687 2662 ordinaria
1701 2635 1846 2661 secundum
1867 2634 2001 2666 Atnb1·OS.,
2016 2635 2058 2660 Vl.
2074 2636 2098 2660 in
2112 2636 2174 2661 Luc.
2188 2643 2212 2661 u.
2227 2636 2270 2661 93.

1310 2695 1345 2700 -
1363 2682 1453 2706 Glossa
1478 2679 1660 2706 interlinearis
1686 2680 1710 2706 in
1730 2680 1817 2705 Matth.
1840 2680 1886 2710 16,
1913 2680 1960 2704 116ι
1983 2680 2021 2706 Tu
2047 2687 2074 2706 es
2093 2684 2156 2711 etc,
2175 2687 2269 2706 verum

1310 2725 1443 2750 hominem
1463 2728 1488 2750 et
1508 2731 1600 2749 verum
1620 2724 1704 2749 Deum
1724 2724 1806 2750 credit
1825 2727 1851 2749 et
1869 2723 2014 2749 confltetur.

1382 2768 1402 2783 ¹¹
1423 2770 1517 2794 Psalm.
1538 2769 1585 2801 44,
1606 2770 1630 2794 8.
1649 2768 1701 2794 Csr.
1721 2768 1801 2794 Hebr.
1824 2769 1847 2801 l,
1867 2769 1891 2793 8.
1911 2775 1965 2801 seq.
1979 2769 2132 2795 —lnferius
2144 2769 2271 2801 allegatur

1310 2815 1365 2840 lsai.
1387 2814 1429 2846 ol,
1451 2814 1474 2839 l.
1488 2828 1522 2833 —
1536 2813 1672 2845 Ambros.,
1692 2814 1710 2839 l.
1729 2813 1762 2839 de
1776 2814 1843 2846 Spir.
1861 2813 1885 2838 S.
1906 2820 1928 2838 c.
1948 2814 1973 2839 3.
1987 2820 2011 2839 n.
2033 2813 2079 2839 44:
2095 2814 2119 2839 Si
2139 2813 2270 2840 Christum

1311 2858 1396 2890 dicas,
1417 2861 1442 2884 et
1462 2859 1543 2884 Deum
1564 2858 1681 2889 Patrem,
1701 2865 1716 2883 a
1729 2865 1783 2891 quo
1803 2860 1897 2883 unctus
1916 2860 1955 2883 est
1967 2858 2061 2889 Filius,
2080 2862 2106 2884 et
2119 2858 2205 2890 ipsum
2224 2859 2269 2891 qui

1311 2907 1405 2928 unctus
1425 2905 1464 2929 est
1483 2903 1588 2934 Filium,
1603 2905 1628 2928 et
1648 2902 1775 2934 Spiritum
1795 2904 1930 2933 sanctum,
1949 2909 2002 2935 quo
2022 2905 2116 2928 unctus
2135 2905 2187 2934 est,
2206 2903 2271 2929 desi-

1311 2947 1405 2978 gnasti.
1424 2947 1555 2979 Scriptum
1575 2950 1614 2972 est
1633 2946 1703 2972 enim
1724 2945 1792 2980 [Act.
1820 2947 1865 2978 lo,
1880 2945 1951 2980 38.]:
1972 2946 2049 2973 Hunc
2074 2947 2163 2973 Iesum
2182 2954 2200 2973 α
2218 2947 2271 2974 Να-

1310 2991 1419 3024 zareth,
1442 2998 1520 3025 quem
1547 2991 1630 3018 unxit
1657 2991 1728 3017 Deus
1754 2990 1859 3024 Spiritu
1883 2992 1977 3018 sancto
2001 2995 2051 3017 etc.
2075 2991 2126 3018 Cir.
2151 2995 2213 3017 tom.
2233 2992 2271 3018 lll.

1311 3043 1372 3068 pag.
1394 3036 1459 3068 115,
1484 3039 1544 3061 nota
1572 3036 1614 3061 ll.
1633 3034 1698 3061 lbid.
1724 3035 1750 3061 d.
1776 3035 1817 3060 lt.
1843 3035 1907 3061 dub.
1933 3037 1957 3061 l:
1980 3035 2130 3062 «Christus
2156 3036 2272 3062 nominat

1312 3087 1457 3112 personam·
1473 3079 1550 3106 Verbi
1572 3080 1644 3106 utin
1664 3079 1767 3106 duabus
1787 3080 1923 3111 naturis»,
1943 3084 1968 3106 et
1987 3080 2013 3106 d.
2036 3081 2074 3106 l8,
2096 3080 2159 3106 dub.
2180 3082 2209 3106 2:
2229 3080 2271 3107 Fi-

1312 3124 1364 3151 lias
1384 3124 1432 3151 Dei
1451 3125 1567 3150 nominat
1585 3131 1726 3157 personam
1746 3124 1771 3149 in
1791 3131 1846 3150 una
1869 3122 1976 3156 natura3
1996 3124 2119 3151 Christus
2138 3129 2225 3151 autem
2246 3128 2271 3151 et

1311 3170 1386 3195 Iesus
1405 3169 1541 3195 nominant
1559 3176 1699 3201 personam
1719 3168 1744 3194 in
1763 3167 1869 3194 duabus
1887 3168 2000 3199 naturis;
2019 3169 2066 3195 sed
2086 3168 2209 3195 Christus
2227 3176 2271 3195 no-

1312 3214 1393 3240 minat
1411 3220 1551 3245 personam
1565 3214 1590 3239 in
1610 3213 1732 3239 humana
1751 3215 1843 3238 natura
1856 3213 1934 3238 relata
1954 3213 1986 3238 acl
2007 3212 2137 3243 divinam,
2157 3213 2219 3245 quia
2235 3213 2272 3239 di-

1312 3259 1378 3284 citur
1397 3259 1504 3284 unctas.
1525 3259 1598 3284 lesus
1617 3261 1705 3283 autem
1725 3257 1845 3283 nominat
1864 3263 2003 3290 personam
2024 3257 2050 3283 in
2069 3256 2161 3284 divina
2178 3261 2271 3283 natura

1311 3303 1390 3328 relata
1411 3302 1444 3328 ad
1463 3301 1626 3334 humanam,
1646 3302 1707 3335 quia
1727 3302 1801 3328 lesus
1820 3302 1914 3328 dicitur
1938 3302 2057 3327 Salvator
2074 3308 2144 3334 esse,
2164 3305 2189 3327 et
2210 3302 2270 3327 ideo

1312 3346 1339 3372 in
1351 3346 1459 3372 nomine
1473 3347 1533 3372 lesu
1547 3345 1648 3372 Christi
1665 3345 1743 3372 debet
1756 3353 1833 3372 omne
1852 3353 1921 3378 genu
1936 3346 2039 3372 curvari
2059 3344 2134 3379 [Phil.
2156 3346 2184 3376 2,
2206 3344 2270 3379 vl0.]‚

1312 3391 1380 3417 sicut
1397 3391 1424 3416 in
1443 3391 1550 3417 nomine
1569 3390 1634 3418 Filii
1645 3390 1701 3417 Dei.

2283 647 2392 669 Confessio

2305 674 2373 695 Petri.

2285 1070 2415 1092 Notandum.

2299 1548 2322 1569 ln
2336 1548 2420 1570 nomine
2465 1566 2467 1571 .

2286 1575 2366 1596 Christi
2381 1575 2421 1596 tria
2438 1600 2439 1604 Ἰ
2466 1574 2467 1591 1

2286 1602 2424 1623 insinuantur.
2465 1610 2467 1615 ·

2289 2293 2371 2314 Gratia.
