2427 3872
563 521 628 547 MAG

331 568 432 593 Micam
452 568 487 585 '—
507 566 607 598 peccati
627 564 810 590 abominabilis
826 566 879 595 est,
892 565 919 588 et

279 612 337 637 ideo
362 611 461 643 indiget
489 610 570 635 lavari
599 609 631 634 Vl
658 609 710 635 543
732 608 746 633 4
765 622 801 627 —
820 607 919 639 peccati

278 656 379 681 deletur
398 662 445 687 per
465 658 578 680 mortem
601 653 694 679 Christi
714 653 761 678 594
786 659 812 677 v.
833 652 866 677 50
886 665 921 670 -

277 701 432 726 Sanctorum
451 705 511 725 sunt
530 698 663 724 abstersae
677 704 724 729 per
737 696 848 728 gratiam
868 696 919 721 263

279 746 312 770 82
332 758 367 763 -
386 745 454 770 nulla
476 744 521 768 fuit
539 743 565 768 in
584 742 687 768 Christo
706 740 769 767 ibid.

332 790 471 814 Maenium
490 802 525 805 —
539 790 578 813 est
591 786 720 818 oppidum
733 784 851 810 secundo
864 785 921 809 11111-

280 834 352 859 liario
367 840 380 858 a
395 832 534 859 Tiberiade
548 832 591 857 Vll
606 831 657 856 489
672 831 686 855 3
709 829 770 855 Vide
782 836 807 855 v.
819 828 920 855 Maria.

333 878 397 903 Mam
415 891 451 896 --
466 874 629 902 invenerunt
641 876 736 904 lesum,
750 874 811 906 quia
826 872 921 898 habue-

280 925 339 948 runt
358 921 530 950 munditiam,
552 919 690 950 iustitiam,
711 917 882 943 humilitatem
896 920 921 942 et

280 966 453 991 reverentiam
468 965 511 990 Vll
526 965 559 989 52
579 964 610 989 37
632 977 668 982 -
686 963 799 987 offerunt
818 961 919 987 Christo

280 1010 371 1035 infanti
390 1016 498 1035 munera
519 1008 541 1033 ei
562 1010 636 1039 grata
656 1005 717 1032 ibid.

333 1055 510 1080 iliacisrnsrus
528 1065 562 1071 —
582 1050 691 1082 regebat
719 1050 847 1081 populum
874 1056 920 1081 per

280 1098 427 1123 doctrinam
449 1097 489 1121 Vll
510 1096 562 1121 560
581 1095 616 1120 65

333 1143 455 1167 ilisaisrfu
477 1155 509 1159 —
522 1140 651 1165 efficimur
666 1139 698 1164 de
712 1139 848 1170 discipulis
862 1140 920 1170 post

282 1187 393 1212 multum
413 1185 544 1211 silentium
565 1184 608 1209 Vll
628 1183 678 1208 603
699 1184 733 1208 63
752 1196 788 1201 -
806 1182 919 1213 Magistri

281 1235 320 1257 est
338 1231 433 1256 docere
462 1229 605 1261 discipulos
626 1235 677 1253 non
697 1227 865 1258 intelligentes
887 1227 919 1251 Vl

281 1276 333 1301 297
353 1275 385 1301 53
400 1288 436 1293 —-
449 1274 533 1299 Homo
554 1275 662 1304 propter
682 1272 779 1297 malum
799 1271 920 1303 ignoran-

280 1320 331 1345 tiae
350 1319 451 1350 indiget
465 1318 590 1349 magistro
609 1317 661 1342 602
683 1317 692 1340 1
717 1330 751 1335 -
771 1316 810 1341 Ad
831 1316 921 1341 instru-

281 1364 394 1389 ctionem
409 1370 461 1388 non
481 1363 566 1387 solum
583 1362 652 1386 valet
664 1360 769 1389 audire,
784 1360 829 1386 sed
843 1360 921 1385 etiam

281 1409 372 1437 videre
391 1408 547 1439 magistrum
568 1406 619 1431 630
641 1405 672 1430 43
692 1419 727 1422 —
748 1404 859 1436 Magistri
883 1408 922 1430 est

283 1453 376 1478 sedere
395 1451 446 1477 354
467 1452 482 1476 3

336 1510 370 1515 —
390 1495 508 1522 Christus
527 1498 566 1520 est
593 1501 713 1520 summus
742 1494 866 1525 magister
890 1494 922 1519 Vl

283 1542 316 1566 98
336 1548 363 1565 v.
384 1541 425 1565 44.
447 1539 496 1564 427
519 1539 559 1564 17,
581 1539 631 1564 509
652 1538 685 1563 24
713 1553 748 1556 -
770 1538 924 1564 Sacerdotes

283 1588 342 1611 suut
362 1584 481 1616 magistri
501 1584 573 1609 missi
593 1590 606 1608 a
627 1583 727 1609 Christo
748 1583 780 1607 98
801 1590 827 1607 v.
847 1583 874 1607 44
901 1597 905 1600 <

338 1630 440 1655 MAonus
458 1642 493 1647 —
512 1629 597 1653 Homo
616 1627 712 1652 virtute
725 1627 753 1651 fit
766 1633 878 1658 magnus
892 1627 923 1652 Vl

285 1675 336 1700 552
355 1681 382 1699 v.
405 1674 438 1699 30
459 1687 491 1690 —
512 1673 604 1704 Magna
625 1674 733 1703 propter
752 1671 922 1696 humilitatem

285 1726 299 1744 a
319 1718 394 1744 nobis
413 1724 551 1742 removere
570 1715 700 1742 debemus
722 1715 748 1740 11
774 1722 798 1739 v.
819 1716 834 1740 2

338 1763 492 1788 MAROMETUS
518 1775 551 1779 —
577 1761 648 1790 dixit,
667 1766 696 1785 se
724 1765 781 1784 esse
809 1759 924 1791 aliquem

288 1814 415 1839 magnum
435 1807 478 1832 Vll
499 1806 550 1832 525
571 1805 603 1830 14
623 1819 658 1823 -
678 1804 738 1829 Post
750 1810 811 1829 eum
825 1803 926 1829 vadunt

288 1859 380 1877 omnes
398 1851 520 1877 luxuriosi
541 1849 603 1876 ibid.

340 1897 421 1922 Milton
441 1910 476 1915 -—
495 1898 534 1921 est
552 1895 593 1919 ille
619 1894 664 1926 qui
694 1893 778 1925 magis
797 1900 824 1918 se
844 1892 926 1918 humi-

287 1941 330 1966 liat
360 1941 400 1966 Vll
430 1940 481 1965 244
512 1940 544 1964 89
571 1953 604 1957 —-
627 1938 711 1963 Tanto
740 1937 800 1970 quis
828 1937 926 1967 maior,

286 1988 383 2018 quanto
413 1985 497 2010 minor
525 1983 587 2009 ibid.
617 1997 650 2000 -—
679 1981 758 2007 debet
785 1988 842 2007 esse
862 1981 928 2007 sicut

286 2029 371 2054 minor
399 2036 446 2060 per
474 2028 646 2054 humilitatem
676 2026 702 2051 in
722 2025 802 2051 corde
823 2026 873 2051 550
895 2025 927 2050 37

288 2088 321 2092 —
341 2077 379 2099 est
398 2074 443 2106 qui
463 2072 595 2099 recumbit
614 2071 760 2097 secundum
781 2076 882 2096 morem
903 2072 928 2095 et

287 2125 364 2143 usum
385 2118 561 2148 mundanum,
581 2123 634 2142 non
654 2115 773 2141 divinum
794 2114 840 2139 554
860 2114 892 2139 38

340 2177 374 2181 —
394 2163 468 2187 Pater
488 2162 583 2187 dicitur
603 2161 687 2186 maior
706 2158 928 2185 Filiosecundum

288 2207 466 2232 auctoritatem
487 2209 585 2231 tantum
608 2206 639 2230 vt
661 2204 711 2230 445
733 2204 764 2229 47
786 2202 814 2228 2*

342 2252 458 2286 MAtcuus
475 2264 510 2269 —
533 2253 572 2275 est
599 2250 684 2281 figura
713 2248 804 2280 populi
833 2246 928 2272 ludaici

290 2295 330 2320 Vll
352 2296 402 2320 566
426 2296 458 2320 63
478 2308 513 2313 -
532 2294 719 2325 interpretatur
743 2299 788 2317 rex
814 2290 875 2317 ibid.
895 2304 930 2309 —

291 2339 405 2370 perdidit
432 2339 575 2364 auriculam
601 2338 733 2363 dexteram
754 2335 816 2362 ibid.
836 2349 870 2354 —
889 2342 930 2360 sa-

289 2386 365 2408 natus
386 2384 432 2408 fuit
451 2389 465 2407 a
486 2382 588 2408 Christo
608 2381 670 2407 ibid.

343 2427 504 2452 MAtanicsnr,
525 2440 557 2444 —
577 2429 615 2451 est
643 2433 657 2451 a
686 2426 740 2451 Deo
766 2423 929 2457 prohibitum

292 2470 323 2494 Vl
346 2470 394 2495 443
415 2477 441 2495 v.
461 2471 476 2494 6
498 2484 530 2488 —
550 2470 604 2495 Non
623 2469 834 2495 maledicendum
850 2468 876 2493 in
891 2474 932 2493 oc-

292 2514 360 2539 culto
380 2513 414 2538 84
433 2521 459 2546 q.
478 2528 512 2531 —
533 2514 695 2539 Declinantes
714 2521 727 2538 a
743 2513 872 2538 mandatis
885 2512 930 2537 Dei

293 2561 353 2582 sunt
381 2557 509 2582 maledicti
539 2557 563 2582 in
593 2557 722 2589 praesenti
752 2560 776 2582 et
799 2557 824 2582 in
845 2558 932 2582 futuro

295 2602 344 2626 113
370 2608 397 2626 v.
416 2601 431 2625 6
454 2614 485 2618 -
505 2601 627 2631 Operatio
657 2601 798 2632 impiorum
828 2600 933 2626 maledi-

293 2646 379 2671 ctione
398 2647 500 2670 aeterna
521 2644 600 2675 (ligna
619 2647 657 2669 est
678 2645 727 2669 129
747 2651 772 2669 ν.
798 2645 825 2669 12

348 2690 512 2714 ΜΑιεΡΑοεηΕ
532 2702 565 2705 ——
586 2687 807 2712 benefacientibus
832 2691 870 2713 est
890 2688 934 2713 im·

296 2734 369 2766 pium
390 2736 415 2758 et
434 2732 644 2757 crudelissimum
665 2731 706 2756 Vll
728 2731 776 2755 456
791 2731 825 2755 79
839 2745 872 2749 -
886 2732 935 2756 Ma-

295 2778 359 2804 lessci
380 2782 450 2803 extra
471 2780 554 2802 castra
574 2775 762 2801 occidebantur
781 2774 832 2799 576
854 2774 886 2799 39

352 2823 414 2847 mm
433 2835 468 2840 —
487 2823 548 2846 sunt
568 2819 694 2845 tolerandi
713 2819 755 2844 Vll
776 2818 827 2843 548
847 2818 880 2843 30
901 2832 934 2835 ——

296 2865 436 2891 cohibendi
456 2868 516 2891 sunt
537 2865 567 2890 Vl
592 2864 624 2889 69
645 2871 669 2896 q.
692 2864 700 2888 4
726 2877 759 2881 —
780 2863 864 2888 Homo
883 2869 935 2887 non

296 2909 375 2936 debet
393 2910 542 2942 vituperare
561 2909 642 2934 malos
656 2908 688 2933 84
704 2907 721 2933 b
734 2921 768 2926 —
782 2907 879 2939 dignus
898 2909 937 2932 est

298 2955 428 2985 vituperio
448 2953 483 2980 ib.
504 2960 561 2985 arg.
581 2953 590 2978 4
615 2966 650 2972 —
670 2953 718 2978 Pro
738 2958 790 2977 uno
803 2951 871 2977 malo
885 2958 935 2976 non

296 3002 335 3024 est
354 2997 582 3024 scandalizandum
601 3001 690 3022 contra
703 2996 935 3028 congregationem

298 3043 424 3068 iustorum
448 3042 488 3067 Vll
509 3041 554 3066 544
580 3040 595 3066 4

352 3100 386 3105 —
411 3086 457 3119 qui
485 3086 626 3111 audierunt
654 3085 799 3110 doctrinam
827 3084 936 3117 Christi,

299 3133 359 3156 sunt
378 3129 566 3156 inexcusabiles
585 3130 617 3154 Vl
639 3129 689 3155 454
710 3129 743 3154 35
762 3142 797 3148 -·
817 3129 840 3154 in
861 3129 937 3160 peius

299 3174 451 3205 proflciunt.
470 3176 568 3206 quanto
587 3173 672 3205 magis
691 3173 729 3198 eis
749 3173 844 3198 veritas
857 3173 937 3204 expli-

300 3221 373 3243 catur
398 3217 447 3242 334
469 3217 501 3242 89
523 3231 555 3236 -
576 3216 672 3242 habent
700 3217 856 3243 intellectum
885 3217 938 3242 illu-

300 3261 426 3287 minatum
445 3261 478 3286 ad
499 3261 642 3287 videndum
663 3261 741 3286 multa
761 3267 822 3286 vera
836 3261 870 3286 de
883 3260 937 3286 Deo

300 3308 326 3330 et
344 3305 470 3330 creaturis
484 3311 531 3336 per
544 3305 719 3336 cognitionem
734 3305 819 3330 solum
834 3304 866 3330 24
880 3311 907 3337 q.
922 3305 937 3330 3

355 3362 389 3367 --
407 3347 538 3374 Maleficus
566 3348 620 3374 odit
645 3349 744 3380 lucem,
763 3349 824 3382 quia
851 3348 937 3380 ipsum

302 3392 447 3418 manifestat
466 3392 498 3417 Vl
519 3391 570 3417 554
591 3399 616 3417 v.
636 3392 669 3417 20
689 3406 722 3411 —
741 3399 832 3418 omnes
846 3391 938 3418 abhor-

1142 253 1256 286 lNDEX
1284 253 1411 286 RERUM

1243 379 1305 433 M

958 565 1015 587 rent
1043 562 1280 588 manifestationem
1307 561 1474 593 turpitudinis
1494 561 1545 587 284
1566 561 1599 586 37

957 621 992 624 —
1010 606 1123 632 oderunt
1141 607 1227 632 lucem
1252 606 1303 631 535
1330 607 1345 631 2
1365 621 1400 624 -
1419 608 1566 638 arguuntur
1585 612 1599 630 a

958 651 1057 676 lumine
1082 649 1145 676 ibid.
1164 664 1198 669 —-
1223 650 1335 676 oderunt
1361 649 1492 676 Christum
1512 650 1596 675 lucem

960 694 1010 720 453
1031 695 1059 720 31
1084 709 1119 713 ——
1138 697 1220 727 agunt
1239 695 1265 720 in
1284 695 1387 720 occulto
1407 694 1449 719 Vll
1467 693 1513 719 541
1530 695 1545 719 3
1565 707 1600 713 -

958 742 1057 772 quanto
1071 739 1158 764 minus
1176 742 1301 771 apparet,
1320 742 1392 764 tanto
1411 738 1497 763 minus
1511 738 1600 770 argui-

959 786 1000 809 tur
1019 786 1045 809 et
1064 786 1134 809 tanto
1153 783 1295 816 requiescit
1313 783 1432 808 securius
1452 782 1504 807 295
1523 782 1557 807 56

1011 841 1046 847 -
1066 828 1156 860 scripti
1172 828 1296 853 dicuntur
1309 827 1333 852 in
1348 830 1416 852 terra
1431 827 1463 852 Vl
1483 826 1529 852 172
1543 833 1570 851 v.
1585 825 1599 851 4

958 885 994 890 -
1012 872 1122 898 tendunt
1141 872 1173 897 ad
1194 879 1246 897 non
1265 878 1323 897 esse
1340 874 1366 896 et
1378 878 1431 896 non
1445 870 1543 896 debent
1555 877 1601 895 nu-

959 916 1053 941 merari
1074 916 1119 941 421
1145 916 1178 941 54
1197 929 1234 935 —-
1252 922 1306 940 non
1320 918 1506 947 computantur
1519 921 1533 939 a
1546 915 1600 940 Deo

959 960 1010 985 205
1030 968 1056 985 ν.
1076 962 1090 986 2
1112 975 1144 978 —
1164 961 1198 986 de
1218 960 1379 985 mundorum
1395 966 1507 984 numero
1519 959 1601 984 exclu-

958 1004 1028 1030 ditur
1048 1004 1099 1030 599
1120 1006 1135 1030 3

1011 1063 1046 1068 —-
1065 1049 1136 1074 Malis
1155 1056 1203 1081 per
1222 1049 1318 1074 multas
1336 1048 1519 1079 generationes
1532 1053 1601 1072 com-

959 1093 1073 1119 minatus
1096 1096 1135 1119 est
1163 1094 1233 1118 Deus
1262 1092 1305 1117 vu
1335 1092 1385 1117 308
1406 1092 1440 1117 98
1460 1105 1495 1110 -
1514 1098 1529 1116 a
1548 1091 1602 1116 Deo

959 1137 1118 1164 deseruntur
1143 1140 1252 1169 propter
1279 1137 1382 1162 illorum
1413 1136 1601 1168 malignitatem

960 1182 993 1207 Vl
1015 1182 1067 1207 577
1086 1189 1112 1207 v.
1132 1182 1166 1208 59

1012 1241 1047 1245 -
1066 1229 1192 1259 tanquam
1222 1225 1315 1252 umbra
1345 1227 1480 1250 transeunt
1509 1224 1542 1249 Vl
1568 1224 1601 1249 68

959 1278 986 1295 v.
1007 1271 1039 1296 13
1057 1284 1093 1289 -
1111 1270 1181 1296 iusto
1202 1269 1299 1295 iudicio
1314 1269 1360 1295 Dei
1381 1269 1407 1294 in
1426 1275 1455 1294 se
1474 1270 1500 1293 et
1518 1271 1602 1300 poste·

959 1315 996 1340 ris
1015 1315 1086 1340 servi
1106 1315 1171 1340 fiunt
1191 1314 1224 1339 69
1243 1321 1269 1346 q.
1292 1314 1301 1338 4
1323 1313 1349 1338 vl·
1369 1326 1404 1332 —
1418 1313 1515 1338 cadunt
1534 1315 1604 1338 retro

960 1359 1003 1384 Vll
1024 1358 1074 1384 436
1095 1359 1123 1384 31
1434 1387 1438 1389 ,

1013 1417 1049 1422 -
1067 1403 1176 1436 quidam
1206 1406 1312 1435 peccata
1342 1402 1516 1434 multiplicant
1533 1404 1559 1427 et
1578 1402 1603 1427 in

960 1448 998 1473 eis
1017 1448 1165 1473 moriuntur
1193 1448 1225 1472 Vl
1248 1447 1282 1473 69
1305 1454 1331 1479 q.
1352 1448 1367 1472 2
1388 1461 1421 1465 -
1441 1446 1550 1479 quidam
1570 1446 1604 1471 ad

961 1492 1044 1517 Deum
1064 1495 1233 1518 revertuntur
1251 1491 1314 1518 ibid.
1333 1505 1369 1510 —
1388 1491 1459 1516 Malis
1471 1491 1506 1516 ad
1520 1491 1604 1516 Deum

961 1537 1107 1563 reversuris
1121 1537 1189 1562 vitae
1203 1537 1292 1562 dilatio
1305 1539 1345 1562 est
1357 1537 1464 1562 effectus
1478 1542 1604 1567 magnae,

962 1584 1066 1613 apertae
1085 1585 1110 1607 et
1129 1582 1247 1607 occultae
1266 1580 1463 1606 misericordiae
1482 1578 1543 1606 ibid.
1570 1593 1604 1598 —

963 1626 1033 1651 Malis
1053 1626 1077 1651 in
1098 1625 1213 1658 peccatis
1232 1625 1365 1651 morituris
1392 1625 1473 1650 vitam
1503 1625 1605 1656 prolon-

962 1677 1025 1702 gare
1039 1669 1235 1696 misericordiae
1253 1672 1292 1695 est
1310 1668 1372 1695 ibid.
1391 1683 1426 1688 -—-
1446 1669 1517 1694 Malis
1536 1669 1604 1694 elon-

963 1718 1058 1746 gantur
1077 1715 1134 1741 dies
1153 1715 1223 1740 vitae
1241 1714 1275 1740 ad
1294 1721 1369 1739 suam
1393 1713 1603 1739 emendationem

964 1758 995 1784 59
1016 1767 1042 1792 q.
1063 1760 1077 1785 3
1098 1774 1132 1777 —
1146 1758 1341 1784 Abbreviantur
1359 1758 1418 1783 anni
1439 1757 1553 1790 homini,
1571 1764 1605 1783 ne

965 1804 1049 1829 malus
1069 1804 1113 1829 flat
1131 1802 1194 1829 ibid.

1016 1861 1051 1866 —
1070 1855 1117 1879 per
1131 1847 1234 1879 culpam
1249 1853 1323 1872 suam
1338 1846 1407 1878 perit
1419 1846 1451 1871 Vl
1467 1845 1517 1871 487
1530 1853 1557 1870 v.
1575 1846 1604 1871 12

963 1905 998 1910 -—
1018 1893 1142 1917 Malorum
1157 1891 1291 1918 damnatio
1304 1893 1344 1916 est
1362 1890 1462 1915 occulta
1475 1890 1509 1915 76
1530 1897 1556 1915 ν.
1572 1890 1604 1915 Ι12

964 1949 999 1955 -—
1018 1943 1070 1962 non
1089 1939 1199 1969 possunt
1216 1934 1360 1961 ascendere
1374 1934 1397 1959 in
1417 1934 1502 1959 lucem
1522 1933 1605 1959 hono-

965 1987 1024 2005 rum
1044 1981 1086 2006 Vll
1115 1981 1164 2006 423
1184 1980 1218 2006 56
1238 1992 1273 1998 -
1292 1981 1430 2010 resurgent
1449 1984 1510 2003 cum
1530 1977 1606 2003 bonis

967 2024 1018 2049 514
1038 2025 1066 2050 41
1084 2039 1118 2044 -
1132 2025 1259 2056 plangent
1275 2023 1300 2048 in
1320 2022 1416 2048 iudicio
1438 2022 1469 2047 Vl
1490 2022 1523 2047 96
1543 2029 1570 2047 v.
1588 2022 1604 2047 7

966 2082 1001 2088 —
1019 2076 1071 2094 non
1091 2072 1202 2101 possunt
1221 2069 1255 2094 de
1273 2067 1406 2100 ergastulo
1426 2066 1495 2092 exire
1515 2066 1605 2091 inferni

968 2113 1011 2139 Vll
1032 2114 1083 2139 423
1103 2114 1135 2139 56

1020 2172 1055 2176 —-
1074 2158 1123 2184 Pro
1143 2158 1233 2188 malis,
1247 2157 1293 2190 qui
1307 2163 1358 2182 non
1372 2158 1433 2181 sunt
1448 2155 1482 2180 de
1495 2162 1606 2181 numero

968 2202 1083 2227 t'ldelium
1098 2202 1244 2228 secundum
1258 2200 1451 2233 praevisionem
1465 2202 1607 2230 aeternam,

968 2246 1094 2273 Dominus
1122 2253 1175 2272 non
1194 2246 1280 2271 oravit
1299 2245 1331 2270 Vl
1353 2244 1404 2270 475
1425 2243 1454 2269 41
1477 2257 1512 2262 —-
1531 2244 1607 2269 Facta

968 2289 1107 2316 laudabilia
1135 2294 1161 2316 et
1184 2290 1296 2316 celebria
1316 2289 1447 2315 malorum
1467 2295 1518 2313 non
1539 2288 1608 2320 ipso-

967 2342 1027 2360 rum
1048 2336 1165 2367 suerunt,
1184 2335 1231 2361 sed
1250 2335 1296 2360 Dei
1317 2334 1341 2359 in
1361 2333 1424 2366 ipsis
1439 2333 1489 2358 120
1503 2339 1532 2358 v.
1546 2332 1560 2357 4
1574 2346 1608 2350 -

969 2378 1081 2410 Spiritus
1094 2382 1199 2405 sanctus
1213 2379 1328 2412 loquitur
1340 2385 1402 2404 vera
1413 2381 1438 2403 et
1448 2377 1517 2403 bona
1531 2377 1609 2401 etiam

969 2429 1016 2454 per
1036 2423 1119 2448 malos
1138 2424 1153 2448 8
1173 2430 1200 2455 q.
1220 2423 1234 2448 4

1023 2479 1057 2483 -
1076 2469 1137 2491 sunt
1155 2465 1288 2491 sublimati
1316 2469 1341 2491 et
1360 2466 1385 2491 in
1405 2464 1519 2498 potentia
1540 2466 1565 2489 et
1584 2463 1610 2488 in

972 2511 1039 2535 fama
1060 2510 1090 2534 Vl
1112 2509 1144 2534 67
1165 2516 1189 2534 v.
1204 2510 1220 2534 9
1233 2524 1267 2529 —
1281 2513 1405 2542 praesunt
1418 2509 1494 2535 bonis
1508 2509 1535 2533 81
1554 2515 1580 2541 q.
1596 2509 1605 2532 4

969 2567 1006 2573 --
1024 2556 1149 2585 praesunt
1179 2552 1253 2578 bonis
1281 2554 1313 2579 ad
1339 2553 1469 2579 bonorum
1492 2552 1612 2578 exercita-

971 2598 1067 2623 tionem
1088 2599 1114 2622 et
1132 2597 1260 2622 malorum
1280 2598 1442 2629 punitionem
1461 2597 1493 2623 46
1507 2604 1533 2630 q.
1548 2596 1563 2622 4
1577 2609 1612 2615 -·

971 2644 1075 2674 praeest
1094 2641 1118 2665 in
1139 2640 1235 2665 malum
1264 2648 1341 2666 suum
1373 2642 1405 2666 67
1427 2649 1451 2666 v.
1472 2642 1487 2666 9
1507 2655 1540 2659 -
1561 2641 1612 2666 Ma-

972 2686 1025 2716 los,
1045 2684 1091 2717 qui
1119 2684 1186 2709 bene
1213 2688 1322 2716 regunt,
1346 2692 1483 2717 praeesse,
1502 2692 1554 2711 uon
1574 2687 1613 2710 est

973 2729 1071 2754 malum
1091 2727 1250 2759 reipublicae
1270 2729 1303 2753 82
1323 2736 1348 2761 q.
1370 2730 1379 2753 4
1405 2729 1422 2754 b

1025 2786 1060 2790 —
1079 2778 1129 2797 non
1160 2774 1268 2802 possunt
1296 2772 1421 2804 distingui
1444 2780 1459 2798 a
1478 2773 1555 2799 bonis
1580 2772 1611 2797 Vl

973 2816 1007 2841 70
1027 2815 1045 2840 b
1064 2829 1098 2833 —
1119 2814 1279 2840 lndistinctio
1298 2814 1427 2842 bonorum
1447 2824 1461 2842 a
1481 2816 1556 2842 malis
1574 2819 1614 2842 est

974 2860 1089 2892 plurium
1111 2858 1267 2884 malitiarum
1287 2859 1362 2890 origo
1381 2860 1414 2885 73
1431 2868 1458 2893 q.
1471 2861 1486 2886 3
1500 2875 1534 2879 --
1549 2861 1612 2886 Boni

974 2911 987 2929 a
1009 2904 1084 2929 malis
1112 2902 1223 2929 discerni
1251 2909 1303 2928 non
1323 2907 1446 2936 possunt,
1465 2904 1529 2930 dum
1550 2904 1613 2937 ipsis

975 2948 1100 2975 eveniunt
1119 2946 1212 2973 eadem
1232 2945 1293 2972 ibid.

1029 3006 1060 3011 -
1082 2993 1108 3018 ln
1128 2990 1257 3024 praesenti
1277 2990 1351 3016 malis
1364 2990 1433 3017 bona
1448 2993 1574 3019 eveniunt
1587 2995 1612 3018 el.

976 3038 1020 3064 diu
1042 3037 1149 3068 vivunt,
1170 3038 1197 3061 ut
1216 3034 1258 3060 hic
1276 3038 1475 3061 remunerentur
1494 3040 1520 3062 et
1539 3036 1563 3062 in
1578 3037 1613 3063 fu-

975 3085 1034 3108 turo
1044 3080 1207 3107 aeternaliter
1216 3079 1363 3105 crucientur
1374 3078 1406 3103 Vl
1419 3079 1451 3104 46
1465 3087 1490 3112 q.
1506 3080 1520 3106 4
1530 3095 1565 3099 -.
1575 3088 1613 3107 as.

975 3129 1137 3156 securantur,
1147 3124 1207 3157 quia
1219 3125 1406 3155 prosperantur
1419 3122 1481 3149 ibid.
1493 3138 1528 3142 —
1544 3124 1614 3150 Malis

975 3170 1116 3203 provenire
1135 3168 1218 3200 buna,
1238 3167 1356 3199 iniquum
1376 3166 1480 3192 videtur
1493 3168 1526 3192 69
1540 3175 1565 3193 v.
1581 3168 1613 3194 14

975 3230 1010 3233 -
1029 3214 1154 3240 Malorum
1174 3211 1300 3239 securitas
1323 3210 1424 3236 vanitas
1442 3213 1481 3236 est
1499 3210 1560 3238 ibid.
1579 3226 1614 3232 —-

976 3266 1028 3284 non
1046 3258 1162 3290 cogitant
1180 3255 1306 3283 iudicium
1321 3255 1354 3280 68
1375 3261 1401 3280 v.
1416 3254 1447 3279 10
1461 3269 1496 3273 -
1510 3262 1561 3281 non
1575 3263 1615 3282 co-

976 3303 1058 3334 gimnt
1076 3301 1218 3333 iudicium,
1238 3302 1263 3325 et
1282 3299 1341 3325 idco
1361 3299 1486 3324 lactantur
1506 3299 1549 3324 Vll
1564 3300 1614 3326 496

977 3347 1010 3373 65
1029 3360 1064 3365 —
1078 3346 1240 3372 considerant
1256 3344 1326 3371 diem
1341 3342 1418 3368 istum
1432 3344 1457 3367 et
1469 3349 1520 3368 non
1534 3347 1615 3369 extre-

977 3396 1050 3416 mum
1070 3388 1133 3416 ibid.

1927 517 1992 542 MAL

1692 576 1726 579 -
1745 561 1907 586 conveniunt
1934 561 1960 586 in
1989 561 2075 594 aliqua
2095 561 2191 587 malitia
2210 564 2280 588 exte·

1638 605 1707 636 rius,
1727 606 1773 631 sed
1794 606 1916 631 differunt
1930 606 2062 631 voluntate
2075 606 2197 637 interius,
2216 606 2279 639 quia

1638 648 1747 682 quilibet
1766 650 1903 682 proprium
1932 650 2035 683 quaerit
2054 650 2224 676 commodum
2245 650 2278 675 Vl

1639 693 1689 718 476
1710 693 1743 718 42
1762 708 1798 712 —-
1818 701 1886 719 unus
1905 694 2032 725 pertrahit
2050 695 2160 720 alterum
2180 694 2213 720 ad
2227 701 2280 719 ma-

1638 738 1717 763 litiam
1738 738 1782 763 Vll
1801 738 1853 763 564
1872 738 1906 763 78

1691 797 1726 800 -
1746 781 1847 808 bonum
1867 782 1958 808 videre
1977 789 2032 808 non
2046 785 2156 814 possunt
2167 782 2211 808 Vll
2227 782 2279 807 529

1638 826 1673 852 25
1692 840 1727 845 -
1746 827 1871 852 Malorum
1887 827 2051 852 consuetudo
2064 829 2110 859 est,
2124 829 2160 858 ut,
2173 826 2279 859 quando

1638 870 1752 903 aliquem
1763 870 1863 896 laudari
1873 871 1993 901 audiunt,
2003 871 2088 896 statim
2104 878 2132 896 se
2145 875 2281 903 opponant

1641 915 1690 939 100
1711 914 1744 940 48
1763 928 1799 934 -
1817 917 1878 940 sunt
1895 915 1995 940 inimici
2024 915 2154 941 iustorum
2180 915 2279 947 active,

1638 966 1690 984 non
1710 959 1816 990 passive
1835 959 1867 984 Vl
1888 959 1934 984 211
1959 966 1986 984 v.
2005 960 2020 984 8

1692 1016 1729 1021 —
1747 1003 1837 1028 Plures
1855 1003 2023 1029 inveniuntur
2043 1003 2103 1028 mali
2122 1010 2203 1036 quam
2217 1002 2282 1029 boni

1640 1047 1671 1072 Vl
1694 1047 1726 1072 48
1746 1054 1774 1073 v.
1794 1047 1835 1072 14.
1856 1047 1902 1073 421
1927 1047 1961 1073 54
1980 1054 2038 1079 arg.
2056 1061 2092 1066 —
2110 1050 2170 1073 sunt
2189 1047 2281 1073 infiniti

1640 1091 1692 1117 205
1711 1098 1738 1117 ν.
1757 1093 1772 1117 2
1793 1106 1825 1110 -
1847 1095 1908 1117 sunt
1926 1092 2105 1124 negligentes,
2128 1092 2279 1124 ignorantes

1640 1138 1665 1160 et
1684 1136 1856 1168 malignantes
1876 1136 1918 1161 Vll
1946 1136 1996 1161 486
2023 1136 2055 1161 40
2074 1150 2109 1154 -
2128 1138 2221 1175 aut-ex
2242 1136 2281 1161 in-

1641 1180 1777 1213 firmitate,
1790 1183 1836 1206 aut
1848 1187 1878 1205 ex
1893 1180 2055 1213 ignorantia,
2075 1183 2120 1206 aut
2140 1187 2171 1206 ex
2185 1180 2283 1206 malitia

1641 1228 1750 1256 peccant
1769 1224 1831 1250 ibid.

1697 1283 1730 1287 —
1750 1272 1812 1294 sunt
1830 1269 1926 1295 saeculi
1954 1273 2085 1294 amatores
2113 1269 2156 1294 Vll
2176 1269 2228 1294 287
2249 1268 2283 1294 34

1641 1327 1676 1331 —-
1696 1313 1816 1339 videntes
1834 1313 2031 1339 similitudinem
2051 1320 2125 1338 suam
2139 1313 2174 1339 ad
2187 1312 2284 1339 bestias

1642 1357 1666 1382 in
1680 1358 1747 1389 vita,
1762 1358 1855 1383 volunt
1873 1357 2010 1383 assimilari
2031 1357 2055 1383 in
2070 1357 2190 1383 moribus
2203 1360 2228 1383 et
2241 1356 2283 1383 be-

1641 1401 1748 1427 stialiter
1767 1401 1861 1427 vivunt
1880 1402 1913 1427 vt
1934 1402 1967 1427 35
1987 1409 2012 1427 v.
2034 1402 2066 1427 18
2086 1415 2122 1421 -
2141 1401 2281 1434 designan-

1643 1448 1685 1471 tur
1704 1453 1752 1478 per
1772 1446 1865 1477 vulpes
1885 1446 2019 1471 Samsonis
2038 1446 2082 1472 Vll
2101 1446 2153 1471 569
2174 1446 2207 1471 15

1696 1491 1802 1516 ΜΑιιτιΑ
1822 1504 1857 1509 -
1876 1493 1915 1516 est
1940 1490 1965 1515 in
1994 1493 2068 1522 parte
2085 1489 2301 1525 concupiscibili·

1642 1535 1746 1560 animae
1766 1535 1798 1561 Vl
1817 1533 1852 1560 72
1871 1541 1896 1559 v.
1916 1535 1932 1560 3
1951 1549 1986 1553 —-
2006 1538 2044 1560 est
2063 1535 2138 1567 origo
2164 1537 2286 1567 peccato-

1642 1587 1701 1605 rum
1722 1583 1747 1605 et
1766 1586 1850 1612 poena
1870 1579 1965 1605 inflicta
1985 1586 2034 1611 pro
2053 1579 2168 1611 peccatis
2186 1579 2238 1605 404
2251 1579 2285 1604 57

1641 1638 1677 1644 —-
1696 1627 1756 1650 sunt
1776 1623 1899 1650 tenebrae
1917 1623 2065 1656 spirituales
2087 1623 2136 1649 159
2156 1630 2182 1648 ν.
2202 1623 2235 1649 30
2249 1637 2285 1642 -

1643 1669 1737 1695 avertit
1756 1676 1770 1694 a
1789 1669 1899 1694 veritate
1926 1671 1953 1694 et
1977 1668 2126 1693 sinceritate
2145 1667 2206 1694 fidei
2235 1667 2286 1693 135

1643 1721 1668 1739 v.
1699 1714 1726 1738 11
1760 1727 1795 1732 -
1824 1716 1907 1738 mutat
1936 1713 2033 1738 iustum
2063 1712 2096 1737 46
2116 1719 2142 1745 q.
2163 1711 2177 1737 4
2198 1711 2227 1737 3·
2250 1725 2286 1731 -

1642 1765 1723 1790 saepe
1742 1760 1826 1783 mutat
1844 1757 2003 1782 intellectum
2025 1756 2083 1782 iusti
2105 1757 2137 1782 59
2158 1764 2185 1789 q.
2204 1757 2220 1782 3

1697 1816 1733 1821 -
1751 1802 1861 1827 lllalitiae
1890 1800 2000 1827 morbus
2019 1801 2053 1827 de
2072 1808 2101 1826 se
2120 1804 2159 1826 est
2181 1801 2287 1827 irreme-

1643 1846 1748 1872 diabilis
1767 1846 1800 1871 Vl
1821 1845 1854 1871 42
1874 1852 1888 1870 a
1909 1860 1942 1863 —
1962 1852 2120 1877 permanens
2145 1848 2171 1871 et
2190 1845 2286 1871 invete-

1643 1894 1698 1916 rata
1717 1894 1828 1916 vocatur
1848 1889 1972 1915 naturalis
1993 1889 2043 1914 486
2062 1897 2089 1915 v.
2109 1889 2141 1914 10
2154 1904 2189 1907 -
2203 1889 2286 1915 tltna-

1645 1935 1734 1961 taralis
1748 1941 1795 1966 per
1808 1941 1886 1960 usum
1900 1940 1999 1966 pravae
2013 1933 2211 1959 consuetudinis
2224 1932 2285 1960 ibid.

1644 1994 1679 1998 ——
1698 1978 1810 2005 intensio
1838 1982 1864 2003 et
1890 1978 2010 2004 remissio
2037 1978 2061 2003 in
2084 1978 2181 2003 malitia
2201 1979 2287 2010 potest

1644 2023 1728 2055 accipi
1747 2026 1792 2048 aut
1811 2022 1917 2054 proprie
1930 2029 1975 2047 seu
1989 2022 2130 2052 intensive,
2144 2024 2188 2047 aut
2201 2021 2288 2053 magis

1645 2071 1670 2093 et
1689 2068 1776 2093 minus
1805 2067 1938 2092 extensive
1965 2066 1999 2092 73
2028 2073 2054 2099 q.
2084 2067 2099 2092 3
2124 2080 2158 2084 —
2176 2057 2286 2092 Malitiae

1645 2111 1755 2138 morbus
1774 2111 1838 2136 alios
1857 2117 2029 2142 corrumpere
2047 2113 2134 2142 potest
2153 2110 2186 2136 42
2206 2117 2221 2136 a

1698 2169 1735 2175 -
1754 2155 1802 2188 Qui
1823 2158 1932 2187 peccant
1959 2162 2007 2186 per
2036 2154 2161 2180 malitiam
2190 2153 2286 2186 signiti-

1646 2203 1739 2225 cantur
1767 2206 1815 2231 per
1843 2199 1932 2224 aridos
1959 2199 1991 2224 Vl
2022 2198 2073 2224 305
2100 2198 2133 2223 44
2152 2212 2188 2217 —
2206 2198 2288 2230 Magis

1647 2246 1739 2276 peccat
1758 2244 1804 2276 qui
1824 2247 1915 2275 peccat
1933 2250 1963 2268 ex
1992 2242 2088 2268 malitia
2117 2242 2167 2268 492
2197 2243 2230 2268 12
2253 2256 2287 2260 -

1648 2288 1723 2320 lmpii
1743 2287 1890 2312 moriuntur
1909 2287 1933 2312 in
1954 2287 2050 2312 malitia
2070 2287 2103 2312 68
2122 2293 2149 2311 v.
2169 2287 2202 2312 40

1702 2345 1737 2350 —
1756 2331 1844 2357 cordis
1869 2334 1908 2356 est
1935 2330 2080 2357 abiicienda
2102 2331 2133 2356 Vl
2154 2331 2182 2356 91
2202 2335 2234 2356 ’ν.
2255 2330 2287 2356 10

1648 2390 1683 2395 -
1702 2383 1716 2401 a
1737 2382 1814 2401 carne
1833 2376 1949 2400 aufertur
1968 2374 2167 2401 mortificatione
2179 2374 2240 2401 ibid.
2253 2388 2289 2394 —

1648 2420 1756 2446 lllalitiae
1776 2419 1926 2451 expulsione
1955 2419 2043 2451 imago
2066 2419 2170 2444 animae
2188 2422 2228 2445 est
2251 2425 2289 2444 re-

1649 2464 1784 2489 formanda
1806 2463 1855 2488 407
1876 2470 1901 2488 v.
1925 2464 1933 2488 4
1957 2477 1992 2482 —
2013 2462 2143 2495 Sapientia
2162 2466 2201 2489 est
2220 2462 2289 2488 mali-

1650 2508 1699 2534 tiae
1718 2507 1853 2539 expulsiva
1874 2507 1935 2533 ibid.

1702 2566 1738 2571 —
1764 2552 1905 2585 aliquando
1937 2551 2118 2583 confunditur,
2149 2551 2289 2583 corrigitur

1650 2600 1737 2622 autem
1757 2603 1893 2628 nunquam
1914 2596 1956 2621 vu
1977 2596 2027 2621 512
2057 2596 2090 2621 33
2119 2609 2154 2614 -
2183 2595 2290 2620 Vanitas

1651 2640 1764 2665 malitiae
1783 2639 1989 2670 deprehenditur
2014 2639 2039 2665 in
2064 2638 2176 2665 subditis
2201 2639 2232 2664 Vl
2256 2638 2288 2664 37

1650 2691 1674 2708 v.
1699 2684 1707 2708 4
1732 2697 1766 2701 ——
1780 2684 1901 2708 lncautus
1914 2683 2093 2709 considerator
2107 2682 2219 2708 malitiae
2232 2682 2291 2708 alie-

1651 2735 1699 2753 nae
1718 2727 1770 2752 ruit
1782 2727 1814 2752 ad
1829 2727 2061 2758 praevaricationis
2075 2726 2290 2758 inobedientiam,

1650 2772 1684 2797 ad
1704 2770 1841 2796 locutionis
1864 2771 2012 2802 stultitiam,
2041 2771 2075 2796 ad
2105 2770 2289 2803 cogitationem

1651 2821 1787 2841 erroneam
1808 2813 1841 2839 42
1861 2821 1874 2839 a
1894 2828 1929 2832 —
1948 2815 1983 2839 Ex
2002 2814 2058 2840 visa
2079 2814 2215 2840 hominum
2236 2820 2291 2839 ma-

1651 2860 1702 2886 litia
1723 2866 1775 2884 non
1789 2858 1902 2884 -credere
1930 2858 2068 2889 debemus,
2088 2858 2180 2884 deesse
2203 2857 2290 2890 provi-

1651 2903 1765 2930 dentiam
1787 2902 1820 2927 44
1839 2909 1866 2927 v.
1884 2901 1900 2927 7

1705 2961 1739 2966 -·
1758 2947 1868 2972 Peccarc
1897 2949 1985 2971 contra
2011 2946 2123 2978 Spiritus
2142 2945 2223 2972 sancti
2246 2944 2289 2970 bo·

1652 2992 1757 3017 nitatem
1778 2993 1817 3016 est
1836 2990 1948 3016 malitiae
1968 2990 1999 3015 Vl
2021 2990 2071 3016 560
2091 2997 2118 3015 ν.
2138 2990 2153 3015 3
2167 3003 2202 3008 -
2216 2989 2291 3014 Beni-

1651 3036 1737 3068 gnitns
1757 3034 1869 3060 malitiae
1888 3034 2016 3060 contraria
2038 3034 2087 3059 113
2108 3041 2133 3059 ν.
2155 3035 2170 3057 6

1705 3093 1739 3098 —
1758 3078 1876 3105 Christus
1905 3078 1929 3103 in
1949 3085 2026 3104 cruce
2046 3078 2153 3104 deflevit
2174 3079 2290 3102 nostram

1652 3123 1838 3155 malignitatem
1860 3122 1891 3147 Vl
1913 3121 1964 3148 404
1984 3122 2017 3147 57

1705 3168 1795 3193 11111011
1816 3180 1850 3185 -
1875 3166 2016 3198 opponitur
2044 3165 2113 3191 bono
2141 3163 2288 3191 secundum

1654 3212 1828 3244 privationem
1850 3210 1882 3236 Vl
1903 3210 1935 3235 49
1955 3217 1982 3243 q.
2001 3210 2025 3235 2.
2045 3209 2089 3234 Vll
2106 3210 2135 3234 43
2156 3209 2171 3233 8
2191 3221 2226 3227 —
2245 3208 2292 3233 lm-

1653 3255 1777 3289 possibile
1795 3257 1847 3284 est,
1866 3254 1938 3286 quod
1958 3260 2061 3280 summe
2075 3252 2174 3279 bonum
2195 3251 2293 3277 malum

1654 3300 1729 3326 faciat
1748 3299 1781 3324 Vl
1801 3299 1852 3324 368
1872 3298 1906 3324 70
1925 3311 1961 3317 -
1980 3298 2034 3323 Non
2048 3300 2087 3323 est
2105 3297 2222 3328 primum
2242 3302 2294 3321 ma·

1651 3337 1723 3375 lum,
1742 3342 1815 3376 quod
1835 3342 1868 3368 sit
1891 3341 2006 3374 primum
2034 3341 2062 3366 in
2090 3347 2186 3372 genere
2213 3338 2293 3370 entis,

1653 3387 1729 3421 quasi
1748 3394 1799 3413 non
1828 3386 1861 3412 sit
1888 3385 1922 3413 ab
1951 3385 2015 3418 alio,
2040 3384 2086 3411 sed
2112 3387 2151 3410 est
2175 3383 2294 3416 primum
