2476 3921
7 462 51 493 {inid
59 465 139 492 quarto.

13 1158 14 1170 i
23 1154 97 1176 Potens
110 1152 132 1174 in

7 1179 88 1213 wisundo
102 1179 133 1201 in-

10 1213 66 1229 mos.

734 257 926 290 COMMENT.
954 258 990 290 ΙΝ
1013 258 1252 291 EVANGELIUM
1277 260 1393 292 LUCAE
1418 260 1449 293 C.
1475 261 1547 293 Vlll.

155 345 218 379 Deo
234 348 272 378 n?
296 346 469 388 Sapientiae
501 346 686 379 undecimo:
716 358 732 374 «
751 346 853 379 Parcis
883 349 988 379 autem
1013 346 1113 379 omni-

154 398 232 438 bus,
257 399 403 438 Domine,
427 399 574 441 quoniam
593 401 646 432 tua
663 402 754 438 sunt,
772 399 826 441 qui
843 408 929 432 amas
945 399 1064 432 animas
1081 413 1111 431 ι).

155 471 198 476 -
222 452 360 491 Rursus,
385 452 416 484 in
449 454 508 485 hoc
531 452 666 484 ostendit
690 451 858 491 Dominus,
883 453 1025 485 carnales
1057 453 1112 485 ho-

154 504 269 544 mines,
294 505 347 547 qui
372 504 575 547 designantur
599 513 655 546 per
673 514 809 546 porcos,
827 505 909 540 iusto
926 505 979 538 Dei
998 505 1112 538 iudicio

155 558 314 600 expositos
345 566 412 591 esse
443 557 668 597 daemonibus;
700 558 739 591 ad
772 558 924 591 Romanos
954 560 1110 591 octavo1:

158 623 174 640 α
190 611 219 644 Si
244 610 417 644 secundum
441 620 567 644 carnem
593 611 754 649 vixeritis,
778 611 1000 644 moriemini».
1027 611 1112 644 Unde

153 664 273 706 primae
296 664 335 697 ad
358 664 535 697 Corinthios
566 664 677 706 quinto
705 664 779 697 dicit
804 664 966 706 Apostolus
989 664 1028 697 de
1059 664 1112 696 illo

153 717 280 756 carnali,
297 717 381 760 quod
404 730 419 746 <x
435 717 584 750 iudicavit
601 717 724 750 tradere
742 717 919 750 huiusmodi
937 721 1062 750 satanae
1079 717 1110 749 in

152 770 314 804 interitum
345 770 495 803 carnis».
528 771 588 803 Hoc
620 770 713 803 etiam
746 770 834 809 fecit,
863 774 899 803 ut
922 780 984 803 non
1009 770 1110 803 solum

152 823 359 857 innotesceret
382 823 563 857 hominibus
579 827 682 856 terrae
699 823 783 856 illius
798 823 937 866 potentia
953 823 1109 862 salvandi,

152 876 204 910 sed
237 877 329 910 etiam
361 877 539 916 occidendi,
571 877 744 910 secundum
773 877 851 910 illud
875 877 1109 910 Deuteronomii

152 930 311 972 trigesimo
335 930 473 963 secundo
486 931 498 950 2
513 943 520 962 :
551 943 566 960 «
583 931 646 973 Ego
669 930 807 963 occidam
824 933 855 963 et
870 939 928 972 ego
944 930 1050 963 vivere
1065 929 1109 962 fa-

151 983 250 1023 ciam,
276 983 449 1025 percutiam
481 987 512 1016 et
535 993 593 1026 ego
617 984 804 1023 sanabo3'et
831 992 893 1016 non
917 986 964 1016 est
988 983 1042 1025 qui
1071 983 1109 1016 de

152 1045 247 1069 manu
271 1045 340 1070 mea
364 1037 461 1079 possit
484 1046 598 1070 eruere
615 1051 645 1069 n.
793 1082 796 1084 -

240 1091 291 1122 57.
317 1090 418 1132 (Vers.
444 1090 521 1130 33.).
540 1091 644 1124 Tertio
667 1090 843 1123 ostenditur
869 1094 979 1132 potens
995 1090 1025 1123 in
1042 1090 1108 1123 sat-

150 1144 260 1176 vando
284 1143 436 1185 infirmos
467 1145 497 1176 in
525 1145 582 1177 hoc
606 1144 689 1186 quod
714 1144 918 1186 adiungitur:
946 1144 1108 1177 Exierunt

150 1206 227 1239 erpo
250 1197 427 1229 daemonia
458 1197 499 1230 ab
533 1196 662 1229 homine
685 1201 713 1230 et
737 1197 948 1229 intraverunt
973 1198 1008 1229 in
1029 1206 1108 1239 por-

150 1258 227 1288 eos;
250 1249 280 1282 in
306 1259 369 1292 quo
393 1250 481 1282 exitu
507 1250 658 1283 liberatus
682 1253 729 1283 est
753 1250 855 1282 homo.
876 1250 1036 1282 Exierant
1052 1259 1108 1282 au-

150 1305 212 1335 tem
236 1302 359 1335 divinae
384 1302 510 1335 virtutis
533 1303 683 1345 imperio,
708 1303 880 1336 secundum
898 1298 973 1337 illud
992 1304 1107 1336 Zacha-

149 1357 214 1389 riae
237 1356 357 1389 decimo
388 1356 527 1389 tertio-‘⁵1
557 1369 572 1384 α
590 1357 741 1398 Spiritum
766 1356 962 1389 immundum
987 1357 1105 1389 eiiciam

130 1410 187 1443 >de
211 1414 297 1443 terra
313 1423 342 1441 n.
375 1410 435 1442 Hoc
459 1410 581 1443 dicebat
605 1410 656 1442 ille
680 1410 733 1452 qui
758 1411 801 1443 ait
823 1410 862 1443 de
885 1419 918 1443 se
942 1410 1024 1442 infra
1054 1410 1108 1443 de-

16 2323 129 2373 ’ἕέἳῗὲῗέῃὲἓ

9 2377 118 2404 anper-hos.

149 1464 231 1497 cimo
263 1464 376 1497 tertio:
413 1477 428 1492 «
454 1464 548 1503 Ecce,
580 1464 743 1497 daemonia
774 1464 863 1497 eiicio
894 1469 925 1497 et
960 1465 1108 1498 sanitates

143 1517 278 1559 ,perficio
300 1517 391 1550 hodie
414 1521 445 1550 et
468 1521 539 1550 cras
562 1521 593 1550 et
616 1517 709 1550 tertia
732 1518 782 1550 die
806 1527 1009 1551 consummor
1027 1532 1056 1550 ».
1076 1519 1105 1551 ln

149 1570 266 1603 virtute
298 1579 434 1613 namque
465 1570 579 1603 Christi
612 1571 758 1610 exibant,
792 1571 821 1606 in
854 1572 946 1604 cuius
981 1572 1106 1604 nomine

148 1623 352 1657 eiiciebantur
383 1624 422 1657 ab
453 1624 521 1657 eius
552 1624 732 1667 discipulis,
764 1625 855 1658 iuxta
883 1625 965 1667 quod
991 1625 1106 1658 dicitur

148 1677 279 1710 Actuum
310 1677 430 1710 decimo
455 1681 563 1717 sexto,
588 1678 671 1720 quod
701 1691 715 1706 «
735 1678 848 1711 Paulus
871 1678 952 1711 dixit
981 1678 1104 1720 spiritui

148 1731 336 1772 pythonico:
373 1731 531 1773 Praecipio
569 1731 622 1763 tibi
662 1732 691 1763 in
730 1732 853 1764 nomine
891 1728 973 1764 lesu'
990 1732 1104 1764 Christi

148 1783 235 1816 exire
257 1784 298 1816 ab
321 1793 377 1821 ea;
402 1788 433 1816 et
456 1784 534 1817 exiit
558 1784 665 1817 eadem
691 1785 769 1817 hora
786 1798 815 1816 ».
836 1784 1034 1826 Egredientes
1049 1794 1105 1817 au-

149 1839 210 1869 tem
234 1836 273 1869 ab
297 1836 422 1869 homine
451 1837 486 1869 in
508 1847 627 1879 porcos
652 1837 800 1875 intrant,
825 1837 900 1879 quia
924 1836 1106 1870 immundus

147 1890 277 1932 spiritus
307 1890 467 1923 immunda
498 1891 623 1932 quaerit
646 1890 844 1930 habitacula;
871 1891 922 1923 lob
946 1891 1105 1932 trigesimo

146 1944 321 1985 septim04:
352 1956 367 1972 «
385 1943 578 1986 Ingredietur
602 1944 701 1977 bestia
726 1944 890 1977 latibulum
916 1953 1009 1977 suum
1026 1944 1104 1977 etin

147 2000 238 2029 antro
262 2005 320 2029 suo
344 1996 521 2030 morabitur
538 2009 568 2036 »›;
593 2001 624 2030 et
647 1997 685 2030 de
710 1997 879 2030 Behemoth
905 1998 1021 2030 dicitur
1053 1998 1105 2030 lob

147 2050 405 2092 quadragesimo:
437 2050 532 2083 «Sub
564 2050 677 2083 umbra
708 2050 823 2083 dormit
846 2051 877 2083 in
903 2055 1024 2084 secreto
1055 2060 1104 2084 ca-

148 2103 236 2142 lami,
268 2103 299 2135 in
331 2103 405 2136 locis
429 2103 680 2137 humentibus».
706 2105 767 2137 Hoc
789 2105 865 2137 dicit
888 2108 1042 2147 quantum
1066 2105 1105 2138 ad

146 2157 303 2195 carnales,
336 2157 390 2199 qui
420 2157 496 2190 nihil
521 2157 606 2190 aliud
630 2161 790 2200 quaerunt
814 2158 870 2191 nisi
896 2158 1042 2191 umbram
1074 2162 1106 2191 et

148 2209 302 2243 lasciviam
326 2211 408 2243 sicut
433 2212 528 2253 porci.

236 2264 287 2296 58.
313 2264 432 2305 Quarto
455 2264 633 2297 ostenditur
657 2269 767 2306 potens
791 2265 821 2297 in
846 2265 1025 2297 deiicienda
1048 2275 1105 2297 su-

144 2317 260 2359 perbos
284 2318 314 2350 in
341 2318 399 2350 hoc
424 2317 507 2359 quod
532 2318 696 2350 subditur:
725 2319 762 2350 Et
786 2318 908 2360 impetu.
925 2318 1007 2351 abiit
1021 2329 1105 2361 prex

145 2380 203 2412 per
223 2380 381 2413 praeceps
405 2371 440 2403 in
463 2374 620 2413 scapnam
644 2375 672 2403 et
695 2370 878 2413 suffocatus
902 2376 971 2409 est,-
992 2371 1022 2403 in
1041 2381 1104 2413 quo

145 2424 320 2456 ostenditur
347 2424 464 2455 Domini
484 2424 584 2456 virtus
600 2424 734 2462 eximia,
759 2433 840 2466 quae
865 2434 925 2457 non
948 2425 1102 2466 permisit,

145 2484 198 2509 eos
222 2476 340 2518 ingredi
372 2477 401 2509 in
436 2485 547 2518 porcos
575 2477 613 2509 ad
637 2477 794 2519 quietem,
820 2478 871 2510 sed
897 2478 934 2510 ad
959 2478 1104 2511 submer-

146 2529 282 2569 sionem,
306 2534 342 2563 ut
366 2530 409 2562 sic
435 2530 619 2572 impleretur
643 2531 673 2562 in
698 2531 743 2564 eis
768 2531 844 2564 illud
869 2531 965 2564 Exodi
983 2532 1104 2565 decimo

146 2583 297 2625 quint05:
321 2597 336 2612 «
353 2584 449 2616 Flavit
465 2584 596 2626 spiritus
612 2588 705 2622 tuus,
723 2589 753 2617 et
769 2586 894 2627 operuit
917 2595 971 2618 eos
995 2595 1102 2624 mare;

145 2636 299 2670 submersi
325 2641 399 2670 sunt
422 2637 509 2679 quasi
544 2637 707 2679 plumbum
734 2638 764 2670 in
796 2639 887 2680 aquis
912 2639 1103 2672 vehementi-

145 2689 205 2723 bus
221 2703 251 2729 »;
276 2690 306 2722 in
331 2700 395 2733 quo
419 2690 624 2732 spiritualiter
640 2690 822 2733 designatur
839 2692 1016 2725 submersio
1034 2702 1103 2734 pec-

146 2746 307 2782 catorum,
331 2743 422 2776 iuxta
445 2743 522 2776 illud
546 2744 765 2786 propheticum
790 2745 945 2778 Michaeae
969 2746 1101 2778 ultimo:

2073 266 2136 297 905

1183 359 1198 375 a
1215 347 1354 388 Deponet
1377 357 1485 381 omnes
1509 349 1689 392 iniquitates
1718 355 1840 384 nostras
1871 356 1902 385 et
1934 353 2075 394 proiiciet
2107 353 2137 386 in

1177 400 1367 442 profundum
1393 402 1489 434 maris
1511 403 1617 435 omnia
1642 408 1766 445 peccata
1790 409 1896 438 nostra
1912 420 1942 438 ».

1268 455 1318 486 59.
1344 454 1527 487 Ostenditur
1552 456 1665 497 igitur,
1683 458 1767 498 quod
1783 467 1823 490 ex
1843 459 2008 500 praedIctis
2025 469 2136 492 secun-

1176 507 1250 539 dum
1284 507 1418 540 litteram
1451 509 1551 551 colligi
1577 513 1709 550 possunt
1732 514 1850 552 septem
1876 513 2040 545 notabilia:
2074 514 2137 555 pri-

1177 569 1281 599 mum,
1307 561 1391 602 quod
1418 562 1555 602 potentia
1578 562 1675 595 solius
1699 563 1784 595 verbi
1803 564 1917 597 Christi
1936 566 2060 598 excedit
2079 567 2138 598 xir-

1177 616 1275 646 tutem
1312 613 1505 647 infinitorum
1539 615 1670 647 millium
1702 616 1910 656 daemonum;
1945 619 2136 658 secundum,

1176 666 1260 708 quod
1285 667 1444 699 maximus
1468 671 1515 700 est
1539 668 1629 700 furor
1644 668 1832 702 daemonum
1851 676 1995 712 respectu
2013 673 2137 713 generis

1176 719 1327 759 humani;
1353 720 1500 760 tertium,
1524 721 1609 763 quod
1634 722 1793 755 maximus
1816 727 1863 756 est
1887 724 2004 756 timorss
2031 734 2136 767 respe-

1175 776 1229 805 ctu
1254 772 1391 805 hominis
1408 773 1546 813 Christi;
1572 779 1740 817 quartum,
1766 776 1849 818 quod
1872 777 2039 810 daemones
2063 783 2136 811 sunt

1175 825 1370 867 incorporei,
1395 835 1466 859 cum
1493 830 1538 859 tot
1553 831 1657 860 essent
1674 829 1703 860 in
1722 829 1847 862 homine
1865 839 1947 869 uno,
1973 831 2135 873 quintum,

1175 878 1259 920 quod
1283 878 1341 920 ipsi
1366 879 1444 912 nihil
1476 885 1608 922 possunt
1632 882 1725 914 etiam
1751 891 1847 924 super
1872 883 1965 916 bruta
1989 885 2135 917 animalia

1174 931 1232 964 nisi
1258 933 1424 974 permissi;
1450 938 1596 973 sextum,
1619 935 1703 977 quod
1721 936 1862 969 homines
1887 937 1916 969 in
1943 938 1991 970 his
2016 942 2135 980 tempo-

1175 985 1294 1018 ralibus
1311 986 1504 1028 possidendis
1529 997 1589 1020 non
1615 992 1690 1021 sunt
1713 989 1870 1022 nisi'sicut
1887 991 1978 1023 villici
2004 991 2134 1030 Christi;

1173 1039 1361 1080 septimum,
1386 1040 1471 1082 quod
1497 1041 1579 1074 Deus
1603 1042 1735 1075 salutem
1755 1043 1850 1076 unius
1868 1044 2002 1077 hominis
2019 1046 2135 1086 praese-

1174 1091 1301 1124 rendam
1325 1093 1461 1125 ostendit
1484 1094 1612 1127 infinitis
1636 1096 1823 1129 animalibus
1848 1097 1958 1130 brutis.

2165 465 2250 495 Septem
2266 472 2302 487 no-

2156 492 2230 513 tabilia
2245 493 2302 514 cout-

2158 521 2242 544 guntur.

1263 1147 1314 1178 60.
1332 1146 1433 1187 (Vers.
1459 1147 1536 1181 34).
1565 1149 1659 1189 Quod
1683 1154 1719 1181 ut
1745 1150 1898 1182 viderunt
1921 1150 2050 1193 saetam
2075 1156 2225 1185 etc.'s⁶r1¹⁰=
2242 1161 2301 1178 im-

1173 1197 1225 1230 Hic
1241 1198 1301 1231 iam
1321 1200 1413 1232 tertio
1427 1199 1438 1218 ⁷
1462 1200 1596 1233 ostendit
1622 1201 1816 1244 Evangelista
1837 1205 2052 1237 reuerentiam
2074 1216 2133 1248 po·
2145 1189 2288 1262 qffl‘gffiffgi-

1169 1251 1245 1293 puli
1266 1253 1480 1285 occurrentis.
1506 1253 1595 1286 Circa
1618 1255 1709 1287 cuius
1731 1256 1971 1297 explicationem
1992 1258 2132 1291 introdu-

1172 1309 1289 1338 cuntur
1306 1310 1460 1347 quatuor,
1479 1307 1596 1340 scilicet
1612 1308 1817 1342 denuntiatio
1834 1311 1984 1343 veritatis
2001 1321 2131 1354 eonspe-

1171 1363 1261 1397 ctae,
1286 1359 1459 1402 indagatio
1483 1361 1633 1393 veritatis
1650 1363 1805 1401 auditae,
1823 1363 1965 1396 inventio
1982 1366 2132 1398 veritatis

1173 1411 1369 1455 inquisitae,
1402 1414 1567 1446 veneratio
1598 1415 1746 1447 veritatis
1771 1416 1937 1455 inventae,
1963 1419 2131 1460 quaesitae

1171 1469 1210 1499 et.
1224 1465 1448 1498 denuntiatae.

1264 1518 1365 1551 Primo
1382 1519 1478 1561 igitur
1504 1524 1657 1562 quantum
1675 1522 1711 1554 ad
1742 1522 2020 1556 denuntiationem
2050 1525 2131 1557 veri-

1172 1572 1251 1604 tatis
1274 1577 1462 1614 conspectae
1486 1574 1623 1606 dicitur:
1643 1575 1737 1615 Quod
1759 1579 1796 1608 ut
1813 1576 1966 1609 viderunt
1982 1577 2131 1620 factum,

1171 1625 1230 1668 qai
1242 1625 1422 1667 pascebant
1437 1625 1614 1669 fugerant,
1632 1628 1749 1661 scilicet
1766 1637 1805 1661 ex
1825 1630 1936 1662 timore
1953 1630 2033 1663 sicut
2051 1640 2132 1663 mer-

1171 1679 1309 1718 cenarii3
1336 1679 1457 1712 loannis
1480 1680 1648 1713 decim082
1676 1694 1690 1709 α
1709 1682 1921 1716 Mercenarius
1944 1688 2068 1723 autem,
2101 1689 2132 1717 et

1170 1732 1223 1773 qui
1251 1741 1311 1764 nou
1329 1736 1377 1765 est
1394 1737 1517 1774 pastor,
1538 1734 1620 1766 videt
1638 1735 1746 1776 lupum
1765 1736 1939 1769 venientem
1958 1742 1988 1769 et
2005 1737 2084 1779 sugit
2101 1750 2131 1777 ›2;

1170 1789 1201 1817 et
1225 1785 1393 1818 Zachariae
1417 1786 1603 1819 undecimo:
1634 1801 1648 1815 α
1667 1787 1692 1820 Ο
1717 1792 1823 1830 pastor
1846 1792 1877 1822 et
1901 1789 2017 1822 idolum
2042 1790 2131 1823 dere-

1170 1838 1316 1880 linquens
1340 1848 1465 1881 gregem
1486 1840 1515 1871 »l
1536 1840 1587 1873 Vel
1614 1841 1764 1883 fugerunt
1786 1852 1845 1874 non
1866 1844 1975 1876 timore
2001 1845 2129 1877 humani

1170 1892 1319 1933 periculi,
1337 1892 1390 1925 sed
1409 1892 1522 1926 timore
1545 1894 1640 1926 divini
1659 1895 1783 1933 iudicii3
1807 1896 1845 1928 de
1862 1906 1926 1938 quo
1945 1898 1994 1930 lob
2011 1898 2131 1931 decimo

1169 1944 1294 1977 nono⁹z
1318 1958 1333 1973 «
1350 1946 1456 1987 Fugite
1480 1956 1498 1978 a
1522 1946 1598 1979 facie
1614 1948 1725 1989 gladii,
1750 1950 1823 1990 quia
1848 1950 1933 1982 ultor
1957 1951 2131 1993 iniquitatis

1169 2002 1216 2031 est
1232 1998 1371 2040 gladius,
1397 2004 1427 2031 et
1452 2000 1577 2039 scitote,
1597 2009 1665 2033 esse
1682 2002 1831 2034 iudicium
1849 2016 1879 2034 ».
1898 2004 2057 2045 Fugerunt
2074 2014 2130 2037 au-

1171 2056 1250 2091 tem,
1276 2062 1336 2084 non
1361 2057 1397 2085 ut
1422 2053 1570 2092 laterent,
1595 2054 1670 2096 quia
1695 2055 1725 2087 in
1751 2056 1870 2088 Psalmo
1886 2057 2039 2099 scriptum
2064 2063 2128 2091 est:

1175 2118 1190 2133 «
1207 2106 1276 2146 Quo
1301 2106 1352 2138 ibo
1368 2116 1386 2138 a
1402 2106 1514 2148 spiritu
1535 2111 1588 2140 tuo
1600 2112 1612 2139 ζ’
1634 2112 1664 2140 et
1680 2118 1744 2150 quo
1759 2118 1778 2141 a
1794 2109 1870 2142 facie
1888 2114 1942 2142 tua
1958 2110 2074 2153 fugiam
2092 2115 2128 2144 »?

1169 2159 1222 2191 sed
1248 2163 1283 2191 ut
1309 2159 1491 2193 absentibus
1514 2161 1657 2194 celeriter
1682 2162 1747 2195 visa
1773 2167 1950 2196 narrarent.
1978 2183 2019 2187 —
2043 2165 2128 2198 Unde

1169 2212 1325 2245 infertur:
1352 2214 1391 2245 Et
1414 2214 1654 2247 nuntiaverunt
1681 2216 1712 2248 in
1730 2216 1895 2249 civitatem
1914 2221 1943 2249 et
1960 2218 1994 2250 in
2012 2217 2126 2257 villas,

1169 2265 1251 2298 sicut
1262 2270 1294 2299 et
1306 2266 1357 2299 ille
1374 2267 1514 2306 nuntius,
1530 2268 1580 2300 lob
1593 2269 1694 2310 primo
1709 2269 1751 2301 1οε
1771 2283 1786 2298 «
1802 2270 1886 2303 Evasi
1905 2280 1962 2313 ego
1979 2271 2074 2310 solus,
2092 2274 2128 2303 ut

1169 2320 1348 2352 nuntiarem
1374 2320 1427 2353 tibi
1446 2334 1475 2352 υ.
1502 2321 1537 2353 Et
1561 2321 1590 2354 in
1618 2322 1676 2355 hoc
1700 2324 1788 2364 quasi
1823 2324 1979 2357 habebant
2007 2324 2128 2366 praedi-

1169 2376 1311 2405 catorum
1335 2374 1492 2413 officium,
1508 2374 1546 2407 de
1571 2375 1687 2417 quibus
1711 2376 1741 2408 in
1760 2377 1900 2410 Psalmo:
1926 2391 1942 2406 «
1959 2379 2128 2411 Annuntia-

1169 2431 1284 2459 verunt
1311 2436 1407 2469 opera
1434 2428 1487 2460 Dei
1521 2432 1551 2460 et
1579 2429 1660 2461 sacta
1687 2430 1755 2462 eius
1782 2430 2008 2464 intellexerunt
2031 2444 2062 2471 »;
2090 2432 2129 2464 ad

1169 2480 1381 2522 Philippenses
1405 2482 1523 2523 primo:
1547 2496 1561 2510 «
1579 2482 1648 2515 Sive
1666 2492 1721 2524 per
1745 2484 1939 2517 occasionem
1963 2486 2128 2519 annuntie-

1169 2537 1222 2566 tur
1245 2534 1407 2573 Christus,
1432 2539 1462 2567 et
1494 2529 1526 2568 in
1551 2536 1610 2569 hoc
1632 2537 1771 2578 gaudeo,
1796 2538 1848 2570 sed
1880 2543 1911 2571 et
1934 2539 2076 2580 gaudebo
2096 2553 2126 2571 ».

1168 2587 1253 2620 Unde
1278 2587 1363 2620 bona
1386 2588 1425 2621 de
1449 2589 1573 2621 Christo
1597 2589 1661 2622 visa
1685 2600 1745 2622 non
1771 2596 1845 2624 sunt
1871 2592 2045 2630 reticenda,
2074 2593 2128 2626 sed

1167 2641 1391 2679 annuntianda,
1409 2642 1582 2674 secundum
1598 2643 1674 2675 illud
1687 2644 1791 2686 quarti
1809 2645 1924 2687 Regum
1938 2646 2070 2687 septimo
2084 2647 2125 2678 ¹¹:

1173 2706 1189 2721 «
1205 2693 1363 2726 Dixerunt
1388 2695 1429 2727 illi
1455 2700 1592 2737 quatuor
1622 2697 1679 2729 viri
1707 2697 1837 2739 leprosi:
1863 2698 1941 2731 Haec
1964 2699 2031 2731 dies
2055 2699 2126 2731 boni

1167 2746 1268 2779 nuntii
1282 2750 1346 2786 est;
1364 2748 1389 2780 si
1407 2749 1599 2782 tacuerimus
1612 2753 1642 2782 et
1655 2750 1850 2784 noluerimus
1863 2752 2009 2785 nuntiare
2026 2761 2127 2795 usque

213 2897 225 2930 ,¹
246 2899 319 2925 Vers.
342 2900 388 2931 43,
407 2900 449 2926 cui
469 2900 637 2933 subiungitur
656 2902 673 2927 Ι.
693 2901 752 2928 Cor.
772 2902 803 2934 5,
823 2903 848 2929 3.
867 2910 941 2936 seqq.
961 2904 1045 2936 Beda,
1066 2904 1103 2930 ΙΙΙ.

147 2943 172 2969 in
191 2944 253 2970 Luc.
276 2945 306 2976 8,
327 2946 377 2971 32:
407 2946 469 2972 Nam
494 2946 543 2972 nisi
563 2947 623 2979 quis
647 2947 719 2979 porci
744 2954 817 2973 more
836 2948 942 2980 vixerit,
966 2956 1103 2982 nunquam

146 2988 255 3020 accipiet
268 2988 292 3014 in
306 2997 366 3015 eum
380 2990 502 3017 diabolus
519 2994 687 3023 potestatem,
701 2994 746 3017 aut
758 2992 791 3018 ad
805 2992 973 3024 probandum
989 2996 1102 3026 tantum,

145 3039 196 3058 non
215 3037 302 3059 autem
323 3037 348 3060 et
366 3035 400 3061 ad
419 3035 600 3069 perdendum,
619 3036 738 3068 accipiet.

215 3076 226 3091 ⁹
247 3078 319 3103 Vers.
340 3079 383 3104 39.
404 3094 436 3098 -
455 3079 602 3112 chrysost,
627 3081 720 3106 Homil.
741 3081 782 3106 28.
803 3081 877 3114 (alias
896 3082 950 3115 29.)
971 3083 996 3108 in
1015 3083 1101 3109 lllattli.

145 3129 171 3147 n.
190 3123 219 3147 3:
243 3132 255 3144 u
270 3123 408 3155 Propterea
428 3125 559 3156 permisit,
577 3125 623 3151 eos
641 3125 715 3151 abire
729 3126 754 3151 in
771 3133 879 3158 gregem
899 3134 1054 3158 porcorum,
1075 3131 1103 3153 ut

145 3166 189 3199 qui
208 3166 343 3198 regionem
365 3168 513 3195 incolebant
532 3169 589 3195 eius
608 3170 750 3202 potentiam
774 3171 911 3196 discerent.
925 3170 973 3197 Ubi
987 3179 1102 3204 namque

145 3217 240 3236 nomen
269 3211 351 3243 ipsius
378 3215 469 3238 notum
498 3216 568 3245 erat,
596 3213 632 3239 ibi
651 3221 704 3240 non
723 3215 799 3240 valde
817 3222 845 3241 se
863 3214 1030 3247 ostendebat,
1057 3215 1102 3241 ubl

146 3260 209 3280 vero
238 3261 314 3280 nemo
335 3255 421 3287 ipsum
440 3260 549 3283 noverat
568 3257 731 3291 stolidusque
750 3259 864 3291 populus
882 3262 952 3291 erat,
972 3259 1007 3285 ibi
1027 3260 1103 3285 mira-

145 3299 210 3324 culis
229 3299 314 3331 magis
332 3299 460 3331 fulgebat,
480 3304 509 3327 ut
528 3301 583 3327 illos
611 3302 645 3328 ad
670 3302 816 3329 Divinitatis
844 3310 907 3329 suae
926 3304 1102 3335 cognitionem

146 3344 344 3375 pertraheret».
363 3343 428 3370 lbid.
445 3345 523 3371 etiam
542 3346 607 3372 aliae
626 3347 740 3373 rationes
758 3347 929 3374 insinuantur.

216 3385 227 3402 ⁸
247 3388 322 3414 Vers.
342 3389 366 3414 2.
385 3403 420 3407 -
440 3389 497 3415 Duo
517 3397 590 3424 seqq.
611 3391 660 3416 loci
685 3395 746 3417 sunt
772 3392 832 3417 Luc.
860 3393 908 3424 13,
927 3393 970 3418 32.
998 3397 1023 3419 et
1047 3393 1103 3419 Act.

147 3430 195 3463 ⁴6,
216 3432 257 3458 ts.
275 3445 311 3452 —-
329 3432 456 3465 Superius
474 3440 523 3465 pro
542 3433 571 3460 in
596 3441 648 3468 quo
667 3434 743 3462 exitu
761 3435 844 3462 CDG
862 3443 897 3463 ese
916 3443 969 3470 quo
988 3436 1072 3463 exitu.

1129 2905 1136 3090 l

1238 2902 1249 2918 ¹
1270 2905 1343 2931 Vers.
1364 2906 1394 2937 8,
1414 2909 1474 2938 post
1493 2913 1572 2939 quem
1594 2906 1642 2938 40,
1666 2907 1710 2938 ¹6,
1731 2908 1776 2933 csr.
1795 2915 1874 2940 supra
1895 2916 1921 2934 n.
1943 2908 1983 2934 ta.
2004 2909 2028 2934 in
2049 2909 2107 2935 fine.

1238 2947 1249 2963 ⁶
1269 2950 1343 2976 Vers.
1368 2951 1404 2975 lo.
1425 2964 1460 2969 —
1479 2950 1596 2977 Subinde
1614 2952 1741 2984 allegatur
1760 2952 1835 2978 lllich.
1854 2953 1885 2983 7,
1911 2953 1947 2978 19.

1194 3019 1198 3022 ,
1239 2992 1250 3007 ⁵
1270 2994 1328 3020 Vat.
1355 2995 1430 3021 addit
1456 2994 1632 3025 daemonum,
1652 3000 1678 3021 et
1697 2995 1830 3022 substituit
1848 2996 1961 3023 subinde
1981 2997 2128 3024 Clitistiaui

1167 3045 1216 3070 pro
1237 3038 1344 3065 Christi.
1364 3053 1400 3058 —
1418 3039 1455 3065 De
1474 3041 1573 3073 qimi-to
1592 3041 1637 3065 cfr.
1659 3041 1685 3066 11.
1706 3041 1776 3066 Sent.
1795 3041 1821 3066 d.
1842 3041 1865 3066 8.
1886 3048 1910 3073 p.
1933 3042 1958 3067 ll.
1978 3049 2004 3075 q.
2030 3045 2047 3067 l.

1238 3081 1248 3097 ⁷
1268 3083 1320 3110 Ctr.
1339 3091 1420 3116 supra
1439 3092 1463 3110 n.
1485 3084 1525 3110 46.
1540 3098 1576 3103 ——
1590 3085 1695 3110 hiterius
1709 3092 1757 3117 pro
1777 3085 1919 3119 inquisitae
1938 3087 1959 3112 G
1979 3087 2122 3120 quaesitae,

1167 3130 1192 3153 et
1211 3132 1270 3160 post
1288 3128 1408 3155 veritatis
1436 3128 1557 3155 inveutae
1576 3129 1595 3154 B
1615 3129 1688 3155 addit
1707 3129 1777 3155 unde
1795 3129 1832 3155 ad
1849 3130 2028 3157 reverentiam
2047 3131 2126 3158 maie-

1166 3172 1243 3199 statis
1263 3174 1388 3200 σείει-παρ
1406 3173 1553 3200 introducit
1571 3173 1666 3200 notitia
1687 3173 1806 3201 veritatis·
1826 3174 1956 3202 inventae.

1238 3215 1249 3230 ⁸
1269 3217 1342 3243 Vcrs.
1368 3219 1413 3248 12,
1430 3218 1472 3243 cui
1491 3217 1660 3250 subiungitur
1677 3219 1754 3244 Zach.
1776 3219 1817 3250 lt,
1838 3219 1880 3245 rl7.

1238 3259 1249 3274 ⁹
1270 3261 1344 3287 Vers.
1366 3262 1409 3287 29.
1431 3276 1463 3280 -—
1482 3261 1600 3288 Subinde
1619 3263 1744 3294 allegatur
1764 3264 1804 3289 Ps.
1827 3264 1887 3296 ¹38,
1907 3264 1933 3289 7.

1239 3303 1261 3319 ¹⁰
1281 3305 1357 3331 Vers.
1370 3306 1412 3332 ⁴5.
1425 3306 1527 3331 —Duo
1541 3313 1615 3340 seqq.
1626 3307 1674 3332 loci
1685 3310 1745 3333 sunt.
1757 3307 1797 3333 rs.
1812 3307 1858 3338 63,
1877 3308 1916 3333 10.
1928 3312 1950 3333 et
1967 3308 2028 3334 Phil.
2048 3310 2068 3339 l,
2087 3310 2124 3334 18.

1167 3348 1218 3376 Cfr.
1237 3349 1303 3375 intra
1323 3357 1349 3375 n.
1369 3350 1411 3375 68.
1431 3350 1456 3375 in
1476 3350 1536 3376 tine.

1240 3391 1260 3407 ²¹
1283 3394 1355 3419 vers.
1375 3394 1406 3425 9,
1426 3397 1485 3426 post
1502 3401 1583 3427 quem
1602 3395 1630 3421 ΙΙ.
1650 3395 1715 3427 fleg.
1736 3396 1759 3427 l,
1780 3396 1822 3421 20.

2147 1183 2215 1203 rentia
2253 1183 2297 1210 puli

2194 1266 2232 1283 ΙὲΓ.

2150 1527 2287 1557 Βειιυ-υιίᾎῑίο

2170 1556 2265 1574 veritatis

2147 1582 2282 1607 conspectae.

2148 2589 2277 2612 Notandum.
