2427 3872
460 232 514 257 lUD

218 290 255 296 -
270 277 296 302 ln
310 272 408 302 iudicio
421 275 527 302 stabunt
540 276 615 307 iusti,
633 276 679 309 qui
694 276 718 301 in
733 283 806 308 prae—

167 322 232 347 senti
252 321 301 347 visi
318 322 419 347 fuerant
434 321 529 346 cadere
548 321 590 346 vel
604 321 688 346 iacere
707 321 740 346 Vl
755 320 804 346 137

165 373 193 391 v.
213 366 222 390 1
247 379 283 385 --
296 366 323 391 ln
336 365 433 391 iudicio
447 364 570 391 tacebunt
588 365 664 396 mali,
677 365 721 398 qui
736 371 806 390 nunc

166 410 289 436 videntur
307 413 376 436 stare
394 409 456 436 ibid.
477 424 511 428 —
531 410 591 435 10311
605 409 710 435 stabunt
730 409 754 434 in
769 409 805 435 iu-

166 454 235 480 dicio
252 454 379 480 audacter
394 456 420 480 et
433 456 582 479 constanter
600 456 709 486 propter
727 453 805 479 contl-

166 499 292 529 dentiam,
312 505 392 531 quam
412 498 548 524 habebunt
568 496 629 524 ibid.
647 512 683 516 —
702 499 727 523 ln
748 497 805 529 ipso

165 543 261 569 iudicio
281 542 497 575 praemiabuntur
521 542 584 567 boni
610 544 635 567 et
662 542 805 574 punientur

165 588 226 614 mali
245 588 278 613 96
298 595 325 613 v.
343 587 360 612 7
378 601 414 606 -
427 587 491 612 Boni
507 585 746 612 remunerabuntur
764 593 805 612 su-

164 639 211 664 pra
225 632 386 664 condignum
402 631 444 655 Vll
456 631 490 656 99
507 630 539 655 42
552 644 587 649 —
601 630 709 656 Dabitur
722 631 803 662 gloria

164 679 190 702 et
208 676 336 708 gaudium
355 675 530 707 dispensatori
549 674 618 700 fideli
639 674 690 700 485
710 675 744 700 37

218 735 252 739 --
271 721 340 746 Deus
358 719 457 745 iudicat
474 725 535 744 cum
562 720 641 745 multa
667 719 802 751 diligentia

164 767 189 790 et
207 765 348 790 attentione
367 763 401 789 Vl
417 763 466 789 189
485 770 511 788 v.
531 764 559 789 21
579 778 612 782 —
627 764 755 790 Dominus
769 764 804 790 iu-

164 808 262 835 dicabit
282 809 347 834 iuste
366 808 417 833 312
437 808 470 834 54
484 822 519 827 -
532 808 659 834 Dominus
678 808 804 834 iudicabit

163 854 262 879 iustum
281 853 314 878 ad
334 853 496 884 praemium,
516 853 628 885 impium
649 853 682 879 ad
703 853 803 885 suppli-

164 897 234 923 cium
258 897 292 923 35
320 904 347 922 v.
377 897 409 922 17
428 911 463 916 -—
482 897 552 923 Deus
581 898 648 923 iuste
678 897 803 935 indicabit

163 941 261 967 iustum
289 944 315 966 et
342 941 452 973 impium
479 942 512 967 36
537 950 562 975 q.
584 944 599 968 2
619 957 652 961 —-
673 943 719 968 Dei
739 950 802 975 erga

163 987 327 1018 peccatorem
341 989 380 1011 est
390 986 486 1012 iustum
501 987 534 1012 27
548 994 575 1012 v.
585 987 618 1012 26
628 1001 664 1006 -
675 987 803 1013 Dominus

163 1030 188 1055 in
202 1027 299 1056 iudicio
312 1037 363 1056 non
377 1031 514 1056 declinata
528 1032 619 1063 regula
631 1031 742 1058 iustitiae
755 1039 803 1064 per

162 1074 321 1100 discordiam
344 1082 358 1100 a
378 1075 511 1101 voluntate
535 1076 617 1102 Patris
642 1076 694 1102 312
715 1076 749 1102 54
770 1091 802 1095 -

163 1119 232 1144 1)003
256 1119 354 1145 iudicat
382 1121 438 1146 sine
458 1120 600 1147 intellectus
628 1121 669 1147 vel
695 1122 803 1147 affectus

162 1162 359 1195 perturbatione
383 1165 429 1190 188
450 1173 477 1191 v.
499 1166 530 1191 18

218 1222 252 1226 -
270 1209 367 1241 lmpios
386 1209 455 1235 Deus
475 1209 593 1236 irridebit
612 1210 642 1235 111
658 1210 755 1237 1001010
768 1211 801 1236 Vl

165 1252 215 1278 136
235 1259 261 1278 v.
276 1253 308 1278 18
321 1267 356 1273 -
369 1254 417 1287 Qui
438 1255 521 1280 credit
541 1254 566 1280 in
581 1250 673 1280 Deum¹
686 1262 738 1281 non
757 1262 802 1280 ve-

161 1297 200 1322 nit
218 1297 243 1322 in
269 1297 395 1324 iudicium
424 1299 514 1325 mortis
533 1302 559 1325 et
577 1299 803 1325 condemnationis

162 1341 209 1366 311
235 1341 266 1367 48

216 1399 251 1405 -
265 1393 316 1412 000
329 1390 406 1413 00001
420 1387 459 1413 1113
472 1388 518 1420 qui
537 1390 597 1413 sunt
616 1387 639 1412 in
653 1394 726 1419 area,
740 1387 800 1419 quia

162 1436 208 1456 eos
221 1430 319 1456 invenit
332 1435 437 1463 paratos
451 1432 494 1457 Vll
509 1431 554 1457 441
581 1431 613 1457 48
628 1446 663 1449 -
677 1431 727 1463 Qui
741 1431 802 1456 toris

161 1477 223 1500 sunt.
241 1481 289 1507 per
308 1476 404 1501 malam
424 1475 505 1501 vitam
526 1474 651 1501 iudicabit
674 1475 801 1501 Dominus

161 1518 194 1544 Vl
215 1519 266 1545 312
292 1520 325 1546 53
345 1534 380 1539 -
399 1521 424 1545 10
445 1519 541 1545 iudicio
567 1520 654 1545 futuro
674 1520 800 1545 Dominus

161 1563 327 1590 sententiabit
345 1571 392 1596 per
411 1565 497 1595 legem
518 1563 664 1589 iudicialem
686 1564 729 1589 Vll
749 1564 799 1590 408

162 1608 194 1633 16
215 1622 248 1626 -
267 1609 316 1633 Ρο1
341 1607 559 1640 approbationem
587 1608 749 1640 Angelorum
775 1613 800 1635 ct

160 1653 315 1678 Sanctorum
335 1653 466 1677 auferetur
479 1652 627 1684 praemium
647 1660 800 1685 correspon-

160 1696 225 1722 dens
238 1697 308 1722 dono
326 1696 447 1721 inutiliter
465 1696 553 1722 habito
576 1696 637 1723 ibid.
653 1697 703 1723 485
718 1698 751 1723 37
765 1713 800 1717 -—

161 1741 186 1766 111
206 1741 302 1767 iudicio
322 1740 382 1765 111311
400 1741 647 1767 condemnabuntur
666 1749 800 1774 compara-

160 1785 229 1811 tione
248 1785 387 1810 meliorum
414 1785 464 1811 298
492 1786 524 1811 66
544 1800 579 1805 -
599 1788 625 1812 10
644 1787 743 1813 'iudicio
762 1795 800 1813 re-

160 1829 237 1861 probi
256 1832 332 1855 eruut
351 1829 452 1861 iniusti,
471 1831 602 1857 tenebrosi
615 1834 641 1858 et
659 1832 709 1857 viri
722 1833 799 1858 Belial

160 1873 212 1898 352
232 1873 265 1898 58
281 1887 313 1892 —
328 1874 354 1899 ln
368 1874 464 1900 11101010
484 1875 552 1901 finali
566 1879 718 1908 peccatores
731 1884 800 1902 com-

161 1917 311 1943 minuentur
329 1918 362 1943 98
384 1918 411 1944 41
436 1933 471 1938 -
490 1920 562 1946 Μ3113
581 1920 609 1946 nt
628 1921 800 1952 sempiterna-

159 1961 190 1988 lis
215 1962 347 1988 damnatio
376 1963 409 1988 99
440 1964 472 1989 42
497 1978 532 1984 -
553 1966 578 1991 ln
607 1965 704 1991 iudicio
730 1968 799 1991 recte

159 2006 317 2033 damnantur
336 2007 411 2040 impii
430 2009 481 2034 600
499 2009 532 2034 52

212 2065 247 2070 -
266 2052 349 2084 Quem
379 2053 449 2079 Deus
473 2053 584 2085 despicit
607 2054 799 2086 reprobationis

160 2095 256 2122 iudicio
275 2103 353 2123 nemo
372 2098 475 2123 reducit
488 2098 521 2123 Vl
541 2098 574 2123 58
589 2106 615 2124 v.
636 2098 667 2124 14
681 2112 716 2118 -
729 2098 799 2125 Chri-

158 2142 213 2166 stus
223 2142 362 2173 compellet
371 2143 455 2168 malos
462 2142 621 2168 descendere
631 2143 657 2168 iu
668 2143 797 2169 infernum

158 2191 206 2216 per
218 2185 296 2211 finale
314 2186 441 2215 iudicium
456 2186 498 2212 Vll
517 2186 569 2212 352
589 2187 622 2212 58
641 2201 676 2206 —
696 2187 720 2212 ln
735 2187 798 2213 iudi-

158 2229 198 2255 cio
212 2229 281 2255 00311
300 2231 337 2255 ira
352 2231 396 2256 Dei
416 2231 505 2263 impiis
517 2231 686 2263 superveniet
699 2230 749 2257 443
764 2232 797 2257 52

159 2287 192 2292 —
212 2274 287 2307 lmpii
307 2275 448 2306 punientur
468 2275 529 2307 igne
548 2279 573 2301 et
592 2276 717 2308 sulphure
735 2275 798 2302 ibid.

158 2332 192 2336 -—
212 2319 324 2350 Superbi
346 2322 371 2345 et
391 2319 462 2351 impii
483 2319 622 2346 tenebroso
641 2320 744 2346 turbine
763 2321 798 2346 in-

158 2363 310 2395 volventur,
334 2369 367 2388 ne
390 2363 496 2389 videant
523 2364 626 2390 Domini
655 2365 796 2390 claritatem

159 2407 209 2433 480
229 2410 263 2434 22

212 2466 246 2470 -
264 2453 380 2477 futurum
400 2455 439 2478 est
458 2454 584 2479 incertum
611 2455 643 2480 Vl
664 2456 696 2480 36
717 2463 744 2481 v.
763 2456 796 2480 22

157 2509 192 2515 -
211 2496 271 2522 Dies
291 2496 378 2522 iudicii
397 2497 522 2524 omnibus
544 2502 583 2524 est
607 2499 720 2525 incertus
746 2499 796 2524 137

159 2540 205 2565 ui
223 2541 361 2567 —ludicii
380 2544 484 2574 tempus
496 2550 548 2568 non
565 2543 797 2575 comprehenditur

157 2590 170 2609 a
191 2588 278 2610 mente
307 2586 420 2612 humana
449 2587 493 2612 Vll
524 2586 575 2613 437
601 2587 634 2613 37
653 2587 796 2613 —ludicii

157 2630 261 2661 tempus
280 2630 350 2656 Deus
373 2631 399 2656 in
427 2638 475 2657 suo
499 2635 599 2657 secreto
624 2632 735 2658 occultat
763 2631 796 2657 ib.

158 2673 190 2698 36
211 2688 244 2692 -
264 2681 316 2700 non
329 2675 402 2700 venit
421 2682 480 2700 cum
495 2675 679 2701 observatione
698 2675 748 2701 438
763 2675 795 2701 37

156 2730 191 2736 -
201 2717 251 2743 sub
261 2719 416 2744 certitudine
428 2719 630 2751 exspectandum
645 2722 684 2745 est
697 2719 748 2744 537
763 2720 795 2745 52

157 2774 192 2780 —·-
210 2762 342 2794 Tempore
362 2763 450 2788 iudicii
476 2763 595 2788 transibit
620 2763 735 2788 mortalis
754 2771 795 2795 ge-

157 2806 255 2831 neratio
275 2813 322 2838 per
341 2807 558 2833 resurrectionem
579 2806 639 2833 ibid.

209 2863 244 2868 —
264 2850 375 2876 Stultum
401 2855 440 2877 est
459 2852 588 2877 sollicitari
618 2851 650 2877 (10
680 2852 806 2880 3(1νο11111Δ

156 2892 208 2917 diei
228 2893 306 2924 illius,
326 2894 483 2928 inquirendo
506 2899 606 2921 certum
631 2900 794 2922 momentum

157 2937 282 2969 temporis
307 2938 348 2964 Vll
379 2938 430 2964 439
460 2940 492 2965 42
512 2954 547 2959 -
567 2940 626 2965 0103
645 2940 732 2966 iudicii
753 2948 795 2966 ve-

157 2981 209 3007 niet
224 2981 311 3008 subito
325 2990 404 3015 super
423 2984 541 3009 carnales
553 2985 587 3009 ad
608 2985 724 3016 ipsorum
739 2992 794 3016 per-

156 3025 282 3051 ditionem
303 3027 477 3053 nniversalem
499 3028 544 3053 441
571 3029 602 3053 48
623 3043 657 3046 -—-
677 3029 736 3055 Dies
760 3029 795 3055 iu-

156 3069 217 3095 dicii
237 3070 295 3096 licet
314 3071 347 3096 sit
359 3072 442 3103 iuxta,
462 3074 550 3097 tamen
570 3073 711 3098 mundanis
723 3074 794 3099 venit

156 3120 186 3139 ex
205 3113 351 3146 improviso
380 3116 430 3140 329
451 3116 484 3140 66
503 3129 538 3134 ——
558 3116 646 3141 ludicii
674 3117 730 3142 dies
749 3124 794 3143 ve-

156 3157 208 3182 niet
224 3161 331 3190 repente
345 3159 385 3184 his
404 3160 448 3192 qui
462 3167 491 3185 se
504 3167 556 3185 11011
571 3165 794 3192 praeparaverunt

156 3204 245 3227 contra
257 3202 342 3234 ipsum
357 3203 408 3229 538
422 3203 455 3229 56
466 3204 599 3229 -ludicii
614 3204 691 3230 timor
704 3205 794 3230 sollici-

155 3246 192 3270 tat
203 3249 315 3271 mentem
326 3246 358 3272 ad
371 3247 580 3279 procurationem
591 3248 700 3274 remedii
715 3247 766 3274 405
777 3249 792 3273 5

210 3303 244 3307 —-
268 3290 405 3316 lilemorari
430 3291 509 3317 debet
533 3293 612 3318 homo
636 3292 739 3323 iudicii,
766 3296 792 3318 ut

156 3332 245 3359 timeat
265 3334 296 3360 Vl
311 3334 340 3360 91
364 3342 391 3361 v.
412 3336 438 3361 8.
460 3336 492 3361 93
513 3343 538 3361 v.
559 3337 574 3361 2
589 3336 791 3362 ——Recordatio

836 186 872 219 ΙΝ
897 185 1191 219 COMMENTARlOS
1214 186 1243 218 S.
1268 186 1493 219 SCRIPTURAE

843 274 930 301 iudicii
951 276 1062 300 multum
1085 274 1165 300 dehet
1189 275 1286 300 hortari
1309 276 1342 301 ad
1362 276 1483 302 timorem

843 322 868 345 et
888 319 1072 345 mandatorum
1087 318 1283 344 observantiam
1304 320 1336 345 99
1356 327 1382 345 v.
1403 320 1435 345 14
1449 334 1483 339 -

843 364 974 390 severitas
994 364 1080 389 iudicii
1095 363 1285 389 consideranda
1300 364 1333 389 ad
1353 364 1484 396 poeniten-

844 409 905 434 tiam
927 408 977 434 304
1005 409 1036 433 13
1056 422 1090 426 -
1111 408 1232 433 Peccator
1256 409 1376 440 arguitur
1401 412 1483 434 osten-

843 453 930 479 dendo
944 452 1069 478 iudicium
1085 452 1259 478 damnationis
1272 456 1391 478 aeternae
1405 454 1455 478 606
1468 454 1482 479 3

843 511 878 516 -
892 497 951 523 Dies
964 497 1053 523 iudicii
1066 499 1128 522 sunt
1137 497 1311 528 exspectandi,
1326 497 1482 523 formidandi

842 544 868 567 et
886 549 934 573 per
953 542 1043 566 fletum
1063 540 1235 573 praevidendi
1260 541 1302 566 Vll
1323 541 1374 566 574
1396 542 1428 566 36
1448 557 1482 560 —

843 585 975 611 Debemus
1001 587 1072 611 tanto
1091 584 1226 610 sollicitius
1245 585 1386 611 formidare
1411 585 1481 611 diem

842 630 945 661 iudicii,
964 633 1063 663 quanto
1083 636 1141 655 eam
1160 636 1212 654 non
1227 636 1369 661 possumus
1383 631 1483 661 praevi-

842 675 905 700 dere
934 674 967 699 99
995 674 1027 699 42
1048 688 1081 692 -
1101 675 1135 699 Ex
1164 673 1372 699 consideratione
1400 674 1483 700 1103113

843 718 931 744 1001011
951 717 1031 744 debet
1044 719 1123 743 homo
1144 718 1205 743 llere
1219 725 1299 750 super
1318 725 1347 743 se
1365 721 1390 744 et
1403 726 1482 750 super

841 764 905 789 alios
924 765 1088 795 peccatores,
1108 770 1140 788 ne
1164 765 1283 794 oporteat
1307 763 1431 795 plangere
1457 763 1481 788 in

841 808 955 834 adventu
975 807 1058 839 ipsius
1076 807 1128 832 574
1148 807 1181 832 34

894 866 929 871 -
949 852 1043 878 1001013
1067 852 1225 884 exspectatio
1249 859 1302 877 non
1326 852 1405 878 debet
1424 859 1481 878 esse

841 904 889 923 nec
907 904 975 922 vana
995 903 1043 922 nec
1067 897 1230 922 somnolenta
1255 897 1297 922 Vll
1323 897 1373 922 324
1393 897 1422 922 51
1447 911 1481 915 -

841 942 919 967 ludex
947 942 1019 967 venit
1047 942 1215 974 properando
1243 942 1277 966 ad
1305 941 1432 967 iudicium
1456 944 1481 967 et

841 987 926 1018 pulsat
952 993 999 1018 per
1026 986 1183 1011 infirmitatis
1212 986 1344 1017 flagellum
1365 984 1425 1012 ibid.
1445 999 1480 1004 —

841 1031 918 1057 ludex
931 1031 1116 1063 suscipiendus
1128 1038 1176 1063 per
1185 1030 1345 1056 desiderium
1359 1030 1479 1055 intimum

840 1074 902 1101 ibid.
922 1090 954 1094 —
977 1076 1054 1101 ludex
1080 1075 1269 1107 exspectandus
1294 1077 1333 1100 est
1356 1074 1479 1106 tidenter,

841 1120 987 1152 gaudenter
1006 1123 1031 1145 et
1044 1120 1182 1152 vigilanter
1199 1119 1251 1144 325
1271 1118 1305 1144 55
1317 1132 1353 1137 -
1366 1120 1398 1144 Ut
1414 1125 1480 1144 sem·

841 1172 888 1197 per
915 1165 998 1190 simus
1026 1165 1123 1197 parati,
1152 1164 1234 1190 voluit
1262 1164 1403 1194 Dominus,
1432 1170 1479 1189 nos

841 1210 962 1242 ignorare
981 1210 1073 1235 horam
1093 1209 1182 1234 iudicii
1201 1207 1252 1233 327
1272 1207 1305 1232 59
1325 1222 1360 1227 -
1373 1208 1480 1234 Adven-

842 1256 883 1279 tus
907 1253 1001 1280 Christi
1022 1253 1089 1278 male
1107 1252 1222 1278 creditur
1247 1252 1408 1278 differendus
1428 1253 1478 1278 328
1498 1251 1506 1257 '

841 1299 875 1324 65
895 1312 927 1316 -
948 1298 996 1330 Qui
1017 1298 1072 1322 vult
1097 1297 1210 1322 evadere
1230 1297 1319 1322 iudicii
1346 1297 1432 1328 diem,
1453 1300 1480 1323 ut

840 1349 890 1367 non
922 1344 1024 1373 pereat,
1056 1341 1226 1372 despiciendo
1261 1341 1392 1367 mundana
1425 1349 1481 1374 per-

839 1386 1051 1411 severantissime
1078 1386 1167 1411 tendat
1185 1386 1218 1411 ad
1247 1388 1350 1411 aeterna
1376 1386 1426 1412 444
1447 1386 1480 1412 54

840 1444 874 1448 -
892 1430 931 1455 Ad
952 1431 1068 1456 futurum
1095 1430 1220 1456 iudicium
1241 1431 1410 1456 evadendum
1440 1439 1481 1457 ne-

840 1474 969 1500 cessarius
982 1478 1020 1500 est
1040 1474 1131 1500 mundi
1145 1478 1312 1507 contemptus
1331 1478 1356 1501 et
1375 1475 1481 1502 divinus

839 1519 917 1544 111001
937 1518 988 1544 447
1007 1519 1041 1544 60

892 1564 976 1590 luni-ru
995 1579 1030 1582 -
1050 1564 1096 1589 tuit
1118 1563 1255 1590 benedicta
1275 1564 1318 1590 Vll
1339 1565 1371 1590 29
1392 1565 1426 1590 79
1445 1579 1480 1585 -

838 1615 935 1634 010303
954 1615 982 1634 30
1003 1615 1053 1634 0011
1074 1613 1112 1635 031
1125 1608 1352 1640 reprehensibilis,
1371 1610 1433 1642 quia
1447 1610 1481 1636 sa-

837 1652 923 1679 ciebat
942 1660 991 1685 pro
1005 1652 1075 1679 bono
1097 1654 1127 1679 Vl
1147 1653 1182 1679 74
1201 1661 1228 1679 v.
1247 1654 1264 1679 7
1282 1669 1317 1672 -—
1336 1661 1398 1680 cum
1412 1657 1480 1680 esset

839 1698 954 1729 infirma,
973 1697 1093 1723 liberavit
1116 1698 1261 1723 Bethuliam
1281 1697 1315 1723 ab
1341 1698 1479 1724 Holoferne

838 1742 964 1774 sapientia
984 1749 1031 1768 sua
1051 1743 1084 1767 78
1104 1750 1130 1768 ν.
1154 1742 1185 1768 15

892 1788 967 1813 lucum
987 1801 1022 1806 —
1041 1787 1186 1813 dilectionis
1199 1787 1308 1813 adiuvat
1326 1788 1359 1814 ad
1374 1790 1479 1820 portan-

838 1832 902 1857 dum
922 1839 989 1857 onus
1008 1832 1051 1857 Vll
1072 1831 1123 1857 395
1143 1831 1177 1856 34

892 1876 1003 1901 lucianus
1021 1890 1055 1895 —
1076 1876 1221 1901 haereticus
1245 1876 1349 1908 nuptias
1372 1877 1477 1902 damna-

838 1920 875 1946 vit
894 1920 926 1945 Vl
947 1921 998 1946 272
1016 1921 1049 1946 15

895 1964 1106 1991 lumen—debet
1115 1965 1209 1990 cedere
1220 1965 1310 1990 maiori
1323 1965 1366 1990 Vll
1379 1964 1430 1991 593
1443 1966 1475 1990 23

892 2010 948 2035 luno
967 2023 1002 2029 -—
1021 2010 1123 2035 Partem
1142 2010 1291 2035 inferiorem
1311 2010 1379 2035 aeris
1398 2010 1477 2036 idolo-

838 2055 917 2080 latrae
937 2053 1066 2080 vocabant
1085 2055 1208 2080 lunonem
1229 2054 1261 2080 Vl
1282 2054 1332 2079 192
1352 2061 1378 2079 v.
1397 2055 1413 2080 2

891 2100 988 2124 10111011
1007 2113 1042 2118 -
1062 2099 1212 2124 ldololatrae
1230 2101 1331 2130 partem
1351 2099 1419 2124 aeris
1433 2106 1476 2124 su-

837 2143 967 2175 periorem
983 2143 1160 2174 intelligebant
1178 2150 1226 2175 per
1238 2144 1326 2169 lovem
1342 2143 1476 2168 fulminan-

837 2190 889 2213 tem
911 2188 942 2212 Vl
963 2188 1013 2213 192
1033 2195 1059 2213 ν.
1079 2189 1094 2213 2

890 2233 1053 2257 10114110οτ00
1075 2246 1111 2251 -
1134 2233 1220 2258 iurare
1243 2235 1282 2257 cst
1309 2232 1422 2265 aliquem
1449 2231 1473 2256 in

836 2279 927 2302 testem
953 2279 977 2301 ct
1001 2276 1082 2302 robur
1101 2277 1233 2302 adducere
1253 2277 1285 2302 Vl
1306 2277 1339 2301 66
1359 2284 1386 2308 q.
1408 2276 1416 2300 1
1440 2290 1474 2294 -

835 2323 874 2346 031
892 2321 1032 2352 promissio
1057 2328 1116 2346 cum
1137 2321 1298 2346 attestatione
1323 2320 1359 2346 rei
1385 2327 1474 2345 sacrae

837 2365 886 2390 1189
907 2372 932 2389 v.
952 2366 980 2390 21
1005 2379 1040 2384 --
1059 2369 1098 2390 est
1123 2366 1230 2391 assertio
1255 2372 1319 2396 pura
1340 2367 1365 2389 et
1384 2364 1473 2395 firma,

835 2416 887 2442 qua
907 2409 973 2434 nulia
1000 2409 1099 2435 firmior
1119 2417 1176 2435 esse
1201 2413 1286 2441 potest
1311 2409 1343 2433 66
1363 2416 1390 2440 q.
1414 2409 1419 2432 1
1438 2421 1473 2426 —-

835 2453 926 2479 estad
952 2454 1096 2479 taciendam
1125 2457 1223 2479 certam
1244 2453 1322 2478 sidem
1351 2451 1412 2478 ibid.
1440 2466 1472 2469 ——

835 2499 965 2528 iuramus,
989 2498 1096 2530 quando
1121 2501 1218 2523 certam
1242 2499 1325 2522 facere
1350 2496 1472 2522 volumus

836 2541 913 2567 tidem
928 2542 1041 2567 audienti
1061 2541 1123 2567 ibid.
1137 2557 1168 2560 —
1183 2541 1241 2566 ssnis
1260 2543 1298 2566 est
1314 2540 1398 2565 omnis
1410 2547 1473 2565 con-

836 2586 978 2611 troversiae
998 2585 1059 2611 ibid.

888 2643 923 2648 —
943 2630 966 2654 in
983 2630 1035 2655 Deo
1050 2636 1102 2654 non
1122 2629 1195 2654 addit
1208 2634 1287 2659 super
1300 2627 1470 2653 assertionem

835 2674 979 2705 simplicem
999 2674 1144 2699 secundum
1159 2680 1228 2701 rem,
1247 2672 1320 2698 addit
1335 2675 1420 2697 tamen
1435 2679 1471 2698 se-

834 2718 949 2743 cundum
965 2721 1078 2743 nostram
1092 2717 1307 2749 appretiationem
1322 2717 1352 2741 Vl
1367 2717 1400 2741 66
1415 2724 1440 2748 q.
1456 2716 1465 2741 1

834 2777 867 2780 -
881 2763 929 2787 Per
947 2763 1124 2787 iuramentum
1145 2761 1189 2785 Dei
1209 2761 1308 2786 tlrmior
1333 2761 1360 2786 tlt
1380 2761 1404 2786 in
1424 2768 1471 2786 no-

834 2806 874 2831 bis
894 2807 958 2831 11003
978 2805 1039 2831 ibid.
1059 2820 1092 2823 —
1112 2805 1181 2830 Dens
1201 2804 1280 2836 iurat,
1301 2808 1329 2830 ut
1352 2809 1468 2830 nostram

834 2851 912 2876 tldem
942 2850 1033 2875 reddat
1057 2852 1168 2879 certam,
1198 2852 1300 2874 nostrae
1330 2850 1469 2875 infirmitati

833 2894 1045 2920 condescendens
1073 2892 1135 2919 ibid.
1160 2907 1193 2910 —
1218 2893 1265 2918 Per
1295 2893 1469 2919 iuramentum

835 2939 879 2963 Dei
898 2938 1042 2963 ostenditur
1070 2937 1115 2962 Dei
1140 2937 1172 2962 ad
1193 2944 1241 2962 nos
1269 2938 1333 2962 mira
1353 2937 1470 2969 dignatio

833 2981 894 3008 ibid.
913 2997 947 3000 ——
968 2982 1036 3007 Deus
1055 2989 1102 3013 per
1125 2982 1296 3013 semetipsum
1322 2981 1388 3007 iurat
1407 2981 1470 3008 ibid.

886 3041 919 3044 —
940 3027 1060 3052 Deierare
1073 3029 1111 3051 cst
1130 3033 1192 3051 vere
1206 3026 1291 3052 iurare
1311 3026 1342 3051 Vl
1361 3026 1395 3051 72
1414 3034 1439 3051 v.
1455 3028 1469 3052 2

832 3072 964 3096 —lurare
983 3077 1032 3096 non
1052 3077 1113 3096 cum
1121 3071 1173 3095 enit.
1186 3071 1305 3102 perfectis
1326 3071 1357 3095 66
1372 3078 1398 3103 q.
1415 3072 1422 3095 1
1446 3070 1470 3095 1*

831 3129 867 3134 —-
879 3115 976 3140 Passim
993 3115 1081 3140 iurans
1100 3115 1194 3141 cadere
1208 3118 1292 3147 potest
1305 3116 1328 3140 111
1345 3115 1388 3140 Dei
1409 3122 1469 3140 con-

832 3162 960 3191 temptum
984 3158 1045 3185 ibid.
1067 3174 1101 3177 ——
1121 3159 1248 3184 Dominus
1272 3166 1324 3184 non
1349 3158 1470 3189 prohibet

831 3204 1005 3229 iuramentum
1020 3206 1145 3236 tanquam
1160 3204 1270 3235 malum,
1291 3203 1336 3228 sed
1357 3203 1469 3234 pronita-

832 3251 883 3273 tem
903 3248 936 3273 ad
956 3247 1096 3273 iurandum
1117 3248 1214 3280 passim
1234 3246 1297 3273 ibid.

884 3292 923 3317 lus
941 3305 976 3310 —
996 3292 1085 3318 Nullus
1104 3292 1183 3318 debet
1206 3291 1283 3317 alicui
1307 3292 1408 3317 auterre
1428 3291 1468 3316 ius

830 3343 907 3362 suum
929 3336 960 3361 Vl
981 3337 1013 3361 82
1033 3343 1059 3369 q.
1083 3337 1089 3361 1

2094 192 2156 222 779

1817 234 1866 259 lUS

1575 277 1734 303 1031111οΛτιο
1753 292 1788 296 -
1807 282 1846 304 est
1873 279 1946 311 quasi
1972 286 2038 311 aqua
2061 280 2158 311 :gratiae

1522 321 1554 346 Vl
1575 321 1625 346 627
1647 322 1661 346 9
1681 335 1715 340 -
1734 322 1852 348 Christus
1866 323 1960 349 missus
1977 324 2023 349 suit
2042 324 2157 350 3010311-

1522 365 1653 390 noandum
1673 374 1686 391 a
1702 367 1777 398 culpa
1799 366 1849 392 574
1867 367 1881 391 3
1895 381 1929 386 --
1943 367 1980 393 Ad
2002 368 2158 394 iustificatio-

1522 416 1581 434 nem
1602 413 1768 441 pem-morum
1789 412 1930 443 requiritur
1950 413 2106 444 poenitentia
2134 417 2159 438 et

1523 453 1668 485 baptismus
1693 455 1733 480 Vll
1759 455 1810 480 180
1833 456 1867 480 55
1886 471 1919 474 —
1939 457 1977 482 Ad
2003 457 2157 482 103111113110-

1521 505 1579 523 0010
1601 505 1790 530 praeparamur
1810 507 1857 531 per
1876 500 1955 525 110010
1975 506 2000 526 01
2019 501 2158 533 intelligen-

1521 542 1581 567 tiam
1602 543 1717 568 veritatis
1742 544 1792 568 268
1819 545 1847 569 51
1872 558 1906 562 -
1926 545 1994 569 Fidei
2020 546 2159 571 credulitas

1521 586 1640 612 iustificat
1654 587 1764 618 impium
1787 589 1816 612 Vl
1835 588 1864 613 71
1889 596 1915 614 v.
1938 590 1961 613 2.
1982 589 2032 614 458
2056 591 2085 615 16

1575 644 1608 649 -—
1628 631 1767 656 iustificare
1787 632 1896 663 impium
1917 633 2002 658 maius
2020 637 2058 659 est
2077 642 2156 666 quam

1521 681 1610 700 creare
1629 675 1729 700 caelum
1759 679 1784 701 et
1803 679 1897 701 terram
1920 677 1961 702 Vll
1991 677 2041 702 386
2072 679 2103 702 14
2124 693 2157 696 —

1521 722 1558 744 est
1572 726 1654 750 opus,
1677 719 1703 744 in
1726 727 1780 752 quo
1797 727 1900 746 summe
1921 722 2096 747 manifestatur
2117 730 2159 753 po-

1521 763 1613 794 tentia,
1632 764 1755 795 sapientia
1775 767 1801 789 et
1821 765 1997 790 misericordia
2019 766 2068 791 472
2089 766 2122 791 66

1573 808 1636 834 lusit
1655 822 1690 827 ——
1709 809 1793 834 iustus
1812 812 1851 834 est
1869 809 1913 841 (101
1935 809 2013 835 1131101
2034 810 2157 838 iustitiam

1520 854 1552 879 Vl
1569 854 1602 878 60
1616 860 1642 885 q.
1662 854 1677 878 2
1697 867 1731 872 -
1750 856 1789 878 est
1802 852 1887 878 bonus
1907 852 1940 879 ib.
1959 861 1985 886 q.
2002 854 2010 878 1
2035 869 2069 872 -
2090 855 2159 881 Deus

1519 898 1613 923 dicitur
1639 896 1857 923 1031031310.-
1883 898 1965 923 Homo
1994 898 2072 924 debet
2100 906 2157 925 esse

1519 942 1611 973 iustus,
1632 942 1692 974 quia
1714 942 1783 967 Deus
1796 942 1880 968 iustus
1900 943 1950 967 189
1971 950 1995 968 v.
2018 944 2050 968 l9

1572 1001 1606 1004 —
1632 986 1716 1012 Omne
1735 987 1830 1012 iustum
1860 986 1959 1012 bonum
1986 992 2024 1013 est
2053 988 2085 1013 vl
2109 989 2156 1013 116

1519 1038 1544 1056 v.
1566 1031 1607 1056 13.
1627 1031 1678 1056 382
1699 1031 1732 1057 55
1752 1045 1787 1050 —-
1807 1032 1881 1064 Quod
1901 1035 1939 1057 est
1958 1039 1971 1057 a
1992 1033 2046 1058 Deo
2061 1033 2157 1059 iustum

1518 1078 1557 1101 est
1570 1076 1603 1100 68
1617 1082 1643 1108 q.
1660 1076 1669 1100 1
1693 1090 1725 1094 -
1746 1077 1765 1102 Α
1788 1076 1839 1101 Deo
1860 1076 1921 1102 nihil
1940 1080 1979 1102 est
1997 1078 2045 1103 nisi
2060 1078 2156 1103 iustum

1519 1120 1551 1146 82
1571 1128 1597 1153 q.
1621 1120 1628 1145 1

1571 1179 1605 1184 -
1625 1165 1779 1191 dividuntur
1798 1166 1824 1191 in
1844 1166 1943 1192 activos
1959 1170 1985 1192 et
2003 1168 2158 1199 contempla·

1518 1210 1586 1235 tivos
1605 1210 1637 1235 vl
1657 1210 1690 1236 32
1711 1217 1737 1235 v.
1758 1212 1772 1235 8
1793 1225 1827 1229 —
1846 1215 1885 1236 est
1903 1214 1948 1237 301
1963 1213 2101 1244 perfectus,
2115 1216 2159 1238 aut

1518 1254 1687 1286 imperfectus
1712 1255 1745 1280 57
1770 1263 1796 1288 q.
1818 1256 1827 1280 1
1852 1270 1886 1275 -
1905 1256 2075 1282 conturbatur
2099 1264 2158 1282 con-

1519 1298 1667 1324 turbatione
1693 1300 1883 1331 compassionis
1903 1299 1965 1326 ibid.
1985 1315 2018 1319 —
2039 1301 2063 1326 ln
2093 1308 2158 1334 quo-

1519 1342 1582 1369 libet
1601 1343 1668 1369 iusto
1688 1344 1817 1376 reperitur
1835 1345 1969 1376 plenitudo
1987 1346 2157 1371 sufficientiae

1519 1387 1570 1413 538
1590 1389 1606 1413 2
1625 1402 1659 1407 ——
1678 1391 1718 1414 est
1737 1390 1868 1420 perfectus
1897 1389 1922 1414 in
1942 1390 2023 1421 gratia
2053 1390 2157 1415 modico

1519 1434 1638 1464 tempore
1655 1433 1704 1458 135
1724 1441 1748 1458 v.
1774 1434 1802 1458 13
1817 1447 1851 1452 -
1866 1434 1924 1465 plus
1938 1433 1998 1459 boni
2020 1434 2078 1459 tacit
2096 1437 2157 1460 tem-

1520 1484 1584 1508 pore
1607 1477 1711 1503 modico
1725 1484 1805 1510 quam
1820 1478 1930 1503 iniustus
1943 1481 2060 1510 tempore
2077 1480 2157 1505 multo

1520 1521 1570 1547 136
1590 1528 1616 1546 v.
1640 1522 1670 1547 16

1571 1580 1606 1585 -
1617 1567 1665 1592 Per
1678 1566 1801 1592 iustitiam
1817 1566 1876 1591 tldei
1892 1567 1976 1592 iustus
1995 1567 2110 1593 salvatur
2125 1568 2156 1593 Vl

1519 1610 1568 1636 458
1585 1611 1616 1636 16
1626 1624 1662 1630 -
1671 1617 1776 1643 semper
1787 1611 1810 1636 in
1822 1611 1879 1637 luce
1889 1611 1950 1636 tldei
1960 1611 2094 1637 ambulant
2108 1612 2155 1637 148

1517 1662 1544 1680 v.
1557 1655 1588 1680 15
1603 1670 1635 1674 -
1646 1655 1781 1681 0011110001
1794 1655 1819 1680 111
1831 1655 1913 1681 Deum
1924 1656 1950 1681 10
1962 1656 2090 1687 praesenti
2106 1657 2157 1682 128

1517 1707 1542 1725 ν.
1557 1700 1572 1724 9
1585 1715 1620 1718 -
1635 1700 1698 1725 Το13
1715 1700 1841 1725 iustorum
1857 1700 2002 1726 sollicitudo
2012 1704 2037 1726 01
2051 1700 2156 1726 intentio

1516 1751 1564 1776 per
1577 1744 1656 1770 1100111
1670 1747 1708 1770 est
1721 1743 1793 1775 apud
1813 1744 1896 1769 Deum
1913 1744 1962 1769 142
1978 1752 2003 1769 ν.
2025 1745 2055 1770 16
2069 1759 2104 1763 —
2118 1752 2157 1771 so-

1515 1789 1568 1814 lum
1588 1788 1621 1814 de
1634 1788 1700 1819 Deo,
1720 1789 1761 1813 vel
1780 1788 1813 1814 de
1827 1788 1857 1813 iis
1876 1795 1945 1820 quae
1958 1788 1991 1814 ad
2012 1789 2097 1820 ipsum
2114 1791 2156 1815 ha·

1515 1832 1633 1858 bendum
1646 1834 1789 1863 conferunt,
1803 1832 1918 1864 cogitant
1930 1831 1991 1858 ibid.
2001 1847 2036 1851 —
2046 1833 2155 1865 quilibet

1515 1877 1649 1902 scientiam
1670 1877 1714 1902 Dei
1729 1876 1807 1902 habet
1827 1877 1852 1902 in
1872 1877 2001 1902 intellectu
2017 1877 2066 1902 122
2082 1885 2106 1903 v.
2124 1879 2153 1904 13

1515 1920 1668 1954 —quilibet
1681 1921 1749 1947 filius
1762 1921 1806 1946 Dei
1824 1924 1861 1946 est
1881 1928 1927 1953 per
1946 1921 2056 1952 gratiam
2075 1922 2100 1946 in
2120 1923 2154 1947 as-

1514 1967 1581 1991 rectu
1600 1965 1662 1991 ibid.
1679 1981 1712 1984 -—
1732 1966 1880 1991 Sustentare
1892 1966 1989 1991 iustum
2010 1966 2037 1991 in
2057 1966 2152 1992 iustitia

1514 2009 1612 2036 bonum
1632 2014 1671 2035 est
1689 2010 1722 2034 60
1742 2017 1766 2035 v.
1787 2010 1818 2034 19

1566 2070 1600 2073 -
1620 2057 1778 2081 0000011001
1805 2054 1838 2079 30
1867 2053 1996 2080 Christum
2027 2058 2151 2088 tanquam

1512 2100 1544 2125 ad
1560 2099 1726 2131 magistrum,
1741 2101 1769 2123 ut
1781 2098 1925 2124 doceantur
1938 2099 2092 2131 sapientiam
2108 2100 2151 2125 Vll

1516 2144 1563 2170 147
1576 2144 1606 2169 48
1618 2158 1652 2161 —
1663 2144 1786 2174 Martyres
1798 2143 1921 2168 dicuntur
1934 2144 2079 2175 specialiter
2091 2145 2151 2171 iusti

1512 2189 1544 2214 Vl
1560 2188 1606 2213 125
1618 2196 1642 2212 ν.
1658 2188 1664 2212 1
1677 2201 1710 2206 -
1720 2186 1822 2213 Christo
1833 2187 1885 2212 dati
1896 2190 1994 2214 tantum
2005 2189 2150 2215 secundum

1512 2236 1674 2265 praesentem
1696 2232 1817 2257 iustitiam
1837 2232 1985 2263 perduntur
2004 2233 2055 2259 329
2075 2234 2109 2259 64

1564 2291 1599 2294 -
1618 2276 1687 2301 Deus
1709 2282 1759 2301 non
1788 2276 1905 2301 similiter
1933 2277 1992 2302 tacit
2021 2278 2094 2303 iustis
2123 2282 2151 2303 ut

1512 2320 1611 2346 iniustis
1632 2320 1663 2344 Vl
1694 2320 1744 2345 180
1773 2327 1798 2345 v.
1819 2320 1851 2345 15
1871 2335 1905 2339 -
1925 2321 2006 2347 Nemo
2027 2326 2064 2347 est
2083 2323 2150 2348 adeo

1511 2365 1607 2394 iustus,
1632 2364 1677 2396 qui
1698 2364 1779 2395 possit
1797 2371 1824 2390 se
1843 2365 1982 2391 iustificare
2001 2366 2027 2391 in
2053 2367 2150 2392 iudicio

1509 2416 1569 2434 cum
1590 2408 1644 2433 Deo
1664 2408 1696 2433 53
1717 2416 1743 2433 v.
1765 2409 1796 2433 10
1818 2423 1849 2427 -
1870 2410 1944 2442 quasi
1959 2411 2056 2442 impius
2076 2418 2150 2442 repu-

1510 2455 1577 2478 tatur
1597 2452 1629 2477 58
1650 2459 1676 2476 v.
1696 2453 1724 2477 16

1562 2510 1597 2515 -
1629 2496 1711 2521 Valde
1738 2504 1863 2529 magnum
1891 2502 1941 2529 est,
1966 2499 2036 2531 quod
2067 2499 2150 2524 iustus

1509 2540 1575 2566 vivit
1603 2541 1754 2572 impollutus
1783 2542 1849 2568 inter
1868 2546 2019 2575 peccatores
2039 2543 2070 2568 Vl
2099 2542 2147 2568 134

1509 2592 1535 2610 v.
1559 2585 1591 2610 10
1619 2599 1654 2604 -
1682 2586 1747 2611 10101
1775 2591 1925 2619 peccatores
1954 2591 1991 2613 est
2019 2587 2093 2620 quasi
2123 2587 2147 2612 li·

1508 2629 1570 2654 lium
1598 2629 1663 2655 111101
1681 2631 1786 2662 spinas,
1811 2639 1862 2656 non
1882 2632 2001 2657 amittens
2020 2639 2081 2657 suae
2102 2638 2148 2662 pu·

1509 2674 1588 2699 ritatis
1607 2675 1747 2700 candorem
1773 2683 1821 2701 nec
1846 2683 1909 2701 suae
1934 2677 2018 2701 famae
2037 2676 2146 2701 odorem

1508 2717 1570 2744 ibid.
1591 2732 1626 2737 —
1649 2720 1722 2751 lmpii
1749 2720 1823 2752 quasi
1847 2720 2023 2745 fortitudinem
2044 2727 2090 2751 pro
2112 2720 2147 2745 iu-

1508 2763 1574 2788 stitia
1604 2763 1700 2789 liabent
1731 2765 1774 2788 121
1810 2771 1836 2789 1·.
1868 2765 1896 2788 10
1921 2777 1955 2782 -
1975 2764 2047 2795 lmpii
2073 2765 2145 2796 quod

1508 2814 1559 2832 non
1584 2810 1693 2839 possunt
1716 2809 1799 2832 tacere
1826 2815 1872 2838 per
1901 2807 2024 2832 iustitiam
2056 2808 2146 2833 volunt

1510 2853 1593 2876 faeere
1619 2858 1664 2882 per
1692 2851 1840 2876 xiolentiam
1871 2850 1904 2875 ib.
1933 2859 1959 2875 v.
1992 2852 2016 2875 tl
2051 2865 2085 2870 —
2113 2852 2146 2877 de

1507 2895 1561 2921 suis
1581 2895 1679 2920 meritis
1702 2902 1873 2926 praesumens
1899 2895 2020 2920 iustitiam
2035 2903 2086 2920 nur⁴
2106 2903 2146 2921 ac-

1507 2942 1593 2970 ceptat
1621 2939 1662 2963 vn
1693 2938 1743 2963 400
1773 2938 1803 2963 47
1835 2953 1867 2956 -
1899 2939 1932 2964 de
1963 2939 2017 2964 suis
2046 2940 2145 2965 meritis

1508 2990 1677 3015 praesumens
1707 2982 1857 3013 indignatur
1884 2986 1973 3008 contra
2002 2984 2145 3009 inisericor-

1507 3028 1577 3052 diam
1599 3027 1641 3052 Dei
1663 3025 1723 3052 ibid.
1743 3040 1777 3044 —
1798 3027 1968 3052 Praesumeus
1993 3028 2026 3053 de
2050 3028 2142 3053 iustitia

1507 3075 1531 3096 ct
1559 3071 1698 3102 indignans
1727 3077 1774 3101 pro
1795 3071 1973 3096 misericordia
2004 3072 2073 3096 fratri
2099 3072 2144 3096 im—

1507 3122 1586 3147 pensa
1611 3122 1661 3139 non
1687 3113 1800 3139 ambulat
1827 3115 1973 3141 secundum
2002 3116 2142 3145 iustitiam,

1506 3159 1550 3184 scd
1572 3158 1717 3184 scrinulum
1738 3158 1889 3183 iniustitiam
1910 3158 1970 3185 ibid.
1990 3174 2023 3177 —
2044 3159 2091 3191 Qui
2114 3167 2141 3184 se

1507 3203 1625 3228 iustitlcat
1646 3208 1733 3227 coram
1757 3202 1908 3228 hominibus
1927 3207 1952 3228 et
1973 3211 2023 3228 uon
2053 3210 2140 3228 eoram

1508 3248 1558 3272 Deo
1578 3253 1629 3271 uon
1649 3249 1686 3271 cst
1705 3246 1786 3271 iustus
1806 3246 1856 3271 412
1877 3247 1910 3272 27
1924 3261 1956 3265 --
1971 3254 2017 3279 per
2033 3251 2142 3272 ostenta-

1507 3291 1600 3316 tionem
1620 3294 1645 3315 01
1673 3297 1723 3315 1100
1750 3297 1838 3315 eoram
1864 3291 1918 3316 Deo
1947 3291 2013 3322 parit
2036 3291 2140 3322 culpam

1510 3333 1571 3360 ibid.
1592 3348 1625 3353 —
1645 3334 1712 3360 Deus
1732 3334 1790 3366 plus
1809 3338 1900 3366 pensat
1919 3342 1995 3360 uuam
2016 3335 2139 3360 lnunilem
