2476 3921
171 423 300 445 Notandum.

155 1476 185 1498 De
200 1476 299 1498 secunda.

152 1745 206 1772 Quid
217 1746 258 1767 sint
268 1746 303 1766 illa

158 1773 234 1802 mulier
244 1775 264 1794 et
274 1773 303 1793 ia-

158 1805 211 1820 rina.

176 2224 231 2251 Quid
249 2224 289 2245 tria

159 2254 204 2272 sata
218 2257 260 2282 sec.
278 2251 302 2271 10

153 2281 302 2305 expositiones.

321 274 384 307 348

320 362 440 395 occulto
463 364 493 392 et
518 357 674 395 interiori;
694 356 775 388 unde
792 364 852 387 non
878 354 1049 395 incongrue
1072 352 1273 396 fermentum

320 418 366 446 cst
396 413 517 445 caritas.
551 411 611 443 Nec
643 413 689 442 est
712 408 904 441 contrarium
930 406 1056 445 rationi,
1090 406 1175 448 quod
1205 405 1273 447 fer-

319 470 462 498 mentum
486 464 656 505 accipiatur
680 462 724 494 sic
747 465 778 493 et
802 461 845 493 sic
870 460 989 492 ratione
1024 459 1166 491 diversae
1201 468 1274 500 pro-

322 518 469 560 prietatis.
494 516 579 549 Unde
603 514 804 556 Augustinus,
837 513 929 545 tertio
953 512 1033 545 libro
1056 512 1095 545 de
1127 512 1274 544 Doctrina

320 571 530 603 christiana1:
553 582 568 597 «
584 567 735 609 Quoniam
753 566 860 598 multis
885 565 984 597 modis
1008 574 1059 597 res
1082 565 1199 597 similes
1224 573 1273 597 re-

320 624 379 656 bus
409 625 577 664 apparent,
602 630 662 652 non
688 623 849 662 putemus,
873 627 941 651 esse
965 618 1213 660 praescriptum,
1238 621 1274 650 ut

320 676 401 718 quod
426 676 457 707 in
481 675 586 716 aliquo
607 674 673 705 loco
698 681 748 705 res
771 672 875 713 aliqua
892 680 948 713 per
973 670 1208 703 similitudinem
1232 670 1274 703 si—

319 728 528 769 gnificaverit,
553 727 611 759 hoc
635 734 702 758 eam
738 734 862 766 semper
898 724 1073 765 significare
1097 723 1272 756 credamus.

320 783 394 813 Nam
411 784 440 813 et
458 781 487 812 in
505 780 743 822 vituperatione
767 778 871 819 posuit
894 776 1093 819 fermentum
1110 777 1273 816 Dominus,

319 838 354 867 ut
388 834 521 866 diceret:
548 833 661 865 Cavete
685 842 706 863 a
733 830 892 873 fermento
930 829 1215 868 Pharisaeorum;
1243 833 1274 862 et

319 889 349 919 iu
382 887 497 925 laude,
522 895 594 918 cum
625 885 759 917 diceret:
785 883 897 916 Simile
928 888 974 916 est
1005 892 1146 926 requam
1170 883 1273 915 eaelo-

319 950 396 972 rum
412 939 563 977 mulieri,
581 948 666 981 quae
682 937 852 970 abscondit
867 936 1065 979 fermentum
1084 937 1119 969 in
1136 935 1274 979 farinae

318 998 393 1024 sata
418 994 485 1024 tria
503 1005 533 1023 n.
559 991 738 1023 Huiusmodi
764 994 868 1022 autem
893 991 1002 1029 multa,
1020 993 1056 1022 ut
1071 989 1146 1022 dicit
1158 990 1181 1028 2,
1199 992 1273 1022 sunt

319 1046 430 1078 similia
447 1046 476 1077 in
502 1045 680 1086 Scriptura,
705 1044 787 1076 sicut
807 1056 821 1071 «
836 1043 881 1075 leo
909 1042 1077 1076 Christum
1102 1042 1272 1084 significat,

319 1098 515 1140 Apocalypsis
540 1097 666 1138 quinto:
698 1096 779 1128 Vicit
796 1096 841 1128 leo
858 1096 896 1128 de
920 1095 1010 1128 tribu
1035 1095 1141 1133 Iuda;
1158 1094 1273 1127 diabo-

318 1152 405 1189 lum,
422 1151 541 1192 primae
564 1150 643 1182 Petri
669 1150 797 1191 quinto:
821 1149 1050 1181 Adversarius
1072 1152 1176 1180 vester
1199 1148 1273 1180 dia-

318 1204 409 1236 bolas
433 1208 593 1245 tauquam
626 1203 670 1235 leo
706 1203 843 1245 ruyiens
870 1206 947 1241 etc.;
973 1202 1017 1234 sic
1052 1206 1083 1234 et
1106 1202 1167 1234 alia
1201 1201 1271 1243 plu-

318 1258 396 1288 runa
413 1270 442 1288 n.
467 1256 566 1288 Cuius
582 1255 770 1288 diversitatis
794 1264 888 1288 causa
905 1259 952 1288 est
969 1255 1183 1296 multiplicitas
1200 1264 1272 1296 pro-

318 1310 503 1351 prietatum,
520 1319 561 1342 ex
579 1309 695 1351 quibus
720 1309 884 1341 diversitas
901 1308 1143 1341 similitudinum
1168 1312 1199 1341 et
1222 1317 1273 1340 re-

316 1363 601 1403 praesentationum
627 1363 729 1394 oritur
753 1362 784 1394 iu
808 1362 928 1403 figuris.

404 1415 456 1447 44.
482 1415 623 1447 Secundo
647 1418 800 1456 quantum
825 1414 863 1446 ad
881 1414 1103 1456 proprietatem
1121 1423 1162 1447 ex
1184 1417 1273 1456 parte

318 1468 503 1500 industriae
526 1468 653 1500 atienae
677 1467 800 1500 subdit:
827 1468 921 1508 Quod
952 1471 1123 1509 acceptum
1152 1467 1273 1500 mulier

316 1521 484 1553 abscondit
509 1522 543 1553 in
566 1520 703 1563 farinae
726 1525 803 1553 sata
826 1520 903 1553 tria.
930 1520 1108 1553 Secundum
1127 1521 1272 1559 litteram,

315 1579 350 1607 ut
373 1575 447 1607 dicit
471 1575 551 1607 Beda
564 1575 586 1613 ³,
618 1588 633 1603 a
648 1579 761 1606 satum
790 1577 837 1606 est
868 1583 967 1616 genus
992 1583 1158 1606 mensurae
1182 1574 1273 1606 iuxta

316 1638 433 1661 morem
459 1628 647 1660 Palaestinae
670 1628 808 1660 modium
835 1631 865 1660 et
889 1627 1051 1660 dimidium
1078 1627 1204 1669 capiens
1221 1641 1250 1659 ».

405 1682 439 1714 Et
463 1685 552 1720 nota,
578 1681 661 1723 quod
686 1690 742 1722 per
775 1681 855 1713 hanc
886 1680 1057 1712 mulierem
1089 1680 1273 1722 intelligitur

316 1735 464 1777 sapientia
494 1735 642 1773 diviua4,
679 1734 727 1767 vel
760 1734 911 1772 Ecclesia;
949 1734 1191 1766 proverbiorum
1225 1733 1275 1766 ul-

316 1790 408 1820 timo:
439 1788 631 1820 «Mulierem
664 1787 775 1820 fortem
809 1787 880 1829 quis
912 1787 1079 1819 inveniet»
1116 1790 1173 1819 etc.
1208 1788 1274 1818 Fa-

316 1842 395 1874 rina
428 1845 533 1874 autem
566 1845 640 1873 sunt
675 1841 800 1879 fideles,
825 1840 879 1882 qui
916 1843 1065 1873 teruntur
1089 1839 1171 1872 inter
1195 1839 1274 1872 duas

315 1896 429 1933 molas,
455 1895 649 1936 superiorem
683 1894 800 1927 scilicet
834 1897 865 1926 et
896 1893 1096 1932 inferiorem,
1129 1893 1274 1925 timorem

316 1948 457 1981 videlicet
481 1953 511 1980 et
542 1957 646 1989 spem;
672 1947 905 1980 Deuteronomii
942 1946 1091 1988 vigesimo
1115 1946 1272 1988 quart05:

320 2015 333 2028 «
354 2002 416 2034 Non
441 2001 573 2043 accipies
605 2001 671 2033 loco
703 2000 842 2042 pignoris
873 2000 1052 2033 inferiorem
1077 2003 1108 2033 et
1132 1999 1273 2041 superio-

316 2064 382 2087 rem
406 2055 519 2087 molam
537 2068 567 2085 n.
593 2054 639 2086 Ex
664 2063 727 2096 qua
750 2054 851 2086 farina
867 2054 902 2085 sit
926 2063 1015 2085 unus
1036 2053 1153 2095 panis,
1179 2062 1273 2095 quem

316 2108 458 2141 Christus
482 2108 513 2140 in
538 2116 654 2149 corpus
677 2116 772 2140 suum
798 2107 964 2148 mysticum
989 2106 1121 2145 traiicit;
1154 2106 1274 2148 primae

315 2161 354 2193 ad
377 2161 554 2194 Corinthios
577 2161 715 2193 decimo:
745 2173 760 2188 «
777 2160 864 2193 Multi
889 2169 973 2192 unus
997 2160 1085 2201 panis
1109 2168 1221 2192 sumus
1242 2160 1273 2191 in

316 2214 440 2246 Christo
454 2227 484 2245 ».
499 2233 542 2237 —
555 2214 611 2246 Sed
630 2214 699 2246 tria
715 2219 792 2245 sata
809 2215 883 2245 sunt
900 2217 964 2245 tres
980 2211 1184 2255 differentiae
1195 2211 1274 2253 side-

317 2267 415 2306 liam,
440 2267 471 2299 in
495 2267 612 2309 quibus
635 2267 688 2299 Dei
714 2266 865 2308 sapientia
892 2266 1089 2298 dilectionem
1113 2265 1275 2297 abscondit

903 265 1095 298 COMMENT.
1121 265 1157 297 IN
1181 264 1419 298 EVANGELIUM
1443 265 1560 297 LUCAE
1585 265 1616 297 C.
1641 266 1714 298 Xlll.

1338 353 1371 385 iu
1395 353 1462 392 via,
1493 353 1611 386 scilicet
1645 354 1718 387 boni
1746 355 1912 397 praelati,
1944 355 2017 388 boni
2052 356 2298 399 contemplativi
2335 364 2386 394 τιρε
2402 365 2453 389 ure

1338 409 1369 438 et
1393 405 1464 438 boni
1489 407 1601 439 activi.
1626 407 1712 440 Unde
1734 408 1885 441 Glossa⁶:
1914 420 1930 436 α
1948 409 2020 441 Tria
2044 412 2128 448 sata,
2152 409 2213 442 tria
2244 418 2298 451 ge·
2314 392 2457 438 Iri-maenae:

1339 467 1416 491 nera
1439 458 1621 491 hominum:
1645 459 1726 498 Noe,
1751 460 1859 493 Daniel
1882 465 1913 493 et
1937 460 1989 493 Iob
2006 473 2036 500 ¹³3
2061 461 2229 495 Ezechielis
2244 461 2298 495 de-

1339 511 1419 544 cimo
1444 515 1577 553 quarto:
1607 525 1622 540 «
1638 512 1668 544 Si
1693 512 1812 545 suerint
1842 513 1874 545 in
1898 513 2000 546 medio
2035 514 2103 546 eius
2134 515 2213 554 Noe,
2238 515 2298 547 Da-

1339 564 1401 597 niel
1424 567 1455 597 et
1479 564 1548 603 lob,
1582 564 1700 597 iustitia
1723 574 1781 598 sua
1805 566 2026 599 liberabuntur
2042 580 2072 599 ».
2098 567 2176 600 Haec
2200 567 2297 610 igitur

1338 617 1442 659 prima
1465 618 1620 660 expositio
1644 619 1744 661 magis
1774 619 1948 652 secundum
1972 620 2108 653 litteram
2132 624 2297 660 consonat;

1338 670 1429 703 aliter
1445 674 1476 703 et
1500 671 1715 713 multipliciter
1738 672 1869 713 exponit
1885 672 1965 705 Beda
1987 673 2018 705 in
2042 673 2150 706 Glossa
2161 673 2184 712 ⁷,
2200 677 2237 706 ut
2256 682 2299 706 ex

1339 723 1398 755 hoc
1429 727 1579 765 appareat
1606 736 1622 752 «
1639 724 1841 757 multiformis
1872 725 2024 767 sapientia
2051 726 2106 758 Dei
2123 739 2154 764 n,
2184 739 2199 754 «
2216 735 2297 768 quae

1338 776 1370 808 in
1394 776 1543 817 mysterio
1566 776 1746 809 abscondita
1770 781 1817 810 est
1833 791 1862 810 n.

1428 829 1570 862 Secundo
1594 838 1650 871 per
1673 834 1749 862 sata
1773 831 1842 862 tria
1873 830 2093 873 intelliguntur
2117 835 2183 863 tres
2206 831 2298 864 modi
2316 839 2367 870 περ
2381 840 2434 872 moga

1339 882 1517 924 diligendi,
1543 882 1660 915 scilicet
1683 892 1724 915 ex
1749 885 1814 916 toto
1837 883 1946 923 corde,
1971 893 2011 917 ex
2048 887 2112 916 tota
2139 884 2243 917 anima
2266 887 2297 917 et
2322 865 2427 893 wfflm'

1338 944 1379 968 ex
1405 938 1469 968 tota
1492 938 1605 968 mente.
1632 936 1716 968 Unde
1740 936 1848 969 Glossa
1864 937 2005 970 Bedae⁸:
2028 950 2044 966 α
2060 937 2225 970 Abscondit
2243 937 2297 970 Ec-

1338 988 1434 1021 clesia
1457 988 1648 1021 fermentum
1671 989 1844 1022 dilectionis
1865 990 1895 1022 in
1920 990 2038 1023 farinae
2055 994 2121 1023 sata
2136 990 2207 1029 tria,
2224 990 2299 1032 quia

1338 1041 1508 1083 praecipit,
1534 1045 1571 1074 ut
1593 1041 1759 1083 diligamus
1775 1043 1875 1075 Deum
1898 1052 1940 1075 ex
1964 1046 2030 1075 toto
2046 1043 2157 1081 corde,
2174 1052 2216 1076 ex
2232 1046 2297 1076 tota

1338 1095 1441 1127 anima
1465 1098 1495 1127 et
1519 1104 1560 1127 ex
1578 1098 1642 1127 tota
1658 1095 1774 1128 virtute
1788 1108 1818 1135 »ς
1836 1096 2068 1129 Deuteronomii
2087 1099 2195 1129 sexto:
2218 1109 2234 1125 α
2246 1096 2299 1128 Di-

1338 1148 1414 1189 liges
1438 1147 1606 1180 Dominum
1630 1148 1730 1180 Deum
1754 1152 1844 1181 tuum
1859 1162 1874 1178 »
1902 1153 1972 1188 etc.;
1997 1152 2028 1181 et
2044 1149 2189 1182 Matthaei
2214 1149 2299 1191 vige-

1338 1201 1417 1233 simo
1441 1200 1596 1234 secundo:
1620 1201 1764 1243 «Diliges
1788 1202 1955 1235 Dominum
1972 1203 2072 1235 Deum
2096 1206 2186 1235 tuum
2200 1216 2216 1232 »
2238 1207 2296 1235 etc.

1343 1267 1357 1283 α
1376 1255 1407 1286 ln
1433 1254 1492 1287 hoc
1516 1254 1661 1286 mandato
1678 1267 1693 1283 »
1722 1257 1780 1287 etc.

1427 1307 1532 1339 Tertio
1556 1306 1648 1339 modo
1672 1307 1734 1345 sic,
1759 1311 1795 1339 ut
1819 1317 1875 1349 per
1899 1309 1967 1341 tria
1990 1313 2067 1341 sata
2083 1309 2297 1351 intelligantur
2317 1316 2368 1337 Tres
2383 1317 2446 1347 partes

1337 1360 1479 1403 spiritus
1503 1363 1533 1392 et
1558 1360 1674 1392 anima
1698 1363 1729 1392 et
1752 1370 1893 1403 corpas,
1917 1371 1957 1394 ex
1987 1362 2104 1404 quibus
2133 1362 2227 1395 homo
2251 1362 2299 1394 in·
2334 1342 2430 1364 h⁰m¹⁰¹⁸'

1338 1417 1490 1455 tegratur.
1516 1413 1666 1446 Glossa⁹:
1689 1426 1705 1442 «
1721 1413 1759 1446 Ut
1783 1414 1913 1455 spiritus
1936 1418 1967 1447 et
1990 1415 2094 1447 anima
2118 1418 2149 1448 et
2172 1423 2298 1457 corpus,

1338 1467 1464 1500 redacta
1488 1467 1519 1499 in
1543 1476 1660 1505 unum,
1685 1476 1747 1499 non
1775 1467 1953 1509 discrepent
1977 1468 2058 1500 inter
2082 1477 2114 1501 se
2131 1482 2162 1507 »,
2186 1477 2298 1501 secun-

1337 1521 1413 1554 dum
1439 1520 1517 1553 illud
1540 1520 1660 1562 primae
1684 1520 1722 1552 ad
1746 1520 2037 1554 Thessalonicenses
2060 1521 2188 1563 quinto:
2218 1534 2234 1550 «
2251 1521 2299 1554 ln-

1338 1578 1425 1616 teger
1450 1574 1581 1615 spiritus
1612 1576 1716 1606 vester
1748 1576 1779 1605 et
1806 1573 1910 1605 anima
1944 1576 1975 1605 et
2006 1582 2121 1616 corpus
2152 1577 2298 1607 servetur

1338 1627 1404 1659 sine
1428 1626 1558 1668 querela
1582 1626 1613 1658 in
1637 1625 1687 1658 die
1710 1625 1864 1658 adventus
1888 1626 2008 1658 Domini
2026 1639 2041 1654 »
2071 1630 2129 1658 etc.

1428 1680 1547 1721 Quarto
1571 1678 1663 1712 modo
1687 1679 1748 1718 sic,
1766 1682 1803 1711 ut
1826 1688 1882 1721 per
1907 1679 1975 1711 tria
1990 1682 2067 1711 sata
2083 1679 2298 1720 intelligantur
2312 1687 2441 1717 Tres-anima

1339 1737 1404 1766 tres
1414 1733 1547 1765 animae
1556 1733 1655 1771 vires,
1669 1742 1750 1775 quae
1763 1732 1975 1765 reformantur
1988 1732 2126 1765 caritate.
2140 1732 2246 1765 Glossa
2257 1733 2296 1764 ¹⁰:
2353 1719 2415 1736 ’ω’

1344 1800 1359 1815 α
1376 1787 1452 1819 Tres
1476 1787 1597 1819 animae
1618 1786 1705 1819 vvires
1729 1787 1760 1818 in
1784 1795 1884 1818 unum
1908 1785 2109 1827 redigantur,
2134 1789 2170 1818 ut
2193 1786 2224 1817 in
2242 1794 2299 1818 ra-

1339 1839 1423 1871 tione
1447 1839 1664 1881 possideamus
1699 1839 1917 1881 prudentiam,
1942 1839 1974 1871 in
1998 1839 2055 1871 ira
2078 1838 2185 1871 odium
2210 1838 2299 1871 vitio-

1338 1901 1429 1931 rum,
1446 1892 1478 1924 in
1495 1892 1674 1934 cupiditate
1697 1892 1887 1925 desiderium
1905 1892 2058 1925 virtutum
2077 1905 2107 1931 »‚
2125 1891 2299 1924 secundum

1338 1946 1416 1978 illud
1440 1946 1595 1978 Michaeae
1619 1949 1726 1978 sexto:
1758 1959 1773 1974 α
1791 1946 1902 1978 Facere
1934 1945 2085 1978 iudicium
2117 1948 2148 1977 et
2170 1944 2299 1986 diligere

1339 1998 1584 2031 misericordiam
1609 2002 1640 2031 et
1664 1998 1831 2031 sollicitum
1849 1999 2012 2031 ambulare
2029 2007 2102 2031 cum
2119 1998 2183 2031 Deo
2200 2001 2255 2030 tuo
2268 2011 2298 2031 ».

1427 2053 1480 2084 45.
1506 2052 1621 2093 Quinto
1644 2051 1735 2084 modo
1759 2052 1820 2090 sic,
1845 2055 1881 2084 ut
1916 2052 2030 2085 caritas
2065 2052 2172 2085 iuncta
2207 2052 2246 2085 sit
2269 2054 2299 2084 et
2318 2057 2439 2106 Fidleg‘grin

1338 2105 1474 2147 quodam
1499 2104 1590 2137 modo
1613 2105 1758 2137 immixta
1780 2105 1859 2147 fidei
1889 2105 2083 2144 Trinitatis,
2100 2109 2214 2138 utnon
2232 2108 2299 2138 tan·
2408 2100 2414 2106 ’

1339 2162 1406 2192 tum
1431 2159 1537 2191 credat
1560 2158 1632 2200 quis
1656 2159 1755 2191 Deum
1792 2167 1922 2197 verum,
1947 2158 2001 2191 sed
2025 2159 2119 2191 etiam
2143 2158 2299 2191 credendo

1338 2211 1444 2243 tendat
1468 2211 1499 2243 in
1523 2220 1605 2243 eum.
1632 2210 1717 2243 Unde
1741 2210 1905 2243 Glossa11:
1935 2224 1951 2239 «
1968 2211 2102 2244 Ecclesia
2125 2210 2218 2243 fidem
2243 2211 2299 2243 ho-

1339 2264 1432 2297 minis
1456 2264 1487 2296 in
1511 2264 1633 2296 farinae
1654 2267 1720 2296 sata
1745 2263 1805 2295 tria
1835 2263 1962 2303 miscet,
1988 2263 2018 2296 id
2042 2267 2089 2297 est
2120 2263 2297 2296 credulitati

387 2414 395 2428 ¹
414 2412 479 2446 Cap.
499 2414 540 2439 25.
561 2421 586 2439 u.
605 2415 648 2446 35,
668 2414 692 2439 in
712 2421 763 2446 qua
777 2414 902 2439 sententia
923 2414 1065 2444 allegantur
1085 2414 1171 2438 Matth.
1193 2414 1234 2444 16,
1249 2414 1272 2438 6.

317 2462 341 2484 et
359 2459 420 2484 Luc.
442 2459 489 2490 13,
510 2459 552 2483 21.
574 2458 629 2490 (cfr.
650 2458 734 2482 Matth.
757 2457 803 2488 13,
824 2457 887 2489 33.).
906 2457 956 2482 Pro
975 2458 1004 2483 ut
1024 2456 1123 2482 diceret
1143 2457 1199 2481 Vat.
1213 2463 1273 2482 cum

318 2506 387 2528 textu
406 2502 526 2534 originali
545 2508 607 2527 cum
626 2501 731 2527 diceret.

388 2545 398 2560 ²
418 2548 479 2572 Loc.
498 2546 540 2571 cit.
561 2553 585 2571 n.
606 2546 653 2576 36;
674 2546 819 2576 allegantur
838 2545 918 2576 Apoc.
939 2545 968 2575 5,
989 2545 1014 2570 5.
1032 2548 1057 2569 et
1077 2546 1093 2569 Ι.
1113 2545 1178 2570 Petr.
1200 2545 1230 2575 5,
1250 2545 1273 2569 8.

319 2591 407 2616 Simile
435 2590 580 2616 ostenditur
609 2589 671 2615 ibid.
691 2589 724 2615 de
752 2590 873 2622 serpente
897 2593 923 2614 et
947 2596 1027 2622 pane.
1046 2603 1080 2608 —
1100 2589 1208 2614 inferius
1227 2595 1274 2620 pro

318 2635 389 2661 sicut
406 2634 425 2661 C
444 2633 553 2661 scilicet.

389 2677 400 2691 ¹³
419 2678 489 2704 Libr.
509 2679 550 2703 lV.
570 2678 596 2703 in
615 2678 677 2703 Luc.
698 2678 739 2709 13,
768 2678 810 2702 2¹.
830 2685 861 2702 ex
890 2678 1002 2708 Hieron,
1027 2678 1053 2703 ll.
1073 2676 1219 2704 Comment.
1249 2678 1275 2702 in

319 2724 406 2748 Matth.
428 2723 474 2753 13,
495 2723 536 2748 33.

389 2766 399 2780 “
419 2767 569 2792 Secundum
590 2767 698 2798 August.
718 2773 795 2798 supra
817 2773 877 2798 pag.
898 2765 964 2798 347,
984 2769 1041 2792 nota
1067 2766 1105 2792 17.
1124 2767 1274 2798 allegatum.

318 2824 353 2829 —
371 2810 501 2842 Ambros.‚
516 2811 566 2836 Vll.
580 2811 604 2836 in
619 2812 680 2836 Luc.
696 2817 717 2835 c.
741 2811 782 2836 13.
802 2819 826 2836 n.
848 2811 913 2836 487:
932 2811 1034 2837 Sancta
1055 2811 1188 2843 Ecclesia,
1207 2818 1274 2843 quae

319 2859 382 2886 typo
402 2856 516 2880 mulieris
536 2855 608 2880 istius
627 2856 793 2887 evangelicae
812 2856 947 2887 liguratur.
961 2856 1031 2881 idem
1045 2856 1122 2881 docet
1135 2856 1218 2886 Beda,
1232 2856 1273 2881 lV.

318 2899 345 2923 iu
364 2900 425 2924 Luc.
445 2900 491 2929 13,
511 2900 554 2924 21.
577 2913 609 2917 —-
629 2900 750 2932 Sequitur
769 2900 844 2925 Prov.
866 2900 907 2930 31,
929 2900 971 2924 to.

388 2942 399 2956 ⁶
419 2943 493 2969 Vers.
511 2945 541 2975 6,
560 2945 635 2969 cuius
654 2944 779 2976 expositio
798 2947 836 2969 est
855 2945 1000 2970 secundum
1014 2946 1138 2977 Gregor.;
1151 2945 1197 2970 cfr.
1211 2948 1272 2970 tom.

318 2989 362 3014 lV.
380 2995 440 3020 pag.
461 2989 526 3021 385,
545 2991 606 3014 nota
636 2989 659 3014 1.
678 3003 712 3007 —
733 2989 810 3019 Beda,
831 2990 873 3015 lV.
903 2990 929 3014 iu
958 2990 1019 3015 Luc.
1040 2990 1088 3021 13,
1116 2990 1165 3015 2¹:
1193 2989 1274 3015 Cuius

319 3033 458 3064 [mulieris,
478 3033 493 3057 i.
513 3040 534 3058 e.
557 3032 696 3067 Ecclesiae]
716 3034 795 3058 {arina
823 3041 870 3059 nos
899 3041 1005 3064 sumus,
1024 3037 1154 3067 quotquot
1173 3034 1274 3060 timoris

318 3081 343 3102 et
361 3077 416 3108 spei
435 3078 556 3103 exercitio
582 3078 657 3110 quasi
676 3078 744 3103 mola
764 3078 898 3109 superiore
917 3081 942 3103 et
961 3078 1082 3104 interiore
1104 3079 1273 3112 conterimur,

318 3125 347 3146 ut
365 3122 431 3147 iuxta
452 3122 604 3153 Apostolum
625 3123 653 3154 [1.
673 3121 731 3148 Cor.
753 3123 798 3153 10,
817 3121 868 3156 17.]
883 3129 954 3148 unus
966 3122 1055 3155 panis,
1073 3129 1159 3148 unum
1173 3129 1273 3157 corpus

317 3165 398 3192 multi
414 3165 500 3192 simus
519 3166 547 3191 in
567 3165 681 3192 Christo.
701 3165 752 3192 Cir.
772 3166 907 3197 Ambros.‚
926 3167 974 3192 loc.
995 3167 1038 3191 cit.

387 3207 399 3223 θ
418 3210 519 3235 Scilicet
537 3209 680 3236 ordinaria
701 3210 740 3243 (ex
760 3211 879 3242 August„
900 3211 916 3236 1.
931 3210 979 3243 Qq.
994 3210 1160 3242 Evangelior.
1177 3217 1204 3243 q.
1219 3210 1272 3242 12.)

317 3253 389 3285 apud
408 3254 548 3286 Lyranum.
567 3254 618 3280 Csr.
638 3250 717 3286 supra
737 3261 760 3280 c.
780 3255 804 3280 7.
830 3262 856 3280 n.
879 3255 920 3280 31.
940 3255 964 3279 in
984 3254 1036 3280 ilne
1054 3257 1080 3279 et
1099 3261 1121 3279 c.
1139 3255 1164 3280 9.
1184 3261 1209 3280 n.
1230 3254 1272 3280 45.

317 3298 450 3329 Bel-nard„
470 3299 554 3323 Sei-m.
573 3299 597 3323 3.
625 3299 652 3323 in
671 3299 785 3324 Assumt.
804 3299 831 3324 B.
858 3299 891 3324 M.
921 3299 995 3330 virg.
1015 3305 1040 3324 n.
1061 3298 1090 3323 5:
1109 3298 1217 3330 Oportet
1235 3302 1272 3329 te,

317 3343 408 3373 frater,
428 3342 461 3368 ad
480 3349 559 3374 quem
578 3343 612 3368 de
632 3342 783 3368 fabricanda
802 3349 849 3368 seu
868 3343 985 3375 regenda
998 3343 1065 3368 inter
1078 3343 1162 3369 undas
1181 3343 1273 3368 diluvii

318 3386 372 3411 Noe
390 3392 449 3412 arca
469 3386 533 3411 nihil
552 3389 665 3418 spectat,
683 3390 728 3412 aut
746 3386 837 3413 virum
850 3393 906 3413 esse
918 3386 1128 3419 desideriorum,
1143 3391 1171 3413 ut
1184 3387 1273 3413 Daniel

318 3430 353 3462 [9,
373 3429 426 3464 23.]
446 3433 515 3462 erat,
534 3433 578 3456 aut
597 3437 657 3456 cum
671 3430 747 3457 beato
761 3430 805 3456 lob
818 3431 909 3457 virum
923 3430 1049 3458 dolorum
1062 3433 1086 3458 et
1097 3430 1223 3458 scientem
1236 3430 1274 3457 in-

1336 2412 1492 2447 firmitatem
1512 2412 1581 2446 [lsai.
1602 2413 1644 2438 53.
1665 2411 1710 2445 3.].
1730 2411 1797 2436 Vide
1817 2411 1894 2436 ctiam
1909 2412 1993 2436 Serm.
2007 2411 2049 2436 35.
2070 2411 2103 2436 de
2123 2411 2247 2437 Diversis.
2263 2425 2298 2430 --

1339 2458 1461 2490 Sequitur
1481 2458 1572 2482 Ezecu.
1596 2456 1641 2487 14,
1664 2456 1710 2488 14,
1730 2456 1764 2481 <le
1783 2456 1858 2480 cuius
1877 2455 2048 2486 explicatione
2066 2456 2112 2480 cir.
2132 2455 2250 2487 August.,
2272 2456 2297 2480 11.

1339 2501 1387 2533 Qq.
1407 2501 1572 2532 Evangelior.
1588 2508 1613 2533 q.
1629 2500 1670 2525 44.
1684 2508 1708 2525 u.
1723 2501 1753 2531 2;
1774 2501 1890 2525 Enarrat.
1905 2499 1930 2524 iu
1948 2499 1989 2524 ΡΞ.
2012 2499 2068 2524 132.
2088 2505 2112 2523 n.
2133 2499 2158 2524 5.
2177 2502 2201 2524 et
2214 2500 2297 2524 serm.

1338 2545 1371 2570 de
1390 2545 1467 2570 Urbis
1485 2545 1594 2575 excidio,
1614 2552 1636 2570 c.
1660 2546 1682 2570 t.
1701 2552 1727 2570 n.
1747 2545 1774 2570 1.

1409 2587 1419 2602 ⁷
1441 2590 1541 2615 Scilicet
1559 2588 1702 2615 ordinaria
1720 2589 1792 2620 apud
1812 2589 1958 2620 Lwanum,
1978 2588 2002 2613 in
2022 2594 2074 2620 qua
2100 2594 2143 2613 sex
2162 2587 2297 2618 expositio-

1339 2640 1400 2666 nes,
1419 2634 1497 2659 etiam
1518 2634 1625 2659 iuferius
1644 2634 1740 2659 relatae
1759 2635 1928 2665 proferuntur
1949 2632 2061 2665 (initium
2085 2632 2192 2657 Glossae
2210 2634 2249 2657 est
2267 2637 2298 2656 ex

1339 2678 1427 2709 Beda;
1447 2679 1546 2709 plures,
1568 2679 1614 2704 sed
1634 2685 1687 2703 non
1700 2685 1792 2704 omnes
1805 2678 1988 2710 explicationes
2007 2677 2064 2709 ipse
2083 2676 2207 2709 proponit
2226 2676 2252 2702 ll.
2273 2676 2298 2701 in

1339 2723 1426 2747 Matth.
1447 2723 1493 2754 13,
1513 2723 1580 2755 33).
1609 2722 1703 2748 Sti-abo
1724 2723 1852 2754 integram
1874 2723 1941 2748 hanc
1966 2723 2084 2747 Glossam
2110 2728 2162 2746 nou
2182 2720 2297 2752 exhibet;

1339 2767 1383 2791 csr.
1413 2769 1499 2791 tamen
1530 2766 1611 2798 ipsius
1639 2767 1729 2792 Glossa
1750 2766 1774 2791 in
1795 2767 1882 2791 Matth.
1912 2767 1957 2798 13,
1978 2767 2020 2791 33.
2038 2779 2075 2785 -·
2093 2765 2211 2791 Subinde
2238 2765 2299 2790 alle-

1339 2814 1434 2842 gantur
1454 2811 1519 2842 Eph.
1539 2811 1570 2841 3,
1591 2811 1632 2835 10.
1652 2813 1677 2835 et
1696 2811 1713 2835 1.
1732 2810 1791 2836 Cor.
1811 2811 1840 2842 2,
1860 2810 1890 2835 7:
1912 2810 1963 2835 Sed
1983 2810 2115 2842 loquimur
2132 2809 2178 2834 Dei
2197 2809 2299 2840 sapien-

1339 2856 1400 2880 tiam
1421 2856 1445 2880 iu
1466 2855 1602 2887 mysterio,
1622 2862 1691 2887 quae
1703 2854 1856 2880 abscondita
1875 2857 1922 2880 est.

1410 2898 1420 2913 ⁸
1441 2900 1540 2931 Nempe
1558 2898 1701 2925 ordinaria
1721 2906 1752 2924 ex
1771 2898 1856 2929 Beda,
1876 2899 1918 2924 lV.
1937 2898 1964 2923 in
1983 2899 2046 2924 Luc.
2060 2898 2106 2930 13,
2120 2898 2162 2923 20.
2177 2904 2233 2930 seq.
2246 2897 2298 2923 Csr.

1338 2945 1448 2976 August.
1468 2944 1484 2969 1.
1506 2944 1554 2976 Qq.
1574 2943 1738 2974 Evangelior.
1759 2950 1784 2975 q.
1806 2943 1847 2967 12.
1866 2955 1902 2961 -
1926 2941 2044 2968 Subinde
2062 2942 2204 2974 allegantur
2223 2942 2297 2967 Deut.

1339 2989 1368 3021 6,
1390 2989 1419 3020 5;
1440 2989 1527 3014 Matth.
1547 2989 1580 3013 22
1593 3007 1599 3018 ,
1619 2987 1661 3012 37.
1681 2990 1706 3012 et
1727 2986 1769 3012 40.

1409 3032 1421 3047 ⁹
1440 3033 1541 3059 Scilicet
1560 3031 1703 3059 ordinaria
1723 3031 1879 3064 (secundum
1894 3029 2025 3061 Ambros.‚
2038 3030 2091 3055 Vll.
2104 3030 2128 3055 in
2143 3031 2204 3056 Luc.
2218 3036 2239 3055 c.
2255 3030 2297 3055 13.

1338 3086 1364 3104 n.
1387 3079 1443 3104 190.
1464 3085 1554 3111 seqq,
1574 3080 1600 3103 et
1618 3077 1736 3107 Hieron,
1756 3076 1784 3101 11.
1802 3076 1949 3101 Comment.
1967 3075 1994 3100 in
2012 3075 2098 3100 Mattli.
2120 3075 2165 3106 13,
2186 3074 2249 3107 33.),
2270 3074 2298 3100 in

1338 3130 1390 3156 qua
1410 3130 1458 3155 pro
1478 3122 1547 3149 inter
1566 3129 1594 3148 se
1618 3121 1701 3148 ACD
1731 3119 1880 3147 secundum
1897 3126 1933 3146 se.
1954 3133 1988 3137 —
2008 3119 2131 3152 Sequitur
2158 3119 2175 3144 1.
2205 3119 2297 3145 Thess.

1338 3168 1368 3198 5,
1389 3167 1432 3192 23.

1410 3209 1432 3224 ¹⁰
1451 3211 1550 3242 Nempe
1569 3208 1711 3236 ordinaria
1731 3215 1762 3234 ex
1780 3208 1893 3239 Hieron,
1913 3208 1940 3233 11.
1961 3207 1987 3232 iu
2007 3207 2094 3232 Matth.
2113 3207 2162 3238 13,
2182 3208 2231 3238 33,
2250 3207 2296 3240 qui

1338 3255 1365 3280 in
1384 3254 1436 3279 fine
1455 3254 1517 3286 legit
1534 3253 1563 3280 in
1582 3252 1725 3285 desiderio,
1745 3251 1918 3286 cupiditatem
1936 3251 2084 3282 virtutum,
2105 3251 2126 3276 D
2145 3257 2160 3275 a
2178 3250 2296 3276 secunda

1338 3305 1418 3324 manu
1438 3297 1465 3324 in
1485 3296 1698 3332 concupiscibili,
1718 3295 1880 3323 desiderium
1900 3295 2040 3322 virtutum.
2054 3308 2089 3314 —
2108 3295 2216 3320 Glossae
2233 3293 2297 3320 sub-

1337 3342 1455 3374 iungitur
1474 3342 1548 3368 Micu.
1569 3342 1600 3374 6,
1620 3342 1645 3366 8.

1409 3385 1430 3400 ¹¹
1451 3386 1584 3412 Praedicta
1605 3385 1645 3418 (ex
1665 3385 1769 3410 Hieron.
1789 3385 1837 3410 loc.
1851 3383 1914 3416 cit.),
1929 3383 1953 3409 iu
1972 3390 2024 3416 qua
2044 3383 2066 3409 H
2085 3389 2146 3409 cum
2165 3385 2234 3409 textu
2248 3382 2297 3408 ori-

1338 3430 1429 3462 ginali:
1449 3429 1568 3457 Ecclesia
1586 3428 1666 3464 fidem
1685 3428 1802 3455 hominis
1821 3427 1910 3455 tribus
1929 3426 1995 3454 satis
2013 3427 2122 3461 farinae
2140 3426 2234 3454 miscet
2246 3429 2296 3452 etc.
