2476 3921
329 260 392 294 338

329 351 360 380 et
389 349 529 388 περαίαν
557 342 775 385 profunditas
805 341 988 384 nequitiae,
1012 343 1043 373 et
1069 339 1280 372 concluditur

329 399 501 432 necessitas
520 395 745 439 poenitentiae.

416 450 517 482 Primo
540 449 636 490 igi‘ur
660 450 813 489 quantum
838 446 877 479 ad
895 445 1097 488 yravitatem
1120 449 1158 477 et'
1172 444 1281 477 horri-

209 513 309 534 rrimum.
329 504 483 536 bilitatem
511 510 634 544 poenae
662 499 843 542 repentinae
866 499 962 531 dicit:
984 499 1079 531 Sicut
1101 498 1152 530 illi
1173 498 1282 530 decem

328 561 357 589 et
379 560 465 594 octo,
489 563 596 596 supra
620 562 701 596 quos
725 551 840 584 cecidit
862 552 970 584 turris
994 551 1030 583 in
1054 550 1146 583 Siloa
1160 551 1170 569 ¹
1187 554 1216 582 et
1232 560 1282 582 oc-

328 610 407 642 cidit
417 618 477 641 eos.
492 607 541 640 Isti
555 607 661 639 decem
674 608 705 638 et
720 608 790 638 octo
806 604 1035 646 lerosolymitae
1051 606 1156 642 erant,
1173 603 1228 645 qui
1244 603 1283 636 ad

328 662 462 694 litteram
485 659 728 692 aedificaverunt
752 657 866 690 turrim
890 657 981 689 iuxta
997 656 1108 689 Siloam
1120 682 1128 695 ,
1145 659 1175 688 et
1192 655 1284 688 ruina

328 713 425 746 turris
448 711 587 754 oppressi
612 714 686 743 sunt
709 710 799 752 quasi
815 719 857 742 ex
873 709 1060 751 improvis03
1079 712 1110 741 et
1125 709 1185 741 hoc
1201 708 1284 741 iusto

326 766 439 799 iudicio
456 765 528 803 Dei,
544 764 618 806 quia
634 763 876 796 Proverbiorum
892 762 1012 795 decimo
1027 762 1176 804 septimo:
1198 774 1213 790 a
1224 761 1283 803 Qui

327 819 419 852 altam
442 818 515 850 facit
536 817 665 850 domum
689 825 778 849 suam
801 815 925 858 quaerit
949 815 1073 848 ruinam
1096 814 1195 848 eius»
1225 818 1283 847 etc.

414 872 444 903 8.
463 870 563 911 (Vers.
580 870 611 902 [ι.
626 869 680 908 5.).
698 868 839 901 Secundo
856 871 1010 910 quantum
1026 867 1064 900 ad
1080 867 1285 910 negationem

180 931 306 953 secundnm·
325 923 571 967 profunditatis
602 922 768 966 nequitiae
798 921 925 954 subdit:
954 921 1110 960 PutatiS,
1141 920 1225 964 quia
1256 924 1285 952 et

328 978 393 1021 ipsi
416 976 573 1009 debitores
596 974 726 1018 fuerint
744 977 880 1016 praeter
895 983 1006 1006 omnes
1022 972 1169 1006 homines
1193 972 1285 1005 liabi-

329 1035 433 1063 tantes
456 1030 491 1062 in
515 1028 697 1061 Ierusalem
710 1027 726 1060 5>
749 1027 824 1070 quia
841 1027 897 1059 soli
914 1026 1016 1068 puniti
1032 1029 1116 1061 sunt.
1136 1044 1177 1049 -
1194 1024 1284 1064 Non,

327 1084 399 1116 dico
422 1082 531 1121 vobis,
556 1081 630 1124 quia
653 1084 738 1114 certe
762 1080 853 1112 multi
876 1080 928 1112 alii
952 1082 1042 1112 erant
1057 1081 1237 1120 peccatores
1253 1078 1284 1111 in

328 1145 380 1175 ea;
408 1135 555 1168 Ieremiae
585 1133 743 1176 quinto2:
772 1145 788 1162 «
804 1132 941 1165 Circuite
965 1132 1031 1165 vias
1054 1132 1223 1165 Ierusalem
1254 1135 1286 1165 et

328 1188 455 1230 aspicite
478 1191 509 1220 et
532 1186 726 1220 considerate
749 1188 781 1219 et
803 1185 946 1227 quaerite
962 1185 992 1217 in
1010 1185 1120 1227 plateis
1143 1184 1229 1224 eius,
1245 1194 1285 1218 an

328 1240 491 1274 inveniatis
523 1240 626 1273 virum
657 1239 823 1272 facientem
850 1237 1001 1271 iudicium
1025 1241 1056 1271 et
1080 1240 1284 1280 quaerentem

328 1294 438 1332 fidem,
462 1297 493 1326 et
516 1292 672 1335 propitius
694 1301 750 1325 ero
773 1291 848 1324 ei».

417 1348 446 1379 9.
471 1346 576 1379 Tertio
600 1348 754 1387 quantum
771 1344 810 1377 ad
826 1343 1067 1377 conclusionem
1082 1343 1286 1376 necessitatis

209 1406 310 1428 Tertium·
326 1399 543 1442 poenitentiae
567 1398 790 1440 subiungitur:
816 1397 879 1430 Sed
901 1397 933 1430 si
954 1397 1190 1440 poenitentiam
1219 1407 1287 1429 non

330 1452 557 1491 habueram,
573 1461 699 1492 ,omnes
729 1450 882 1483 similiter
911 1449 1086 1492 peribitis;
1113 1450 1285 1489 similiter,

329 1515 391 1539 uon
418 1509 571 1547 quantum
596 1504 634 1536 ad
658 1512 791 1546 poenam
815 1503 1028 1545 corporalem,
1053 1502 1107 1535 sed
1131 1506 1287 1544 quantum

329 1559 367 1591 ad
391 1558 584 1600 spiritualem
608 1560 639 1589 et
662 1556 876 1599 gehennalem.
895 1555 981 1588 Sicut
996 1555 1078 1588 enim
1095 1563 1191 1596 super
1207 1555 1288 1588 istos

329 1611 438 1644 cecidit
463 1610 588 1648 turris,
613 1609 657 1642 sic
681 1618 777 1650 super
800 1617 909 1640 omnes
939 1607 1092 1649 reprobos
1124 1607 1212 1640 cadet
1235 1607 1287 1640 ille

330 1664 416 1706 lapis
432 1663 630 1705 angularis,
646 1662 685 1695 de
708 1671 773 1703 quo
796 1660 941 1693 Matthaei
966 1660 1117 1702 vigesimo
1141 1660 1286 1702 primo4:

336 1731 350 1746 «
367 1717 426 1759 Qui
450 1715 596 1749 ceciderit
627 1724 723 1756 super
754 1714 889 1756 lapidem
920 1713 1017 1746 istum
1048 1713 1287 1754 confringetur;

331 1779 425 1812 super
457 1778 551 1811 quem
582 1771 689 1800 autem
720 1767 886 1805 ceciderit,
918 1769 1060 1799 conteret
1083 1774 1155 1798 eum
1172 1779 1203 1797 n.
1235 1765 1288 1797 Hic

330 1826 435 1856 autern
460 1822 556 1864 lapis,
584 1820 639 1863 qui
667 1819 766 1853 crevit
793 1819 824 1852 in
850 1818 1032 1857 montem⁵,
1062 1820 1147 1850 recte
1173 1817 1289 1850 dicitur

332 1877 439 1909 turris
463 1878 592 1918 propter
622 1873 837 1906 fortitudinem
861 1875 893 1905 et
915 1871 1133 1910 altitudinem;
1158 1871 1289 1903 Prover—

331 1930 456 1962 biorum
487 1928 607 1961 decimo
630 1930 760 1960 octavo:
791 1938 807 1954 «
827 1924 938 1958 Turris
960 1923 1144 1962 fortissima,
1175 1931 1289 1956 nomen

331 1982 453 2014 Domini
471 1995 500 2013 n.
525 1981 585 2014 Hos
608 1979 761 2022 reprobos
783 1981 924 2012 conteret
947 1978 1025 2011 haec
1046 1976 1145 2010 turris
1161 1976 1193 2009 in
1209 1976 1290 2009 iudi-

332 2035 397 2073 cio,
421 2034 596 2068 secundum
620 2033 698 2066 illud
723 2031 927 2065 Ecclesiastici
944 2030 1093 2073 vigesimo
1109 2029 1289 2072 septimo‘:

337 2101 352 2116 α
368 2088 554 2120 Conteretur
585 2095 658 2120 cum
689 2085 891 2128 delinquente
924 2084 1072 2117 delictum
1094 2097 1110 2113 n
1147 2086 1224 2121 etc.;
1259 2085 1290 2115 et

332 2143 408 2173 tuuc
430 2140 579 2182 peribunt
601 2148 676 2172 cum
704 2138 840 2181 peccatis
863 2137 950 2176 suis;
975 2136 1123 2170 ieremiae
1145 2135 1289 2169 decimo:

338 2205 353 2221 α
370 2193 456 2225 Vana
479 2195 553 2226 sunt
575 2196 606 2225 et
629 2201 725 2234 opera
748 2199 859 2224 eorum
884 2190 952 2223 risu
967 2189 1081 2232 digna;
1099 2189 1131 2222 in
1149 2192 1290 2231 tempore

333 2245 518 2278 visitationis
548 2254 624 2279 suae
655 2244 804 2287 peribunt
819 2257 850 2276 n.
883 2243 972 2276 Tales
1003 2246 1077 2276 sunt
1108 2242 1163 2285 qui
1194 2251 1291 2284 opera

333 2298 539 2340 poenitentiae
562 2298 724 2340 negligunt
746 2300 777 2330 et
793 2305 920 2330 crucem
937 2295 1052 2329 Christi
1070 2297 1289 2334 contemnunt;

334 2351 453 2392 primae
476 2351 515 2384 ad
538 2351 715 2384 Corinthios
738 2349 888 2393 primo':
911 2362 926 2379 α
942 2349 1083 2383 Verbum
1099 2349 1203 2382 crucis
1218 2357 1290 2391 per-

406 2564 415 2579 ¹
436 2566 470 2590 lta
490 2564 567 2589 etiam
586 2563 664 2590 eard.
682 2564 774 2595 Hugo,
792 2564 821 2588 B.
840 2562 952 2594 Albert.,
971 2564 997 2588 S.
1017 2563 1111 2589 Thom.
1128 2562 1194 2595 (Cat.
1212 2570 1291 2588 aurea

336 2609 361 2634 in
380 2609 443 2634 Luc.
465 2609 506 2633 43.
525 2615 550 2633 n.
571 2607 606 2640 4.)
625 2610 652 2633 et
669 2608 803 2639 Lyranus3
823 2608 870 2632 cfr.
888 2607 1013 2639 August„
1036 2608 1121 2633 Serm.
1140 2607 1199 2632 435.
1220 2607 1293 2640 (alias

338 2652 380 2678 43.
399 2659 430 2677 ex
448 2651 566 2677 Homiliis
584 2651 627 2683 50)
658 2657 680 2676 c.
702 2651 725 2676 4.
745 2658 771 2675 n.
792 2651 817 2675 4.
835 2657 891 2683 seq.
915 2653 940 2675 et
965 2650 1048 2675 Serm.
1072 2650 1132 2676 436.
1151 2657 1177 2676 n.
1197 2651 1227 2681 2,
1247 2650 1292 2676 ubi

337 2696 434 2728 pluries
452 2695 566 2721 occurrit
585 2694 676 2726 Siloa,
696 2701 745 2726 pro
764 2701 818 2727 quo
838 2694 880 2719 hic
898 2697 924 2719 et
941 2694 1048 2719 inferius
1060 2694 1172 2725 Vulgata
1191 2696 1217 2719 et
1234 2694 1293 2719 Vat.

337 2739 423 2772 Silae,
443 2740 477 2765 de
495 2746 548 2771 quo
567 2738 629 2764 vide
648 2741 710 2764 torn.
731 2739 773 2764 Vl.
799 2745 861 2770 pag.
886 2738 947 2770 373,
966 2740 1054 2763 notam
1074 2737 1098 2763 5.
1117 2750 1153 2757 —
1172 2737 1293 2770 Sequitur

338 2784 414 2810 Prov.
434 2784 482 2815 ⁴7,
503 2784 544 2809 46.

408 2826 419 2841 ’
439 2828 513 2853 Vers.
536 2829 559 2853 4.
577 2841 612 2847 -
630 2828 720 2853 Glossa
740 2825 942 2853 interlinearis:
968 2825 1086 2858 Putatis,
1112 2825 1175 2859 quia
1200 2826 1225 2851 et
1243 2824 1295 2859 ipsi

340 2870 481 2904 debitores,
503 2874 668 2903 peccatores,
686 2871 789 2905 fuerint
806 2874 855 2897 etc.

409 2912 420 2928 ⁸
440 2916 550 2947 Vulgata
569 2914 693 2949 eyeriti&
707 2915 766 2941 dein
780 2916 869 2947 plures
883 2914 975 2946 codd.,
994 2917 1023 2940 ut
1042 2912 1134 2944 ACF,
1153 2911 1251 2944 simul,
1273 2913 1294 2937 H

340 2958 402 2990 legit
419 2958 501 2985 simul
517 2958 680 2992 peribitisvel
698 2959 821 2986 similiter
832 2969 842 2991 ,·
861 2960 909 2985 cfr.
927 2964 1008 2990 supra
1027 2964 1089 2990 pag.
1108 2956 1175 2988 337,
1194 2960 1254 2982 nota
1268 2957 1293 2982 2.

341 3016 375 3020 —-
400 3003 506 3028 iuferius
530 3010 579 3035 pro
603 3003 772 3037 corporalem
798 3004 857 3029 Vat.
885 3010 946 3029 cum
975 3002 1066 3035 paucis
1094 3001 1172 3027 codd.
1199 3002 1295 3034 tempo·

340 3046 436 3072 ratem.

412 3089 423 3104 ⁴
443 3090 517 3116 Vers.
536 3090 577 3116 44.
596 3090 678 3117 Codd.
698 3090 780 3117 ACD
799 3091 921 3117 omittunt
939 3089 971 3116 de
989 3096 1041 3124 quo
1060 3088 1216 3116 Matthaei...
1237 3094 1295 3115 con-

341 3133 487 3167 srinyetur.
507 3147 541 3152 -
559 3134 643 3165 Beda,
663 3135 704 3160 lV.
724 3135 749 3160 in
768 3136 830 3161 Luc.
850 3135 899 3165 43,
919 3134 951 3159 4:
971 3134 1027 3159 Non
1048 3134 1141 3159 trustra
1163 3132 1253 3159 decem
1270 3133 1296 3158 et

342 3179 399 3204 octo
419 3176 503 3211 [turre
521 3177 629 3203 cadente
647 3179 726 3204 occisi
742 3178 831 3212 sunt],
850 3178 896 3211 qul
914 3184 1041 3203 numerus
1056 3177 1128 3209 apud
1140 3177 1252 3202 Graecos
1265 3182 1295 3201 ex

343 3229 350 3244 ι
369 3224 395 3247 et
413 3230 444 3254 η,
466 3223 515 3248 hoc
533 3225 572 3247 est
591 3222 682 3248 iisdem
702 3222 800 3255 quibus
818 3228 913 3248 nomen
926 3222 983 3248 lesu
997 3221 1095 3253 incipit,
1109 3220 1198 3246 litteris
1211 3219 1295 3252 expri-

343 3265 429 3291 mitur.

412 3307 423 3323 ⁶
443 3309 508 3334 Dan.
527 3309 542 3334 2
551 3327 558 3340 ,
571 3309 618 3334 35:
632 3310 709 3341 Lapis
721 3312 808 3336 autem
818 3330 824 3342 ,
837 3309 881 3343 qui
895 3311 1059 3342 percusserat
1074 3311 1201 3340 statuam,
1214 3309 1296 3334 tactus

343 3355 382 3378 est
400 3359 475 3378 mons
494 3359 606 3384 magnus
623 3357 672 3379 etc.
690 3367 725 3373 —
744 3354 866 3387 Sequitur
884 3354 960 3379 Prov.
982 3353 1030 3384 ⁴8,
1051 3352 1092 3378 40.

413 3394 425 3410 ³
444 3395 518 3422 vers.
538 3396 569 3427 3,
587 3399 646 3428 post
665 3403 745 3430 quem
765 3398 811 3423 ler.
831 3397 879 3428 to,
900 3396 941 3422 45.

893 252 1084 285 COMMENT.
1110 251 1145 284 IN
1170 250 1408 284 EVANGELIUM
1432 250 1550 283 LUCAE
1573 251 1605 283 C.
1629 251 1702 283 xtli.

1344 338 1493 372 euntibus
1518 338 1644 380 quidem
1668 338 1800 371 stultitia
1822 342 1886 378 est,
1915 339 1965 372 his
1995 341 2119 378 autem,
2144 339 2198 382 qui
2221 340 2300 372 salvi

1345 391 1444 430 fiunt,
1468 391 1571 424 virtus
1593 394 1641 424 est
1663 392 1718 424 Dei
1742 392 1774 424 in
1798 392 1930 425 salutem
1947 406 1963 421 »
1991 395 2049 425 etc.

1438 445 1486 476 10.
1512 444 1589 476 Nota
1619 446 1743 483 autem,
1774 444 1858 486 quod
1888 445 1982 477 homo
2011 444 2117 486 puniri
2141 445 2302 478 consuevit
2321 452 2438 476 Punitionis
2470 453 2471 469 ³

1344 496 1452 530 decem
1475 497 1514 529 de
1538 497 1658 535 causis,
1683 497 1825 530 videlicet
1849 497 1888 530 ad
1908 498 2163 540 puryationem,
2187 501 2224 530 ut
2239 499 2302 530 Ma·
2317 480 2443 540 ⁰³¹¹q233.d⁰'
2470 486 2471 512 ἶ

1346 550 1410 589 ria,
1434 559 1524 582 soror
1548 550 1664 591 Moysi;
1689 550 1900 583 Numerorum
1924 550 2151 583 duodecimo⁸:
2173 563 2189 579 -x
2205 551 2303 592 Appa-
2321 536 2401 558 prm*

1346 603 1412 635 ruit
1434 603 1530 635 Maria
1553 603 1689 635 candens
1712 603 1800 645 lepra
1815 603 1904 645 quasi
1921 603 1979 635 nix
1995 616 2010 632 »
2032 606 2090 636 etc.
2107 622 2151 627 —
2167 603 2209 636 Ad
2222 613 2303 645 pro·
2322 615 2426 638 secunda.

1347 654 1521 694 bationem,
1535 659 1570 688 ut
1584 655 1649 694 Iob;
1663 655 1715 688 lob
1728 656 1880 689 secundo:
1900 669 1916 684 α
1930 656 2080 698 Egressus
2093 659 2180 689 satan
2193 665 2212 688 a
2226 656 2304 689 facie

1347 708 1488 746 Domini,
1512 708 1668 749 percussit
1692 708 1743 741 lob
1766 709 1872 742 ulcere
1896 709 2031 751 pessimo
2055 718 2074 741 a
2096 709 2201 751 planta
2217 708 2304 751 pedis

1347 769 1450 802 usque
1472 760 1511 793 ad
1534 760 1684 794 verticem
1707 761 1774 794 eius
1791 774 1821 793 ι).
1838 780 1883 785 -—-
1899 761 1942 794 Ad
1966 760 2247 801 humiliationem,
2268 764 2304 794 ut
2323 772 2402 794 Tertia.

1348 813 1484 852 Paulus;
1510 813 1665 846 secundae
1688 813 1726 846 ad
1749 814 1926 847 Corinthios
1950 814 2181 847 duodecimo⁹:
2212 827 2227 843 α
2243 814 2304 847 Da-

1349 869 1401 900 tus
1423 870 1471 899 est
1493 867 1570 899 mihi
1595 866 1741 900 stimulus
1765 867 1868 900 carnis
1891 876 1998 906 meae,
2015 867 2144 910 angelus
2161 870 2303 910 satanae,

1348 920 1403 962 qui
1426 929 1478 952 me
1501 919 1722 961 colaphizet»,
1747 920 1864 953 scilicet
1892 933 1908 949 «
1924 929 1964 953 ne
1986 920 2168 962 magnitudo
2184 921 2304 954 revela-

1349 973 1470 1005 tionum
1495 972 1626 1005 extollat
1648 981 1699 1005 me
1715 986 1745 1004 x».
1763 991 1807 996 —
1822 973 1865 1005 Ad
1880 972 2154 1016 qlorisicationem
2169 974 2303 1006 (livinae
2323 983 2410 1010 Quarta.

1347 1025 1529 1067 potentiae,
1555 1028 1590 1057 ut
1614 1034 1726 1058 caecus
1749 1028 1863 1064 natus;
1887 1025 2009 1058 loannis
2032 1035 2135 1058 nono:
2165 1038 2181 1055 «
2197 1026 2304 1068 Neque

1348 1078 1400 1110 hic
1425 1078 1564 1120 peccavit
1588 1087 1691 1120 neque
1714 1081 1860 1120 parentes
1883 1078 1969 1117 eius,
1986 1078 2040 1111 sed
2056 1082 2092 1111 ut
2107 1078 2306 1111 manifesten-

1349 1134 1402 1164 tur
1426 1140 1522 1173 opera
1552 1131 1608 1164 Dei
1640 1131 1672 1164 in
1696 1131 1749 1164 illo
1764 1145 1780 1160 »
1809 1135 1867 1164 etc.
1892 1150 1937 1155 -
1960 1131 2003 1164 Ad
2026 1131 2307 1164 commemoratio·
2325 1141 2410 1167 Quinta.

1348 1194 1423 1217 nem
1454 1184 1587 1217 divinae
1617 1184 1823 1224 clementiae,
1856 1184 1938 1218 sicut
1968 1187 2036 1217 erat
2066 1187 2154 1226 pater
2186 1183 2308 1217 Ioannis

1349 1237 1524 1280 Baptistae3
1556 1238 1657 1270 Lucae
1688 1238 1790 1279 primo
1804 1238 1851 1270 1⁰:
1892 1249 1908 1266 <c
1924 1237 2018 1276 Ecce,
2048 1237 2111 1270 eris
2141 1239 2247 1270 tacens
2277 1239 2309 1269 et

1349 1299 1411 1323 non
1429 1290 1545 1332 poteris
1562 1290 1647 1332 loqui
1664 1299 1766 1332 usque
1782 1289 1814 1322 in
1830 1290 1911 1323 diem
1929 1303 1944 1319 n
1966 1293 2024 1323 etc.
2043 1307 2084 1313 —
2101 1289 2144 1322 Ad
2167 1288 2308 1332 manife—
2327 1299 2399 1321 sexu.

1341 1344 1523 1376 'stationem
1546 1343 1680 1376 divinae
1703 1343 1869 1382 iustitiae,
1894 1343 1975 1376 sicut
1998 1342 2151 1381 Herodes;
2175 1342 2308 1385 Actuum

1349 1396 1534 1429 duodecimo
1548 1397 1591 1428 ¹¹:
1614 1409 1629 1424 α
1643 1396 1799 1429 Percussit
1815 1405 1888 1429 eum
1905 1396 2040 1438 Angelus
2054 1395 2220 1428 Domini».
2244 1407 2260 1424 «
2273 1395 2309 1427 Et

1350 1452 1535 1482 consumtus
1559 1459 1577 1482 a
1601 1450 1763 1482 vermibus
1794 1450 1968 1491 exspiravit
1983 1462 2015 1488 »3
2047 1452 2079 1482 et
2101 1449 2184 1482 sicut
2206 1448 2309 1482 Antio-

1351 1502 1448 1541 chus,
1480 1496 1608 1535 secundi
1640 1503 1900 1535 Machabaeorum
1923 1501 2053 1535 decimo.
2077 1520 2122 1526 —
2144 1501 2188 1534 Ad
2207 1501 2309 1543 puni—
2328 1511 2430 1538 Septima.

1352 1556 1470 1588 tionem
1484 1559 1685 1597 parentum;
1703 1555 1799 1588 Exodi
1816 1554 1966 1598 vigesimo
1980 1556 2023 1588 12;
2047 1568 2062 1584 <1
2075 1555 2137 1597 Ego
2148 1555 2243 1594 Deus,
2259 1563 2309 1587 ze-

1352 1608 1447 1646 lotes,
1471 1607 1632 1641 vindicans
1655 1611 1781 1650 peccata
1796 1621 1812 1637 1>
1841 1611 1918 1647 etc.;
1945 1611 2073 1650 propter
2104 1607 2190 1650 quod
2216 1607 2308 1649 pueri

1351 1660 1527 1693 sodomitae
1558 1661 1715 1693 submersi
1739 1663 1831 1700 sunt,
1855 1660 1982 1693 Genesis
2005 1661 2126 1693 decimo
2148 1669 2240 1693 non0.
2265 1677 2309 1683 --

1351 1712 1394 1744 Ad
1412 1716 1571 1745 terrorem
1588 1712 1755 1749 aliorum,-
1772 1712 2014 1745 proverbiorum
2031 1712 2150 1745 decimo
2166 1721 2249 1744 nono
2262 1711 2305 1744 1³:
2327 1721 2413 1743 octava.

1357 1778 1373 1794 (ι
1389 1766 1554 1807 Flagellato
1578 1766 1755 1807 pestilente,
1772 1766 1941 1807 sapientior
1957 1765 2018 1798 erit
2034 1765 2151 1798 stultus
2166 1777 2197 1797 ι».
2214 1764 2263 1797 Sic
2279 1768 2310 1797 et

1353 1818 1404 1851 isti
1427 1818 1529 1860 puniti
1553 1821 1645 1857 sunt,
1668 1818 1707 1851 de
1730 1818 1846 1860 quibus
1869 1818 1974 1860 agitur
1997 1817 2066 1857 hic,
2083 1821 2120 1850 ut
2135 1817 2231 1850 ceteri
2247 1819 2310 1850 ter-

1353 1873 1494 1903 reantur.
1520 1888 1562 1894 —
1579 1870 1621 1903 Ad
1637 1871 1784 1913 exempla
1803 1874 2040 1913 posterorum;
2063 1870 2176 1903 Tobiae
2199 1878 2310 1903 secun·
2329 1880 2397 1902 unna.

1352 1923 1393 1956 do
1406 1924 1453 1955 ¹⁴²:
1483 1936 1499 1952 α
1516 1924 1598 1970 Hanc
1622 1923 1824 1956 tentationem
1840 1923 1982 1966 permisit
2004 1923 2088 1956 Deus
2112 1923 2238 1956 evenire
2262 1922 2309 1962 ei,

1353 1980 1390 2009 ut
1420 1977 1554 2019 posteris
1584 1976 1715 2009 daretur
1745 1977 1926 2019 exemplum
1959 1977 2126 2018 patientiae
2146 1990 2177 2009 ι».
2200 1994 2246 2000 -
2266 1975 2310 2008 Ad
2328 1986 2423 2008 Decima.

1353 2030 1596 2063 detestationem
1626 2029 1828 2068 criminum,
1860 2029 1942 2062 sicut
1972 2029 2094 2062 Dathan
2122 2032 2154 2062 et
2175 2029 2309 2068 Abiron,

1353 2083 1565 2116 Numerorum
1589 2082 1710 2114 decimo
1733 2085 1824 2115 sexto
1837 2082 1882 2114 ¹⁵:
1905 2095 1920 2111 «
1936 2082 2069 2124 Dirupta
2085 2085 2133 2115 est
2148 2086 2234 2115 terra
2250 2082 2310 2115 sub

1353 2135 1486 2178 pedibus
1516 2144 1646 2174 eorum,
1677 2137 1708 2167 et
1735 2135 1879 2177 aperiens
1902 2144 1937 2168 os
1961 2143 2055 2168 suum
2072 2148 2088 2164 1>
2115 2138 2174 2168 etc.
2199 2135 2236 2167 Et
2266 2134 2310 2167 sic

1353 2189 1454 2228 Giezi,
1486 2188 1592 2231 quarti
1624 2188 1742 2230 Regum
1773 2188 1906 2230 quinto:
1937 2200 1952 2216 α
1968 2188 2068 2230 Lepra
2090 2188 2226 2220 Naaman
2257 2186 2311 2220 ad-

1353 2242 1497 2275 haerebit
1520 2241 1575 2274 tibi
1600 2244 1631 2274 et
1654 2241 1765 2274 semini
1789 2244 1844 2273 tuo
1867 2249 1969 2283 usque
1989 2240 2022 2273 in
2038 2240 2263 2282 sempiternum
2279 2251 2310 2279 »;

1354 2297 1385 2328 et
1401 2295 1445 2328 sic
1460 2294 1610 2333 Ananias,
1627 2294 1760 2326 Actuum
1777 2293 1904 2336 quinto:
1932 2306 1948 2322 z<
1963 2293 2026 2326 Cur
2042 2292 2173 2325 tentavit
2189 2295 2311 2326 satanas

1353 2356 1408 2380 cor
1425 2350 1516 2380 tuum
1533 2359 1550 2376 1>
1570 2349 1628 2379 etc.
1646 2346 1678 2378 In
1695 2355 1759 2388 quo
1774 2346 1960 2385 ostenditur,
1978 2349 2132 2388 quantum
2148 2348 2272 2387 oportet
2285 2345 2310 2364 ¹⁶

1426 2560 1436 2576 ⁷
1457 2563 1533 2589 vers,
1553 2562 1594 2587 48.
1613 2561 1664 2588 Csr.
1683 2562 1760 2587 Rom.
1781 2561 1811 2592 4,
1832 2560 1879 2591 46,
1896 2559 1940 2586 ubi
1953 2559 2064 2586 recurrit
2077 2558 2233 2585 insalutem
2247 2558 2314 2592 (Vir-

1356 2610 1398 2633 tus
1417 2608 1487 2632 enim
1506 2607 1552 2632 Dei
1578 2609 1617 2632 est
1642 2607 1667 2631 in
1692 2606 1802 2632 salutem
1821 2604 1892 2631 omni
1911 2604 2052 2637 credenti),
2072 2604 2145 2637 quod
2168 2611 2182 2629 a
2201 2603 2313 2635 Vulgata

1356 2656 1382 2677 et
1402 2651 1459 2676 Vnt.
1477 2651 1613 2676 omittitur.

1428 2693 1439 2708 ‘³
1458 2695 1533 2720 Vers.
1554 2695 1595 2719 40.
1614 2707 1648 2713 —
1668 2693 1790 2726 Sequitur
1811 2693 1855 2719 lob
1874 2693 1906 2725 2,
1927 2692 1954 2718 7.

1427 2736 1439 2752 ⁹
1459 2739 1533 2763 Vers.
1552 2738 1578 2763 7.
1597 2752 1632 2757 —
1650 2737 1768 2764 Subinde
1786 2737 1912 2768 allegatur
1931 2737 2000 2762 ioan.
2019 2737 2050 2768 9,
2070 2736 2096 2762 3.

1429 2780 1450 2795 ³⁰
1470 2782 1544 2807 Vers.
1564 2782 1607 2807 20.
1625 2795 1660 2800 —
1687 2782 1734 2806 Pro
1759 2780 2039 2807 commemorationem
2065 2780 2122 2806 vat.
2147 2777 2315 2806 commenda-

1357 2825 1465 2851 tionem.

1431 2867 1451 2882 ¹¹
1472 2869 1545 2894 Vcrs.
1566 2869 1614 2899 23,
1634 2872 1693 2900 post
1712 2875 1790 2900 quem
1811 2869 1838 2893 ΙΙ.
1857 2867 1973 2893 Maelinb.
1994 2868 2042 2898 40,
2062 2868 2087 2893 9.

1431 2911 1453 2926 ¹²
1473 2913 1546 2938 vers.
1567 2912 1591 2942 5,
1611 2911 1655 2937 ubi
1670 2919 1719 2943 pro
1732 2911 1871 2938 vindicans
1889 2913 1998 2944 peccata
2018 2912 2128 2943 Vulgata
2141 2913 2167 2937 et
2179 2911 2237 2936 Vat.
2256 2910 2314 2937 visi-

1359 2957 1420 2982 tans
1439 2953 1606 2989 iniquitatem
1621 2956 1736 2988 patrum
1754 2954 1783 2980 in
1800 2954 1871 2988 filios
1890 2954 1919 2980 in
1937 2953 2044 2980 tertiam
2056 2955 2083 2980 et
2094 2956 2222 2987 quartam
2241 2960 2314 2987 yene-

1357 2999 1500 3026 rationem.
1519 3012 1553 3017 —
1572 2998 1696 3031 Sequitur
1713 2999 1777 3023 Gen.
1798 2998 1845 3029 49,
1864 2998 1907 3023 25.

1431 3041 1453 3057 ¹⁸
1473 3043 1547 3068 Vers.
1567 3043 1615 3074 25,
1635 3041 1682 3067 ubi
1701 3048 1750 3074 pro
1768 3040 1867 3068 stultus
1885 3041 1934 3066 FG
1950 3040 2095 3074 parvulus.

1431 3085 1454 3100 ¹⁴
1473 3087 1548 3112 Vers.
1570 3086 1610 3111 42.

1431 3129 1454 3144 ²⁶
1473 3130 1548 3156 Vei-s.
1558 3130 1600 3155 3t.
1612 3143 1644 3147 —
1655 3129 1712 3155 Duo
1722 3136 1797 3162 seqq.
1807 3129 1856 3154 loci
1868 3130 1929 3154 sunt
1938 3128 1980 3154 lV.
1990 3128 2055 3160 Reg.
2067 3128 2091 3158 5,
2102 3128 2145 3153 27.
2156 3130 2181 3153 et
2189 3128 2244 3153 Act.
2255 3128 2279 3160 5,
2290 3129 2314 3154 3.

1432 3172 1454 3188 ¹⁶
1472 3175 1498 3200 ln
1518 3174 1537 3200 C
1556 3180 1649 3199 munus
1668 3173 1782 3199 secunda
1804 3172 1938 3198 substituit
1956 3171 2068 3206 quisque
2086 3170 2166 3197 debet.
2184 3184 2220 3191 —
2238 3171 2315 3198 Card.

1359 3220 1436 3251 nugo
1465 3219 1538 3244 affert
1565 3216 1689 3243 undecim
1716 3224 1814 3244 causas
1842 3216 1984 3249 punitionis
2010 3214 2152 3241 addendo:
2174 3216 2261 3241 «item
2281 3216 2316 3241 ad

1360 3263 1486 3289 maiorem
1507 3262 1649 3292 cautelam,
1669 3264 1696 3287 ut
1716 3262 1790 3293 pueri
1810 3261 1973 3291 sodomitae,
1987 3260 2052 3284 Gen.
2071 3259 2119 3291 49,
2133 3259 2187 3291 qui,
2200 3259 2222 3285 si
2240 3260 2317 3286 vixis·

1359 3310 1431 3338 sent,
1451 3306 1555 3338 peiores
1573 3308 1658 3331 essent
1686 3307 1712 3330 et
1735 3305 1842 3336 gravius
1866 3303 2022 3335 punirentur
2035 3311 2061 3327 »-
2079 3302 2138 3333 lpse
2155 3309 2204 3334 pro
2222 3303 2315 3328 ultimo

1360 3349 1481 3376 membro
1501 3349 1548 3382 (ad
1574 3347 1772 3375 detestationem
1791 3346 1948 3379 criminum)
1969 3345 2102 3372 substituit
2120 3346 2198 3378 nem,
2218 3345 2254 3373 ad
2270 3352 2315 3373 so-

1362 3393 1512 3425 brietatem,
1527 3393 1602 3419 Eccli.
1616 3393 1644 3418 34
1657 3410 1664 3422 ,
1684 3393 1718 3417 2:
1737 3391 1872 3419 infirmitas
1890 3389 1979 3422 gravis
1991 3388 2107 3416 sobriam
2120 3389 2180 3415 tacit
2192 3389 2316 3415 animam.
