2476 3921
176 773 307 794 Notandum.

176 1514 308 1544 praesumtio

191 1546 294 1562 eiusdem.

328 255 393 287 390

329 343 466 384 qnidam
483 340 598 373 ltabait
615 340 699 371 auos
714 338 809 379 filim.
828 338 883 370 Per
901 336 1064 368 hominem
1081 335 1186 373 istum,
1204 334 1286 366 sicut

329 404 420 436 saepe
443 395 561 426 dictum
586 396 632 425 est
647 393 668 430 ¹,
694 391 897 432 intelligimus
920 389 1089 421 Dominum
1114 387 1285 429 benignum

328 453 359 480 et
383 447 478 488 pium.
504 446 579 477 Nam
611 445 676 485 ipse
708 444 828 475 ratione
863 450 1004 474 summae
1039 440 1180 482 pietatis,
1204 448 1286 481 quae

328 500 430 532 reddit
453 508 525 531 eum
550 497 720 538 benignum
745 500 776 528 et
800 496 977 539 humanum
1009 502 1084 535 erga
1108 492 1284 530 hominem,

328 552 422 585 horno
434 552 545 584 merito
557 550 617 582 dici
635 553 755 591 potest;
774 548 857 580 unde
869 547 1005 579 Danielis
1019 546 1162 579 decimo²
1173 558 1180 577 :
1200 558 1215 574 «
1228 546 1285 577 Te-

328 606 396 647 tigit
419 613 468 637 me
492 603 580 645 quasi
607 603 684 635 visio
709 601 844 634 hominis
867 604 898 633 et
922 599 1109 632 confortavit
1132 607 1225 631 me».
1243 598 1285 630 Ad

328 658 418 690 cuius
441 657 534 689 etiam
557 654 802 697 designationem
828 654 912 685 Deus
944 653 975 685 in
1010 652 1112 693 effigie
1148 652 1286 684 bumana

327 720 383 753 per
407 710 579 742 subiectam
604 711 783 740 creaturam
807 706 991 748 frequenter
1008 704 1155 746 apparuit
1171 704 1287 736 sanctis

328 762 470 795 Patribus
493 765 524 794 et
548 760 720 802 Prophetis.
747 760 803 792 Per
827 760 911 791 duos
934 762 1040 791 autem
1064 757 1150 799 filios
1173 756 1286 789 intelli-

326 816 431 858 gimus
467 814 595 847 humani
632 814 756 855 generis
791 812 1048 849 universitatem,
1086 820 1146 843 non
1184 810 1286 843 solum

327 869 431 911 quoad
454 868 585 910 gentiles
608 871 639 900 et
656 867 801 905 ludaeos,
820 866 901 899 sicut
917 865 1024 897 Glossa
1038 865 1049 883 ³
1066 864 1215 906 exponit,
1232 863 1286 896 sed

325 923 418 955 etiam
442 921 629 963 generaliter
661 920 765 962 quoad
796 920 977 951 innocentes
1012 921 1043 950 et
1072 917 1285 959 poenitentes,

326 976 407 1008 sicut
430 978 552 1016 oportet
577 974 705 1015 intelligi
731 982 770 1006 ex
797 973 864 1014 ipsa
887 971 1092 1013 applicatione
1108 970 1284 1012 parabolae.

326 1028 411 1060 L'nde
435 1027 557 1060 Beda4:
588 1040 602 1055 «
621 1027 699 1059 Haec
724 1026 872 1067 parabola
902 1025 941 1057 de
973 1024 1084 1056 Iudaeo
1107 1028 1138 1056 et
1161 1023 1285 1065 gentili,

326 1081 512 1123 generaliter
536 1081 574 1113 de
599 1080 777 1122 poenitente
801 1083 831 1112 et
848 1079 948 1116 iust0,
966 1078 1014 1110 vel
1031 1077 1085 1119 qui
1103 1077 1161 1109 sibi
1183 1077 1286 1109 iustus

327 1134 461 1173 videtur,
486 1136 588 1175 potest
611 1132 740 1174 intelligi
758 1146 788 1163 ι».
815 1132 849 1164 Et
874 1132 904 1164 hi
930 1131 1080 1163 dicuutur
1104 1130 1186 1172 lilii,
1211 1129 1287 1171 quia

326 1188 357 1219 in
382 1187 524 1219 libertate
547 1186 669 1218 arbitrii
695 1189 768 1218 sunt
800 1185 896 1218 creati
925 1188 956 1217 et
978 1184 1017 1217 ad
1041 1187 1201 1216 aeternam
1231 1183 1286 1216 he-

326 1240 489 1272 reditatem
514 1239 705 1276 habendam;
731 1238 852 1271 loannis
875 1237 1027 1270 octav05:
1057 1250 1072 1265 a
1090 1237 1207 1269 Servus
1224 1246 1285 1268 non

325 1297 430 1325 manet
455 1294 485 1325 in
508 1293 600 1325 domo
624 1292 655 1324 in
679 1296 861 1330 aeternum,
887 1291 971 1323 filius
994 1294 1099 1323 autem
1124 1293 1230 1322 manet
1254 1290 1285 1321 in

326 1350 489 1379 aeternum
508 1358 538 1383 »;
564 1345 647 1377 unde
671 1346 701 1377 in
721 1345 856 1377 Psalmo:
880 1358 895 1373 «
908 1344 993 1376 Sicut
1011 1344 1180 1376 miseretur
1198 1347 1285 1385 pater

327 1400 483 1438 filiorum,
508 1400 552 1432 sic
576 1399 724 1431 misertus
748 1402 796 1431 est
819 1398 971 1430 Dominus
996 1398 1178 1430 timentibus
1203 1406 1236 1430 se
1252 1410 1283 1428 2».

417 1453 468 1485 23.
494 1453 594 1494 (Vers.
625 1453 698 1492 la).
725 1452 761 1484 Et
785 1452 859 1493 quia
884 1452 1011 1484 libertas
1035 1451 1158 1483 arbitrii
1184 1451 1214 1482 in
1232 1460 1286 1483 va-

328 1507 376 1538 nis
399 1510 430 1538 et
464 1505 681 1547 peccatoribus
717 1505 899 1546 frequenter
933 1504 971 1536 de
1004 1503 1140 1545 propriis
1164 1503 1286 1536 viribus

313 1560 500 1601 ‘praesumit
523 1563 554 1591 et
577 1559 635 1591 sibi
660 1562 794 1599 usurpat
819 1557 902 1599 quod
928 1557 981 1589 Dei
999 1560 1062 1595 est,
1080 1557 1148 1589 ideo
1165 1556 1284 1589 subdit:

329 1613 368 1644 Et
391 1612 478 1644 ‹Itoez’t
509 1611 743 1643 adolescentior
775 1620 814 1642 ea:
847 1610 913 1642 z‘ttz‘s
934 1610 1045 1651 patri.-
1072 1610 1211 1648 Pate7·‘³‚
1241 1609 1287 1642 da

329 1663 412 1697 mtln'
438 1665 623 1706 portionem
654 1663 880 1702 substantiae,
916 1673 1000 1706 qaae
1036 1672 1089 1706 me·
1116 1662 1284 1704 eontinyil.

328 1719 386 1751 Iste
410 1718 644 1750 adolescentior
676 1717 792 1749 dicitur
829 1717 879 1749 ille
903 1716 956 1758 qui
990 1716 1099 1748 vanior
1123 1720 1170 1748 est
1194 1718 1225 1748 et
1247 1715 1284 1747 ad

327 1772 485 1805 sensibilia
508 1772 589 1803 bona
612 1771 711 1812 magis
743 1770 900 1807 intentus,
924 1769 1098 1802 secundum
1130 1768 1207 1801 illud
1232 1768 1286 1801 Ec-

329 1825 488 1857 clesiastae
513 1824 678 1856 undecimo
693 1824 722 1855 ⁷:
753 1836 767 1852 a
785 1824 996 1856 Adolescentia
1028 1823 1110 1855 enim
1143 1825 1174 1855 et
1198 1822 1300 1854 volu-⁴

327 1882 397 1919 ptas
415 1887 493 1909 vana
509 1881 623 1915 sunt»;
640 1881 670 1909 et
680 1876 887 1909 ·Ecclesiastae
900 1876 1007 1908 eodem
1025 1875 1161 1917 capitulo
1174 1883 1285 1916 supra:

333 1945 347 1959 «
363 1932 506 1969 Laetare,
532 1930 671 1968 iuvenis,
696 1930 726 1961 in
751 1929 959 1962 adolescentia
975 1932 1030 1961 tua
1046 1941 1077 1967 »;
1107 1942 1123 1957 «
1139 1932 1169 1961 et
1190 1928 1286 1967 scito,

328 1983 412 2026 quod
437 1992 494 2024 pro
517 1983 665 2015 omnibus
681 1982 730 2015 his
746 1982 879 2015 adducet
896 1985 925 2014 te
942 1982 1026 2014 Deus
1042 1982 1073 2013 in
1091 1981 1241 2014 iudicium
1254 1995 1285 2013 ι».

328 2037 382 2069 Hic
406 2036 584 2068 adolescens
619 2035 697 2077 petit
726 2039 858 2077 partem
892 2045 1008 2073 stiam,
1041 2044 1113 2067 eum
1148 2035 1286 2077 relinqui

328 2090 396 2122 vult
419 2089 553 2122 libertati
578 2097 671 2126 suae,
688 2092 724 2120 ut
748 2088 808 2120 iam
832 2097 895 2120 non
920 2087 1092 2120 secundum
1118 2087 1286 2130 imperium

328 2143 464 2185 gratiae,
490 2142 543 2175 sed
567 2141 740 2175 secundum
765 2144 879 2174 nutum
911 2141 1081 2173 voluntatis
1105 2149 1180 2173 suae
1204 2141 1288 2173 ince-

328 2196 389 2228 dat.
415 2196 500 2228 Unde
524 2195 647 2228 Beda⁸z
678 2208 694 2223 «
708 2194 902 2227 Substantia
925 2197 972 2226 est
996 2203 1105 2232 omne,
1122 2193 1207 2236 quod
1223 2193 1287 2236 agi-

329 2258 400 2282 mus
411 2275 418 2288 ,
435 2248 519 2291 quod
543 2248 694 2287 vivimus,
711 2248 860 2290 sapimus,
877 2248 1052 2289 cogitamus
1067 2250 1098 2280 et
1115 2247 1286 2289 loquimur.

328 2302 428 2334 Huius
462 2311 537 2343 ergo
567 2302 741 2343 portionem
774 2301 967 2334 substantiae
1001 2301 1104 2333 minor
1128 2301 1206 2343 petit
1229 2301 1287 2333 sibi

329 2356 414 2395 dari,
438 2365 511 2388 cum
537 2356 645 2393 homo,
670 2355 812 2388 rationali
838 2364 933 2388 sensu
949 2364 1007 2387 suo
1023 2355 1213 2394 delectatus,
1230 2363 1286 2397 per

328 2410 464 2442 liberum
488 2402 655 2441 arbitrium
681 2417 713 2441 se
738 2417 846 2450 regere
870 2412 901 2440 et
924 2417 942 2440 a
964 2408 1101 2440 dominio
1132 2408 1288 2441 Creatoris

330 2463 419 2495 exire
443 2461 597 2504 quaesivit
614 2475 643 2493 ».
668 2461 747 2493 Haec
771 2461 879 2502 petitio
902 2470 964 2493 non
988 2460 1048 2493 ruit
1071 2470 1129 2502 pro
1153 2469 1201 2500 se,
1234 2461 1288 2493 sed

330 2515 428 2556 magis
451 2518 560 2547 contra
584 2523 635 2553 se,
659 2514 734 2556 quia
768 2514 871 2556 petiit,
896 2522 929 2546 se
953 2513 1009 2546 sibi
1035 2513 1150 2555 exponi
1175 2517 1206 2546 et
1230 2522 1288 2546 suo

911 247 1105 280 COMMENT.
1130 247 1166 278 IN
1192 245 1429 279 EVANGELIUM
1455 244 1571 276 LUCAE
1596 244 1628 276 C.
1653 244 1715 276 XV.

1350 332 1464 365 iudicio
1498 332 1692 374 derelinqui;
1718 332 1799 364 sicut
1832 336 1863 364 et
1892 331 2000 373 petitio
2031 331 2169 364 filiorum
2194 331 2306 369 Israel,

1349 394 1412 427 qua
1436 385 1595 427 petierunt
1611 394 1738 427 regem;
1764 385 1857 427 primi
1875 385 1992 427 Regum
2009 385 2160 417 octavo01
2185 397 2200 412 α
2213 384 2307 417 Dixe-

1350 441 1425 470 runt
1449 438 1503 470 filii
1536 438 1630 470 lsrael
1661 438 1700 470 ad
1732 438 1925 471 Samuelem:
1950 438 2111 470 Constitue
2143 437 2232 469 nobis
2257 446 2307 469 re-

1349 494 1499 532 gem‚'ut
1522 490 1637 523 iudicet
1660 500 1717 523 nos
1733 504 1763 523 ».
1794 504 1809 519 (ι
1825 491 1976 533 Dixitque
2004 491 2156 523 Dominus
2187 491 2226 523 ad
2254 491 2308 523 Sa-

1349 544 1503 577 muelem:
1520 545 1585 577 Non
1603 547 1633 577 te
1649 544 1843 583 abiecerunt,
1860 544 1914 577 sed
1930 553 1995 583 me,
2012 553 2051 577 ne
2068 553 2195 586 regnem
2212 553 2308 586 super

1349 605 1403 629 eos
1416 611 1445 629 ι».
1464 615 1504 620 -
1530 597 1566 629 Et
1589 597 1664 639 quia
1686 597 1838 629 Dominus
1859 596 1975 629 iudicio
1999 597 2081 629 iusto
2102 606 2174 630 eum
2191 597 2245 639 qui
2269 597 2308 630 de

1350 658 1383 682 se
1408 650 1597 691 praesumit,
1622 650 1772 692 relinquit
1796 649 1872 688 sibi;
1897 649 1966 682 ideo
1990 650 2112 682 subdit:
2131 650 2171 682 Et
2194 649 2308 682 divisit

1351 702 1417 735 illis
1440 702 1674 735 substantiam.
1700 703 1774 735 Nam
1804 702 1848 735 sio
1879 703 2100 741 conveniebat,
2133 703 2307 736 secundum

1350 755 1427 788 illud
1453 755 1657 789 Ecclesiastici
1680 755 1802 788 dec-imo
1826 755 1937 797 quinto
1951 756 1993 787 ¹⁰:
2024 769 2039 784 «
2057 756 2140 788 Deus
2163 756 2203 788 ab
2220 755 2307 788 initio

1351 808 1513 840 constituit
1536 809 1696 841 hominem
1713 812 1745 841 et
1768 809 1896 850 reliquit
1912 817 1986 841 eum
2012 809 2044 841 in
2070 817 2164 841 manu
2188 808 2307 841 consilii

1351 862 1399 893 sui
1417 875 1447 893 ».
1472 862 1547 894 Nam
1566 861 1610 894 sic
1627 862 1779 894 Dominus
1796 861 1879 893 iusto
1895 861 2010 894 iudicio
2027 861 2109 900 facit,
2133 861 2306 894 secundum

1350 914 1428 946 illud
1452 914 1597 947 Matthaei
1622 915 1772 956 vigesimo
1795 914 1921 956 quinto:
1951 914 2036 947 «Uni
2060 914 2145 947 dedit
2168 914 2310 956 quinque

1351 968 1483 1006 talenta,
1507 967 1557 999 alii
1584 971 1689 1000 autem
1714 968 1795 1006 duo,
1812 968 1863 999 alii
1880 971 1984 1000 autem
2002 976 2120 1006 unum,
2138 967 2310 1009 unicuique

1337 1020 1524 1053 ‘secundum
1551 1021 1886 1062 propriamsvirtutem
1903 1034 1918 1049 1>
1947 1024 2006 1053 etc.

1440 1074 1492 1106 24.
1518 1074 1620 1115 (Vers.
1649 1074 1723 1115 13.).
1749 1074 1891 1106 Secundo
1914 1078 2069 1116 qnantum
2085 1074 2124 1107 ad
2137 1079 2310 1117 perpetra-

1351 1127 1469 1160 tionem
1495 1127 1704 1159 volnntariae
1720 1127 1836 1169 culpae
1852 1127 1975 1160 subdit:
1997 1128 2033 1159 Et
2049 1137 2115 1160 non
2135 1132 2211 1169 post
2225 1128 2311 1160 mul-

1351 1185 1399 1213 tos
1423 1181 1509 1219 dies,
1535 1181 1744 1223 conpreyalis
1775 1181 1946 1220 omnibus,
1971 1190 2027 1223 per
2062 1181 2153 1214 liberi
2187 1179 2309 1214 arbitrii

1349 1234 1542 1273 dominium,
1567 1233 1651 1276 quod
1676 1234 1770 1266 habet
1794 1238 1939 1276 respectu
1963 1234 2105 1266 omnium
2123 1234 2239 1267 virium
2256 1243 2310 1266 na—

1350 1286 1516 1324 turalium;
1542 1286 1784 1330 adolescentior
1800 1286 1893 1329 silias
1913 1296 2050 1329 peregre
2070 1286 2242 1329 profectus·
2265 1292 2311 1321 esc

1350 1339 1386 1371 in
1409 1339 1574 1382 reyionem
1599 1339 1834 1383 longinquam,
1859 1343 1891 1372 et
1922 1340 1981 1372 hoc
2005 1340 2215 1381 perpetrando
2240 1349 2311 1382 pec-

1350 1397 1464 1426 catum.
1491 1393 1590 1435 Reyio
1614 1402 1749 1435 namque
1775 1393 1956 1436 lonqinqua
1978 1402 1998 1425 a
2021 1393 2085 1426 Deo
2101 1393 2232 1432 dicitur,
2249 1403 2310 1426 non

1350 1450 1504 1488 quantum
1528 1447 1567 1478 ad
1591 1447 1686 1479 situm
1704 1447 1843 1485 localem,
1860 1456 1931 1479 cum
1951 1446 2034 1479 Deus
2050 1446 2090 1479 sit
2107 1446 2240 1489 ubique,
2257 1447 2311 1479 sed

1350 1508 1407 1541 per
1420 1499 1589 1532 voluntatis
1601 1499 1895 1532 dissimilitudinem.
1910 1499 1995 1532 Unde
2007 1499 2115 1532 Glossa
2129 1500 2171 1531 ¹¹:
2190 1513 2205 1528 «
2220 1499 2313 1532 Abiit

1351 1553 1386 1584 in
1409 1553 1575 1595 reyionem
1599 1553 1832 1596 lonqinqaam,
1857 1562 1918 1585 non
1944 1553 2095 1586 mutando
2113 1553 2232 1592 locum,
2257 1553 2310 1586 sed

1350 1606 1501 1639 animum.
1525 1607 1649 1647 Quanto
1664 1607 1747 1638 enim
1764 1606 1835 1648 quis
1852 1606 1883 1638 in
1900 1615 1997 1647 pravo
2013 1615 2108 1647 opere
2126 1606 2197 1648 plus
2212 1606 2311 1638 delin-

1350 1658 1429 1701 quit,
1447 1662 1532 1691 tanto
1548 1668 1566 1691 a
1582 1659 1635 1691 Dei
1653 1659 1754 1701 gratia
1770 1659 1894 1700 longius
1911 1659 2068 1697 recedit»;
2083 1659 2165 1691 unde
2180 1659 2314 1692 Prover-

1349 1712 1475 1745 biorum
1490 1711 1611 1744 decimo
1626 1712 1755 1753 quinto:
1774 1725 1789 1740 «
1803 1712 1905 1753 Longe
1917 1715 1965 1744 est
1980 1712 2134 1744 Dominus
2149 1712 2189 1744 ab
2205 1712 2310 1754 impiis

1350 1769 1381 1798 et
1404 1765 1561 1798 orationes
1585 1765 1743 1797 iustorum
1773 1765 1922 1798 exaudiet
1938 1778 1969 1797 n.
1995 1765 2048 1797 Est
2071 1769 2177 1798 autem
2202 1774 2311 1807 pecca-

1351 1822 1418 1851 tum
1435 1818 1526 1861 re92'0
1543 1818 1724 1861 lonqinqua
1740 1827 1759 1850 a
1782 1818 1864 1857 Deo,
1880 1818 1966 1860 quia,
1984 1827 2056 1850 cum
2074 1818 2115 1851 sit
2130 1818 2310 1861 iniquitas,

1350 1872 1474 1914 elongat
1497 1881 1516 1903 a
1550 1880 1674 1904 summa
1709 1871 1868 1909 bonitate,
1898 1871 2073 1904 secundum
2106 1871 2183 1904 illud
2216 1871 2310 1905 Isaiae

1351 1924 1612 1967 quinquagesimo
1643 1933 1725 1956 nono
1740 1924 1783 1957 12ι
1813 1937 1829 1953 α
1847 1924 2028 1966 lniquitates
2051 1928 2174 1958 vestrae
2197 1925 2310 1958 divise-

1351 1981 1428 2010 runt
1450 1978 1533 2011 inter
1557 1987 1612 2010 vos
1635 1981 1666 2010 et
1690 1977 1789 2010 Deum
1815 1981 1974 2017 vestrum,
1999 1981 2030 2011 et
2054 1983 2181 2020 peccata
2204 1982 2311 2012 vestra

1350 2030 1582 2065 absconderunt
1605 2031 1716 2064 faciem
1741 2031 1809 2064 eius
1832 2040 1850 2063 a
1867 2031 1954 2064 vobis
1968 2045 1997 2064 ι.
2015 2031 2092 2064 Cum
2110 2032 2150 2065 sit
2166 2032 2310 2071 tenebra,

1322 2128 1324 2131 7
1350 2085 1475 2126 elongat
1497 2094 1516 2117 a
1551 2094 1675 2117 summa
1710 2085 1780 2120 lace
1803 2089 1831 2118 et
1865 2085 2022 2123 veritate,·
2046 2086 2166 2127 primae
2189 2087 2312 2119 loannis

2329 1075 2454 1098 Secundum.

2332 1394 2398 1425 Regio
2412 1394 2454 1415 lon·

2350 1426 2434 1448 ginqua.

2332 1817 2394 1839 natio
2410 1817 2446 1838 tri-

2366 1845 2423 1871 plex.

1352 2138 1454 2181 primo
1468 2138 1510 2170 ¹⁸:
1541 2152 1557 2167 «ι
1573 2138 1658 2171 Deus
1681 2139 1739 2171 lux
1763 2142 1828 2178 est,
1845 2142 1877 2171 et
1893 2139 2040 2172 tenebrae
2056 2139 2087 2171 in
2104 2148 2142 2172 eo
2158 2148 2220 2172 non
2237 2143 2312 2172 sunt
2329 2169 2333 2171 .

1352 2191 1450 2224 ullae-
1469 2191 1499 2223 Si
1530 2190 1726 2230 dixerimus,
1760 2191 1909 2233 quoniam
1942 2192 2121 2225 societatem
2156 2192 2311 2225 habemus

1352 2253 1424 2277 cum
1449 2253 1500 2283 eo,
1525 2247 1556 2277 et
1578 2244 1611 2276 in
1628 2244 1766 2277 tenebris
1789 2244 2006 2283 ambulamus;
2023 2244 2196 2277 mentimur
2212 2248 2243 2277 et
2259 2254 2312 2278 ve-

1352 2299 1476 2331 ritatem
1501 2307 1562 2330 non
1587 2298 1720 2331 facimus
1735 2310 1766 2337 »3
1792 2302 1823 2331 et
1848 2298 1941 2340 paulo
1958 2301 2028 2339 post
2043 2297 2167 2337 subdit,
2191 2298 2229 2331 de
2245 2299 2312 2341 qui-

1352 2352 1413 2385 bus
1437 2351 1575 2385 tenebris
1598 2351 1760 2393 intelligit:
1790 2364 1806 2380 α
1823 2351 1881 2392 Qui
1906 2351 1971 2383 odit
1995 2350 2124 2383 fratrem
2154 2361 2248 2384 suum
2280 2353 2316 2385 in'

1353 2405 1492 2438 tenebris
1516 2408 1594 2437 est»
1624 2408 1682 2437 etc.
1718 2404 1797 2437 Cum
1828 2404 1922 2437 etiam
1954 2407 2117 2446 peccatum
2149 2405 2189 2438 sit
2212 2404 2311 2445 nihil,

1353 2459 1478 2501 elongat
1509 2467 1528 2490 a
1558 2466 1683 2490 summa
1713 2457 1863 2495 entitate;
1888 2460 2017 2499 propter
2048 2457 2132 2500 quod
2165 2458 2312 2491 leremiae

1354 2511 1491 2544 secundo
1504 2511 1548 2542 ¹⁴:
1586 2524 1601 2539 «ι
1618 2510 1699 2551 Quid
1731 2510 1920 2543 invenerunt
1951 2511 1983 2543 in
2011 2520 2061 2544 me
2086 2515 2191 2554 patres
2215 2512 2310 2545 vestri

403 2707 411 2720 ¹
434 2708 499 2733 Vide
518 2715 597 2739 supra
618 2715 641 2733 c.
662 2707 704 2733 111.
724 2715 749 2733 n.
769 2708 812 2733 36.
831 2710 856 2733 et
874 2715 897 2733 c.
918 2707 959 2732 15.
980 2715 1004 2732 n.
1025 2710 1049 2732 8.

400 2752 411 2767 ²
432 2753 506 2778 Vers.
526 2753 567 2778 18.
586 2766 621 2771 -
640 2752 748 2777 Interius
776 2759 824 2784 pro
844 2751 886 2778 Ad
904 2751 981 2778 cuias
1001 2751 1050 2778 AC
1062 2751 1111 2776 DF
1131 2751 1182 2777 Per
1201 2750 1288 2777 cuius.

402 2796 412 2811 ⁸
432 2798 532 2823 Scilicet
551 2796 693 2822 ordinaria
722 2797 762 2827 (ex
792 2797 876 2829 Beda,
901 2797 947 2829 qui
976 2797 1094 2829 sequitur
1122 2796 1242 2827 August„
1262 2796 1288 2821 ll.

332 2843 381 2875 Qq.
401 2841 563 2873 EvangelIOr.
583 2849 609 2874 q.
624 2841 667 2866 33.
680 2849 704 2866 n.
726 2842 759 2872 1.)
775 2841 847 2872 apud
862 2841 1008 2872 Lyranuim
1022 2841 1067 2865 cfr.
1081 2840 1175 2865 Hieron
1189 2860 1194 2871 ,
1209 2840 1289 2871 Epist.

332 2888 376 2911 21.
397 2887 468 2915 (alias
483 2886 553 2917 146.)
567 2893 592 2910 n.
608 2886 631 2910 Ιι.
645 2899 679 2904 -
694 2885 820 2917 Superius
839 2892 887 2916 pro
900 2884 1103 2911 uniuersitatem
1118 2885 1136 2909 B
1146 2884 1165 2910 C
1178 2885 1198 2909 D
1208 2885 1226 2909 F
1236 2885 1256 2909 G
1269 2885 1289 2910 11

332 2930 561 2956 numerositatem.
809 2934 813 2936 “

403 2974 414 2988 ⁴
433 2976 467 2999 lta
486 2974 574 2999 Glossa
595 2973 777 3000 interlinearis
797 2974 822 2999 in
843 2974 903 2998 Luc.
926 2974 973 3004 15,
995 2973 1041 3004 11,
1060 2980 1129 3006 quae
1142 2976 1182 2999 est
1201 2980 1290 2999 secun-

333 3019 396 3044 dum
417 3018 529 3048 Dedam,
549 3018 589 3042 tv.
610 3018 635 3043 in
654 3019 716 3044 Luc.
737 3019 783 3049 15,
804 3018 846 3043 31.
866 3025 921 3051 seq.
941 3018 966 3043 in
986 3018 1045 3043 tine.

405 3060 415 3075 ⁶
436 3062 509 3087 Vers.
529 3061 576 3093 35,
596 3064 655 3093 post
673 3069 753 3094 quern
773 3062 814 3086 Ps.
834 3061 897 3093 402,
920 3062 961 3086 13.

404 3104 415 3119 ⁶
435 3106 523 3131 Plures
541 3105 628 3136 codd„
648 3109 675 3131 111
693 3105 742 3131 A.C
754 3106 811 3136 DF,
831 3105 953 3131 omittunt
972 3105 1062 3131 Pater.

405 3148 413 3163 ⁷
436 3151 508 3175 Vers.
530 3150 570 3175 10.
590 3153 615 3175 et
634 3149 729 3175 deinde
748 3157 774 3175 v.
793 3150 818 3174 9.

405 3192 415 3207 ⁸
435 3193 503 3219 Libr.
523 3194 564 3219 lV.
584 3194 608 3218 in
628 3194 690 3219 Luc.
713 3193 756 3225 15,
778 3194 819 3218 11.
838 3201 907 3226 seq„
927 3193 971 3218 ubi
986 3193 1104 3225 sequitur
1123 3184 1245 3225 August,
1264 3194 1291 3219 11.

335 3239 384 3270 Qq.
404 3237 567 3268 Evangelior.
587 3245 613 3269 q.
634 3238 676 3262 33.
696 3245 721 3262 n.
745 3237 773 3267 1;
793 3237 918 3262 sententia
933 3237 1018 3262 Bedae
1032 3236 1187 3268 proponitur
1202 3236 1292 3263 verbis

334 3283 440 3307 Glossne
458 3281 614 3307 ordinariae
627 3281 698 3313 apud
712 3282 859 3313 Lyranum,
873 3281 906 3306 de
919 3281 994 3306 cuius
1014 3281 1084 3306 initio
1103 3283 1150 3307 cfr.
1170 3281 1275 3307 Hieron.
1286 3301 1292 3312 ,

335 3326 414 3357 Epist.
429 3326 470 3350 21.
486 3325 558 3357 (alins
573 3325 643 3357 146.)
663 3333 688 3351 n.
703 3325 727 3351 5.
741 3327 766 3351 ln
781 3326 832 3351 tine
845 3332 894 3357 pro
913 3332 931 3351 a
950 3324 1068 3352 dominio
1089 3324 1225 3352 Creatoris
1246 3326 1291 3358 (ita

334 3370 412 3395 etiam
428 3369 496 3394 Beda
510 3373 535 3394 et
547 3369 649 3402 Glossa)
670 3370 728 3395 Vat.
747 3372 772 3395 et
791 3370 880 3401 plures
899 3369 976 3395 codd.
997 3377 1014 3395 a
1033 3369 1142 3396 domino
1156 3369 1292 3396 Creator-e.

407 3412 418 3426 ⁹
438 3414 512 3439 Vers.
531 3414 554 3439 5.
574 3419 599 3439 et
618 3414 643 3439 7.

1424 2703 1446 2718 ¹⁰
1467 2705 1540 2730 Vers.
1560 2704 1607 2735 14,
1627 2704 1668 2729 cui
1697 2703 1864 2736 subiungitur
1890 2704 1976 2730 Matth.
2003 2705 2050 2737 25,
2081 2705 2123 2730 15.
2141 2718 2176 2724 -
2196 2705 2311 2735 Hieron„

1353 2750 1433 2782 Epist.
1453 2750 1494 2775 21.
1516 2749 1590 2781 (alias
1609 2749 1680 2782 ⁴46.)
1701 2756 1727 2774 n.
1747 2749 1776 2774 6:
1798 2748 1851 2780 Qui
1868 2748 1959 2775 divisit
1970 2748 2008 2775 eis
2020 2748 2218 2780 substantiam,·
2231 2749 2312 2781 signi-

1354 2795 1473 2821 ficantius
1492 2794 1518 2819 in
1538 2794 1637 2819 Graeco
1657 2793 1752 2825 legitur
1771 2792 1862 2817 διεῖλεν
1882 2790 1970 2822 αὗτοῖς
1984 2790 2027 2817 τὸν
2047 2791 2119 2825 βίον,
2134 2794 2160 2819 id
2174 2797 2220 2824 est,
2240 2793 2313 2819 dedit

1354 2838 1391 2863 eis
1410 2837 1522 2864 liberum
1541 2837 1693 2867 arbitrium,
1712 2837 1785 2862 dedit
1805 2837 1898 2862 mentis
1917 2838 2040 2869 propriae
2060 2837 2221 2868 libertatem,
2240 2841 2266 2863 et
2285 2842 2312 2863 ut

1355 2882 1455 2907 viveret
1475 2881 1657 2914 unusquisque
1675 2887 1727 2906 non
1746 2887 1776 2906 ex
1797 2881 1907 2913 imperio
1927 2881 1988 2913 Dei,
2001 2881 2048 2907 sed
2062 2881 2190 2914 obsequio
2209 2888 2270 2914 suo,
2285 2881 2311 2907 id

1354 2930 1393 2952 est
1411 2933 1464 2952 non
1484 2933 1513 2951 ex
1533 2925 1700 2956 necessitate,
1720 2925 1766 2950 sed
1786 2933 1815 2951 ex
1835 2926 1982 2957 voluntate,
2003 2929 2030 2951 ut
2049 2926 2132 2951 virtus
2153 2925 2261 2951 liaberet
2278 2926 2314 2951 lo-

1355 2978 1429 3001 cum,
1449 2973 1477 2996 ut
1494 2977 1508 2995 a
1529 2970 1621 2995 ceteris
1640 2969 1816 2995 animantibus
1834 2969 2006 3000 distaremus,
2026 2969 2090 2995 dum
2110 2970 2144 2995 ad
2164 2970 2312 3002 exemplum

1356 3016 1401 3041 Dei
1421 3015 1579 3047 permissum
1598 3017 1637 3040 est
1656 3013 1732 3040 nobis
1752 3015 1836 3039 tacere
1854 3015 1926 3046 quod
1946 3014 2058 3039 velimus
2076 3017 2125 3039 etc.

1427 3058 1447 3073 ¹¹
1470 3059 1570 3084 Scilicet
1589 3057 1732 3084 ordinaria
1746 3058 1785 3091 (ex
1800 3058 1880 3091 Beda)
1895 3058 1967 3089 apud
1981 3058 2122 3089 Lyranum.
2135 3057 2185 3083 Cir.
2200 3058 2314 3088 Hieron„

1355 3104 1404 3129 loc.
1418 3103 1461 3128 cit.
1474 3110 1500 3128 n.
1513 3102 1542 3133 7;
1557 3103 1675 3133 August„
1687 3103 1713 3127 11.
1727 3102 1775 3134 Qq.
1790 3102 1952 3133 Evangelior.
1963 3108 1989 3133 q.
2001 3101 2044 3126 33.
2055 3108 2079 3126 n.
2091 3100 2211 3134 2:13e9io
2225 3101 2313 3134 itaque

1357 3147 1505 3181 lonqinqna
1523 3147 1622 3172 oblivio
1642 3147 1686 3172 Dei
1705 3150 1752 3172 est.
1771 3160 1806 3166 —
1827 3145 1945 3172 Subinde
1963 3145 2089 3177 allegatur
2108 3146 2183 3171 prov.
2205 3146 2250 3177 15,
2270 3146 2314 3171 29.

1428 3190 1450 3206 ¹²
1471 3191 1545 3217 Vers.
1565 3192 1588 3217 2.

1428 3234 1450 3250 ¹⁸
1470 3236 1544 3263 vers.
1563 3236 1588 3261 5.
1607 3243 1664 3267 seq.
1682 3239 1708 3260 et
1726 3234 1822 3260 deinde
1842 3235 1869 3265 2,
1894 3234 1934 3259 11.

1429 3279 1451 3294 ¹⁸
1470 3280 1545 3310 Vera.
1566 3279 1592 3305 5.
1609 3293 1644 3299 —
1664 3280 1783 3311 August„
1802 3279 1827 3304 in
1848 3279 1917 3303 loan.
1937 3278 2035 3309 Evang.
2054 3280 2084 3303 tr.
2107 3279 2130 3303 l.
2144 3285 2169 3303 n.
2190 3278 2236 3303 ⁴3:
2256 3278 2315 3304 Pec=

1356 3328 1446 3350 catum
1463 3324 1571 3357 quidem
1590 3331 1643 3350 non
1664 3331 1709 3356 per
1728 3325 1814 3355 ipsum
1836 3321 1976 3356 [Verbum]
2002 3323 2098 3348 sactum
2118 3325 2171 3353 est;
2191 3327 2216 3348 et
2235 3322 2314 3348 mani·

1358 3370 1452 3394 festum
1471 3372 1524 3400 est,
1543 3368 1603 3401 quia
1619 3371 1756 3400 peccatum
1769 3367 1831 3392 nillil
1845 3370 1892 3397 est,
1910 3370 1936 3392 et
1949 3367 2012 3392 nihil
2026 3367 2091 3392 flunt
2103 3367 2238 3397 homines,
2252 3374 2313 3393 cum

1358 3415 1474 3443 peccant.
1491 3415 1527 3431 —-'
1546 3413 1595 3437 Pro
1614 3419 1631 3437 a
1649 3410 1883 3438 summa-enatam
1903 3410 1961 3436 Vnt.
1979 3417 1997 3436 a
2014 3417 2124 3437 summa
2148 3410 2312 3437 aeternitate.
