2476 3921
32 2348 121 2397 ¹⁶¹}ssss
129 2348 166 2371 ‘¹⁰'

789 208 982 240 COMMENT.
1009 207 1045 239 ΙΝ
1071 205 1307 239 EVANGELIUM
1334 207 1449 239 LUCAE
1474 206 1505 238 C.
1532 207 1565 238 V.
2108 211 2168 241 119

180 303 211 334 et
233 300 272 333 de
296 300 354 333 hac
377 299 493 332 dicitur
517 298 586 337 hic,
611 298 686 340 quia
713 297 817 330 adhuc
849 296 968 329 reversi
993 298 1084 334 sunt,
1109 298 1145 327 ut

180 353 255 386 dicit
277 353 385 386 Glossa
400 354 425 392 ¹;
455 352 548 385 tertio
573 351 603 384 in
628 350 869 393 discipulatum
901 350 966 382 sive
989 349 1144 391 apostola-

180 409 265 444 tum,
297 408 329 438 et
359 405 397 438 de
432 405 491 437 hac
525 404 642 437 dicitur
677 403 821 436 Matthaei
858 405 973 445 quarto
996 405 1026 434 et
1051 401 1144 433 Marci

180 458 299 501 primo:
324 448 355 490 et
379 457 447 490 ideo
471 457 559 490 nulla
582 460 629 490 est
653 456 859 489 contrarietas
883 456 949 488 sive
977 453 1143 487 diversitas

180 512 211 544 in
236 511 311 544 locis
335 515 365 544 et
390 509 585 553 temporibus
607 512 638 543 et
661 509 730 542 aliis
753 508 1007 542 circumstantiis.

269 564 321 597 24.
350 565 388 596 Et
410 562 538 606 factum
564 567 628 602 est,
653 572 729 595 cuni
753 565 832 594 esset
864 561 899 594 in
923 570 994 593 una
1026 560 1143 593 civita-

14 606 15 620 *
24 627 69 676 ,ἐξ
80 627 161 675 vgfficr»
182 622 250 651 tuni
268 621 326 651 etc.
353 618 423 651 Post
446 617 672 659 discipulorum
698 616 891 649 vocationem
913 614 1075 656 subiungit
1091 614 1143 646 hic

23 679 163 729 ffiffoffiocggp
182 671 353 704 eorundem
386 669 671 712 confirmationem
693 679 754 711 per
780 667 962 701 miracula.
989 667 1025 699 Et
1048 666 1144 699 habet

182 724 259 757 haec
272 732 345 765 pars
356 723 444 756 duas.
461 723 491 755 In
506 723 608 764 prima
624 722 706 755 enim
724 721 937 754 introducitur
954 719 1143 752 miraculum

181 770 219 809 (10
235 775 409 808 curatione
425 775 547 817 leprosi
554 787 565 813 ;
581 774 612 807 in
630 774 767 807 secunda
784 783 876 812 vero,
893 773 931 805 de
953 772 1144 805 liberatione

179 829 379 872 paralytici,
404 828 444 861 ibi
465 829 494 860 ²:
522 829 560 860 Et
582 827 712 871 factum
736 831 783 859 est
805 827 841 859 in
865 836 937 858 una
961 826 1102 858 dierum.

269 882 359 915 Circa
382 882 570 914 miraculum
606 885 711 914 autem
741 881 779 913 de
815 880 989 912 curatione
1024 878 1146 921 leprosi

23 943 171 994 &grtifflffi
181 936 242 969 tria
264 935 520 968 introducuntur.
554 935 692 967 Primum
718 937 766 967 est
797 933 945 976 operatio
972 931 1143 965 miraculi.

22 997 171 1052 mauman·
181 989 359 1022 Secundum
384 992 431 1021 est
454 988 598 1021 eruditio
619 987 757 1030 leprosi,
783 987 824 1020 ihi
838 987 869 1019 ⁸:
898 986 1024 1028 Et‘ipse
1044 995 1144 1028 prae-

181 1042 263 1085 cepit
294 1041 325 1074 ei
351 1044 409 1074 etc.
443 1040 584 1073 Tertium
616 1043 664 1073 est
695 1040 884 1083 aedificatio
910 1039 1046 1082 populi,
1079 1039 1144 1072 ibi:

181 1094 444 1128 Per-ambulabat
467 1098 579 1126 autem
603 1094 714 1136 maqz's
736 1103 845 1126 sermo
868 1093 908 1125 de
931 1092 986 1125 illo
1010 1096 1068 1125 etc.

269 1147 360 1180 Circa
393 1146 618 1189 operationem
648 1146 810 1178 miraculi
845 1146 906 1178 tria
936 1149 1011 1178 sunt
1045 1148 1146 1178 atten-

13 1176 14 1189 1

13 1191 82 1241 leuca
94 1200 299 1240 opera-denda,
323 1200 441 1233 scilicet
456 1199 658 1233 miserabilis
682 1199 815 1242 infectio
836 1199 959 1238 morbi,
984 1208 1145 1232 commen-

13 1239 168 1285 Miltiadi:

13 1291 97 1312 ''fantur-

181 1253 302 1287 dabilis·
317 1254 442 1287 devotio
460 1253 558 1296 aeyri
572 1256 603 1286 et
619 1252 834 1285 admirabilis
851 1252 997 1295 operatio
1017 1252 1144 1285 medici.

271 1307 323 1339 25.
349 1306 450 1345 (Vers.
479 1306 554 1347 12).
580 1306 684 1339 Primo
715 1306 812 1348 igitur
836 1306 977 1348 tangitur
1005 1305 1146 1338 misera-

12 1376 13 1408 ,
37 1368 168 1417 M⁰¹L¹iiof¹¹¹⁰'
182 1359 256 1392 bilis
280 1358 413 1401 infectio
436 1358 564 1398 morbi,
589 1368 662 1392 cum
695 1358 829 1398 dicitur:
859 1360 897 1390 Et
918 1357 1049 1400 factum
1082 1363 1144 1397 est,

181 1421 258 1445 cum
289 1415 368 1444 esset
399 1411 436 1444 in
467 1422 538 1444 una
569 1412 794 1450 civitatum4‚·
826 1412 901 1454 quia
923 1412 1055 1444 morbus
1078 1415 1147 1444 erat

179 1464 332 1507 publicus
348 1468 379 1497 et
391 1469 591 1507 perpetuus.-
605 1464 780 1507 publicus,
797 1465 873 1507 quia
889 1464 920 1496 in
938 1464 1077 1503 civitate,
1090 1464 1145 1497 ubi

181 1517 271 1549 multi
296 1517 505 1556 conveniunt,
529 1521 560 1550 et
584 1517 627 1550 ita
650 1517 759 1549 multis
783 1520 851 1550 erat
875 1517 1041 1550 infirmitas
1062 1520 1144 1550 nota.

182 1570 218 1602 Et
233 1570 474 1609 attendendum,
498 1570 584 1612 quod
599 1570 716 1603 dicitur
739 1570 836 1603 fuisse
852 1570 888 1602 in
905 1570 1054 1609 civitate,
1072 1570 1147 1613 quia

181 1627 249 1656 erat
267 1633 373 1666 prope
396 1624 570 1656 civitatem.
596 1624 673 1656 Nam
698 1623 844 1656 Matthaei
869 1627 979 1656 octavo
993 1623 1005 1643 ⁵
1029 1623 1146 1656 dicitur

181 1677 219 1709 de
242 1677 302 1710 hoc
326 1677 468 1719 leproso,
492 1677 578 1719 quod
606 1676 730 1709 curavit
762 1685 834 1709 eum
860 1676 891 1709 in
923 1676 1076 1709 descensu
1108 1676 1148 1709 de

182 1734 304 1770 monte;
329 1730 413 1763 unde
448 1733 551 1772 potest
581 1730 632 1763 hic
655 1730 772 1772 accipi,
797 1730 879 1763 sicut
913 1730 995 1762 int'ra
1025 1730 1147 1763 decimo

181 1783 292 1816 tertioz
322 1797 337 1812 «
354 1783 419 1816 Non
445 1783 541 1830 capit,
566 1784 753 1825 prophetam
779 1783 883 1825 perire
908 1786 1001 1815 extra
1025 1783 1146 1815 Ierusa-

182 1836 243 1869 lem
261 1848 296 1875 ¹³3
321 1836 411 1878 quia,
437 1837 519 1869 sicut
533 1836 649 1869 dicitur
673 1836 709 1868 ad
729 1836 884 1869 Hebraeos
900 1836 1021 1869 decimo
1038 1836 1146 1875 tertio,

182 1889 327 1922 Christus
355 1902 370 1917 α
387 1893 480 1922 extra
504 1892 627 1931 portam
652 1898 764 1931 passus
788 1893 878 1922 est».
896 1908 941 1912 ——
959 1890 1031 1922 Erat
1052 1889 1146 1922 etiam

182 1942 313 1975 morbus
333 1946 534 1984 perpetuus,·
558 1942 642 1975 unde
665 1945 697 1975 et
720 1942 843 1975 subdit:
870 1943 950 1975 Ecce
962 1942 987 1981 ⁸,
1011 1942 1066 1974 vir
1080 1942 1147 1984 ple-

182 2004 248 2027 nus
271 1994 383 2037 lepra,
408 2004 490 2037 quae
513 1997 561 2028 est
584 1995 751 2028 infirmitas
774 1995 976 2034 incurabilis,
1008 1995 1147 2027 maxime

183 2056 255 2081 cum
278 2051 326 2081 est
357 2047 503 2081 radicata.
536 2048 623 2081 Unde
654 2051 778 2090 poterat
810 2048 836 2081 ei
870 2048 1038 2081 convenire
1070 2048 1147 2081 illud

183 2101 277 2134 Isaiae
294 2101 413 2144 primo:
435 2114 451 2129 α
467 2101 489 2133 Α
508 2101 613 2143 planta
628 2101 716 2143 pedis
740 2110 842 2144 usque
859 2101 898 2134 ad
915 2101 1064 2134 verticem
1084 2111 1147 2134 non

182 2157 230 2188 est
252 2155 284 2187 in
308 2163 345 2187 eo
361 2154 477 2187 sanitas
489 2167 520 2186 n.
546 2154 660 2187 Similis
676 2154 770 2187 etiam
788 2158 856 2187 erat
873 2155 940 2194 lob,
965 2154 1003 2188 de
1019 2164 1083 2197 quo
1100 2163 1147 2187 50-

183 2207 304 2241 cundo:
335 2220 350 2236 α
367 2207 524 2240 Percussit
540 2210 628 2240 satan
645 2207 698 2240 Iob
714 2208 821 2240 ulcere
837 2207 987 2249 pessimo,
1004 2217 1022 2240 a
1042 2208 1148 2249 planta

182 2260 269 2303 pedis
293 2269 394 2303 usque
410 2260 447 2293 ad
473 2260 642 2299 verticem,
660 2261 713 2303 qui
732 2264 811 2294 testa
827 2260 945 2293 saniem
971 2260 1100 2293 radebat
1116 2274 1146 2292 n.

274 2315 326 2346 26.
352 2313 494 2347 Secundo
512 2323 588 2346 vero
605 2314 785 2346 insinuatur
809 2313 1079 2346 commendabilis
1095 2314 1148 2346 de-

182 2366 268 2399 votio
292 2366 431 2409 leprosi,
456 2375 527 2399 cum
552 2366 687 2399 dicitur:
713 2367 754 2399 Et
776 2366 890 2399 videns
920 2366 1048 2405 lesam,
1074 2367 1148 2408 (11113

256 2581 265 2596 ¹
286 2582 389 2608 Scilicet
407 2581 591 2609 interlinearis
611 2582 636 2608 in
655 2583 717 2609 Luc.
737 2583 766 2616 5,
788 2584 835 2609 ⁴⁴:
856 2583 889 2611 Et
907 2583 1046 2612 subductis
1071 2584 1148 2612 navi-

186 2624 234 2652 bus
252 2625 289 2652 ad
307 2627 426 2659 terram,
446 2627 508 2660 quia
527 2627 615 2653 adhuc
634 2626 732 2653 habent
756 2628 918 2654 voluntatem
942 2629 1084 2661 redeundi,
1108 2636 1148 2656 re·

186 2668 254 2697 lictis
273 2669 410 2703 omnibus,
429 2671 515 2698 secuti
532 2673 598 2699 sunt
615 2679 686 2698 eum.
699 2687 734 2690 —
748 2672 805 2698 Duo
824 2680 898 2706 seqq.
918 2673 968 2699 loci
986 2676 1047 2699 sunt
1061 2674 1149 2699 Matth.

187 2713 217 2746 4,
238 2715 280 2741 ⁴8.
301 2722 376 2749 seqq.
395 2718 421 2742 et
440 2716 516 2742 Marc.
542 2717 572 2748 ⁴,
593 2717 634 2742 ⁴6.
655 2724 729 2750 seqq.
753 2717 878 2750 August„
898 2718 926 2744 11.
952 2718 986 2744 de
1013 2718 1149 2745 Consensu

185 2759 344 2791 Evangelist.
364 2766 388 2786 0.
414 2759 455 2786 ⁴7.
481 2767 506 2786 n.
526 2761 573 2786 37:
599 2761 664 2787 Nam
688 2762 709 2788 si
734 2761 804 2788 iuxta
830 2763 981 2794 Iordanem,
1007 2766 1150 2796 antequam

185 2802 256 2829 lesus
274 2804 336 2829 isset
354 2804 382 2829 in
406 2805 559 2836 Galilaeam‚
578 2805 613 2831 ad
637 2806 815 2832 testimonium
839 2807 942 2833 loannis
960 2808 1091 2840 Baptistae
1110 2814 1151 2833 se-

187 2847 240 2872 cuti
258 2851 318 2873 sunt
337 2855 398 2874 eum
412 2848 492 2874 duo...
506 2849 642 2882 quomodo
655 2849 689 2875 ab
701 2850 757 2876 aliis
769 2851 943 2883 Evangelistis
955 2852 1063 2884 dicitur,
1077 2852 1150 2885 quod

186 2897 232 2916 eos
250 2891 277 2916 in
296 2891 408 2917 Galilaea
427 2892 558 2924 piscantes
577 2892 705 2919 invenerit
723 2897 803 2927 atque
821 2895 856 2921 ad
874 2895 1061 2928 discipulatum
1074 2904 1152 2923 voca·

187 2935 273 2961 verit?
293 2935 342 2961 nisi
361 2935 423 2969 quia
438 2936 633 2968 intelligendum
654 2940 707 2968 est,
726 2945 778 2964 non
792 2938 830 2964 sic
848 2945 894 2965 eos
908 2940 1007 2967 vidisse
1025 2944 1089 2967 tunc
1103 2942 1151 2967 Do—

187 2978 289 3004 minum
310 2978 378 3005 iuxta
400 2979 549 3012 lordanem,
573 2982 602 3006 ut
619 2980 642 3006 ei
662 2980 715 3006 iam
735 2981 944 3014 inseparabiliter
962 2984 1150 3016 adhaererent,

188 3023 236 3049 sed
255 3026 355 3049 tantum
374 3024 545 3057 cognovisse,
565 3024 625 3057 quis
637 3027 720 3056 esset,
740 3032 856 3059 eumque
869 3027 977 3054 miratos
989 3028 1023 3054 ad
1043 3028 1150 3061 propria

188 3075 328 3094 remeasse.
351 3068 404 3095 Ctr.
426 3069 511 3100 Beda,
534 3069 561 3095 11.
583 3068 610 3094 111
632 3069 694 3096 Luc.
717 3069 748 3101 ὅ,
772 3070 815 3102 ⁴⁴,
843 3074 869 3097 et
888 3073 913 3098 S.
933 3073 1049 3105 Bonaw,
1077 3073 1152 3100 Com-

188 3115 267 3139 ment.
286 3113 313 3139 in
331 3114 399 3139 loan.
419 3120 444 3140 0.
464 3113 487 3139 ⁴.
507 3120 533 3139 n.
553 3114 563 3139 ⁴
570 3114 611 3140 00.
989 3115 1000 3132 ⁸
1019 3118 1097 3144 Vers.
1110 3117 1151 3144 ⁴7.

260 3155 271 3172 ⁸
292 3157 365 3184 Vers.
387 3157 434 3189 ⁴4,
455 3157 500 3184 ubi
520 3158 631 3191 Vulgata
651 3157 694 3185 illi
711 3165 760 3191 pro
779 3158 819 3192 ei,·
839 3160 944 3188 tertium
964 3164 1004 3188 est
1022 3169 1048 3188 v.
1070 3162 1112 3188 ⁴5.

260 3201 271 3217 ⁴
290 3201 374 3229 Codd.
398 3203 451 3229 Du
476 3203 578 3229 addunt
595 3202 695 3230 scilicet
720 3203 924 3238 capharnaum.
944 3204 995 3232 Cir.
1015 3205 1153 3238 Ambros„

189 3246 221 3273 V.
241 3247 266 3273 in
286 3247 347 3273 Luc.
367 3254 393 3273 n.
414 3247 437 3273 ⁴.

261 3289 272 3305 ⁶
291 3291 368 3318 Vei-s.
388 3292 413 3317 ⁴.
431 3298 505 3326 seqq.
524 3305 560 3312 —
578 3292 636 3319 Duo
655 3299 729 3327 seqq.
750 3293 800 3320 loci
824 3296 885 3320 sunt
904 3296 966 3320 Luc.
993 3294 1039 3326 ⁴3,
1059 3295 1103 3322 33.
1128 3299 1154 3322 et

190 3334 270 3362 Hebr.
293 3336 339 3367 ⁴3,
359 3337 401 3362 ⁴2.

263 3377 275 3394 ⁶
293 3381 403 3413 Vulgata
422 3381 459 3409 Et
475 3388 541 3409 ecce.
560 3397 596 3401 —
615 3382 733 3409 Subinde
753 3383 808 3409 lsai.
831 3384 854 3416 ⁴,
875 3384 899 3409 6.
919 3386 945 3410 et
964 3382 1009 3410 lob
1028 3384 1059 3418 2,
1077 3382 1103 3410 7.

1210 294 1342 326 videndo
1365 295 1521 327 adoravit
1545 299 1575 326 et
1599 295 1811 327 collaudavit.
1827 314 1867 319 —
1883 296 2047 328 Adoravz't
2062 297 2168 338 siquo,
2189 301 2294 349 A‘ssfflffgi‘

1209 356 1281 380 cum
1306 348 1366 380 ait:
1393 349 1431 380 Et
1453 348 1628 389 procidens·
1653 349 1688 380 in
1707 348 1828 390 fite-iem
1853 359 1952 381 suam
1966 350 1990 388 ⁷,
2015 350 2098 391 quod
2123 354 2171 382 est
2231 334 2244 354 ⁸
2274 344 2279 348 ’

1207 400 1421 440 adorantium,
1440 405 1475 433 ut
1493 401 1522 432 in
1542 401 1679 433 Psalmo:
1700 414 1713 429 «
1729 402 1854 439 Venite,
1872 402 2041 434 adoremus
2054 407 2084 434 et
2099 412 2170 444 pro-

1208 453 1350 486 cidamus
1368 468 1382 482 »
1404 457 1481 492 etc.;
1499 457 1530 486 ct
1555 454 1613 486 hoc
1639 454 1821 495 requirebat
1845 455 1999 493 diabolus,
2026 456 2169 488 Matthaei

1207 510 1340 547 quarto:
1370 519 1385 534 α
1404 507 1482 539 Haec
1498 507 1603 538 onmia
1628 507 1681 538 tihi
1706 507 1804 544 dabo,
1829 507 1853 539 si
1874 508 2038 548 procidens
2061 509 2171 540 adora-

1207 559 1291 592 veris
1307 569 1356 592 me
1370 574 1400 592 ».
1425 560 1510 592 Unde
1537 560 1595 592 hoc
1612 561 1700 601 signo
1725 560 1884 602 professus
1901 565 1961 598 est,
1983 562 2085 602 ipsum
2104 571 2172 594 esse

1207 612 1260 645 Dei
1286 613 1416 652 Filium,
1442 613 1523 645 sicut
1547 614 1598 646 1110
1622 622 1751 651 caccus,
1777 613 1814 645 de
1839 623 1902 655 quo
1929 614 2048 646 loannis
2073 624 2170 647 nono:

1212 678 1228 694 α
1244 665 1273 697 Si
1299 665 1401 698 credis
1425 666 1455 698 in
1480 666 1590 699 Filium
1616 667 1696 698 Dei?
1720 666 1796 707 Quis
1820 671 1883 704 est,
1910 667 2068 699 Domine»
2097 672 2171 706 etc.;

1207 722 1238 751 et
1273 722 1342 760 post
1378 720 1541 761 sequitur:
1572 733 1587 747 «
1612 719 1726 757 Credo,
1764 720 1903 751 Domine.
1939 720 1973 752 Et
2009 720 2173 761 procidens

1207 772 1349 804 adoravit
1372 782 1445 805 eum
1465 787 1493 804 υ.
1513 792 1554 797 -
1573 773 1608 805 Et
1632 776 1722 811 nota,
1748 773 1831 815 quod
1856 773 1971 805 dicitur
1991 774 2173 814 procidisse
2194 776 2325 798 Nomadum·

1208 825 1243 857 in
1267 824 1409 867 faciem,
1427 826 1511 868 quod
1535 829 1583 859 est
1600 826 1717 858 bonum
1742 826 1884 867 signum;
1907 826 1988 859 sicut
2003 827 2119 859 dicitur
2135 827 2173 860 dc

1208 879 1312 919 Moyse
1341 882 1372 911 et
1399 880 1497 911 Aaron
1525 880 1736 912 Numerorum
1766 879 1915 921 vigesimo
1933 879 1956 917 Β,
1986 880 2068 921 quod
2103 890 2174 921 pro-

1208 930 1355 963 ciderunt
1386 931 1416 963 in
1440 930 1546 973 facies·
1569 941 1652 964 suas
1683 941 1788 964 coram
1816 932 1965 970 Domino;
2000 942 2059 964 non
2093 933 2174 965 sieut

1210 983 1293 1022 Heli,
1318 984 1411 1025 primi
1447 985 1564 1026 Regum
1597 990 1729 1027 quarto:
1759 999 1773 1013 α
1795 985 1911 1018 Cecidit
1935 986 1997 1018 Heli
2030 986 2068 1018 de
2100 986 2175 1018 sella

1208 1040 1426 1070 retrorsum»
1456 1042 1515 1071 etc.

1299 1086 1351 1123 ai.
1380 1091 1591 1124 Collaudavit
1614 1092 1706 1124 etiam
1729 1092 1794 1124 sive
1820 1092 1980 1133 professus
1995 1096 2041 1124 cst
2066 1092 2173 1131 verbo,
2194 1095 2327 1144 0⁰93?st

1209 1144 1294 1186 quod
1324 1148 1427 1183 notat,
1461 1154 1533 1177 cum
1567 1145 1732 1178 subditur:
1770 1147 1909 1188 Roqavit
1937 1156 2011 1177 eum
2044 1146 2173 1179 dicens:
2289 1139 2293 1143 ’

1211 1197 1363 1236 Domine,
1388 1198 1420 1230 si
1443 1199 1512 1237 vis,
1534 1203 1625 1240 potes
1650 1209 1700 1230 nie
1723 1199 1898 1231 inundare.
1933 1199 1963 1231 ln
1990 1200 2065 1237 hor,
2091 1200 2174 1241 quod
2195 1202 2308 1250 T‘fflgssi·

1210 1255 1323 1292 royac,
1349 1251 1488 1284 insinuat
1512 1251 1720 1294 taryttaeem:
1746 1252 1796 1284 lob
1821 1253 1971 1294 vigesimo
1995 1253 2173 1285 secund092

1215 1316 1231 1332 «
1248 1304 1380 1345 Rogabis
1404 1313 1494 1342 eum,
1519 1308 1550 1337 et
1573 1305 1723 1337 exaudiet
1748 1310 1776 1337 te
1794 1319 1823 1337 ».
1852 1306 1881 1337 ln
1915 1306 1991 1343 1100,
2020 1306 2102 1347 quod
2128 1306 2174 1338 di-

1210 1357 1266 1389 cit:
1300 1357 1457 1396 Domine,
1492 1358 1630 1390 insinuat
1664 1358 1882 1400 (liynz‘tatcm;
1908 1359 2018 1391 Esther
2053 1358 2175 1391 decimo

1210 1410 1322 1442 tertio:
1346 1423 1361 1439 «
1378 1411 1524 1449 Domine,
1549 1411 1579 1443 in
1596 1411 1713 1443 ditione
1739 1415 1792 1443 tna
1809 1415 1922 1444 cuncta
1939 1415 2012 1443 sunt
2031 1412 2129 1453 posita
2144 1426 2172 1443 n.

1211 1464 1243 1496 111
1268 1464 1345 1502 hoc,
1378 1464 1461 1506 quod
1494 1464 1597 1496 addit:
1627 1469 1718 1506 potes
1746 1475 1797 1497 me
1819 1465 2004 1503 mundare,
2038 1466 2176 1498 insinuat

1208 1517 1372 1559 potentiae
1394 1516 1604 1559 facultatcn2;
1630 1518 1804 1560 Sapientiae
1832 1518 2034 1551 duodecimo:
2065 1532 2079 1546 α
2097 1519 2176 1551 Sub-

1210 1574 1258 1603 est
1282 1570 1356 1609 tibi,
1390 1580 1463 1603 cum
1495 1571 1651 1609 volueris,
1677 1580 1768 1613 posse
1785 1585 1814 1603 n.
1841 1572 1876 1603 Et
1909 1572 1967 1604 hoc
1995 1576 2059 1610 est,
2092 1572 2175 1614 quod

1210 1623 1334 1656 dicebat
1358 1624 1411 1657 lob
1434 1624 1583 1663 Domino,
1608 1624 1730 1657 decimo
1753 1628 1868 1666 quarto
1883 1625 1923 1656 ¹⁰:
1950 1638 1965 1653 α
1982 1625 2058 1666 Quis
2075 1629 2176 1667 potest

1210 1677 1313 1709 facere
1348 1677 1504 1710 mundum
1539 1677 1577 1710 de
1610 1677 1772 1710 immundo
1807 1682 1995 1720 conceptum
2031 1679 2176 1711 50111111οῗ

1211 1730 1318 1762 Nonne
1342 1733 1391 1769 tu,
1424 1731 1478 1772 qui
1508 1731 1594 1763 solus
1626 1740 1659 1763 es
1676 1734 1718 1763 »?
1749 1732 1782 1763 Et
1808 1731 1876 1764 ideo
1901 1735 2024 1773 poterat
2053 1732 2175 1764 dicere:

1216 1796 1232 1811 ιτ
1248 1784 1400 1825 Asperges
1423 1792 1473 1816 me
1498 1784 1650 1825 hyssopo,
1676 1788 1706 1816 et
1732 1784 1908 1816 mundabor
1926 1798 1941 1813 »
1970 1789 2028 1817 etc.

1301 1837 1353 1868 28.
1380 1836 1481 1877 (Vers.
1518 1837 1591 1877 13.).
1624 1837 1729 1869 Tertio
1761 1837 1908 1869 subditur
1930 1838 2080 1879 'operatio
2112 1847 2177 1870 me·
2196 1843 2343 1891 Medicina?-

1211 1889 1297 1928 dici,
1315 1898 1387 1921 cum
1412 1889 1543 1922 dicitur:
1565 1891 1749 1922 Extendens
1766 1892 1790 1910 ¹¹
1808 1901 1964 1929 vicinum,
1983 1891 2085 1933 tetiyit
2100 1901 2175 1923 cum
2203 1874 2343 1945 {ffi}.³33²[

1210 1942 1322 1974 dicens
1345 1945 1423 1981 etc,
1448 1951 1529 1984 quae
1554 1943 1680 1985 quidem
1705 1943 1765 1975 fuit
1788 1942 2002 1975 admirabilis
2026 1948 2093 1975 tum
2127 1953 2178 1976 ra·
2202 1930 2214 1944 Γ
2244 1930 2285 1945 '¹³'

1211 1995 1294 2028 tione
1323 1995 1530 2034 clementiae,
1563 1999 1630 2028 tum
1663 1996 1783 2028 ratione
1811 1996 1993 2038 potentiae,
2027 2000 2094 2029 tum
2127 2006 2177 2029 ra-

1211 2049 1295 2081 tione
1319 2048 1493 2092 efficaciae.
1508 2068 1552 2073 —-
1570 2049 1699 2091 Propter
1716 2049 1919 2081 clementiam
1943 2050 2036 2082 dicit:
2061 2051 2089 2082 T
2086 2050 2177 2093 etiyit
2196 2056 2299 2077 Primum-

1211 2111 1306 2140 euni;
1330 2102 1403 2134 licet
1438 2102 1521 2134 enim
1546 2105 1651 2144 posset
1682 2111 1796 2135 curare
1832 2103 1898 2135 solo
1929 2103 2041 2142 verbo,
2066 2103 2177 2136 maluit

1213 2157 1356 2196 tangere,
1381 2157 1417 2187 ut
1433 2154 1613 2188 ostenderet
1632 2164 1721 2188 suam
1740 2155 1980 2198 benignitatem;
2003 2156 2087 2189 unde
2103 2157 2176 2189 Pro-

1212 2207 1395 2240 verbiorum
1421 2207 1534 2241 ultimo
1549 2208 1589 2240 ¹2:
1617 2221 1632 2237 «
1649 2209 1773 2241 Manum
1790 2218 1879 2242 suam
1898 2210 2023 2251 aperuit
2047 2210 2130 2252 inopi
2145 2225 2174 2242 n.

1212 2260 1298 2293 Unde
1323 2261 1384 2293 iam
1416 2270 1478 2293 non
1503 2264 1626 2303 poterat
1657 2262 1708 2295 1110
1734 2271 1937 2295 murmurare
1969 2263 2006 2295 de
2034 2263 2176 2302 Christo,

1213 2314 1294 2346 sicut
1311 2314 1446 2347 Naaman
1463 2314 1501 2347 de
1519 2315 1635 2354 Eliseo;
1654 2316 1759 2357 quarti
1778 2316 1894 2358 Regum
1912 2317 2039 2358 quinto:
2060 2330 2074 2345 α
2087 2317 2178 2349 Puta-

1212 2367 1303 2406 bam,
1329 2368 1413 2410 quod
1441 2368 1647 2411 egrederetur
1679 2369 1717 2401 ad
1756 2378 1804 2402 me
1837 2373 1867 2402 et
1899 2374 2041 2412 tangeret
2072 2370 2176 2403 locum

1285 2583 1295 2599 ⁷
1317 2585 1429 2618 Vulgata
1449 2585 1543 2611 omittit
1563 2592 1661 2617 suam,
1684 2585 1755 2619 quod
1777 2589 1864 2611 tamen
1885 2585 1982 2612 habent
2000 2585 2076 2612 Card.
2103 2587 2179 2618 Hugo

1213 2632 1239 2655 et
1256 2630 1383 2662 Lyranus.
1403 2645 1438 2648 —
1458 2631 1609 2663 Sequuntur
1629 2631 1668 2656 Ps.
1689 2631 1736 2661 94,
1756 2631 1785 2661 6;
1806 2631 1892 2656 11131111.
1915 2630 1942 2661 t,
1963 2631 1991 2661 93
2011 2631 2079 2656 loan.
2094 2631 2122 2662 9,
2138 2631 2180 2656 35.

1213 2681 1269 2707 seq.
1288 2678 1314 2700 et
1334 2675 1376 2700 38.

1286 2717 1297 2732 ⁹
1318 2720 1390 2752 vers.
1405 2719 1435 2744 6:
1449 2719 1638 2752 ingressusque
1652 2720 1753 2751 Moyses
1766 2723 1791 2745 et
1804 2719 1917 2746 Aaron...
1931 2723 2087 2745 corruerunt
2104 2719 2180 2751 proni

1216 2763 1241 2788 in
1262 2766 1357 2789 terram
1379 2763 1573 2797 [septuagiutm
1593 2763 1743 2789 ceciderunt
1763 2764 1786 2789 in
1807 2763 1912 2797 faciem]
1932 2767 1996 2794 etc„
2016 2767 2075 2796 post
2099 2770 2180 2797 quem

1217 2808 1235 2833 l.
1255 2808 1320 2839 Reg.
1342 2807 1370 2839 4,
1387 2808 1427 2833 ⁴8.

1287 2849 1298 2865 ⁹
1319 2852 1392 2877 Vers.
1413 2851 1455 2877 27.
1475 2865 1510 2871 --
1528 2852 1586 2877 Duo
1605 2859 1681 2885 seqq.
1699 2852 1748 2878 loci
1768 2855 1829 2878 sunt
1848 2853 1939 2877 Esther
1960 2853 2006 2883 ⁴3,
2027 2852 2052 2877 9.
2073 2855 2098 2877 et
2117 2853 2178 2883 Sap.

1218 2897 1265 2927 ⁴2,
1286 2896 1327 2921 ⁴8.
1347 2910 1381 2914 —
1402 2896 1510 2922 interius
1528 2903 1578 2928 pro
1596 2895 1754 2930 facultatem
1775 2896 1833 2922 Vat.
1853 2903 1913 2922 cum
1935 2896 1955 2921 H
1974 2896 2142 2930 facilitatem.

1289 2939 1311 2954 ¹⁰
1333 2941 1405 2966 Vers.
1427 2940 1451 2966 ⁴.
1470 2953 1505 2959 —
1526 2941 1649 2973 Sequitur
1668 2941 1708 2966 Ps.
1729 2941 1777 2973 50,
1797 2941 1821 2966 9.

1289 2983 1310 2999 ¹¹
1331 2985 1443 3017 Vulgata
1465 2984 1499 3011 Et
1516 2984 1670 3011 extendens.
1689 2999 1726 3004 —
1745 2985 1872 3017 Superius
1891 2985 1950 3011 voci
1977 2984 2096 3019 operatio
2123 2986 2180 3011 Vat.

1217 3035 1279 3055 cum
1298 3036 1350 3054 uno
1374 3029 1510 3061 alteroque
1533 3027 1598 3054 cod.
1626 3028 1748 3061 praefigit
1775 3027 1955 3055 admirabilis.
1983 3029 2091 3055 {userius
2117 3032 2177 3061 post

1218 3081 1287 3108 quae
1307 3073 1415 3108 quidem
1433 3073 1486 3107 fuit
1504 3074 1524 3099 B
1543 3073 1617 3099 addit
1636 3072 1786 3107 wipliciter.

1289 3116 1311 3132 ¹²
1332 3118 1407 3143 Vers.
1426 3118 1469 3143 20.
1488 3131 1523 3137 -
1548 3117 1665 3143 Subinde
1693 3118 1820 3149 allegatur
1840 3117 1883 3143 lV.
1911 3118 1975 3150 Reg.
2002 3118 2032 3150 5,
2064 3118 2104 3143 ⁴⁴.
2130 3117 2180 3144 Cir.

1217 3162 1302 3195 Beda,
1322 3163 1348 3188 11.
1370 3162 1396 3188 111
1415 3163 1478 3188 Luc.
1497 3162 1527 3194 5,
1550 3162 1595 3193 ⁴3,
1616 3161 1660 3188 ubi
1680 3162 1846 3188 insinuantur
1865 3169 1934 3195 quae
1953 3165 2099 3195 sequuntur
2123 3166 2147 3188 et
2166 3170 2181 3188 a

1217 3207 1307 3233 Glossa
1327 3205 1498 3233 interlineari
1515 3206 1552 3232 sic
1581 3205 1748 3232 exhibentur:
1776 3205 1871 3240 Tetiyic
1898 3213 1960 3233 eum
1989 3207 2075 3238 Iesus,
2096 3207 2181 3233 Beda:

1220 3262 1234 3275 <x
1248 3252 1303 3277 Non
1323 3250 1397 3284 quod
1415 3251 1472 3277 sine
1491 3254 1561 3277 tactu
1580 3257 1674 3276 sanare
1702 3257 1755 3276 non
1784 3254 1886 3283 posset,
1905 3251 1951 3277 sed
1972 3255 1999 3277 ut
2018 3251 2129 3281 indicet.
2154 3258 2182 3277 se

1217 3303 1268 3322 non
1287 3294 1435 3321 subiectum
1454 3302 1513 3321 esse
1532 3295 1632 3327 Legi».
1652 3294 1724 3321 idem
1749 3295 1826 3321 docet
1854 3294 1984 3327 Ambros„
2006 3296 2036 3320 V.
2063 3296 2091 3321 ln
2119 3296 2182 3321 Luc.

1218 3348 1243 3366 n.
1262 3340 1294 3373 7,
1314 3344 1339 3366 et
1357 3339 1503 3372 Chrysost.,
1523 3339 1618 3366 Homil.
1638 3340 1682 3366 2⁴.
1701 3340 1728 3365 ln
1748 3340 1834 3365 Matth.
1855 3339 1914 3372 (Op.
1934 3340 2101 3372 imperfect).
