2427 3872
355 234 420 261 ΕΒΑ

118 279 233 306 Gnarum
253 293 288 297 —
308 278 411 310 ineptos
434 285 481 304 nos
507 278 593 305 reddit
617 279 652 304 ad
671 278 707 303 vi-

66 323 200 356 gilandum
219 323 288 349 circa
312 322 428 349 studium
454 322 585 356 veritatis,
613 322 707 349 exerci-

66 367 132 393 tium
150 367 254 393 virtutis
273 369 298 393 et
317 373 453 394 excessum
477 366 707 399 contemplationis

66 412 110 438 vll
129 412 181 439 538
201 411 236 438 55
511 431 514 434 .
624 426 627 429 -

69 475 71 478 >
119 455 229 482 Casino
247 468 284 475 —
307 458 347 482 est
371 456 481 481 effectus
503 454 636 487 potentiae
660 455 706 481 Dei

67 500 98 526 Vl
119 500 170 526 204
190 507 217 526 v.
238 500 247 525 1
271 514 307 520 -—
326 502 365 525 est
378 500 507 532 potentiae
524 499 641 525 infinitae
654 499 701 525 321

65 545 99 570 20
120 558 154 563 -
178 543 273 571 Creare
298 544 361 570 dicit
385 550 480 576 puram
505 544 634 570 actionem
654 544 706 569 310

66 588 100 615 45
117 603 153 608 -
172 588 267 617 Creare
293 591 334 615 est
351 588 385 614 de
403 588 484 614 nihilo
503 588 601 621 aliquid
623 589 707 614 facere

66 633 113 658 181
136 641 163 659 ν.
183 633 216 658 18
234 646 271 653 -
289 639 344 658 1103
362 631 442 658 habet
459 632 544 658 simile
563 632 588 657 in
614 635 706 658 natura

65 678 117 704 322
138 678 171 703 20

67 733 70 737 ·
119 735 153 740 --
174 722 244 747 Deus
256 723 295 747 est
308 724 410 747 creator
423 721 456 747 vl
475 721 509 747 92
524 728 550 746 v.
563 721 579 746 2
591 735 626 742 —-
636 720 707 746 Deus

66 768 94 792 ut
106 768 208 792 creator
221 765 294 791 dedit
306 765 460 798 essentiam,
474 765 631 797 potentiam,
644 771 708 797 ope-

65 811 195 837 rationem
224 810 322 836 bonam
355 809 416 836 ibid.
445 823 481 829 -—
508 810 578 835 Deus
609 809 708 835 creavit

65 855 153 882 omnia
182 854 233 880 1Ι7
253 855 341 881 ν.13.
368 854 420 880 167
440 862 465 880 v.
493 854 518 880 1.
543 854 590 880 321
619 854 652 880 20
671 869 707 872 -

65 900 136 926 Deus
148 899 247 925 creavit
266 899 353 925 omnia
368 898 550 925 benedIcendo
568 899 620 924 129
632 905 658 924 v.
674 899 706 923 12

64 958 101 965 —
119 945 189 971 Deus
208 951 259 970 non
284 943 381 970 invitus
405 943 505 977 aliquid
531 943 630 969 creavit
656 943 706 968 183

65 996 93 1015 v.
112 988 146 1014 25

119 1032 254 1059 Camoni
272 1046 309 1052 —
326 1032 413 1058 omnis
435 1039 449 1058 a
469 1032 523 1058 Deo
541 1034 582 1058 est
603 1032 635 1057 Vl
656 1032 707 1057 199

64 1085 92 1104 v.
122 1078 165 1103 13.
193 1077 244 1103 248
278 1077 307 1102 10
326 1090 361 1096 -
379 1076 465 1102 013315
493 1079 532 1102 051
560 1077 658 1102 factura
682 1078 708 1101 et

65 1129 134 1154 opus
146 1122 191 1148 Dei
205 1122 256 1147 183
270 1129 296 1147 v.
311 1120 344 1147 24
354 1134 390 1140 -
399 1121 539 1147 Creaturae
551 1123 611 1146 sunt
627 1127 707 1152 opera

66 1165 112 1193 Dei
136 1166 188 1192 194
216 1174 244 1192 v.
273 1166 305 1191 10
324 1179 360 1185 -
377 1165 519 1192 Creaturae
543 1172 636 1191 omnes
660 1164 709 1190 ini-

66 1212 131 1237 tium
151 1210 301 1237 habuerunt
325 1210 359 1236 28
381 1217 407 1243 q.
433 1211 494 1235 1—
511 1209 652 1236 creaturae
677 1215 709 1234 ex

66 1256 147 1282 nihilo
163 1258 223 1281 sunt
236 1256 318 1281 factae
337 1255 371 1281 35
384 1261 412 1280 v.
431 1255 464 1280 20
477 1268 513 1273 -
526 1254 555 1280 111
573 1257 599 1280 01
612 1254 637 1279 13
650 1260 709 1280 0550

65 1300 221 1333 producitur
240 1299 287 1325 371
311 1300 345 1325 82

120 1358 156 1364 -—
174 1351 226 1370 non
246 1344 293 1370 fuit
311 1343 449 1370 maledicta
474 1343 642 1375 simpliciter,
661 1342 707 1368 sed

67 1389 93 1415 in
112 1392 239 1423 quantum
256 1388 329 1414 venit
347 1388 374 1414 in
393 1387 507 1414 abusum
522 1388 555 1413 Vl
570 1388 620 1413 129
634 1394 660 1413 v.
676 1388 708 1412 12

119 1448 156 1453 -
166 1434 235 1460 Deus
246 1433 352 1459 faciliter
365 1432 419 1465 agit
431 1432 457 1458 in
470 1435 618 1459 creaturam
637 1434 663 1457 et
675 1431 709 1457 31)

65 1479 123 1511 ipsa
143 1479 196 1511 pati
215 1485 269 1504 non
287 1481 373 1510 potest
392 1478 425 1503 Vl
446 1478 497 1503 183
516 1485 543 1503 v.
563 1477 595 1503 23

64 1530 66 1533 ·
120 1537 156 1543 -
174 1524 202 1549 111
221 1523 347 1549 creaturis
359 1522 422 1548 nihil
441 1525 481 1547 est
495 1522 660 1554 superfluum
674 1521 708 1547 Vl

63 1567 120 1594 ’194
138 1575 166 1594 v.
186 1567 219 1593 10
238 1581 274 1587 -
292 1567 378 1593 omnis
399 1566 529 1598 significat
552 1566 640 1592 omnia
660 1566 709 1591 ele-

64 1615 153 1642 menta
179 1612 230 1638 229
255 1619 283 1638 v.
305 1612 321 1637 6
340 1626 376 1630 -
394 1611 465 1637 Deus
489 1617 540 1637 non
567 1613 638 1636 creat
656 1617 710 1635 am-

68 1657 138 1689 plius
155 1663 223 1682 nova
238 1658 417 1682 creaturarum
432 1662 528 1688 genera
549 1655 590 1680 vel
606 1654 709 1686 species

68 1702 120 1727 230
140 1709 167 1727 v.
190 1701 214 1726 11

122 1760 157 1764 -
176 1746 270 1772 Omnia
288 1745 315 1771 in
336 1745 445 1771 circuitu
466 1745 583 1770 feruntur
597 1746 623 1769 et
637 1743 709 1769 vani-

64 1791 114 1817 -tati
132 1789 249 1817 subiecta
269 1792 330 1816 sunt
348 1790 380 1815 Vl
396 1789 428 1815 13
448 1797 476 1814 v.
494 1788 510 1814 7
523 1802 559 1808 -
571 1788 658 1814 omnis
671 1791 710 1814 est

68 1842 137 1861 vana
157 1836 190 1860 18
209 1842 236 1860 v.
256 1834 289 1860 14
308 1848 344 1854 ·-
362 1834 508 1860 secundum
527 1833 600 1866 quod
625 1840 655 1859 ex
674 1833 710 1858 ni-

65 1880 121 1906 -hilo
139 1882 212 1910 sunt,
231 1882 291 1905 sunt
309 1886 393 1904 vanae
413 1878 447 1905 35
466 1885 492 1904 v.
513 1879 545 1903 20
564 1891 600 1897 -·
619 1878 711 1904 dieun-

63 1927 111 1950 ·tur
129 1930 213 1950 vanae
225 1930 273 1956 per
291 1924 422 1950 defectum
441 1930 499 1949 esse
512 1922 710 1949 incommutabi-

68 1969 113 2002 lis,
132 1975 184 1994 non
203 1975 251 2000 per
271 1968 401 1993 defectum
425 1967 488 1993 boni
513 1967 555 1993 vel
574 1966 674 1992 ordinis
692 1967 709 1993 7

68 2021 95 2047 q.
115 2014 131 2039 2
143 2028 179 2036 -—
191 2012 277 2039 omnis
291 2015 329 2038 est
348 2019 416 2038 vana
429 2018 477 2044 per
496 2011 710 2043 mutabilitatem,

67 2058 116 2084 sed
130 2056 209 2083 habet
222 2057 360 2083 veritatem
374 2059 399 2082 et
417 2056 562 2082 bonitatem
580 2055 614 2082 ib.
634 2055 663 2082 2*
675 2070 711 2074 ——-

68 2102 155 2128 omnis
174 2105 213 2128 cst
232 2109 313 2135 vana,
333 2101 395 2134 quia
408 2100 574 2127 mutabilitati
593 2099 710 2126 subiecta

66 2145 103 2174 ib.
121 2154 147 2173 a.
166 2147 194 2172 11
219 2153 233 2172 3

122 2205 158 2210 -
176 2193 285 2223 propter
303 2197 379 2216 suam
400 2189 597 2216 mutabilitatem
622 2192 648 2215 et
666 2196 712 2215 va-

69 2235 188 2261 rietatem
199 2242 250 2261 non
261 2238 322 2261 sunt
331 2235 549 2266 contemnendae,
563 2234 711 2260 secundum

66 2280 143 2312 quod
161 2282 222 2305 sunt
235 2286 315 2312 opera
335 2279 394 2312 Dei,
413 2279 461 2305 sed
479 2279 625 2305 secundum
638 2277 712 2311 quod

65 2326 191 2350 amantur
209 2331 224 2349 a
243 2323 320 2350 nobis
339 2324 373 2350 Vl
393 2324 427 2349 28
447 2330 461 2349 3
480 2338 516 2342 —
539 2323 644 2348 afficere
667 2329 713 2348 cor

71 2369 218 2394 humanum
231 2371 354 2403 possunt,
374 2368 468 2394 satiare
481 2374 534 2393 non
554 2369 666 2399 possunt
679 2367 712 2392 17

63 2420 96 2446 q.
126 2414 141 2439 2
171 2412 200 2439 2*
223 2426 258 2432 -
285 2415 347 2439 5331
374 2419 459 2438 vanae
477 2411 623 2438 secundum
646 2418 712 2441 esse,

69 2457 143 2490 quod
163 2456 260 2483 habent
287 2457 315 2483 in
334 2457 462 2483 intellectu
492 2458 622 2487 humano,
650 2456 713 2489 quia

70 2509 123 2528 non
141 2505 231 2534 patent
249 2502 284 2528 ad
302 2501 528 2534 interpretandum
555 2501 598 2526 vel
617 2500 713 2526 docen-

70 2546 149 2578 dum,
169 2554 222 2572 non
247 2547 355 2579 implent
377 2546 412 2572 ad
430 2546 573 2571 discentem
597 2544 713 2571 reficien-

71 2591 135 2617 dum
155 2594 181 2617 et
205 2591 392 2624 quietandum,
417 2597 470 2616 non
497 2592 655 2622 permanent
678 2589 710 2615 ad

72 2628 274 2661 memorandum
296 2635 328 2661 15
352 2634 370 2660 1)
390 2649 424 2653 -
443 2637 504 2660 5331
522 2641 606 2660 ν31130
631 2637 713 2660 131113-

72 2679 170 2706 1)1111310
197 2679 345 2706 secundum
374 2686 445 2710 esse,
464 2679 537 2712 quod
565 2678 663 2704 habent
686 2678 711 2704 in

73 2724 207 2755 universo,
220 2727 245 2750 et
257 2727 384 2757 quantum
398 2724 517 2755 adesse,
530 2723 603 2756 quod
616 2722 713 2749 habent

65 2769 100 2794 111
118 2769 206 2794 3311110
225 2770 340 2794 11313330
356 2768 383 2794 11
408 2767 434 2794 b.
455 2768 489 2793 15
507 2775 534 2793 ν.
554 2768 569 2792 8

126 2827 161 2833 -
179 2816 219 2839 051
242 2812 350 2839 tenebra
374 2816 482 2845 propter
506 2813 623 2839 defectus
641 2815 714 2838 natu-

72 2858 140 2883 ralae
155 2857 186 2883 Vl
200 2854 251 2883 536
265 2858 281 2883 7
295 2871 330 2877 —
343 2865 435 2883 omnes
454 2861 562 2890 propter
575 2860 712 2889 peccatum

69 2901 261 2927 obtenebratae
279 2904 339 2928 sunt
358 2902 409 2928 256
430 2902 462 2927 43
478 2916 510 2920 —-
524 2902 610 2927 omnis
629 2904 668 2927 est
681 2904 714 2927 te-

64 2945 156 2972 nebra
176 2949 201 2972 ct
219 2949 318 2978 potest,
344 2949 472 2979 quantum
491 2949 530 2972 est
554 2946 588 2972 de
607 2953 648 2977 se,
667 2945 714 2972 ob-

72 2991 173 3016 scurari
192 2994 218 3016 et
235 2991 287 3016 3110
300 2991 480 3016 manifestante
498 2991 599 3023 indiget
615 2991 666 3017 360
681 2991 713 3016 27

127 3048 163 3054 -
181 3034 315 3061 Creaturis
329 3035 365 3060 uti
379 3042 431 3060 non
445 3037 484 3060 est
500 3038 653 3067 peceatum,
665 3035 714 3061 uisi

73 3082 258 3105 contemnatur
276 3079 383 3105 Creator
402 3079 435 3104 Vi
457 3079 502 3108 121
527 3087 553 3105 v.
573 3080 589 3105 6
609 3093 645 3099 —
662 3087 715 3105 non

73 3127 135 3150 sunt
154 3130 268 3156 vacuae,
281 3124 329 3150 sed
341 3123 503 3149 necessariae
522 3123 581 3149 usui
601 3125 716 3150 humano

78 3168 127 3193 197
146 3175 173 3193 v.
193 3167 209 3193 5

128 3226 164 3231 -
183 3212 299 3244 Operum
319 3215 498 3238 creaturarum
524 3212 621 3238 multae
639 3212 717 3238 ratio-
750 3220 751 3223 ¹

76 3263 124 3282 nes
138 3257 313 3288 inveniuntur,
327 3259 353 3282 et
365 3257 462 3282 multae
474 3256 597 3282 scientiae
606 3256 640 3282 de
652 3256 717 3288 ipsis

77 3300 207 3326 habentur
229 3301 259 3326 Vl
284 3300 318 3326 72
338 3308 365 3334 q.
385 3301 395 3325 1
419 3315 455 3320 -
474 3301 593 3327 Mensura
618 3304 717 3327 creatu-

76 3351 122 3370 rae
141 3344 289 3371 desumitur
307 3352 322 3370 a
340 3345 485 3378 quantitate
510 3346 562 3371 182
582 3353 607 3370 ν.
628 3345 657 3371 21
681 3345 716 3364 -’-

735 191 772 223 lN
794 190 1088 224 COMMENTARIOS
1111 192 1140 224 S.
1166 192 1392 225 SCRIPTURAE

745 279 832 304 omnis
851 278 977 311 disposita
996 282 1036 304 est
1053 282 1181 312 quantum
1201 279 1233 305 ad
1254 287 1329 305 suam
1344 287 1386 306 33-

745 325 830 349 turam
860 323 886 348 in
913 330 1052 354 mensura,
1080 330 1192 349 numero
1220 326 1246 349 et
1271 324 1387 356 pondere

744 366 806 393 ibid.
820 381 855 389 -ν-
869 367 894 393 13
915 367 1041 393 creaturis
1054 370 1094 393 est
1107 367 1207 393 bonum
1221 375 1273 393 non
1287 371 1387 394 tantum

744 411 891 437 secundum
912 412 972 443 plus
998 415 1024 438 et
1049 412 1154 443 minus,
1173 411 1220 437 sed
1239 412 1386 438 secundum

744 456 937 488 oppositionem
957 459 983 482 et
1001 456 1199 482 similitudinem
1220 456 1253 482 34
1272 463 1299 489 q.
1319 456 1347 482 2·

799 514 833 522 ν·-
852 499 993 526 Creaturae
1011 500 1146 532 speciosae
1165 503 1226 526 sunt
1245 507 1301 535 301·-
1311 501 1389 532 parti-

744 544 903 577 cipationem
923 545 956 570 Vl
971 545 1021 570 193
1035 552 1060 571 ν.
1075 545 1090 570 3
1105 558 1138 563 -—
1152 545 1302 571 Pulcritudo
1315 544 1389 570 crea-

745 592 864 615 turarum
883 589 994 615 delectat
1013 588 1076 615 ibid.
1158 624 1160 626 v

798 648 834 653 —
852 633 992 660 Creaturae
1016 636 1124 665 propter
1143 640 1218 659 suam
1244 633 1388 665 potentiam

745 678 857 711 reputati
877 680 937 704 sunt
956 678 993 704 dii
1014 678 1045 703 Vl
1065 678 1115 703 193
1134 685 1162 703 v.
1182 677 1245 703 4—-
1259 685 1310 703 non
1331 685 1388 710 pos-

745 725 806 748 sunt
824 729 882 748 esse
901 722 971 748 Deus
996 725 1104 754 propter
1123 725 1232 747 naturae
1257 722 1388 754 corporei-

746 770 840 799 tatem,
860 769 969 799 propter
982 767 1060 793 situm
1075 770 1101 792 et
1120 766 1221 798 figurae
1234 766 1389 792 determina-

745 811 852 844 tionem,
877 814 985 843 propter
1004 811 1109 836 virtutis
1131 811 1165 836 ad
1182 814 1268 837 certos
1280 811 1388 836 effectus

745 856 1004 889 determinationem,
1024 858 1132 888 propter
1150 855 1307 881 naturalium
1328 856 1389 881 0110-

745 904 835 927 ctuum
855 900 1051 931 necessitatem,
1070 903 1179 932 propter
1199 903 1300 925 motum
1323 900 1388 926 loca-

744 946 814 978 lem,
842 948 951 977 propter
979 945 1137 970 aeternitatis
1165 944 1387 970 defectibilitatem

745 989 780 1016 ib.
799 997 825 1016 v.
844 991 859 1015 2
879 1003 915 1009 -
933 989 1040 1015 Creator
1065 996 1117 1015 non
1142 989 1265 1021 producit
1289 992 1388 1015 creatu-

745 1042 802 1061 ram
816 1034 867 1061 sibi
885 1034 997 1060 similem
1018 1034 1051 1060 34
1067 1041 1094 1067 q.
1113 1047 1149 1053 —
1167 1034 1253 1060 omnis
1272 1034 1331 1066 plus
1350 1037 1389 1060 est

745 1079 880 1105 dissimilis
899 1079 953 1104 Deo
972 1085 1054 1112 quam
1073 1078 1165 1104 similis
1185 1078 1235 1104 248
1256 1079 1272 1103 8

799 1137 834 1143 —
853 1123 939 1149 Omne
958 1126 1074 1149 creatum
1088 1126 1127 1149 est
1143 1123 1244 1148 finitum
1265 1130 1313 1155 per
1325 1123 1389 1149 limi·

746 1168 870 1194 tationem
884 1167 1045 1194 substantiae
1063 1168 1212 1198 etvirtutis
1232 1168 1264 1193 Vl
1283 1168 1334 1193 289
1355 1168 1388 1193 63

746 1228 782 1232 -
801 1213 980 1239 communicat
997 1212 1127 1243 alienum,
1147 1212 1209 1245 quia
1229 1212 1291 1238 nihil
1311 1211 1389 1238 habet

747 1265 826 1283 suum
848 1257 899 1283 184
918 1264 946 1283 ν.
966 1257 979 1282 4
1000 1270 1036 1276 -
1054 1264 1107 1282 303
1136 1256 1215 1282 habet
1239 1259 1336 1282 statum
1362 1256 1388 1282 in

747 1309 836 1328 rerum
849 1309 958 1334 egressu
979 1302 1013 1326 30
1033 1309 1059 1327 v.
1080 1302 1095 1327 3

800 1360 837 1366 -
865 1347 889 1372 ln
920 1345 1045 1372 omnibus
1069 1346 1196 1372 creaturis
1214 1348 1253 1371 est
1272 1348 1388 1378 tempus,

747 1391 896 1417 secundum
924 1391 997 1423 quod
1026 1393 1133 1422 tempus
1153 1390 1215 1416 dicit
1238 1396 1389 1416 mensuram

747 1436 832 1462 exitus
850 1436 884 1462 de
897 1442 1022 1461 non-esse
1038 1435 1150 1461 adesse
1169 1435 1201 1460 Vl
1223 1436 1256 1460 28
1279 1442 1306 1468 q.
1321 1435 1331 1460 1
1355 1449 1390 1453 -

747 1480 879 1507 Creaturis
907 1480 985 1506 deest
1009 1479 1149 1505 aeternitas
1179 1479 1229 1504 193
1257 1486 1285 1505 v.
1313 1480 1328 1504 2
1355 1493 1390 1498 -

746 1525 817 1551 33110
838 1524 918 1550 modo
937 1524 963 1550 in
983 1531 1032 1550 suo
1051 1531 1109 1550 esse
1128 1530 1284 1556 permanere
1302 1526 1391 1555 posset

747 1569 794 1595 nisi
815 1575 863 1601 per
882 1569 929 1594 Dei
948 1568 1092 1594 bonitatem
1113 1568 1163 1593 184
1183 1576 1210 1594 v.
1230 1568 1264 1593 25
1282 1582 1318 1587 —-
1337 1575 1390 1594 non

745 1616 806 1640 sunt
824 1613 933 1639 omnino
946 1612 1122 1643 defectibiles,
1141 1612 1188 1638 sed
1207 1613 1295 1645 aliquo
1310 1612 1390 1638 modo

746 1660 890 1690 perpetuae
909 1657 944 1683 34
963 1665 989 1690 q.
1009 1671 1043 1675 -
1061 1660 1124 1683 sunt
1142 1660 1286 1689 perpetuae
1306 1657 1332 1682 in
1352 1657 1387 1683 di-

746 1703 807 1728 vina
836 1702 1008 1734 praescientia
1030 1700 1091 1727 ibid.
1112 1716 1146 1720 —
1166 1704 1227 1727 sunt
1251 1700 1390 1727 mutabiles

744 1747 772 1772 in
792 1747 901 1779 proprio
920 1753 1017 1778 genere
1036 1749 1062 1772 et
1077 1746 1223 1771 secundum
1237 1746 1310 1778 quod
1330 1749 1390 1771 53111

747 1792 773 1817 111
792 1791 879 1819 3311113
899 1789 960 1817 ibid.
979 1804 1016 1810 —
1036 1791 1062 1816 ln
1075 1790 1203 1816 creaturis
1221 1793 1260 1816 est
1279 1789 1390 1815 mutabi-

746 1837 804 1862 litas
822 1835 883 1862 ibid.
905 1836 956 1861 192
975 1842 999 1860 v.
1022 1836 1047 1860 1.
1059 1849 1095 1854 -
1111 1835 1242 1868 quaedam
1263 1837 1390 1860 51131001-

746 1880 884 1913 ruptibiles
904 1879 937 1905 34
957 1887 983 1913 q.
1003 1879 1032 1905 2*ς
1226 1912 1229 1916 1

806 1939 842 1945 -
871 1925 955 1950 Deum
984 1924 1060 1957 sequi
1088 1931 1136 1956 per
1163 1923 1389 1957 aequiparantiam

747 1970 810 1996 nulli
829 1970 921 1995 datum
941 1971 980 1995 est
999 1972 1134 1994 creaturae
1152 1968 1183 1993 Vl
1203 1968 1237 1994 25
1256 1975 1283 2001 q.
1304 1969 1313 1993 1

801 2028 837 2033 -
856 2012 953 2039 habent
966 2019 1024 2039 esse
1043 2012 1069 2038 in
1083 2012 1172 2038 Verbo
1192 2009 1392 2038 rationeexem-

749 2056 890 2091 plaritatis,
911 2057 938 2083 in
962 2057 1051 2083 animo
1071 2058 1188 2083 humano
1213 2064 1262 2089 per
1281 2056 1390 2082 modum

749 2102 930 2129 abstractionis
948 2102 981 2128 Vl
999 2102 1027 2127 11
1052 2101 1070 2128 1)

802 2162 838 2166 -
866 2147 901 2172 Ex
929 2147 1055 2172 creaturis
1086 2145 1255 2178 cognoscitur
1285 2145 1392 2172 Creator

749 2192 825 2218 oculo
845 2191 1020 2222 intellectuali,
1038 2197 1091 2216 non
1111 2189 1266 2216 sensibiliter
1286 2190 1319 2216 Vl
1340 2190 1391 2215 193

749 2244 775 2262 v.
795 2236 812 2261 5
830 2249 866 2255 -
884 2235 971 2261 omnis
990 2235 1084 2261 dicitur
1103 2235 1242 2267 speculum
1265 2238 1391 2267 tanquam

749 2287 797 2313 per
816 2280 958 2312 vestigium
971 2282 1171 2311 repraesentans
1188 2279 1235 2304 Dei
1253 2278 1390 2304 invisibilia

751 2325 801 2350 158
821 2332 849 2350 v.
869 2325 902 2350 26
921 2338 957 2343 -
980 2324 1066 2350 omnis
1088 2326 1128 2349 est
1152 2323 1228 2356 quasi
1253 2322 1318 2349 iiber
1337 2323 1392 2356 qui-

749 2369 829 2402 dam,
849 2369 872 2394 in
892 2375 946 2402 quo
965 2367 1071 2394 Creator
1090 2370 1177 2400 potest
1196 2368 1321 2399 cognosci
1344 2374 1392 2399 per

750 2414 807 2440 eius
826 2413 984 2446 potentiam,
1003 2412 1174 2444 sapientiam,
1192 2411 1335 2438 bonitatem
1355 2418 1392 2437 re-

750 2459 868 2484 lucentes
888 2457 914 2483 in
932 2457 1059 2483 creaturis
1073 2457 1123 2482 193
1143 2464 1170 2482 ν.
1189 2457 1205 2482 5
1224 2470 1260 2476 -
1278 2457 1305 2482 13
1323 2463 1393 2482 crea-

750 2503 816 2528 turis
834 2501 992 2528 10130011)οἰ
1011 2501 1142 2534 potentia,
1161 2500 1301 2533 sapientia,
1321 2500 1393 2526 boni-

751 2550 790 2573 tas
809 2546 871 2573 ibid.

803 2606 838 2611 —-
857 2594 917 2618 sunt
942 2592 1031 2624 signa,
1057 2597 1105 2623 per
1129 2597 1197 2624 quae
1223 2590 1292 2616 Deus
1317 2589 1393 2616 nobis

750 2637 866 2670 loquitur
885 2636 916 2661 Vl
938 2635 989 2662 577
1009 2643 1037 2661 v.
1050 2635 1083 2661 43
1104 2635 1114 2660 1
1131 2650 1167 2654 -
1180 2635 1268 2661 omnis
1286 2637 1325 2660 est
1337 2641 1394 2660 ver-

750 2680 814 2707 bum
828 2681 964 2711 divinum,
983 2680 1045 2713 quia
1060 2680 1144 2705 Deum
1158 2679 1275 2712 loquitur
1292 2679 1322 2704 16
1336 2687 1364 2712 q.
1377 2680 1393 2704 2

805 2739 838 2744 -
858 2725 998 2752 creaturae
1018 2725 1192 2757 interrogatae
1211 2724 1299 2757 aliquo
1312 2723 1394 2750 modo

751 2770 932 2796 manuducunt
944 2777 994 2795 nos
1013 2769 1046 2795 ad
1060 2769 1222 2795 Salvatorem
1237 2769 1280 2794 Vll
1296 2768 1346 2793 470
1360 2768 1393 2793 59

750 2829 786 2833 -
804 2815 905 2841 ducunt
923 2815 958 2841 ad
976 2821 1054 2840 suum
1075 2815 1199 2839 factorem
1218 2816 1244 2839 et
1263 2816 1394 2845 reparato-

750 2866 807 2885 rem
827 2858 889 2885 ibid.
908 2873 944 2879 —
963 2865 1070 2890 omnes,
1095 2858 1241 2884 secundum
1267 2857 1341 2890 quod
1360 2857 1394 2882 lo-

751 2906 869 2937 quuntur
888 2903 965 2929 nobis
989 2910 1037 2935 per
1061 2902 1158 2928 librum
1184 2904 1332 2931 creaturae,
1356 2907 1394 2926 re-

752 2948 883 2980 spondent
902 2947 979 2973 nobis
1004 2947 1038 2973 de
1058 2945 1147 2972 Verbo
1166 2947 1280 2972 increato
1305 2944 1339 2971 ib.
1360 2945 1393 2970 60

753 3005 786 3010 -
805 2998 912 3022 031305,
932 2991 1078 3017 secundum
1098 2990 1170 3023 quod
1190 2990 1333 3022 loquuntur
1351 2996 1395 3015 no·
1424 3024 1427 3025 .

752 3035 793 3061 bis
812 3042 860 3068 per
873 3035 986 3061 verbum
1000 3035 1164 3067 scripturae,
1177 3034 1338 3066 respondent
1350 3040 1395 3059 no-

753 3079 794 3106 bis
813 3080 847 3105 de
867 3079 955 3105 Verbo
976 3080 1108 3105 incarnato
1128 3077 1190 3105 ibid.
1208 3092 1243 3096 —
1261 3077 1395 3104 Creatura-

752 3131 812 3150 rum
832 3124 1033 3156 imaginationes
1046 3123 1174 3149 deberent
1190 3129 1237 3148 nos
1250 3122 1347 3147 ducere
1360 3122 1395 3147 ad

753 3169 837 3194 Deum
858 3168 904 3194 471
933 3169 966 3193 62

806 3225 843 3231 -
861 3211 1047 3238 Creaturarum
1067 3212 1196 3238 decursus
1215 3210 1344 3242 figuratur
1369 3210 1395 3236 in

754 3255 830 3282 turba
850 3256 894 3282 Vll
916 3256 966 3282 470
986 3257 1019 3282 59

808 3314 843 3320 -
861 3300 953 3326 Omnis
981 3303 1100 3326 01031313
1129 3299 1205 3325 sentit
1228 3298 1395 3330 Creatorem,

752 3344 815 3378 quia
840 3344 967 3370 maiestati
996 3344 1143 3371 Conditoris
1167 3346 1228 3369 sunt
1251 3343 1395 3376 sensibilia,

2000 196 2066 228 727

1713 238 1776 265 cue

1424 288 1493 313 quae
1506 282 1578 313 apud
1598 288 1647 307 nos
1659 285 1720 308 sunt
1739 283 1895 309 insensibilia
1912 284 1953 309 Vll
1967 284 2018 310 200
2034 284 2067 309 42

1425 338 1460 343 —-
1478 324 1619 351 Creaturae
1645 327 1799 353 universalis
1828 328 1969 353 commotio
2000 329 2067 354 facta

1425 372 1465 394 est
1485 369 1509 394 in
1523 373 1606 395 morte
1625 369 1719 396 Christi
1736 371 1782 396 581
1801 371 1835 397 54
1850 386 1882 390 -
1896 373 1982 398 omnis
1995 380 2068 399 com-

1427 413 1523 444 patitur
1541 413 1643 440 Christo
1663 415 1783 441 morienti
1804 415 1866 441 ibid.

1479 470 1515 476 —
1533 458 1677 484 Renovatio
1694 460 1812 485 omnium
1826 465 2004 486 creaturarum
2019 462 2068 487 erit

1427 501 1554 532 gaudium
1574 503 1687 528 exterius
1700 504 1854 529 Sanctorum
1875 505 1917 530 vll
1933 505 1983 530 159
1998 505 2031 530 89

1479 559 1515 564 -
1534 546 1603 572 Deus
1625 554 1679 572 non
1706 548 1822 574 condidit
1850 553 1996 575 creaturam
2016 550 2067 576 sibi

1427 590 1600 622 contrariam,
1620 591 1665 617 sed
1686 599 1734 623 per
1749 593 1837 617 omnia
1859 594 1983 619 voluntati
2003 602 2067 620 suae

1426 636 1628 660 consentaneam
1641 635 1671 660 vt
1687 636 1737 661 232
1752 643 1779 661 ν.
1793 637 1825 661 17
1839 651 1874 656 -
1887 638 1972 663 013315
1982 638 2069 664 doser-

1427 678 1465 702 vit
1484 678 1529 703 Dei
1543 679 1700 705 ordinationi
1717 683 1742 705 ct
1755 681 1879 706 voluntati
1896 682 1947 707 229
1968 689 1992 707 ν.
2007 683 2022 708 6
2033 698 2068 701 -

1426 722 1459 747 ad
1479 726 1571 748 nutum
1593 723 1638 749 Dei
1658 724 1732 756 quasi
1747 725 1772 750 in
1794 729 1927 751 momento
1946 730 2068 752 movetur

1428 766 1478 791 183
1494 774 1521 792 ν.
1535 768 1568 792 22
1584 782 1617 786 —-
1630 768 1715 794 omnis
1734 768 1824 795 obedit
1839 769 1954 795 Creatori
1970 770 2020 796 405
2033 772 2068 796 60

1426 824 1462 829 -
1474 811 1536 836 311111
1551 812 1610 837 13011
1623 812 1679 838 5130
1695 813 1781 839 Verbo
1795 818 1954 845 cooperante
1968 815 2017 841 248
2034 816 2068 841 10

1481 870 1516 874 -
1535 855 1675 882 Creaturae
1694 857 1769 883 iustis
1787 861 1813 884 et
1832 859 1915 885 Deum
1940 860 2070 892 diligenti-

1426 898 1477 925 bus
1496 901 1573 926 valde
1598 904 1659 927 sunt
1678 901 1763 927 bonae
1787 906 1812 928 et
1836 908 2010 935 cooperantur
2043 905 2069 930 in

1427 943 1528 970 bonum
1548 948 1574 970 et
1593 945 1627 971 de
1646 953 1674 971 50
1699 950 1760 972 5331
1778 946 1863 973 bonae
1889 948 1921 973 Vl
1942 948 1975 973 26
1995 956 2022 982 q.
2043 949 2069 975 4.

1427 1002 1462 1006 —-
1481 988 1515 1014 31)
1535 989 1606 1015 1111110
1625 997 1678 1016 303
1691 990 1803 1017 nocebat
1822 991 1898 1018 bonis
1917 993 1968 1018 229
1988 1001 2014 1019 v.
2034 994 2050 1019 6

1479 1046 1515 1052 -
1534 1033 1638 1060 Off'enso
1656 1034 1793 1067 Creatore,
1805 1037 1891 1063 omnis
1903 1041 2020 1063 creatura
2034 1039 2071 1064 of-

1427 1077 1541 1104 fenditur
1561 1079 1592 1104 vl
1614 1079 1664 1104 143
1679 1086 1705 1105 v.
1724 1081 1753 1106 21
1772 1095 1805 1099 -—
1819 1081 1960 1107 Creaturae
1976 1089 2069 1108 omnes

1427 1122 1515 1154 impiis
1542 1123 1727 1155 peccatoribus
1745 1127 1771 1151 et
1798 1126 1982 1157 insipientibus
2009 1133 2069 1152 con-

1427 1170 1565 1193 vertuntur
1584 1168 1608 1193 in
1623 1169 1690 1194 13313
1710 1176 1757 1201 per
1770 1171 1936 1196 occasionem
1957 1171 1990 1197 26
2009 1179 2036 1204 q.
2053 1171 2068 1197 4

1427 1224 1463 1230 —-
1480 1218 1665 1245 quaecumque
1681 1213 1797 1239 deservit
1815 1214 1930 1240 Creatori
1951 1216 1975 1240 in
1995 1216 2070 1247 puni-

1428 1255 1525 1281 tionem
1553 1256 1682 1283 adversus
1710 1258 1820 1284 iniustos
1848 1259 1900 1284 215
1930 1266 1955 1284 v.
1980 1259 2014 1285 24
2033 1273 2070 1279 -

1423 1294 1616 1327 ‘Obedientibus
1644 1302 1698 1327 Deo
1726 1306 1862 1328 creaturae
1889 1303 2016 1329 obediunt
2043 1308 2071 1329 et.

1428 1344 1615 1371 rebellantibus
1633 1345 1759 1372 rebellant
1771 1348 1823 1372 216
1843 1355 1869 1372 ν.
1889 1347 1923 1373 24
1939 1348 2069 1374 —omnis

1428 1392 1519 1421 parata
1539 1393 1578 1415 est
1602 1390 1691 1416 ulcisci
1706 1391 1836 1417 -iniuriam
1862 1391 1992 1418 Creatoris
2017 1392 2068 1418 214

1429 1441 1456 1459 ν.
1472 1434 1503 1459 18
1518 1448 1552 1453 -
1567 1434 1637 1460 Deus
1649 1435 1730 1460 utitur
1743 1436 1869 1461 creaturis
1883 1439 2007 1469 tanquam
2021 1443 2070 1463 suo

1429 1478 1543 1504 exercitu
1562 1479 1596 1504 ad
1616 1479 1740 1505 ultionem
1756 1480 1921 1506 inimicorum
1935 1481 1984 1506 142
1996 1488 2022 1506 v.
2036 1481 2069 1506 18

1430 1537 1465 1541 -
1483 1526 1523 1549 051
1543 1524 1676 1549 vindictae
1696 1524 1897 1551 instrumentum
1918 1526 1969 1551 213
1989 1533 2016 1551 v.
2036 1525 2068 1551 17

1482 1581 1518 1586 -
1541 1568 1686 1600 1311033115,
1710 1569 1771 1601 quia
1796 1569 1829 1595 ad
1856 1570 1998 1602 imaginem
2024 1570 2070 1596 Dei

1430 1612 1510 1643 13013,
1534 1612 1759 1639 immediatissime
1778 1616 1818 1639 est
1840 1613 1890 1639 sub
1909 1614 2072 1646 protectione

1428 1656 1475 1681 Dei
1495 1657 1539 1682 Vll
1558 1657 1610 1682 313
1639 1658 1664 1682 11
1687 1672 1723 1675 -
1742 1658 1805 1683 nihil
1830 1659 1882 1690 pati
1909 1661 1994 1691 potest
2022 1665 2070 1690 pro

1428 1700 1532 1726 defectu
1555 1701 1642 1727 auxilii
1664 1709 1713 1727 nec
1731 1702 1787 1728 sine
1806 1702 1976 1728 retributione
1995 1709 2073 1735 prae-

1429 1745 1489 1777 mii,
1509 1745 1530 1771 si
1550 1746 1605 1771 Deo
1624 1747 1750 1772 adhaeret
1768 1746 1829 1773 ibid.

1482 1804 1517 1807 —
1536 1789 1615 1816 Ortus
1633 1793 1658 1816 et
1677 1797 1787 1817 occasus
1810 1792 1952 1824 spiritualis
1971 1795 2071 1818 creatu-

1428 1840 1473 1859 rae
1491 1834 1607 1860 nescitur
1626 1834 1659 1860 vt
1680 1835 1713 1860 89
1733 1843 1760 1860 ν.
1780 1835 1796 1860 5

1481 1878 1601 1904 Caeni-:ne
1619 1892 1655 1898 —
1682 1882 1721 1905 est
1748 1879 1838 1906 audito
1862 1881 2009 1906 consentire
2037 1880 2072 1906 vl

1429 1923 1475 1948 311
1501 1922 1533 1948 48
1555 1937 1588 1941 -
1607 1930 1660 1949 non
1679 1924 1786 1949 estsine
1799 1923 1882 1950 libero
1895 1924 2004 1950 arbitrio
2017 1925 2070 1950 328

1429 1967 1458 1992 61
1482 1981 1518 1986 -
1536 1974 1589 1992 303
1609 1970 1648 1993 051
1666 1968 1774 2000 proprie
1799 1975 1867 2000 opus
1892 1969 1944 1994 327
1973 1970 2007 1995 52
2034 1983 2070 1988 -

1429 2014 1468 2037 051
1486 2012 1647 2038 manducare
1666 2012 1717 2038 334
1738 2013 1766 2037 91
1790 2027 1825 2030 -
1844 2012 1957 2039 Credere
1975 2016 2014 2039 est
2027 2020 2071 2039 au-

1431 2056 1542 2082 ctoritati
1563 2056 1614 2082 424
1633 2057 1663 2082 71
1688 2070 1722 2075 -
1748 2059 1787 2083 051
1815 2057 1914 2083 donum
1943 2057 1991 2083 Dei
2019 2057 2071 2083 329

1431 2101 1464 2126 67
1483 2114 1519 2120 —-
1537 2101 1724 2133 appropriatur
1743 2101 1812 2127 Patri
1832 2101 1882 2127 424
1901 2101 1930 2127 71

1483 2159 1519 2165 —
1533 2145 1649 2172 Credens
1662 2147 1712 2171 hoc
1726 2146 1785 2178 ipso
1802 2146 1876 2179 quod
1894 2146 1990 2178 credit,
2004 2146 2074 2172 bene

1431 2190 1490 2216 facit
1509 2190 1541 2216 Vl
1562 2190 1596 2216 45
1614 2198 1641 2223 q.
1662 2190 1676 2215 4
1695 2204 1731 2209 —
1749 2190 1891 2217 Credentes
1913 2191 2074 2217 mundantur

1431 2234 1514 2260 verbo
1538 2234 1599 2261 ndei
1620 2234 1671 2260 449
1693 2235 1725 2260 16
1749 2248 1786 2254 —
1810 2234 1953 2261 Credentes
1976 2234 2075 2261 beatifi-

1431 2282 1522 2305 cantur
1541 2279 1566 2304 in
1586 2279 1721 2311 Scriptura
1736 2280 1778 2305 Vll
1799 2280 1832 2305 30
1852 2279 1885 2305 84
1905 2294 1940 2298 -
1960 2280 2074 2308 Pei-secte

1430 2324 1567 2349 credentes
1593 2324 1617 2349 iu
1636 2323 1767 2350 Christum
1788 2331 1837 2355 pro
1856 2324 1915 2356 ipso
1935 2324 2072 2350 moriendo

1430 2368 1568 2394 inveniunt
1586 2368 1667 2393 vitam
1687 2368 1720 2394 Vl
1741 2368 1791 2393 480
1813 2368 1845 2394 17

1484 2426 1518 2431 —-
1537 2412 1564 2438 in
1583 2411 1716 2439 Christum
1728 2415 1767 2438 est
1779 2416 1853 2439 actus
1871 2413 1932 2439 fidei
1946 2414 2073 2439 formatae

1432 2457 1464 2482 Vl
1486 2457 1535 2482 112
1555 2465 1582 2483 v.
1602 2458 1617 2482 2
1636 2472 1672 2475 -
1691 2457 1741 2489 Qui
1769 2457 1802 2483 ad
1832 2460 1937 2489 tempus
1963 2458 2073 2484 credunt

1431 2508 1482 2527 non
1501 2505 1636 2533 reportant
1655 2503 1768 2528 fructum
1788 2502 1839 2527 363
1861 2502 1893 2527 46

1483 2560 1518 2565 -
1537 2546 1577 2572 Ad
1596 2546 1759 2572 credendum
1783 2553 1889 2572 necesse
1915 2550 1954 2573 est
1981 2547 2073 2573 audire

1431 2597 1485 2616 non
1513 2594 1615 2616 tantum
1650 2598 1715 2616 aure
1747 2591 1881 2623 corporis,
1912 2591 1960 2617 sed
1994 2592 2073 2617 etiam

1431 2642 1494 2661 aure
1514 2635 1601 2661 cordis
1621 2635 1663 2660 Vll
1683 2635 1734 2661 369
1754 2636 1789 2661 32
1807 2650 1843 2654 -
1862 2635 1912 2668 Qui
1926 2636 2009 2662 credit
2028 2643 2071 2661 au-

1431 2680 1528 2706 diendo
1560 2679 1737 2706 testimonium
1768 2680 1855 2705 reddit
1882 2680 2013 2713 loquendo
2047 2683 2074 2706 et

1431 2724 1581 2751 confitendo
1600 2723 1663 2750 ibid.
1682 2739 1717 2743 --
1736 2725 1786 2757 Qui
1805 2731 1858 2750 non
1871 2724 1955 2750 credit
1972 2732 2024 2750 non
2038 2725 2074 2750 in-

1432 2769 1524 2801 telligit
1543 2769 1576 2794 Vl
1596 2769 1647 2794 280
1669 2768 1710 2794 15.
1730 2769 1782 2794 329
1802 2769 1844 2794 67.
1864 2768 1916 2794 349
1937 2769 1964 2794 51

1485 2827 1520 2832 -
1539 2813 1631 2838 Nostra
1651 2813 1788 2838 infirmitas
1807 2813 1908 2838 firmius
1931 2817 1957 2838 et
1975 2813 2073 2839 certius

1432 2857 1514 2883 credit
1538 2856 1660 2889 pluribus
1687 2864 1766 2890 quam
1796 2858 1840 2883 uni
1869 2857 1902 2883 Vl
1922 2857 1973 2883 242
1993 2858 2007 2883 9
2037 2872 2073 2876 -

1431 2901 1512 2927 Citius
1539 2901 1655 2927 creditur
1683 2901 1832 2926 testimonio
1857 2901 1914 2927 eius
1933 2902 1977 2934 qui
1997 2900 2073 2933 vidit,

1431 2952 1511 2979 quam
1531 2946 1576 2978 qui
1596 2945 1722 2971 relatione
1740 2946 1867 2977 cognovit
1886 2946 1932 2971 501
1957 2946 1990 2971 52

1464 3010 1466 3013 ,
1485 2989 1616 3016 Caesennia
1634 3003 1670 3008 —-
1689 2992 1727 3015 051
1752 2996 1800 3021 per
1828 2990 1931 3015 virtutis
1958 2990 2072 3016 eminen-

1433 3034 1509 3064 tiam,
1529 3034 1716 3065 constantiam,
1736 3036 1762 3058 et
1781 3033 2024 3065 multiplicationem
2040 3034 2073 3059 Vl

1433 3078 1484 3103 553
1505 3078 1520 3103 5
1541 3091 1575 3096 —-
1593 3078 1782 3103 lucrementum
1807 3077 1942 3108 spirituale
1963 3077 2073 3109 impedit

1432 3122 1543 3148 defectio
1557 3122 1705 3147 nutrimenti
1720 3121 1833 3153 gratiae,
1848 3121 1998 3146 nutrimenti
2011 3120 2072 3147 sub-

1433 3166 1524 3192 tractio
1537 3173 1585 3198 per
1597 3166 1750 3191 emisionem
1765 3166 1789 3190 in
1809 3165 2027 3197 occupationibus
2046 3169 2072 3191 et

1433 3210 1568 3237 suffocatio
1587 3217 1635 3242 per
1649 3216 1725 3235 curas
1737 3212 1762 3235 et
1775 3209 1963 3235 sollicitudines
1975 3209 2072 3234 saeculi

1434 3254 1467 3281 ib.
1478 3255 1493 3279 6
1505 3268 1538 3272 —
1552 3254 1592 3280 Ad
1606 3254 1796 3279 incrementum
1811 3253 1946 3285 spirituale
1957 3259 2074 3279 necessa-

1434 3299 1502 3325 rium
1516 3302 1554 3324 est
1566 3298 1718 3324 exercitium
1734 3298 1906 3330 poenitentiae
1919 3297 1959 3322 vel
1973 3297 2077 3329 patien»

1435 3343 1497 3375 tiae,
1511 3343 1699 3368 nutrimentum
1719 3342 1854 3368 doctrinae
1873 3342 1914 3367 vel
1928 3341 2027 3373 gratiae
2045 3344 2072 3367 et
