2476 3921
296 248 360 281 328

295 337 443 379 qualitate
466 334 660 367 audientium
684 333 812 366 formari
836 333 929 366 debet
945 341 1048 365 sermo
1071 332 1252 371 doctorum,

294 392 371 421 utet
387 397 444 421 sua
460 387 590 429 singulis
606 389 816 428 congruenter
830 385 963 424 tribuat,
976 388 1007 418 et
1023 389 1126 418 tamen
1142 394 1161 417 a
1173 393 1254 417 com-

142 450 273 477 Exemplum.
293 441 398 473 munis
421 438 644 472 aedificationis
666 447 739 471 arce
763 447 925 480 nunquam
951 437 1077 470 recedat
1100 450 1130 469 n.
1155 436 1254 475 Huius

292 493 474 535 exemplum
492 492 645 525 habemus
669 491 701 524 in
718 491 843 533 loseph,
867 491 921 533 qui
945 490 983 523 ad
1007 490 1252 532 dispensandum

291 547 484 579 frumentum
502 545 691 578 constitutus
707 548 755 577 est
778 553 874 586 super
891 548 1009 577 terram
1033 543 1175 585 Aegypti,
1195 543 1253 575 Ge-

291 600 373 632 nesis
397 598 636 641 quadragesimo
659 598 763 640 primo
777 599 799 636 ¹,
823 598 854 630 in
884 607 948 639 quo
971 597 1030 629 fuit
1053 596 1195 639 fidelitas
1222 599 1254 629 et

286 651 480 695 prudentia,
498 651 684 684 auctoritas
700 654 731 683 et
753 650 931 693 viyilantia
955 659 1012 683 seu
1027 650 1195 692 diligentia.
1210 668 1252 674 —

141 713 270 734 Notandum·
290 706 326 738 Et
348 706 423 747 quia
445 705 505 737 ista
527 704 658 737 fuerunt
680 704 712 736 in
737 704 852 737 sanctis
877 703 1039 745 praelatis,
1063 703 1133 735 ideo
1154 703 1253 735 Evan-

289 759 404 801 gelium
429 758 511 791 istud
543 757 730 790 decantatur
758 757 789 789 in
814 757 938 789 laudem
970 756 1190 789 Confessorum
1221 760 1253 788 et

289 811 491 850 Pontificum,
515 811 570 852 qui
595 810 626 842 in
651 810 701 843 his
723 812 861 852 quatuor
889 809 1070 852 praemissis
1094 818 1252 842 commen-

288 864 406 897 dabiles
429 863 631 896 exstiterunt.
656 881 700 887 —
725 863 761 895 Et
783 863 822 895 de
846 862 895 895 his
919 866 1057 904 quatuor
1080 862 1196 895 dicitur
1219 862 1251 894 in

289 917 395 950 Glossa
426 917 566 949 Bedae2:
597 930 612 945 «
629 916 728 958 Quam
761 925 855 948 rarus
878 919 925 948 est
956 915 1088 948 Domino
1113 919 1252 958 propter

291 971 468 1003 Dominum
485 969 649 1009 serviens,
671 978 746 1002 oves
769 969 883 1002 Christi
902 978 965 1001 non
982 969 1021 1001 ad
1038 969 1179 1007 lucrum,
1197 968 1251 1001 sed

289 1033 395 1057 amore
419 1023 533 1056 Christi
550 1025 697 1065 pascens!
722 1022 888 1064 prudens,
912 1022 943 1054 in
967 1022 1077 1054 futuro
1094 1021 1153 1054 sibi
1178 1030 1251 1063 pro-

289 1077 411 1116 videns;
435 1086 529 1120 quem
547 1076 730 1115 constituit,
755 1075 786 1108 id
810 1079 873 1114 est,
890 1084 984 1117 quam
1005 1084 1114 1114 rarus,
1139 1075 1194 1117 qui
1211 1074 1251 1107 sit

288 1135 425 1164 vocatus
448 1140 470 1163 a
488 1131 552 1162 Deo
577 1133 740 1173 tanquam
764 1131 883 1162 Aaron
899 1133 930 1162 et
953 1138 1015 1161 non
1032 1128 1131 1171 magis
1153 1137 1186 1161 se
1202 1128 1251 1161 in-

287 1184 432 1227 gesserit,
457 1188 487 1217 et
511 1184 565 1226 qui
589 1193 652 1216 non
669 1183 780 1226 mayis
803 1193 838 1215 se
859 1186 979 1225 paseat
1004 1191 1098 1224 quam
1123 1191 1198 1215 oves
1218 1195 1249 1214 21.

150 1244 172 1265 ¹11
186 1243 259 1291 mult'is
287 1238 373 1271 Unde
397 1240 527 1279 propter
547 1236 708 1279 defectum
731 1236 901 1278 fidelitatis
918 1236 1087 1268 Malachiae
1104 1235 1206 1278 primo
1219 1235 1247 1267 ³:

136 1271 268 1319 q33503351
292 1304 308 1320 ιι
325 1291 401 1333 Quis
424 1294 471 1323 est
488 1299 529 1323 ex
553 1286 660 1329 vobis,
684 1290 739 1332 qui
756 1290 880 1323 claudat
902 1289 981 1322 ostia
997 1298 1067 1322 mea
1090 1292 1121 1322 et
1144 1289 1251 1322 incen-

286 1345 339 1377 dat
362 1345 460 1377 altare
490 1353 595 1376 meum
620 1343 758 1386 gratuito
774 1346 812 1375 »?
836 1347 867 1376 et
889 1342 929 1375 ad
959 1342 1172 1384 Philippenses
1202 1351 1251 1375 se-

288 1398 405 1431 cundo:
428 1411 443 1426 «
456 1397 574 1430 Omnes
594 1400 753 1439 quaerunt
772 1405 854 1439 quae
873 1405 931 1429 sua
951 1399 1052 1429 sunt»
1075 1398 1133 1428 etc.
1158 1396 1251 1428 Pauci

288 1451 381 1484 etiam
399 1453 473 1484 sunt
485 1450 682 1492 madentes,-
706 1449 790 1482 unde
814 1449 908 1482 Isaiae
924 1449 1074 1491 vigesimo
1098 1449 1249 1491 quart04:

294 1518 309 1533 «
333 1504 420 1537 Sicut
451 1504 605 1546 populus,
637 1504 681 1536 sic
711 1503 856 1536 sacerdos
880 1516 914 1542 »3
948 1506 979 1536 et
1010 1502 1089 1536 Osee
1117 1506 1249 1545 quarto:

293 1570 309 1586 «
326 1558 405 1599 Quia
429 1560 464 1590 tu
480 1557 640 1590 scientiam
662 1557 821 1598 repulisti,
843 1556 992 1598 repellam
1013 1560 1044 1589 et
1067 1565 1125 1598 ego
1149 1559 1194 1595 te,
1211 1564 1251 1588 ne

289 1610 462 1643 sacerdotio
484 1610 626 1652 fungaris
650 1610 726 1642 mihi
745 1623 774 1642 n.
801 1610 893 1642 Pauci
913 1609 1006 1642 etiam
1031 1612 1106 1642 sunt
1129 1609 1251 1641 divini-

290 1667 344 1696 tus
368 1663 554 1701 eonstituti;
578 1663 647 1695 ideo
669 1663 785 1696 dicitur
809 1662 888 1695 Osee
911 1663 1061 1695 octavo⁵z
1091 1662 1182 1704 «Ipsi
1201 1671 1251 1695 re-

289 1720 484 1759 gnaverunt,
508 1720 539 1749 et
562 1725 624 1748 non
649 1725 690 1749 ex
713 1725 764 1749 me
780 1729 810 1748 ».
836 1716 928 1748 Pauci
945 1715 1088 1749 similiter
1112 1715 1252 1748 utilitati

287 1770 399 1813 yreyis
431 1770 547 1802 intenti
557 1781 569 1807 ;
600 1769 684 1802 unde
720 1769 887 1802 Ezechielis
922 1769 1083 1811 trigesimo
1117 1772 1249 1811 quarto:

295 1836 310 1851 «
332 1823 393 1855 Vae
424 1822 603 1864 pastoribus
635 1822 744 1855 lsrael!
770 1822 824 1864 qui
857 1822 1025 1864 pascebant
1057 1822 1249 1864 semetipsos.

288 1876 395 1908 Nonne
418 1884 529 1917 greges
552 1885 570 1908 a
593 1875 771 1917 pastoribus
795 1878 969 1917 pascuntur
985 1889 1001 1904 »
1030 1879 1088 1908 etc.
1115 1875 1184 1908 ldeo
1209 1875 1249 1908 si-

288 1932 420 1970 gnanter
443 1928 548 1961 dicens
565 1928 752 1970 praemittit:
779 1928 862 1969 Quis
881 1927 1006 1970 putas?
1022 1931 1153 1970 propter
1171 1928 1250 1961 rari-

289 1984 383 2014 tatem
407 1985 438 2014 et
461 1980 676 2014 difficultatem
700 1985 731 2014 et
747 1981 989 2023 pretiositatem,
1014 1991 1077 2024 qua
1094 1981 1170 2014 tales
1194 1990 1251 2014 ex-

289 2035 406 2069 cellunt
430 2035 462 2067 in
487 2035 704 2077 praerogativa
726 2035 841 2068 meriti.

378 2087 429 2120 63.
455 2088 556 2130 (Vers.
581 2088 659 2129 43).
685 2088 827 2121 Secundo
854 2092 1010 2131 quantum
1037 2089 1075 2121 ad
1103 2089 1251 2131 praecel-

150 2146 255 2195 Secgudo,
289 2141 423 2174 lentiam
444 2141 591 2183 praemit
612 2141 736 2174 subdit:
762 2142 885 2174 Beatus
909 2142 961 2175 ille
983 2152 1120 2181 servus,
1137 2152 1250 2186 quem,

129 2179 276 2223 Qissmsssw
289 2204 366 2228 cum
381 2194 505 2226 venerit
520 2194 690 2233 dominus,
708 2195 868 2227 invenerit
880 2195 936 2228 >ita
962 2194 1155 2238 facienteni;
1179 2196 1252 2229 Mat-

287 2248 371 2281 thaei
395 2247 544 2290 vigesimo
567 2248 720 2290 quintoss:
750 2261 765 2277 α
783 2249 882 2291 Euge,
907 2258 998 2282 serve
1019 2249 1100 2282 bone
1120 2253 1152 2282 et
1174 2249 1252 2283 fide-

287 2301 325 2334 lis
341 2314 357 2330 ›>
386 2304 443 2333 etc.
469 2301 522 2333 Ita
544 2299 735 2342 facientein‚
761 2302 791 2334 id
817 2305 865 2335 est
893 2301 1047 2344 fideliter,
1068 2302 1252 2345 prudenter

287 2359 318 2388 et
338 2354 528 2397 viyilanter,
552 2354 725 2388 secundum
750 2355 828 2388 illud
852 2356 973 2398 primae
989 2356 1071 2389 Petri
1095 2356 1250 2398 quarto⁷z

292 2421 308 2437 «
324 2408 547 2450 Unusquisque
575 2407 656 2440 sicut
679 2408 798 2450 accepit
826 2409 974 2450 gratiam,
998 2409 1029 2442 in
1058 2410 1251 2443 alterutrum

287 2461 372 2494 illam
395 2461 668 2500 administrantes,
693 2461 775 2494 sicut
798 2462 870 2494 boni
887 2462 1120 2504 dispensatores
1143 2463 1249 2496 multi-

287 2514 398 2547 formis
421 2514 539 2556 gratiae
564 2513 666 2546 Dei».
693 2514 727 2548 Et
750 2514 1011 2562 Chrysostomus:
1041 2529 1057 2544 «
1074 2516 1153 2549 Haec
1169 2516 1253 2549 dicta

361 2742 369 2756 ¹
391 2743 466 2768 Vers.
486 2743 528 2768 37.
547 2750 621 2776 seqq.

360 2785 370 2800 ²
389 2787 479 2812 Glossa
493 2790 531 2812 est
544 2786 696 2813 ordinaria.
709 2787 825 2813 Glossam
840 2789 920 2818 hanc,
933 2795 1002 2821 quae
1015 2788 1137 2814 tribuitur
1150 2788 1249 2821 aedae,

290 2831 316 2856 S.
337 2830 431 2855 Thom.
452 2830 516 2861 (Cat.
536 2837 613 2856 aurea
632 2830 658 2856 in
672 2831 758 2856 Matth.
772 2831 814 2856 24.
827 2838 852 2856 n.
868 2831 919 2864 13.)
933 2832 1006 2857 affert
1019 2832 1125 2857 nomine
1140 2832 1251 2859 Glossae

291 2874 403 2906 (absque
421 2874 535 2899 auctoris
553 2874 683 2906 nomine),
697 2877 723 2899 et
735 2874 816 2899 verba
829 2875 912 2906 ipsius
925 2882 939 2900 a
953 2876 1070 2901 Gorrano
1084 2876 1110 2902 in
1124 2878 1184 2902 Luc.
1204 2878 1234 2902 12
1244 2897 1250 2909 ,

291 2918 333 2943 42.
352 2917 528 2943 attribuuntur
546 2917 717 2951 Hieronymo.
737 2919 765 2943 ln
783 2918 840 2950 ipsa
859 2919 985 2950 allegatur
1004 2919 1083 2945 llebr.
1102 2920 1133 2951 5,
1154 2920 1179 2945 4.

362 2961 372 2975 ⁸
392 2963 465 2988 Vei-s.
487 2963 534 2993 40,
553 2966 613 2994 post
631 2970 711 2995 quem
732 2963 795 2988 Phil.
815 2964 845 2994 2,
865 2964 908 2989 21.

361 3005 372 3020 ⁴
392 3006 467 3032 Vers.
486 3008 517 3037 2,
535 3010 561 3032 et
579 3007 675 3033 delude
693 3006 760 3045 Osee
780 3007 808 3039 4,
828 3008 853 3033 6.

360 3049 372 3064 ⁶
392 3051 466 3076 Vcrs.
486 3051 510 3076 4.
528 3065 564 3070 —
582 3052 705 3084 Sequitur
723 3052 816 3077 Ezech.
834 3052 881 3084 34,
902 3054 926 3078 2.
946 3060 1002 3086 seq.

360 3093 372 3108 ⁶
391 3095 465 3120 Vers.
485 3096 526 3120 21.
545 3109 581 3115 -
600 3095 727 3127 Superius
746 3103 794 3128 pro
810 3096 1030 3129 praecellentiam
1049 3098 1069 3123 Α
1084 3098 1105 3123 Ι)
1120 3096 1252 3131 praeemi-

290 3138 427 3171 nentiam‚·
446 3141 493 3165 csr.
511 3147 591 3171 supra
611 3147 672 3172 pag.
692 3140 758 3172 327,
778 3144 837 3166 nota
858 3141 881 3167 8.

360 3181 370 3196 ⁷
392 3184 464 3209 Vers.
486 3184 528 3209 40.
547 3199 581 3202 —
601 3184 730 3210 Sententia
744 3184 878 3217 chrysost.
891 3185 1002 3212 habetur
1016 3187 1105 3212 homil.
1118 3186 1162 3212 77.
1177 3186 1252 3219 (alias

289 3227 344 3261 78.)
364 3228 388 3254 in
408 3229 495 3254 Matth.
513 3236 537 3254 n.
558 3229 582 3254 3.

361 3270 372 3285 ¹³
391 3273 425 3298 lta
444 3272 522 3298 etiam
542 3273 611 3299 Beda
631 3276 657 3298 et
674 3273 751 3299 Card.
770 3274 861 3306 nugo:
881 3275 992 3307 Vulgata
1012 3274 1141 3308 quoniam
1154 3281 1250 3308 supra.

290 3330 325 3336 -
345 3316 462 3343 Subinde
488 3318 633 3349 allegantur
660 3318 749 3344 Glossa
777 3318 960 3345 interlinearis
988 3322 1014 3345 et
1038 3318 1182 3345 ordinaria
1211 3318 1251 3351 (ex

289 3361 380 3393 Beda).
403 3361 474 3392 vat„
494 3363 560 3387 lianc
579 3363 732 3388 sententiam
746 3362 832 3389 Bedae
843 3363 1003 3395 attribuens,
1022 3370 1073 3390 non
1086 3362 1168 3389 verba
1181 3363 1252 3388 Glos-

290 3411 349 3435 sae,
370 3405 416 3430 sed
436 3405 518 3437 ipsius
538 3406 623 3432 Bedae
642 3407 723 3433 affert.

882 243 1076 276 COMMENT.
1102 244 1139 276 IN
1162 243 1401 276 EVANGELIUM
1426 243 1543 276 LUCAE
1568 243 1600 275 C.
1626 243 1686 277 ΧΠ.

1317 335 1392 365 sunt
1414 332 1453 365 de
1477 340 1621 364 sermone
1644 335 1675 364 et
1699 331 1834 370 virtute,
1859 330 1898 364 de
1920 330 2063 372 pecuniis
2085 333 2117 363 et
2132 330 2171 364 de
2194 330 2278 364 omni

1316 384 1564 427 dispensatione,
1589 393 1671 427 quae
1693 384 1866 426 unicuique
1889 383 2056 417 commissa
2079 387 2136 416 est.
2161 384 2280 417 Unum-

1317 447 1476 480 quemque
1500 429 1584 471 enim
1607 438 1646 470 ad
1670 446 1870 471 communem
1893 436 2062 470 utilitatem
2085 437 2132 470 uti
2156 440 2281 479 oportet

1317 490 1367 523 his
1390 499 1473 532 quae
1498 490 1609 529 habet,
1634 490 1700 523 sive
1716 489 1882 532 sapientia,
1907 489 1972 522 sive
1996 489 2190 532 principatu,
2214 489 2281 523 sive

1316 542 1447 581 divitiis,
1471 552 1534 576 non
1557 543 1597 575 ad
1621 546 1847 576 nocumentum
1871 551 2098 576 conservorum
2114 555 2146 575 ι).

1407 596 1458 629 64.
1485 596 1586 638 (Vers.
1616 596 1694 637 Mu).
1716 596 1815 629 Huius
1839 599 1945 629 autem
1970 596 2043 629 usui
2067 595 2186 638 gratiae
2209 596 2281 630 red·
2299 604 2425 627 Umidum

1317 650 1404 683 ditur
1424 649 1593 693 perfectus
1616 649 1752 692 fructus
1774 649 1919 692 9loriae,
1943 652 2099 692 quantum
2123 649 2162 682 ad
2184 637 2431 705 (1113111ἐὶ’ἐ’“ίιῗι”ζιῗέἶ’ἔγ

1317 703 1437 736 subdit:
1469 703 1547 735 Vere
1570 703 1643 736 dico
1666 702 1773 742 vobis,
1790 703 1873 746 quia
1891 702 2018 745 super⁸
2042 702 2172 742 omnia,
2196 712 2282 747 quae
2322 690 2408 711 sonae.

1313 757 1477 799 possidet,
1509 757 1682 789 constituet
1714 756 1831 795 illum,
1865 769 1882 785 «ι
1906 765 2003 798 super
2027 755 2169 789 caelestis
2192 756 2281 798 regni
2430 786 2432 798 ‚
2473 764 2475 778 ¹

1317 809 1431 851 gaudia
1445 822 1478 848 »‚
1499 822 1515 838 ε(
1532 819 1595 842 non
1619 813 1655 842 ut
1671 810 1746 849 soli,
1771 809 1825 843 sed
1849 813 1885 842 ut
1908 818 1985 852 prae
2009 809 2122 842 ceteris
2146 808 2282 842 habeant

1317 862 1431 905 gaudia
1453 866 1582 896 aeterna
1612 866 1680 896 tum
1712 872 1771 905 pro
1803 872 1861 896 sua
1892 863 1970 902 vita,
1995 865 2063 895 tum
2095 871 2154 905 pro
2177 862 2282 908 gregis

1317 916 1458 949 custodia
1474 929 1505 948 ».
1530 917 1617 949 Unde
1640 917 1761 958 primae
1790 916 1870 950 Petri
1896 916 2051 959 quinto⁹z
2082 929 2098 945 «
2119 915 2281 956 Seniores,

1316 970 1433 1012 pascite
1457 970 1512 1012 qui
1536 970 1568 1002 in
1592 970 1681 1003 vobis
1704 974 1752 1003 est
1772 979 1898 1012 gregem
1914 970 2019 1003 Dei».
2041 983 2057 999 «
2072 970 2108 1002 Et
2131 978 2204 1003 cum
2227 978 2283 1012 ap-

1316 1023 1458 1065 paruerit
1482 1023 1629 1065 princeps
1659 1027 1837 1065 pastorum,
1862 1023 2042 1066 percipietis
2071 1022 2284 1056 immarcesci-

1316 1075 1409 1108 bilem
1423 1076 1540 1118 gloriae
1553 1085 1702 1109 coronam
1715 1090 1745 1109 n.
1761 1076 1846 1110 Unde
1858 1077 2103 1119 Chrysostomus
2113 1076 2153 1108 ¹⁰:
2171 1089 2187 1105 α
2203 1076 2283 1109 Bene
2302 1082 2425 1106 Notandum.

1316 1133 1428 1172 agente
1451 1130 1586 1171 populo,
1611 1130 1833 1172 unusquisque
1856 1139 1915 1172 pro
1938 1139 1997 1163 suo
2019 1129 2102 1163 bono
2133 1138 2282 1163 remune-

1316 1186 1429 1222 ratur;
1461 1183 1607 1216 sacerdos
1637 1187 1744 1216 autem
1777 1192 1841 1225 pro,
1871 1183 1960 1216 bonis
1991 1183 2133 1216 omnium
2155 1195 2193 1222 »ς
2217 1183 2282 1225 pri-

1316 1244 1386 1268 mae
1417 1235 1456 1268 ad
1480 1235 1773 1269 Thessalonicenses
1804 1236 1960 1269 secundo:
1990 1249 2006 1265 «
2022 1236 2109 1278 Quae
2132 1239 2179 1269 est
2211 1245 2283 1278 spes

1316 1298 1404 1328 mea,
1429 1292 1484 1322 aut
1507 1289 1674 1331 gaudium,
1698 1294 1754 1322 aut
1777 1298 1893 1322 corona
1922 1289 2064 1331 gloriae?
2088 1289 2195 1322 Nonne
2226 1298 2283 1322 vos

1316 1345 1389 1375 ante
1412 1342 1582 1374 Dominum
1603 1346 1749 1374 nostrum
1772 1342 1875 1375 lesum
1891 1342 2052 1375 Christum
2077 1342 2153 1375 estis
2176 1341 2208 1384 in
2229 1342 2283 1375 ad-

1317 1399 1414 1429 ventu
1438 1395 1507 1428 eius
1524 1398 1566 1427 »2

1407 1450 1458 1482 65.
1484 1449 1586 1491 (Vers.
1611 1449 1689 1490 45.)
1717 1449 1844 1491 Quodsi
1866 1449 1991 1482 dixerit
2012 1459 2130 1482 servus
2154 1449 2206 1482 ille
2221 1452 2280 1483 etc.
2319 1456 2434 1505 Arffimnf‘„

1317 1504 1484 1546 Postquam
1516 1503 1746 1537 commendavit
1777 1503 1991 1545 praelatorum
2027 1503 2220 1546 vigilantiam
2251 1506 2283 1537 et
2295 1489 2423 1558 Ἓῗῗιῇοειῑιῑε

1316 1556 1544 1599 providentiam
1558 1566 1615 1589 seu
1628 1565 1738 1589 curam
1747 1583 1755 1596 ,
1769 1557 1821 1589 hic
1833 1552 2003 1599 vituperat‘
2016 1556 2225 1590 insolentiam
2239 1558 2282 1596 11;
2327 1543 2354 1564 up
2364 1542 2391 1558 ¹⁰¹
2401 1542 2435 1578 ⁰¹=
2475 1563 2476 1567 ’

1316 1610 1401 1653 quod
1421 1609 1547 1652 quidem
1568 1609 1642 1643 facit
1665 1610 1839 1653 aryuendo
1859 1610 2088 1643 enormitatem
2106 1610 2237 1653 peccati
2251 1614 2282 1644 et

1316 1663 1550 1695 comminando
1572 1663 1778 1696 severitatem
1801 1663 1930 1696 iudicii.

1406 1716 1510 1749 Primo
1534 1716 1631 1758 igitur
1658 1720 1813 1759 quantum
1837 1716 1876 1749 ad
1907 1716 2105 1759 argutionem
2137 1717 2281 1750 enormi-
2291 1722 2422 1771 Primatum

1317 1769 1395 1802 tatis
1423 1769 1552 1811 peceati
1581 1769 1674 1802 dicit:
1701 1769 1829 1810 Quodsi
1859 1769 1984 1802 dimerit
2012 1779 2131 1802 servus
2162 1769 2214 1803 ille
2245 1770 2282 1803 in
2307 1755 2372 1777 ¹³⁰⁸oe
2383 1755 2423 1771 ω’

1317 1823 1415 1856 eorde
1445 1832 1527 1855 suo:
1552 1823 1683 1855 Moram
1714 1822 1799 1865 facit
1822 1823 1978 1856 dominus
2001 1833 2094 1856 meus
2119 1823 2229 1857 venire
2242 1824 2278 1857 1².

1317 1876 1441 1909 Glossa:
1472 1889 1487 1905 «
1505 1876 1655 1916 Econtra,
1680 1876 1704 1909 si
1722 1876 1969 1910 dissimulaverit
1992 1876 2144 1910 iudicium
2160 1877 2192 1909 in
2209 1887 2283 1920 pro-

1317 1930 1405 1962 ximo
1436 1932 1625 1969 venturum,
1658 1930 1859 1963 securitatem
1884 1930 1942 1963 sibi
1975 1930 2211 1972 promittens»,
2235 1939 2283 1964 se-

1317 1982 1458 2016 cundum
1482 1982 1560 2015 illud
1583 1982 1754 2016 Ezechielis
1769 1982 1970 2016 duodecimo:
2000 1996 2016 2012 «
2033 1983 2121 2025 Quod
2146 1987 2194 2017 est
2210 1993 2283 2026 pro-

1317 2035 1463 2069 verbium
1488 2035 1520 2068 in
1545 2039 1631 2068 terra
1655 2036 1748 2069 Israel
1771 2036 1961 2069 dicentium:
1987 2037 2019 2069 ln
2043 2037 2172 2079 longum
2196 2037 2283 2070 diffe-

1317 2093 1429 2122 rentur
1457 2089 1541 2128 dies,
1566 2092 1598 2122 et
1628 2089 1743 2131 peribit
1774 2090 1876 2123 omnis
1899 2090 1978 2123 visio
2002 2093 2042 2123 »2
2065 2093 2097 2123 et
2127 2091 2283 2124 secundae

1317 2143 1399 2175 Petri
1417 2142 1510 2176 tertio
1524 2142 1565 2175 1³:
1588 2156 1603 2171 (ι
1621 2142 1752 2176 Venient
1767 2143 1929 2182 illusores,
1945 2143 2038 2176 iuxta
2049 2144 2194 2186 proprias
2210 2153 2283 2177 con-

1317 2196 1526 2237 cupiscentias
1549 2195 1764 2235 ambulantes,
1788 2196 1943 2229 dicentes:
1965 2196 2023 2229 Ubi
2046 2200 2093 2230 est
2116 2197 2283 2239 promissio

1316 2252 1373 2282 aut
1395 2249 1550 2282 adventus
1573 2248 1662 2282 eius?
1687 2249 1733 2281 Ex
1750 2259 1814 2292 quo
1837 2249 1921 2282 enim
1937 2252 2043 2292 patres
2067 2250 2282 2289 dormierunt,

1316 2303 1421 2336 omnia
1445 2303 1489 2336 sic
1512 2306 1718 2345 perseverant
1749 2303 1789 2336 ab
1812 2303 1901 2336 initio
1934 2306 2099 2337 creaturae
2114 2317 2146 2336 n.
2178 2322 2218 2328 —-
2246 2304 2285 2337 Et

1317 2356 1465 2399 quoniam
1492 2356 1562 2390 talis
1586 2357 1731 2400 cogitatio
1754 2356 1837 2399 parit
1864 2357 2084 2413 securitatem,
2108 2360 2140 2391 et
2163 2357 2283 2391 securi-

1317 2413 1365 2443 tas
1396 2413 1631 2452 contemptum,
1664 2413 1695 2443 et
1726 2413 1925 2453 contemptus
1960 2410 2180 2453 iniquitatem3
2211 2411 2283 2445 ideo

1318 2463 1442 2496 subdit:
1468 2464 1508 2496 Et
1531 2464 1673 2506 coeperit
1694 2468 1865 2506 percutere
1877 2474 2002 2507 pueros
2015 2465 2043 2484 ¹4
2065 2468 2095 2497 et
2118 2464 2281 2504 ancillas,

1318 2516 1437 2549 scilicet
1459 2517 1609 2558 parvulos
1640 2508 1993 2557 scandalizando,'eum
2017 2520 2122 2550 tamen
2152 2516 2283 2551 deberet

1386 2743 1397 2758 ⁹
1418 2745 1492 2770 Vers.
1513 2746 1537 2771 2.
1557 2748 1583 2770 et
1603 2745 1633 2776 4,
1652 2744 1698 2771 ubi
1718 2739 1766 2777 pro
1783 2745 1816 2772 Et
1834 2752 1897 2772 cum
1916 2745 1966 2772 AC
1978 2746 2030 2772 DG
2050 2748 2080 2773 ut
2092 2753 2169 2779 cum,
2183 2749 2209 2772 et
2221 2745 2283 2773 sub-

1316 2789 1377 2815 inde
1396 2796 1444 2821 pro
1460 2788 1612 2822 perczpietis
1632 2790 1653 2815 D
1672 2797 1686 2815 a
1706 2790 1822 2816 secunda
1848 2797 1927 2816 manu
1950 2790 2109 2824 percipiatis
2131 2790 2162 2824 (C
2184 2790 2282 2817 dubiae

1316 2833 1453 2865 lectionis).

1387 2876 1409 2891 ¹⁰
1428 2878 1523 2903 Homil.
1542 2879 1586 2904 51.
1605 2878 1632 2904 in
1652 2879 1738 2905 Matth.
1758 2879 1806 2912 24,
1827 2879 1868 2905 45.
1884 2879 1944 2913 (Op.
1957 2880 2125 2914 imperfect.).
2143 2895 2178 2899 —-
2192 2881 2282 2914 Sequi-

1316 2925 1357 2947 tur
1375 2922 1392 2947 1.
1413 2922 1505 2948 Thess.
1525 2923 1555 2954 2,
1576 2923 1618 2949 ⁴9.

1388 2965 1408 2980 ¹¹
1428 2965 1480 2992 Csr.
1494 2973 1573 2999 supra
1586 2975 1611 2992 n.
1626 2967 1668 2992 60.
1681 2981 1716 2987 -
1730 2967 1848 2994 Subinde
1861 2971 1922 3000 post
1933 2968 1998 3002 facit
2010 2969 2029 2994 13
2042 2969 2116 2995 addit
2129 2968 2282 3003 daptIciter.

1387 3008 1409 3023 ¹²
1428 3009 1511 3036 Codd.
1530 3013 1550 3036 Α
1561 3010 1580 3037 C
1591 3011 1613 3036 D
1631 3012 1755 3037 omittunt
1773 3012 1874 3039 venire.
1886 3026 1922 3032 -
1935 3013 2059 3045 Sequitur
2078 3014 2167 3040 Glossa
2181 3013 2281 3040 interli-

1315 3053 1424 3086 nearis;
1443 3056 1489 3080 csr.
1508 3055 1628 3088 llieron.,
1646 3056 1688 3081 lV.
1708 3055 1855 3082 Comment.
1876 3057 1901 3082 in
1921 3057 2007 3083 Matth.
2029 3057 2077 3090 24,
2093 3057 2134 3083 48.
2148 3065 2219 3091 seq.‚
2233 3057 2280 3084 ubi

1316 3097 1394 3123 etiam
1412 3098 1521 3124 adducit
1540 3100 1630 3125 Ezech.
1651 3100 1698 3132 ⁴2,
1719 3101 1762 3125 22.
1781 3100 1889 3126 interius
1908 3101 2058 3132 allegatum.

1387 3140 1410 3156 ¹⁸
1430 3143 1504 3169 Vers.
1525 3144 1549 3169 3.
1569 3146 1594 3169 et
1614 3143 1638 3169 4.

1387 3185 1410 3200 ¹⁴
1428 3187 1463 3213 lta
1483 3187 1567 3219 Beda,
1585 3187 1664 3214 Card.
1682 3189 1774 3220 Hugo,
1794 3189 1822 3215 B.
1841 3189 1953 3222 Albert„
1967 3190 1992 3215 S.
2008 3190 2103 3215 Thom.
2121 3189 2186 3222 (Cat.
2200 3197 2279 3216 aurea

1316 3230 1342 3256 in
1361 3231 1423 3257 Luc.
1443 3231 1484 3257 12.
1504 3239 1530 3257 n.
1551 3231 1618 3264 lh),
1636 3233 1770 3258 Gorranus
1788 3237 1814 3259 et
1833 3233 1963 3266 Lyranus;
1984 3233 2096 3265 Vulgata
2116 3237 2141 3260 et
2155 3234 2213 3260 vat.
2225 3241 2280 3260 ser-

1315 3282 1371 3301 vos.
1389 3289 1425 3294 —
1442 3276 1533 3302 Glossa
1552 3275 1734 3303 interlinearis
1754 3276 1812 3309 (cfr.
1832 3278 1926 3310 Beda):
1947 3277 1982 3304 Et
1998 3277 2114 3311 coeperit
2122 3279 2279 3311 percute-e,

1315 3318 1349 3344 ad
1368 3319 1430 3345 vitia
1450 3320 1570 3351 incitare,
1589 3321 1630 3346 vel
1650 3321 1822 3347 conscientias
1841 3322 2006 3348 intirmorum
2025 3329 2110 3354 pravo
2134 3321 2218 3348 verbo
2237 3323 2279 3348 vel

1315 3364 1435 3395 exemplo
1453 3364 1564 3395 laniat-435
1580 3363 1682 3397 pueros
1701 3366 1726 3391 el
1744 3365 1875 3397 ancillas,
1898 3372 2014 3398 quorum
2039 3368 2111 3392 aetas
2136 3366 2177 3392 vel
2202 3373 2279 3392 sexus

1314 3411 1413 3440 quanto
1432 3408 1568 3441 infirmior,
1586 3412 1657 3434 tanto
1676 3412 1715 3434 est
1733 3409 1767 3435 ad
1785 3410 1889 3435 ruinam
1909 3410 2014 3436 facilior.
