2476 3921
186 669 288 692 Tertium.

167 2312 295 2334 Notandum.

312 259 372 291 184

308 355 361 378 cor
385 353 489 377 meum
514 344 544 375 in
570 351 633 374 uno
653 341 739 373 crine
762 340 832 375 colli
857 340 901 373 tui
921 351 956 378 ιη
980 348 1035 372 0νο
1058 338 1095 371 ad
1121 337 1264 371 osculan-

307 398 401 434 dum,
426 396 468 428 ita
494 399 527 427 ut
558 397 662 436 posset
685 393 712 427 ei
745 392 803 426 dici
828 401 847 424 a
870 392 995 425 Christo
1023 391 1100 424 illud
1124 390 1265 424 Cantico-

308 459 378 483 rum
404 451 535 491 quarto:
557 460 572 475 «
589 447 688 479 Favus
711 445 864 478 distillans
880 444 960 478 labia
984 448 1038 478 tua
1055 456 1092 483 »ς
1117 452 1266 485 unquen-

308 502 348 534 tt5
372 501 527 534 serviebat
550 500 588 532 ad
612 499 811 541 ungendum,
836 501 872 530 ut
888 500 991 539 posset
1015 496 1072 531 sihi
1097 496 1171 528 dici:
1201 508 1217 524 «ι
1235 495 1267 529 111

307 554 434 588 odorem
457 555 692 594 unguentorum
717 555 845 584 tuorum
870 558 1037 584 curremus
1057 562 1087 580 ».

397 609 447 640 68.
474 608 574 648 (Vers.
600 606 676 646 39.).
695 605 799 639 Tertio
823 608 976 647 quantum
995 604 1033 637 ad
1055 603 1269 636 temeritatem

309 662 410 695 alieni
432 660 569 699 iudicii,
588 664 715 701 propter
739 658 824 701 quod
840 668 901 691 non
927 658 986 691 fuit
1011 657 1151 699 repulsa,
1175 656 1267 689 dicit:

315 714 431 746 Valens
455 716 565 745 autem
582 711 802 748 Pharisaeus,
826 710 886 753 qui
908 714 1084 743 vocaverat
1107 719 1193 747 eam,
1211 708 1270 741 sci-

309 767 379 799 licet
402 766 440 798 ad
464 765 660 803 convivium:
684 763 809 802 videns,
834 763 978 805 inquam,
1002 762 1093 795 001110
1117 771 1178 794 11011
1196 761 1270 794 51111-

309 820 398 862 plici,
423 819 476 851 sed
501 827 653 860 nequam,
678 817 851 850 secundum
876 816 953 849 illud
986 814 1188 848 Ecclesiastici
1214 814 1270 846 tri-

308 874 426 915 gesimo
443 872 545 914 primo
559 873 584 903 ¹:
615 884 630 901 «
648 872 816 909 MementO,
833 870 982 912 quoniam
1007 869 1110 902 malus
1125 870 1173 900 est
1196 876 1270 900 ocu—

309 927 359 959 lus
382 933 526 967 nequam.
552 924 691 966 Nequius
714 923 805 956 oculo
832 922 909 964 quid
933 926 1074 955 creatum
1098 925 1145 956 est
1165 923 1210 952 n?
1234 921 1270 953 Et

310 987 382 1011 vere
406 986 562 1020 nequam,
580 976 669 1018 quia,
694 975 867 1008 secundum
888 975 965 1007 illud
989 973 1191 1007 Ecclesiastici
1211 983 1271 1007 un-

309 1031 440 1069 decimo,
470 1043 484 1058 a
502 1030 583 1063 bona
606 1029 637 1061 in
662 1029 744 1061 mala
767 1032 953 1061 convertens
988 1027 1153 1060 insidiatur
1177 1030 1208 1059 et
1239 1026 1271 1059 in

310 1084 416 1118 electis
439 1084 577 1124 imponet
594 1082 748 1114 maculam
765 1095 795 1113 n.
822 1081 857 1113 Et
874 1081 941 1113 ideo
958 1081 1066 1113 talium
1092 1079 1269 1112 convivium

310 1146 371 1169 non
396 1139 443 1169 est
465 1135 602 1169 multum
635 1137 813 1176 acceptum,
838 1133 1011 1166 secundum
1036 1132 1112 1165 illud
1141 1132 1271 1166 Prover-

310 1190 435 1222 biorum
461 1188 611 1230 vigesimo
636 1187 741 1220 tertio:
772 1187 844 1219 «Ne
868 1186 1011 1219 comedas
1039 1195 1111 1218 cum
1144 1185 1271 1218 homine

311 1242 416 1275 invido
439 1250 541 1283 neque
565 1241 723 1274 desideres
746 1240 832 1272 cibos
855 1240 941 1279 eius,
966 1239 1114 1281 quoniam
1131 1239 1163 1271 in
1187 1238 1272 1271 simi-

312 1296 475 1329 litudinem
500 1295 610 1328 harioli
635 1298 666 1327 et
689 1294 874 1328 coniectoris
903 1293 1046 1326 aestimat
1077 1292 1162 1334 quod
1185 1293 1272 1335 igno-

313 1354 370 1382 rat.
396 1349 527 1381 Comede
558 1352 589 1381 et
613 1348 702 1387 hibe,
734 1348 816 1381 dicet
840 1347 913 1386 tibi,
938 1350 970 1379 et
998 1355 1086 1379 mens
1117 1346 1186 1378 eius
1207 1355 1271 1378 11011

312 1407 359 1437 est
384 1406 485 1435 tecum
502 1416 531 1434 ».
557 1402 593 1434 Et
617 1402 686 1434 talis
709 1405 776 1434 erat
799 1402 857 1434 iste
883 1401 1085 1438 Pharisaeus;
1110 1399 1195 1442 quod
1218 1408 1272 1441 pa-

312 1461 356 1490 tet
380 1465 435 1498 per
459 1455 536 1488 illud
567 1455 650 1497 quod
675 1455 837 1487 subditur:
865 1454 923 1486 Ait
946 1455 1038 1486 intra
1061 1462 1093 1485 se
1106 1453 1131 1492 2,
1156 1452 1274 1487 scilieet

313 1509 475 1552 cogitando
491 1509 572 1542 sicut
597 1508 774 1550 hypocrita,
791 1508 829 1540 de
853 1517 917 1550 quo
934 1507 985 1539 lob
1008 1506 1130 1539 decimo
1147 1505 1271 1548 quinto:

319 1578 333 1592 «
349 1564 464 1597 Venter
488 1562 556 1595 eius
572 1564 739 1604 praeparat
754 1561 841 1594 dolos
858 1575 887 1593 r».
902 1580 944 1585 -
957 1560 1043 1593 Unde
1064 1559 1209 1601 sequitur
1225 1559 1273 1591 iu-

313 1617 442 1649 dicium:
469 1615 530 1648 Hie
545 1615 576 1647 sz'
591 1618 670 1647 esset
687 1613 870 1656 Propheta,
887 1614 985 1647 sciret
1001 1612 1128 1655 utique,
1145 1621 1230 1655 quae
1246 1615 1274 1643 et

313 1669 423 1713 qualis
447 1672 492 1701 est
514 1668 646 1706 mutter,
671 1677 757 1711 quae
781 1666 888 1709 tanyit
910 1675 994 1698 eum.
1027 1665 1062 1697 Et
1091 1666 1132 1697 ita
1156 1664 1274 1697 iudica—

313 1723 380 1761 bat,
405 1731 477 1755 eum
506 1731 566 1754 non
592 1730 660 1753 esse
689 1721 892 1762 Prophetam,
922 1719 975 1752 sed
1004 1719 1163 1751 hominem
1188 1718 1275 1760 igno-

314 1781 450 1815 rantem,
475 1775 581 1808 dicens
609 1774 640 1806 in
665 1773 759 1806 corde
787 1782 845 1805 suo
862 1773 888 1804 3;
920 1786 935 1801 «
957 1772 1050 1814 Signa
1073 1775 1182 1804 nostra
1213 1780 1275 1804 non

314 1829 464 1867 vidimus,
480 1829 541 1861 iam
558 1837 619 1860 non
644 1831 691 1860 est
707 1827 877 1868 Propheta,
894 1829 925 1858 et
941 1835 1003 1858 non
1028 1828 1193 1867 cognoscet
1209 1834 1275 1857 am-

314 1882 396 1924 plius
412 1895 443 1913 ».
469 1881 525 1913 Sed
556 1880 630 1913 huic
654 1882 755 1922 potest
779 1879 839 1911 dici
869 1878 946 1911 illud
971 1878 1022 1910 lob
1050 1877 1202 1920 vigesimo
1226 1886 1275 1910 se-

314 1934 431 1968 cundo:
462 1948 476 1962 «
494 1935 537 1966 An
562 1943 623 1966 non
648 1932 779 1974 cogitas,
805 1931 889 1974 quod
907 1932 989 1964 Deus
1013 1931 1167 1964 excelsior
1191 1931 1276 1964 caelo

315 1990 354 2022 sit
381 1992 412 2021 et
443 1996 539 2029 super
568 1986 729 2019 stellarum
755 1985 904 2018 verticem
929 1985 1140 2018 sublimetur?
1165 1985 1200 2017 Et
1230 1985 1276 2018 di-

315 2043 380 2076 cis:
405 2041 486 2082 Quid
510 2040 592 2073 enim
617 2039 703 2072 novit
727 2039 833 2071 Deus?
859 2038 893 2071 Et
916 2038 1005 2080 quasi
1030 2047 1086 2080 per
1111 2038 1274 2080 caliginem

315 2095 478 2128 iudicat».
507 2093 566 2126 Sed
598 2096 684 2125 certe
708 2092 774 2134 ipse
803 2105 818 2120 «
835 2091 921 2124 novit
944 2091 975 2124 in
1000 2091 1139 2124 tenebris
1162 2092 1276 2124 consti-

316 2151 402 2187 tuta,
425 2150 457 2180 et
480 2147 538 2179 lux
562 2154 634 2179 cum
659 2154 696 2178 eo
719 2148 814 2183 est»,
839 2145 921 2178 sicut
944 2145 1059 2177 dicitur
1076 2144 1212 2178 Danielis
1228 2153 1276 2178 se-

316 2201 428 2234 cundo.

406 2255 456 2287 69.
483 2254 519 2287 Et
542 2257 632 2293 nota,
657 2253 742 2296 quod
766 2253 826 2286 hoc
842 2253 934 2286 modo
950 2262 991 2286 ex
1005 2262 1081 2286 vero
1098 2252 1228 2286 cadebat
1244 2252 1276 2284 in

315 2307 453 2351 salsum.
480 2307 675 2341 Manifestum
700 2311 747 2341 est
771 2307 873 2346 enim,
897 2306 981 2349 quod
1006 2307 1090 2339 Deus
1121 2309 1152 2339 et
1183 2306 1277 2338 homo

316 2361 442 2404 divinus
465 2361 551 2394 novit
574 2361 696 2394 occulta
720 2370 781 2393 non
799 2360 900 2393 solum
919 2360 1074 2392 bonorum
1086 2385 1094 2398 ‚
1112 2358 1166 2392 sed
1183 2359 1277 2392 etiam

317 2416 490 2453 malorum;
522 2414 765 2447 Proverbiorum
800 2413 921 2446 decimo
956 2413 1113 2455 quinto4:
1152 2425 1167 2440 cc
1187 2411 1277 2445 Oculi

317 2468 439 2501 Domini
464 2469 495 2501 in
516 2468 599 2501 omni
618 2469 685 2501 loco
701 2467 954 2508 contemplantur
971 2467 1069 2499 bonos
1085 2469 1116 2499 et
1132 2465 1231 2499 malos
1246 2479 1277 2497 ».

318 2522 376 2555 Sed
408 2522 437 2554 in
471 2523 529 2554 hoc
565 2521 709 2559 errabat,
747 2520 821 2562 quia
857 2520 916 2552 hoc
952 2519 1099 2551 credebat
1133 2519 1279 2561 ignorare

319 2575 496 2613 Christum,
521 2574 597 2607 dum
621 2583 654 2606 se
678 2573 878 2615 permittebat
901 2582 919 2604 a
942 2572 1075 2605 muliere
1107 2571 1280 2614 peccatrice

320 2628 465 2669 contingi.
490 2627 576 2660 Unde
599 2627 691 2659 etiam
716 2626 754 2658 de
779 2626 846 2667 ipsa
864 2625 942 2657 male
959 2625 1132 2663 iudicabat;
1151 2628 1280 2666 propter

320 2680 403 2722 quod
427 2680 531 2712 addit:
559 2679 647 2720 Quia
667 2678 838 2720 peccatrix
865 2681 929 2716 est,
962 2677 1051 2719 quasi
1083 2677 1185 2709 dicat:
1217 2686 1280 2709 non

321 2732 459 2771 admitti,
491 2732 545 2765 sed
577 2731 684 2773 repelli
717 2731 855 2763 deberet.
889 2730 941 2762 Hic
972 2733 1040 2762 erat
1071 2729 1109 2763 de
1132 2729 1210 2769 illis,
1243 2729 1281 2763 de

321 2785 437 2827 quibus
462 2785 555 2817 Isaiae
579 2784 771 2826 sexagesimo
795 2783 948 2825 quint0⁵:
972 2796 986 2811 «
1005 2783 1063 2824 Qui
1080 2782 1206 2816 dicunt:
1226 2783 1281 2815 Re-

394 3019 402 3033 ²
425 3019 497 3044 Vers.
526 3018 565 3043 14.
584 3021 609 3044 et
629 3018 671 3043 45.
691 3031 725 3037 ·—-
744 3017 800 3043 Duo
824 3024 898 3050 seqq.
924 3018 972 3043 loci
995 3021 1055 3043 sunt
1073 3018 1149 3044 Eccli.
1171 3018 1197 3043 11
1211 3037 1218 3048 ,
1239 3018 1281 3043 33.

323 3068 346 3090 01
373 3065 449 3089 Prov.
475 3064 523 3094 23,
554 3063 577 3088 6.
609 3070 664 3095 seq.
693 3075 729 3081 -—
754 3062 862 3088 inferius
887 3069 934 3093 pro
959 3064 1098 3096 acceptum
1123 3063 1181 3088 Vat.
1208 3068 1282 3088 acoe-

320 3107 462 3142 plancium.

394 3151 404 3166 ²
426 3153 482 3177 Vat.
502 3159 562 3177 cum
583 3151 693 3183 Vulgata
713 3150 786 3176 addit
804 3149 949 3176 dz'cens.—
963 3151 1085 3183 Sequitur
1105 3150 1149 3176 lob
1172 3151 1218 3182 15,
1239 3150 1281 3176 35.

394 3195 405 3210 ⁸
424 3197 487 3223 lllud
507 3197 547 3222 Ps.
566 3196 615 3227 73,
635 3196 659 3221 9.
678 3209 714 3214 —
733 3194 850 3221 Subinde
869 3195 1010 3227 allegantur
1031 3194 1074 3220 lob
1095 3196 1141 3227 22,
1166 3196 1207 3221 42.
1226 3201 1281 3227 seq.

324 3246 349 3268 et
369 3242 456 3267 Daniel
476 3243 507 3272 2,
525 3242 567 3267 22.

395 3285 406 3299 ⁴
426 3287 501 3312 Vers.
521 3287 545 3311 3.
564 3299 599 3306 -..
619 3285 746 3317 Superius
760 3291 808 3316 pro
823 3283 872 3310 hoc
885 3283 963 3310 modo
983 3286 1002 3310 A
1014 3284 1032 3310 C
1043 3285 1063 3310 G
1084 3284 1112 3310 in
1125 3284 1174 3311 hoc
1187 3283 1266 3310 modo
1276 3303 1282 3315 ,

326 3331 342 3356 F
363 3330 390 3357 in
409 3330 503 3363 modo,
523 3331 544 3356 H
564 3330 592 3356 in
612 3330 661 3356 hoc
689 3329 800 3361 iudicio,
826 3330 871 3362 qui
897 3330 973 3355 etiam
999 3329 1112 3357 subinde
1137 3337 1185 3362 pro
1211 3328 1284 3363 quod

326 3375 396 3401 Deus
415 3376 440 3400 et
458 3374 536 3400 homo
555 3374 661 3400 divinus
685 3373 818 3400 substituit
837 3373 908 3407 quod
921 3373 982 3407 ipse,
1000 3380 1063 3400 cum
1081 3375 1147 3400 esset
1168 3374 1239 3400 Deus
1258 3374 1284 3399 et

326 3418 414 3444 homo.
434 3418 551 3444 Vocibus
570 3425 624 3444 71071
643 3417 732 3445 solum
751 3417 831 3444 CFG
851 3418 1000 3450 praefigunt
1017 3417 1073 3445 sed.

901 251 1093 285 COMMENT.
1119 250 1155 283 IN
1179 248 1417 283 EVANGELIUM
1442 247 1558 280 LUCAE
1583 246 1615 278 C.
1641 246 1701 278 Vll.

1331 335 1405 370 cede
1427 345 1446 368 a
1468 335 1559 368 nobis
1589 337 1621 368 et
1651 343 1690 366 ne
1722 333 1974 375 appropinques,
2007 330 2093 374 quia
2110 332 2291 366 immundus

1330 398 1364 421 es
1380 402 1411 420 ».
1437 389 1486 421 Sic
1509 388 1602 421 etiam
1620 387 1699 421 alter
1717 386 1902 421 Pharisaeus
1917 386 2039 419 dicebat
2062 385 2101 418 de
2124 385 2291 427 publicano

1331 442 1411 476 infra
1426 442 1547 474 decimo
1563 444 1687 474 octavo:
1706 454 1721 469 «
1738 440 1832 479 Deus,
1849 440 1965 482 gratias
1981 438 2036 472 tibi
2053 448 2125 480 ago,
2138 438 2213 481 quia
2229 448 2291 471 non

1332 504 1401 528 sum
1426 495 1508 527 sicut
1532 494 1626 527 ceteri
1652 493 1834 532 hominum,
1859 493 1945 526 velut
1968 492 2061 524 etiam
2085 491 2136 524 hic
2153 491 2292 533 publica-

1332 557 1393 580 nus
1408 561 1439 579 ».
1466 547 1500 579 Et
1524 548 1605 580 male
1629 547 1803 584 iudicabat,
1829 550 1859 578 et
1883 545 1986 579 tamen
2003 545 2147 578 Christus
2164 548 2292 586 propter

1333 601 1400 634 eius
1425 601 1540 634 malum
1566 600 1716 633 iudicium
1740 608 1802 632 non
1834 598 1952 631 dimisit
1982 598 2085 631 facere
2115 598 2292 631 misericor-

1333 654 1438 692 diam;
1462 653 1501 687 de
1524 662 1588 695 quo
1612 661 1709 694 supra
1732 652 1867 694 quinto⁶
1885 652 1966 684 dixit
1982 651 2172 684 pharisaeis:
2195 664 2210 680 «
2227 652 2293 685 Non

1334 711 1425 749 egent
1457 706 1510 748 qui
1544 706 1610 739 sani
1642 709 1716 739 sunt
1745 705 1881 744 medico,
1906 705 1958 737 sed
1983 704 2036 746 qui
2063 704 2143 736 male
2168 704 2292 737 habent.

1334 760 1399 792 Non
1424 760 1507 792 enim
1526 759 1595 792 veni
1613 767 1725 791 vocare
1742 758 1850 795 iustos,
1868 757 1921 790 sed
1938 760 2117 799 peccatores
2133 757 2169 789 ad
2188 757 2294 799 poeni-

1335 812 1463 846 tentiam
1481 825 1509 843 ».
1523 831 1568 835 —-
1580 812 1688 853 Magna
1700 811 1796 853 igitur
1812 810 2025 843 misericordia
2040 810 2154 843 Christi
2172 814 2294 844 ostensa

1335 865 1394 898 fuit
1417 865 1447 897 in
1473 865 1670 906 susceptione
1701 863 1884 905 peccatricis
1914 863 2089 896 accedentis
2117 863 2155 895 ad
2178 863 2293 896 Christi

1336 920 1513 950 contactum
1538 917 1619 951 inter
1643 917 1753 959 epulas
1776 916 2008 949 convivantium
2028 919 2058 949 et
2077 916 2231 949 versutias
2246 916 2294 948 iu-

1335 967 1515 1003 dicantium.
1550 971 1580 1003 ln
1613 980 1677 1012 quo
1708 970 1802 1002 simul
1833 969 2071 1002 commendatur
2095 969 2212 1002 Christi
2235 969 2295 1002 cle-

1335 1024 1458 1056 memz‘a
1474 1027 1505 1056 et
1522 1023 1703 1065 peccatricis
1723 1023 1934 1065 poenitentia.
1967 1022 2052 1056 Unde
2076 1023 2247 1065 Gregorius
2260 1023 2294 1056 ⁷:

1341 1077 1523 1119 «Cogitanti
1548 1077 1624 1109 mihi
1653 1076 1692 1109 de
1723 1076 1838 1108 Mariae
1870 1076 2060 1117 poenitentia
2090 1076 2167 1109 ssere
2198 1076 2296 1118 magis

1336 1130 1424 1169 libet,
1449 1139 1545 1171 quam
1570 1129 1687 1171 aliquid
1711 1129 1825 1161 dicere.
1858 1129 1955 1162 Cuius
1979 1129 2061 1162 enim
2086 1129 2135 1162 vel
2163 1138 2297 1162 saxeum

1336 1186 1446 1225 pectus
1469 1182 1546 1215 istae
1570 1182 1666 1214 huius
1687 1182 1869 1223 peccatricis
1886 1182 2043 1223 lacrymae
2059 1182 2095 1215 ad
2113 1183 2297 1225 exemplum

1336 1236 1512 1278 poenitendi
1538 1245 1598 1268 non
1624 1235 1808 1268 emolliant?
1825 1236 1925 1277 Super
1942 1235 2142 1269 convivantes
2158 1236 2298 1278 ingressa

1336 1293 1401 1328 est,
1426 1289 1508 1321 inter
1526 1289 1635 1330 epulas
1652 1289 1805 1330 lacrymas
1822 1288 1919 1327 fudit;
1937 1288 2011 1330 quid
2030 1297 2105 1330 ergo
2121 1289 2297 1322 miramur?

1337 1343 1465 1376 Mariam
1489 1342 1682 1381 venientem,
1708 1342 1756 1375 vel
1780 1341 1946 1374 Dominum
1964 1342 2211 1383 suscipientem?
2236 1342 2297 1375 Su-

1336 1396 1525 1438 seipientem
1548 1395 1667 1433 dicam,
1691 1404 1731 1427 an
1755 1393 1964 1428 trahentem?
1989 1395 2046 1428 Sed
2064 1395 2176 1428 melius
2192 1395 2297 1427 susci-

1334 1449 1475 1491 pientem
1508 1453 1536 1481 et
1569 1447 1765 1487 trahentem,
1790 1448 1863 1490 quia
1888 1448 2038 1481 nimirum
2071 1448 2122 1481 ille
2153 1457 2209 1490 per
2240 1448 2298 1481 mi-

1339 1502 1541 1535 sericordiam
1565 1502 1664 1534 traxit
1688 1502 1790 1541 intus,
1812 1502 1866 1543 qui
1884 1511 1940 1543 per
1957 1501 2230 1535 mansuetudinem
2246 1510 2299 1534 su-

1338 1556 1436 1597 scepit
1459 1555 1535 1588 foris
1551 1569 1581 1587 n.

1429 1609 1481 1639 70.
1508 1608 1543 1639 Et
1566 1611 1613 1640 est
1642 1607 1693 1639 hic
1724 1607 1898 1639 moraliter
1929 1607 2119 1646 notandum,
2152 1608 2236 1650 quod
2268 1608 2300 1641 in

2313 814 2443 837 Misericordia

2326 840 2404 862 cui-isti
2416 843 2436 863 et

2326 867 2443 894 peccatricia

2317 893 2443 921 poenitentia

2327 1609 2432 1637 Expositio

2318 1636 2403 1658 moralis
2415 1636 2440 1658 de

1340 1662 1390 1694 his
1413 1670 1471 1694 sex
1482 1687 1489 1700 ,
1514 1670 1595 1703 quae
1619 1661 1768 1693 dicuntur
1785 1661 1823 1693 de
1840 1661 1899 1693 hac
1915 1661 2088 1702 peccatrice
2104 1662 2346 1703 poenitente,⁸⁰¹
2360 1663 2447 1685 ⁰⁰¹¹ffi²i⁰

1339 1715 1456 1748 scilicet
1480 1714 1564 1757 quod
1595 1718 1685 1746 retro
1708 1713 1818 1746 stabat
1849 1717 1880 1746 et
1910 1723 2004 1746 secas
2033 1714 2131 1755 pedes
2162 1714 2300 1753 iacebat,

1341 1768 1501 1811 lacrymis
1513 1767 1667 1810 rz'9abat,
1685 1766 1814 1809 cupillis
1831 1766 1976 1809 teryebat
1990 1771 2021 1800 et
2038 1766 2254 1799 osculabatur
2269 1771 2301 1800 et

1340 1821 1502 1864 uomebat,-
1520 1821 1578 1854 ista
1594 1820 1831 1863 intelliguntur,
1853 1829 1934 1863 quae
1949 1820 2064 1853 debent
2079 1829 2147 1853 esse
2170 1820 2201 1852 in
2226 1829 2302 1853 vero

1341 1874 1518 1916 poenitente
1529 1900 1536 1912 ,
1562 1874 1678 1906 scilicet
1691 1874 1805 1916 pudor
1821 1873 2081 1912 erubescentiae,
2099 1873 2184 1915 quod
2200 1876 2301 1912 notat,

1341 1937 1412 1960 cum
1437 1927 1512 1960 dicit
1534 1932 1629 1960 stans
1653 1931 1761 1965 retro;
1786 1927 1867 1960 infra
1890 1927 2011 1960 decimo
2034 1926 2187 1960 octavo⁸.·
2211 1941 2226 1956 «
2243 1927 2302 1960 Pu-

1341 1981 1483 2014 hlicanus
1499 1990 1517 2013 a
1534 1981 1624 2022 longe
1641 1984 1727 2013 stans
1743 1994 1774 2012 ».
1788 1999 1833 2004 —
1852 1980 1965 2013 Timor
1980 1980 2199 2020 reverentiae,
2217 1980 2303 2023 quod

1340 2038 1468 2067 notatur
1492 2034 1556 2067 ibi:
1589 2034 1689 2066 Seeus
1710 2034 1808 2076 pedes
1831 2034 1922 2072 eius;
1948 2034 2108 2067 Psalmus:
2139 2047 2155 2062 «
2171 2033 2303 2067 Adorate

1342 2088 1513 2121 scabellum
1547 2087 1662 2130 pedum
1687 2087 1773 2126 eius,
1799 2087 1947 2129 quoniam
1972 2090 2116 2120 sanctum
2139 2090 2233 2120 est».
2258 2106 2303 2111 —

1344 2141 1443 2174 Dolor
1463 2140 1702 2184 poenitentiae.-
1735 2141 1911 2184 Laerymis
1935 2140 2038 2183 eoepit
2060 2140 2176 2184 riyare
2205 2140 2303 2183 pedes

1341 2197 1435 2234 eius;
1459 2196 1660 2228 Threnorum
1684 2194 1842 2227 secundo:
1865 2207 1880 2223 «
1898 2194 2005 2227 Deduc
2021 2194 2110 2237 quasi
2129 2197 2303 2227 torrentem

1342 2251 1496 2292 lacrymas
1511 2263 1542 2282 ».
1567 2268 1610 2273 -—
1636 2248 1732 2281 Nitor
1752 2248 1958 2291 pudicitiae:
1985 2247 2123 2291 Capillis
2146 2247 2218 2280 suis
2240 2252 2302 2280 ter-

1340 2303 1456 2347 9ebat,·
1488 2303 1582 2336 lsaiae
1614 2302 1759 2347 primo-⁹:
1798 2315 1813 2329 c<
1838 2302 2014 2340 Lavamini,
2048 2301 2155 2334 mundi
2188 2303 2303 2340 estote,

1341 2356 1463 2389 auferte
1487 2356 1605 2388 malum
1623 2369 1652 2387 n.
1678 2374 1721 2379 --
1746 2355 1861 2388 Ardor
1885 2354 2140 2387 benevolentiae:
2167 2353 2304 2387 Oseula-

1343 2410 1444 2443 batar
1464 2409 1561 2452 pedes
1585 2409 1679 2446 eius;
1703 2413 1734 2441 et
1758 2406 1830 2441 111οξ
1861 2421 1877 2436 <r
1893 2408 2045 2441 Osculum
2070 2407 2146 2440 mihi
2164 2417 2226 2440 non
2251 2407 2304 2440 de-

1342 2463 1413 2496 disti
1432 2477 1447 2492 »
1468 2467 1542 2502 etc.,
1560 2472 1662 2505 usque
1686 2462 1728 2495 ihi
1744 2475 1750 2495 :
1780 2475 1795 2491 α
1812 2461 1966 2503 Quoniam
1989 2461 2100 2494 dilexit
2118 2461 2253 2493 multum
2272 2474 2302 2492 n.

1343 2535 1387 2540 —
1411 2516 1536 2548 Duleor
1559 2515 1738 2548 devotionis
1762 2515 1933 2547 internae:
1960 2515 1998 2546 Et
2020 2518 2186 2556 unquento
2204 2522 2304 2555 anye-

1345 2569 1398 2601 bat
1411 2581 1422 2607 ;
1447 2569 1646 2601 Canticorum
1670 2569 1771 2611 primo
1786 2568 1832 2600 ¹0:
1863 2581 1878 2596 «
1895 2567 2021 2600 Meliora
2045 2569 2119 2599 sunt
2135 2566 2234 2598 ubera
2250 2568 2304 2598 tua

1344 2622 1434 2661 vino,
1460 2622 1629 2663 fragrantia
1646 2622 1815 2664 unguentis
1831 2621 1956 2663 optimis
1972 2634 2002 2651 ».
2025 2620 2143 2652 Bonum
2161 2627 2304 2660 unguen-

1345 2679 1412 2708 tum
1437 2676 1715 2718 compunctionts,
1741 2675 1854 2708 melius
1878 2673 2136 2716 compassionis,
2154 2671 2208 2704 sed
2224 2671 2304 2714 opti-

1344 2739 1432 2762 mum
1456 2729 1634 2762 devotionis
1642 2741 1653 2767 ,·
1677 2729 1779 2771 primo
1803 2728 1914 2770 pedes,
1939 2726 2077 2759 secundo
2093 2734 2226 2767 corpus,
2251 2724 2305 2757 sed

1346 2783 1439 2815 tertio
1463 2783 1593 2824 ungitur
1618 2786 1721 2824 caput.
1747 2782 1783 2814 Et
1807 2781 1875 2813 ideo
1908 2779 2087 2821 Magdalena
2118 2782 2166 2811 ter
2191 2778 2305 2820 legitur

1416 3015 1427 3030 ⁶
1447 3017 1520 3043 Vers.
1542 3017 1572 3047 5,
1598 3018 1657 3048 post
1675 3021 1754 3048 quem
1774 3015 1837 3040 Luc.
1861 3015 1905 3046 18,
1927 3014 1968 3039 Μ.
1987 3027 2023 3032 -
2042 3014 2167 3046 Superius
2194 3021 2241 3046 pro
2268 3021 2306 3041 re-

1345 3061 1409 3094 peltz·
1428 3060 1531 3087 deberet
1550 3060 1628 3086 (ΖΡΗ
1647 3058 1742 3093 repelli
1765 3058 1851 3091 debet,
1877 3059 1922 3092 qui
1943 3058 2020 3084 etiam
2041 3061 2238 3092 prosequuntur
2260 3057 2306 3085 Hic

1346 3107 1436 3132 autem
1455 3105 1486 3131 de
1505 3104 1560 3131 iltis
1579 3106 1618 3132 est
1637 3103 1672 3138 [H
1691 3102 1774 3137 erat]‚
1796 3102 1827 3129 de
1846 3102 1942 3137 quibus
1961 3106 2009 3129 etc.

1417 3147 1428 3162 ⁰
1449 3149 1521 3175 Vers.
1543 3150 1586 3175 3l.
1605 3156 1659 3181 seq.

1418 3191 1427 3206 ⁷
1448 3193 1518 3219 Libr.
1538 3194 1563 3219 ll.
1584 3194 1680 3219 Homil.
1699 3193 1724 3218 in
1744 3193 1843 3225 Evang.
1867 3194 1954 3219 homil.
1982 3194 2023 3219 33.
2048 3201 2073 3219 n.
2095 3193 2118 3218 l.
2139 3193 2237 3219 Textus
2259 3193 2308 3218 ori-

1347 3238 1413 3264 nalis
1432 3238 1491 3263 hinc
1511 3237 1572 3263 inde
1591 3237 1664 3269 plura
1685 3237 1820 3263 interserit.

1418 3280 1429 3295 ⁸
1449 3282 1522 3307 Vers.
1538 3282 1576 3307 13.
1586 3295 1621 3300 -
1631 3281 1689 3307 Duo
1699 3287 1773 3314 seqq.
1784 3281 1833 3307 loci
1843 3284 1903 3306 sunt
1917 3282 1956 3307 Ps.
1968 3281 2000 3306 98
2010 3300 2017 3312 ,
2031 3281 2055 3306 5.
2069 3284 2094 3306 et
2108 3281 2203 3306 Thren.
2219 3281 2249 3312 2,
2269 3281 2307 3305 18.

1419 3324 1430 3340 ⁹
1451 3327 1523 3352 Vers.
1545 3327 1586 3352 16.
1606 3340 1641 3345 -
1660 3325 1777 3351 Subinde
1800 3326 1927 3358 allegatur
1953 3326 2015 3351 Luc.
2039 3325 2070 3358 7,
2098 3324 2187 3351 45-47.
2207 3338 2243 3344 —
2263 3325 2307 3350 Su-

1348 3372 1437 3404 perius
1456 3378 1505 3404 pro
1525 3370 1603 3398 Nitor
1619 3369 1764 3404 pudicitiae
1785 3371 1842 3396 Vat.
1864 3371 1948 3397 Amor
1965 3369 2120 3403 padicitiae.

1420 3415 1442 3431 ¹⁰
1462 3417 1536 3442 Vers.
1561 3418 1580 3442 l.
1601 3419 1626 3442 et
1645 3416 1668 3441 2.

2310 1690 2372 1711 nibus
2385 1689 2445 1716 poeni

2346 1716 2430 1738 tentiae.
