2427 3872
286 245 348 276 796

567 287 634 312 Mon

337 346 372 351 —
391 332 468 363 Apud
487 334 588 356 veteres
608 331 689 357 multa
706 334 761 357 erat
775 331 874 356 tristitia
888 331 922 356 de

285 376 394 401 mortuis
415 376 445 401 Vl
466 375 516 400 399
537 375 570 399 29
589 388 624 393 -
643 375 702 400 Post
721 379 832 400 mortem
851 374 921 401 Chri-

284 421 315 446 sti
335 420 368 445 de
387 419 463 445 bonis
482 419 592 445 mortuis
611 418 690 444 debet
709 426 766 444 esse
779 419 921 445 consolatio

284 464 344 490 ibid.
365 478 399 483 —
418 465 502 495 Super
522 467 625 489 mortuo
644 470 697 489 non
711 466 749 489 est
762 463 839 488 nimis
852 463 921 495 plan-

284 509 400 540 gendum
420 508 453 533 94
473 515 498 533 v.
519 508 534 533 5
554 521 588 526 —·
607 508 683 540 Quod
702 508 859 539 compatitur
879 515 921 539 pa-

283 553 353 578 tienti
373 552 543 578 commoritur
563 552 681 577 morienti
702 551 734 577 37
755 559 780 584 q.
801 553 816 576 2
834 558 890 583 arg.
905 552 920 576 2

338 611 371 615 -
389 596 504 628 Sepelire
523 599 656 622 mortuum
677 603 745 627 opus
763 599 802 621 est
821 596 921 621 miseri-

284 641 388 667 cordiae
407 644 432 667 et
452 640 614 666 consuetudo
643 639 783 666 laudabilis
806 640 849 666 Vll
869 641 920 666 250

285 686 335 711 106
355 700 388 704 -
408 686 490 711 Maius
503 689 542 710 est
554 685 655 710 animas
668 687 832 710 mortuorum
846 691 921 716 prae-

284 730 396 756 dicando
416 730 541 756 suscitare
559 736 640 762 quam
665 736 762 761 corpus
781 729 876 754 mortui
897 730 921 754 in

286 778 353 800 terra
373 774 535 800 abscondere
554 773 588 800 ib.
609 774 658 799 1108

337 834 371 837 —
391 819 507 844 Mortuus
535 825 585 844 non
614 821 699 850 potest
722 818 813 843 vivere
832 824 922 843 secun-

284 864 348 890 dum
373 870 465 888 causas
484 863 619 888 inferiores
639 863 671 887 Vl
692 863 742 888 300
762 862 796 887 74
815 875 850 880 -
870 863 921 887 Ho-

284 909 367 933 mines
385 915 438 933 non
457 910 567 939 possunt
585 907 711 932 suscitare
731 910 863 932 mortuum
880 907 921 932 Vll

285 952 336 977 215
356 953 388 977 92
410 966 443 970 --
462 952 548 977 nullus
576 951 715 977 revertitur
734 951 769 976 ad
789 951 869 976 vitam
888 951 921 975 Vl

285 997 335 1021 118
356 1004 382 1022 v.
403 997 411 1021 1
437 1010 471 1014 —-
490 996 554 1021 Mori
574 996 628 1021 Deo
640 996 757 1021 dormire
770 998 809 1021 est
822 996 873 1020 398
888 995 916 1020 21

284 1055 317 1059 -
337 1042 431 1067 dicitnr
450 1041 573 1066 dormitio
602 1040 653 1066 276
682 1040 723 1065 33.
754 1040 804 1065 398
834 1041 866 1065 23
887 1054 921 1057 ——

283 1086 349 1111 Nihil
369 1086 480 1111 Domino
500 1085 609 1111 moritur
628 1085 671 1110 Vll
691 1085 743 1110 215
763 1085 796 1110 92

337 1145 370 1149 -
390 1130 472 1156 Maius
490 1133 529 1155 est
553 1132 687 1155 mortuum
701 1129 827 1155 suscitare
841 1136 921 1162 quam

285 1176 418 1201 infirmum
438 1181 531 1200 curare
550 1174 583 1200 Vl
604 1174 654 1199 397
676 1173 709 1199 15
722 1188 757 1192 —
771 1174 852 1199 Maius
867 1174 922 1204 fuit,

283 1221 398 1246 animam
418 1219 485 1245 uniri
505 1219 609 1250 corpori
633 1219 685 1243 iam
715 1219 820 1250 putrido
840 1225 921 1251 quam

282 1265 368 1291 adhuc
381 1267 497 1290 recenter
513 1267 616 1289 mortuo
630 1262 692 1289 ibid.
706 1277 738 1280 —
752 1263 869 1288 Mortuus
882 1270 923 1288 su-

281 1310 387 1335 scitatus
411 1316 426 1334 a
454 1307 556 1334 Christo
581 1308 726 1333 manifestat
745 1307 921 1332 excellentiam

283 1353 424 1380 salvatoris
442 1353 486 1378 Vll
507 1353 556 1377 170
576 1353 610 1377 20

336 1412 371 1417 -
391 1399 415 1423 111
435 1401 540 1422 111011υο
559 1404 573 1422 3
593 1396 694 1422 Christo
714 1395 837 1421 suscitato
857 1395 922 1420 desi·

285 1446 380 1474 gnatur
398 1445 480 1467 status
500 1442 610 1467 iustitiae
639 1441 663 1465 in
693 1441 816 1466 comitatu
841 1440 923 1465 domi-

285 1488 356 1518 nico⁷
377 1487 514 1512 iniustitiae
534 1486 559 1510 in
579 1485 743 1511 adolescente
769 1488 872 1509 mortuo
898 1487 923 1509 et

284 1532 458 1563 poenitentiae
477 1531 503 1555 in
522 1529 616 1555 eodem
636 1529 788 1554 resuscitato
808 1528 852 1553 Vll
872 1528 922 1553 172

286 1577 313 1601 31
331 1575 503 1600 -l)ominus
522 1574 656 1600 suscitavit
670 1573 782 1605 puellam
803 1573 828 1597 in
847 1573 924 1598 thala-

285 1627 341 1652 mo,
361 1620 553 1645 adolescentem
580 1618 605 1643 in
634 1621 725 1650 porta,
743 1618 869 1642 Lazarum
890 1617 923 1642 de

286 1668 457 1690 monumento
471 1664 504 1688 Vl
518 1663 569 1688 593
584 1670 609 1687 v.
624 1662 657 1688 44
672 1676 707 1681 —
721 1662 785 1687 Tres
800 1661 894 1686 mortui
908 1667 922 1685 a

286 1708 387 1734 Christo
406 1708 521 1733 suscitati
549 1707 688 1738 designant
716 1706 840 1737 triplicem
868 1712 923 1736 gra-

287 1753 351 1778 dum
370 1755 452 1778 status
472 1753 564 1784 culpae
585 1752 626 1777 vu
647 1751 698 1776 172
717 1751 760 1775 32.
775 1750 826 1775 215
840 1750 874 1774 95
890 1763 923 1767 -

285 1798 381 1822 Tribus
395 1797 504 1822 mortuis
517 1804 531 1821 a
545 1796 647 1822 ChriSto
666 1796 795 1821 suscitatis
815 1801 922 1826 respon-

286 1842 348 1867 dent
367 1845 418 1867 tres
438 1841 551 1867 suscitati
566 1841 592 1866 in
605 1840 686 1865 veteri
701 1843 854 1865 testamento
873 1839 922 1864 172

286 1886 319 1911 32
339 1899 374 1904 —-
394 1885 490 1911 Tribus
519 1885 629 1910 mortuis
648 1884 777 1910 suscitatis
796 1884 821 1908 in
842 1883 923 1908 veteri

285 1933 438 1956 testamento
459 1933 510 1955 tres
533 1929 635 1954 radices
663 1931 830 1960 peccatorum
858 1927 924 1953 desi-

285 1978 398 2006 gnantur
418 1973 479 2000 ibid.
497 1988 532 1992 —-
553 1974 599 1998 Per
618 1973 730 2004 puellam
748 1975 878 1997 mortuam
899 1972 923 1996 in

286 2019 366 2044 domo
392 2018 543 2050 intelligitur
575 2020 712 2048 peccatum
743 2016 923 2048 cogitationis,

285 2071 333 2095 per
352 2063 544 2088 adolescentem
565 2062 590 2087 in
610 2065 684 2094 porta
704 2064 840 2093 peccatum
864 2067 924 2092 ope-

285 2108 406 2138 rationiS,
426 2114 473 2139 per
500 2107 626 2132 Lazarum
646 2107 671 2131 in
691 2106 811 2138 sepulcro
835 2112 924 2137 pecca-

286 2155 341 2178 tum
361 2151 555 2178 consuetudinis
574 2150 636 2177 ibid.
659 2151 710 2176 215
729 2151 763 2176 96

340 2210 374 2215 —
393 2197 414 2221 A
442 2198 525 2221 morte
554 2199 662 2221 naturae
685 2195 844 2221 suscitantur
872 2197 924 2220 tam

287 2241 346 2267 iusti
366 2248 447 2273 quam
466 2241 568 2272 iniusti,
589 2247 602 2265 a
616 2242 700 2266 morte
713 2240 808 2271 culpae
820 2246 925 2270 omnes,

286 2289 339 2311 tam
368 2286 442 2311 electi
460 2292 540 2318 quam
561 2285 696 2316 praesciti,
715 2291 730 2309 a
749 2286 833 2309 morte
852 2284 926 2309 mise-

286 2331 340 2356 riae
360 2331 542 2356 tantummodo
568 2330 641 2355 electi
670 2330 701 2354 Vl
721 2329 767 2354 561
792 2336 819 2354 v.
838 2330 866 2354 21
891 2342 926 2347 —-

287 2374 405 2400 Christus
427 2375 565 2400 resuscitat
583 2374 718 2399 credentes
738 2374 762 2398 in
782 2374 926 2399 novissimo

288 2420 330 2445 die
350 2426 397 2451 per
416 2419 595 2444 liberationem
609 2426 622 2443 a
643 2422 727 2444 morte
747 2419 797 2443 328
817 2418 860 2443 61.
875 2418 925 2443 330

288 2464 321 2488 68
340 2477 374 2482 -
394 2466 535 2494 resurgunt
555 2470 602 2494 per
621 2462 752 2488 Christum
773 2463 819 2487 621
846 2462 860 2487 4

341 2522 376 2527 —
396 2508 452 2533 Non
471 2507 600 2533 debemus
626 2511 737 2532 mortem
758 2513 806 2538 pro
825 2506 927 2532 Christo

287 2553 408 2583 refugere
426 2552 458 2577 Vl
485 2552 536 2576 620
566 2559 591 2576 v.
620 2552 635 2576 9
655 2566 690 2569 —-
710 2552 747 2576 Ad
773 2551 926 2576 imitandam

288 2600 399 2621 mortem
419 2595 512 2622 Christi
532 2595 682 2627 obligamur
701 2603 732 2621 ex
752 2595 856 2627 debito,
878 2595 928 2620 alli-

288 2640 372 2665 cimur
392 2641 537 2671 promisso,
562 2639 710 2664 animamur
735 2639 855 2670 exemplo
875 2639 926 2664 592

290 2684 306 2708 5
338 2697 373 2702 -
405 2683 488 2714 turpis
520 2690 572 2708 non
610 2682 773 2708 formidanda
807 2683 927 2714 exemplo

290 2727 383 2753 Christi
413 2727 465 2752 495
491 2727 522 2752 26
543 2741 577 2745 -
597 2726 659 2751 Mori
688 2733 736 2758 pro
761 2726 864 2751 inimico
890 2729 928 2751 est

291 2772 376 2797 maius
398 2771 503 2803 signum
524 2771 668 2796 dilectionis
689 2770 739 2795 452
759 2770 792 2795 27
813 2784 846 2788 —
865 2771 928 2795 Mori

290 2823 338 2848 pro
358 2816 478 2847 proximo
496 2819 535 2841 est
553 2816 660 2841 effectus
688 2815 786 2840 amoris
815 2814 865 2840 387
893 2815 926 2839 20

290 2874 324 2879 -
344 2860 406 2885 Mori
426 2867 473 2891 pro
493 2867 574 2891 grege
602 2859 734 2885 dominico
753 2860 786 2885 de
806 2858 877 2884 bono
902 2859 927 2884 in

291 2905 384 2930 melius
412 2904 594 2936 promovendo
622 2907 661 2930 est
688 2904 928 2936 supererogationis

291 2952 417 2981 quantum
438 2949 471 2974 ad
490 2956 582 2974 omnes
610 2949 758 2980 praelatos;
787 2948 855 2973 mori
881 2955 928 2980 pro

291 2993 349 3024 ipso
369 2993 403 3018 ab
423 2993 565 3018 imminenti
592 2992 708 3024 periculo
736 2992 872 3018 liberando
890 2995 929 3018 est

291 3037 452 3062 necessitatis
470 3040 598 3069 quantum
617 3037 649 3062 ad
670 3036 814 3069 quemlibet
832 3037 929 3068 praela-

291 3085 361 3112 tum;
384 3081 450 3107 mori
470 3088 519 3113 pro
538 3081 595 3113 ipso
615 3081 640 3106 in
653 3083 783 3106 extremae
796 3081 930 3106 necessita·

291 3126 323 3151 tis
342 3126 452 3152 articulo
470 3126 608 3151 constituto
625 3128 664 3151 est
677 3125 837 3151 necessitatis
850 3132 930 3157 quan-

291 3173 347 3195 tum
366 3170 399 3196 ad
419 3176 510 3195 omnes
531 3170 581 3195 389
602 3171 633 3195 28

343 3227 378 3233 --
397 3214 507 3239 Nomine
525 3214 616 3239 mortis
635 3214 661 3239 in
681 3221 727 3239 sua
741 3214 927 3239 communitate

292 3262 394 3283 sumtae
423 3258 571 3289 intelligitur
598 3265 670 3283 mors
693 3257 801 3283 aeterna.
820 3258 852 3283 Vl
880 3258 930 3283 125

291 3308 317 3327 v.
339 3302 348 3326 1
373 3316 406 3320 -
425 3305 529 3327 aeterna
556 3305 594 3327 est
622 3309 683 3327 vera
714 3309 785 3327 mors
812 3300 874 3328 ibid.
894 3315 928 3320 —

293 3346 341 3371 Per
360 3349 471 3371 mortem
496 3347 632 3378 gehennae
651 3348 788 3378 separatur
807 3346 894 3371 anima
914 3352 929 3370 a

292 3389 344 3415 vita
364 3389 439 3415 beata
460 3390 502 3415 Vll
523 3390 573 3415 419
595 3390 626 3415 47
645 3403 681 3409 -
699 3393 803 3416 aeterna
821 3392 929 3415 vocatur

1148 243 1263 279 INDEX
1287 244 1414 277 RERUM

959 332 1156 364 exterminium,
1175 332 1236 365 quia
1256 332 1368 358 excludit
1387 339 1401 357 a
1420 332 1473 358 vita
1492 336 1598 358 aeterna

960 375 993 401 Vl
1014 376 1063 401 126
1084 383 1109 401 v.
1129 376 1143 400 3
1163 390 1198 394 —-
1218 382 1320 407 poenae
1348 379 1468 402 aeternae
1494 380 1533 402 est
1557 377 1598 401 tri·

959 420 1016 451 plex
1036 420 1087 445 589
1103 420 1135 445 10
1148 433 1184 438 -
1196 422 1299 445 aeterna
1320 423 1359 445 est
1378 420 1521 450 horrenda,
1535 420 1598 453 quia

959 467 997 489 est
1017 463 1196 496 intolerabilis,
1217 463 1375 490 inevitabilis
1403 464 1451 490 illis
1474 464 1520 497 qui
1539 470 1598 496 pec-

958 511 1093 539 caverunt,
1122 510 1148 534 et
1176 507 1373 534 interminabilis
1393 508 1444 533 590
1466 509 1493 533 11
1517 522 1552 526 -—
1571 508 1598 533 ln

959 555 1042 578 morte
1061 555 1164 578 aeterna
1184 552 1307 578 transitur
1326 559 1340 577 3
1360 559 1444 584 poena
1465 552 1597 577 mortifera

959 597 992 622 ad
1011 603 1124 628 poenam
1143 596 1305 622 mortiferam
1328 597 1377 622 126
1397 603 1424 622 v.
1444 596 1459 621 3

1011 654 1047 660 —
1065 641 1194 666 iustorum
1214 641 1326 673 pretiosa
1347 644 1386 667 est
1404 641 1437 666 Vl
1459 641 1508 666 123
1523 648 1550 666 v.
1564 641 1597 666 16

959 699 994 704 -
1013 686 1072 711 Post
1091 688 1202 711 mortem
1223 686 1307 711 iustus
1326 688 1364 710 est
1384 685 1408 710 in
1428 685 1541 717 gaudio,
1561 691 1598 710 se-

959 729 1068 755 curitate
1095 732 1119 758 et
1148 730 1331 762 tranquillitate
1355 729 1388 754 56
1413 736 1440 762 q.
1466 729 1476 754 1
1504 743 1538 748 -
1558 729 1597 755 Ad

959 776 1072 799 mortem
1099 774 1269 807 consequitur
1297 774 1372 806 quies
1400 777 1426 798 et
1453 780 1510 799 esse
1536 780 1597 799 cum

959 817 1061 844 Christo
1084 817 1145 844 ibid.
1167 832 1202 836 ——
1222 818 1376 843 Sanctorum
1396 817 1430 843 ab
1449 817 1538 849 impiis
1556 824 1598 843 ae-

960 862 1080 887 stimatur
1107 862 1161 888 sola
1185 862 1290 887 afflictio
1309 862 1365 887 sine
1383 862 1470 894 aliqua
1490 862 1599 887 utilitate

961 906 1012 932 126
1032 913 1058 931 v.
1077 907 1092 931 2
1113 921 1147 924 -
1166 907 1322 932 Sanctorum
1342 906 1406 938 ipsis
1425 908 1464 931 est
1482 906 1598 931 consola-

960 950 995 975 tio
1015 949 1076 976 ibid.
1096 964 1131 969 --
1149 950 1340 982 Temporaliter
1368 950 1436 976 mori
1460 950 1535 975 iustis
1560 954 1599 975 est

960 995 1069 1020 transire
1083 995 1114 1020 ad
1130 994 1210 1020 vitam
1231 995 1277 1019 311
1302 994 1335 1019 48
1355 1008 1390 1013 -
1408 994 1466 1020 Μ311
1479 997 1504 1020 et
1517 994 1599 1019 incre-

960 1039 1013 1065 duli
1028 1042 1138 1064 mortem
1152 1039 1307 1064 Sanctorum
1317 1041 1439 1070 reputant
1449 1041 1561 1064 mortem
1572 1038 1598 1063 in

960 1083 1125 1115 separatione
1153 1083 1342 1109 coniunctionis
1360 1083 1463 1108 animae
1487 1083 1522 1108 ad
1543 1089 1598 1108 cor-

961 1128 1011 1159 pus
1026 1128 1077 1153 125
1090 1135 1116 1153 v.
1131 1129 1146 1153 2
1160 1142 1194 1146 —
1209 1128 1268 1153 lusti
1288 1128 1412 1153 videntur
1432 1128 1497 1152 mori
1514 1130 1598 1153 morte

960 1175 1077 1203 aeterna,
1105 1179 1165 1198 cum
1196 1175 1283 1197 tamen
1311 1174 1443 1197 transeant
1465 1172 1498 1197 ad
1517 1172 1597 1196 vitam

961 1217 1096 1242 meliorem
1110 1215 1172 1242 ibid.
1185 1231 1220 1235 —
1233 1219 1272 1242 est
1285 1216 1344 1242 finis
1357 1216 1509 1248 passionum
1523 1223 1599 1247 prae-

960 1261 1072 1286 sentium
1093 1261 1143 1286 500
1164 1260 1196 1285 48

1013 1319 1049 1324 ——
1074 1306 1201 1331 iustorum
1231 1305 1255 1330 in
1283 1306 1368 1331 lucem
1397 1305 1551 1330 terminatur
1575 1307 1601 1330 et

960 1350 1042 1375 vitam
1071 1350 1115 1375 Vll
1135 1349 1186 1375 585
1207 1349 1241 1375 67
1261 1364 1296 1369 -
1316 1351 1400 1375 lustus
1418 1348 1554 1380 submergi
1575 1349 1599 1374 in

961 1394 1090 1426 profundo
1110 1395 1202 1419 mortis
1221 1395 1313 1419 timere
1332 1401 1384 1419 non
1404 1393 1483 1419 debet
1502 1393 1534 1418 Vl
1550 1393 1595 1418 621

962 1439 976 1464 4
997 1453 1029 1457 -·—
1050 1439 1178 1464 iustorum
1205 1438 1268 1470 ipsis
1293 1442 1333 1463 est
1352 1438 1377 1463 in
1397 1438 1556 1463 adiutorium
1576 1441 1602 1462 et

962 1484 1036 1509 malis
1055 1487 1094 1510 est
1122 1484 1148 1509 in
1176 1483 1355 1509 testimonium
1380 1483 1422 1508 Vll
1442 1482 1492 1507 527
1513 1482 1546 1507 20
1566 1496 1601 1501 -

962 1529 1090 1554 iustorum
1119 1528 1213 1553 dicitur
1242 1528 1309 1553 mala
1328 1527 1427 1553 ratione
1452 1526 1600 1552 amissionis

960 1573 1030 1598 vitae
1050 1572 1136 1598 bonae
1155 1575 1180 1597 et
1198 1572 1275 1598 valde
1303 1571 1387 1602 bona,
1415 1571 1477 1604 quia
1496 1571 1530 1596 ad
1556 1570 1599 1595 bo-

961 1624 1024 1642 num
1053 1616 1132 1641 finem
1158 1616 1230 1642 ducit
1249 1617 1281 1641 Vl
1302 1616 1335 1640 56
1355 1623 1380 1648 q.
1402 1616 1411 1640 1
1436 1614 1465 1641 2*
1485 1629 1519 1633 -
1538 1615 1599 1640 dici-

961 1664 1002 1687 tur
1016 1661 1098 1693 mala,
1111 1663 1156 1686 aut
1168 1660 1229 1693 quia
1243 1660 1335 1686 adimit
1348 1659 1446 1685 bonum
1461 1666 1599 1691 magnum,

961 1705 1057 1731 scilicet
1076 1704 1171 1730 honam
1186 1705 1281 1737 vitam⁷
1301 1707 1346 1729 aut
1364 1704 1426 1737 quia
1445 1704 1478 1729 ad
1498 1704 1598 1729 malum

961 1750 1040 1775 finem
1068 1750 1141 1775 ducit
1168 1748 1231 1775 ibid.
1257 1763 1290 1766 —
1314 1749 1389 1773 Ratio
1417 1748 1599 1773 accelerandae

962 1795 1052 1820 mortis
1072 1795 1200 1820 iustorum
1222 1794 1354 1825 multiplex
1374 1797 1413 1818 est
1432 1792 1483 1817 134
1502 1799 1528 1817 v.
1548 1793 1581 1817 10

1014 1854 1050 1858 -
1069 1840 1155 1864 Status
1181 1838 1272 1863 mortis
1300 1837 1442 1869 spiritualis
1461 1840 1500 1862 est
1518 1839 1600 1861 status

962 1882 1052 1917 culpae
1072 1884 1104 1909 Vl
1121 1883 1172 1908 563
1193 1890 1219 1908 v.
1240 1882 1272 1907 28
1292 1895 1328 1900 -
1346 1881 1449 1906 animae
1468 1883 1507 1906 est
1525 1887 1600 1912 sepa-

961 1929 1027 1954 ratio
1053 1928 1155 1953 animae
1175 1934 1189 1952 a
1209 1927 1263 1952 Deo
1284 1926 1334 1951 116
1355 1933 1382 1951 ν.
1402 1926 1434 1950 12
1453 1939 1489 1943 -
1508 1925 1600 1956 culpae

962 1975 987 1998 et
1006 1972 1163 1998 infidelitatis
1191 1971 1242 1996 330
1262 1970 1305 2003 73,
1324 1969 1358 1995 74
1377 1983 1413 1988 —
1431 1969 1534 1995 animae
1553 1975 1601 2000 per

962 2017 1067 2049 culpam
1086 2016 1227 2042 incurritur
1247 2016 1297 2040 116
1317 2022 1344 2040 v.
1365 2015 1397 2040 12
1416 2029 1451 2032 -
1470 2014 1518 2039 Per
1530 2020 1600 2039 mor-

962 2064 1014 2087 tem
1043 2062 1135 2093 culpae
1162 2063 1299 2092 separatur
1327 2059 1414 2084 anima
1442 2066 1456 2084 a
1481 2058 1536 2084 Deo
1556 2058 1599 2083 Vll

963 2106 1014 2131 419
1035 2105 1067 2131 47
1086 2120 1121 2123 —-
1140 2105 1280 2130 Peccatum
1294 2107 1403 2129 vocatur
1422 2110 1494 2129 mors
1513 2103 1547 2128 Vl
1567 2102 1600 2127 68

963 2158 989 2175 v.
1001 2150 1033 2175 10
1044 2165 1078 2168 -
1089 2150 1196 2175 Peccata
1210 2152 1337 2174 vocantur
1347 2151 1438 2181 portae
1448 2147 1540 2173 mortis
1550 2147 1602 2173 595

963 2196 979 2220 2
992 2209 1027 2213 -
1041 2195 1156 2220 Mortuus
1169 2193 1309 2225 spiritualis
1322 2195 1361 2218 est
1373 2194 1495 2224 peccator
1514 2191 1565 2216 563
1586 2192 1602 2217 2

1016 2254 1052 2257 -
1071 2239 1193 2264 Peccator
1221 2237 1335 2270 peccatis
1359 2240 1398 2262 est
1417 2239 1537 2262 mortuus
1555 2242 1603 2268 per

964 2290 1122 2310 consensum
1136 2283 1169 2308 Vl
1184 2282 1235 2308 406
1255 2282 1288 2307 63
1303 2296 1337 2299 -
1350 2281 1472 2307 Peccator
1492 2281 1603 2306 moritur

964 2329 990 2354 in
1009 2335 1154 2358 consensu,
1173 2327 1200 2352 in
1219 2334 1273 2359 quo
1291 2328 1489 2352 consummatur
1514 2331 1604 2356 pecca-

964 2376 1019 2399 tum
1040 2372 1148 2398 interius
1167 2371 1217 2397 399
1238 2371 1271 2396 30
1285 2385 1319 2388 -
1334 2371 1418 2395 Homo
1437 2369 1604 2401 spiritualiter

965 2417 1074 2443 moritur
1094 2417 1119 2441 in
1141 2422 1269 2442 consensu
1289 2415 1341 2439 585
1363 2415 1371 2439 1

1017 2476 1052 2481 -
1077 2461 1176 2493 lmpius
1204 2459 1295 2485 incidit
1322 2459 1408 2492 primo
1436 2458 1461 2483 in
1490 2460 1601 2483 mortem

965 2507 1073 2538 culpae,
1101 2504 1218 2531 secundo
1241 2504 1269 2529 in
1289 2506 1400 2529 mortem
1421 2509 1522 2535 poenae
1541 2505 1603 2527 tem-

965 2550 1075 2583 poralis,
1095 2550 1170 2575 tertio
1190 2549 1215 2574 in
1234 2552 1347 2574 mortem
1367 2554 1468 2579 poenae
1481 2549 1603 2572 aeternae

966 2595 999 2620 Vl
1020 2595 1070 2619 118
1090 2601 1116 2619 v.
1137 2594 1171 2619 15
1183 2607 1218 2612 -
1232 2593 1302 2618 Dans
1315 2599 1423 2624 operam
1443 2591 1532 2617 salutis
1545 2598 1603 2622 pro-

966 2642 1023 2670 pter
1034 2638 1204 2664 commodum
1215 2640 1335 2663 aeternae
1348 2636 1417 2662 vitae
1431 2643 1482 2661 non
1492 2636 1603 2660 moritur

966 2684 999 2708 26
1019 2689 1045 2715 q.
1066 2683 1081 2707 2
1102 2696 1135 2700 -
1154 2681 1309 2707 Custodiens
1322 2683 1461 2712 praecepta
1476 2679 1521 2705 Dei
1535 2686 1605 2704 mor-

966 2730 1018 2751 tem
1038 2730 1171 2751 aeternam
1190 2732 1244 2751 non
1263 2724 1379 2756 gustabit
1403 2731 1450 2756 per
1469 2723 1605 2755 experien-

967 2770 1027 2796 tiam
1049 2770 1099 2795 369
1121 2769 1156 2794 75
1175 2783 1210 2788 -
1229 2770 1313 2794 lustus
1342 2775 1393 2794 non
1422 2768 1533 2793 moritur
1557 2773 1604 2798 per

967 2815 1071 2846 culpam
1092 2813 1143 2838 434
1163 2821 1189 2838 v.
1210 2813 1242 2837 10

1019 2872 1055 2878 -
1072 2858 1197 2883 Homines
1225 2864 1277 2882 non
1306 2857 1396 2882 timent
1421 2858 1532 2881 mortem
1552 2855 1606 2880 ani-

966 2910 1026 2928 mae
1045 2903 1078 2928 vt
1093 2902 1142 2927 116
1157 2909 1184 2927 v.
1199 2902 1231 2927 12
1245 2914 1280 2920 -
1293 2903 1461 2932 peccatorum
1480 2899 1604 2931 fugienda

966 2951 1018 2979 est⁷
1037 2947 1099 2980 quia
1119 2947 1203 2972 aufert
1221 2952 1328 2971 sensum
1348 2944 1527 2974 discretioniS,
1547 2950 1605 2969 ver-

967 2991 1031 3017 bum
1060 2990 1245 3022 confessionis,
1269 2996 1390 3021 gressum
1411 2988 1497 3014 bonae
1516 2994 1606 3020 opera-

967 3036 1044 3061 tionis
1063 3035 1114 3061 589
1133 3035 1150 3061 7
1163 3048 1198 3054 -—
1211 3034 1298 3060 Potius
1317 3033 1469 3065 eligendum
1488 3035 1527 3058 est
1540 3032 1617 3057 mori‘

967 3087 1047 3113 quam
1067 3079 1150 3105 Deum
1170 3078 1316 3109 offendere,
1332 3080 1485 3103 nontamen
1504 3079 1605 3102 tenetur

967 3124 1027 3157 quis
1046 3123 1113 3149 mori
1132 3124 1174 3149 vel
1193 3130 1221 3148 se
1241 3122 1361 3148 occidere
1381 3121 1432 3147 419
1453 3121 1481 3147 41
1505 3135 1541 3140 -
1560 3121 1605 3146 1111-

968 3168 1004 3200 pii
1023 3175 1077 3193 non
1096 3170 1134 3193 est
1152 3174 1167 3192 a
1186 3167 1240 3192 Deo
1259 3167 1300 3192 vel
1330 3170 1420 3192 natura
1450 3166 1501 3191 117
1525 3172 1551 3191 v.
1572 3165 1605 3190 16

967 3226 1002 3231 -
1021 3213 1114 3244 culpae
1133 3215 1158 3237 et
1177 3218 1249 3237 mors
1277 3211 1414 3242 gehennae
1433 3217 1484 3236 non
1504 3212 1564 3235 sunt
1589 3216 1603 3234 a

968 3257 1022 3282 Deo
1044 3256 1093 3281 116
1113 3263 1140 3281 v.
1161 3256 1194 3280 13

1020 3314 1056 3320 -
1075 3300 1195 3326 Palmites
1222 3302 1377 3331 separantur
1397 3305 1411 3324 a
1430 3297 1533 3324 Christo
1553 3305 1605 3323 non

968 3351 1015 3376 per
1035 3347 1146 3370 mortem
1166 3347 1289 3374 naturae,
1308 3342 1354 3368 sed
1368 3349 1415 3374 per
1429 3345 1540 3367 mortem
1554 3342 1606 3367 cul-

968 3395 1017 3421 pae
1035 3389 1077 3414 vel
1097 3387 1270 3414 damnationis
1297 3390 1428 3412 extremae
1447 3386 1481 3411 Vl
1501 3385 1552 3411 450
1573 3385 1604 3410 17

1920 291 1989 317 MOY

1636 346 1671 352 —
1690 333 1778 359 Partes
1796 334 1884 360 cordis
1911 335 1945 360 ad
1973 336 2078 361 diversa
2102 336 2161 361 ferri
2180 336 2274 368 princi-

1637 378 1727 408 paliter
1746 380 1785 403 est
1803 379 1906 404 occasio
1920 380 2011 405 mortis
2029 380 2171 411 spiritualis
2190 380 2235 405 111
2254 379 2272 405 b

1635 435 1670 439 —
1694 421 1781 447 Mortis
1809 422 1949 454 spiritualis
1975 424 2080 455 signum
2109 426 2148 449 est
2166 423 2272 449 amissio

1635 467 1723 491 motus
1742 465 1827 491 bonae
1846 467 2018 500 operationis,
2043 471 2136 499 gustus
2158 467 2274 493 devotio-

1635 509 1690 540 nis,
1704 509 1821 542 loquelae
1834 511 2015 543 confessionis,
2034 518 2127 537 sensus
2143 511 2274 537 discretio-

1635 553 1675 578 nis
1694 554 1745 579 558
1765 561 1792 579 v.
1812 554 1845 579 47
1864 567 1899 573 -
1918 555 2011 586 culpae
2031 556 2165 587 multiplex
2182 559 2221 581 est
2239 555 2273 581 ib.

1635 597 1651 622 5
1670 611 1705 616 —
1724 601 1893 629 peccatorum
1913 601 1953 624 est
1970 599 2062 631 triplex
2082 600 2132 625 589
2152 607 2178 625 v.
2191 601 2220 625 21
2238 613 2274 619 —

1635 642 1663 667 ln
1682 642 1872 667 memoratione
1885 642 1977 668 mortis
1995 643 2136 674 spiritualis
2155 643 2272 669 flendum

1634 688 1674 711 est
1693 686 1735 712 Vll
1755 685 1806 711 574
1826 687 1859 711 33

1688 744 1724 749 --
1743 730 1850 756 Mortem
1865 731 2036 763 multiplicem
2050 731 2142 763 culpae
2155 732 2220 757 tollit
2232 731 2275 757 be·

1636 774 1758 800 neficium
1777 775 1885 800 divinae
1903 776 2066 807 praesentiae
2086 776 2117 801 Vl
2138 776 2189 801 589
2209 775 2225 800 7
2239 789 2275 795 —

1636 819 1657 844 A
1676 822 1761 844 morte
1779 819 1872 851 culpae
1891 819 2055 851 surgendum
2074 820 2108 845 nd
2121 827 2214 845 vocem
2229 820 2276 846 Dei

1636 870 1684 894 per
1702 863 1829 888 internam
1858 863 2055 895 inspirationem
2075 864 2121 889 311
2147 863 2180 889 49
2200 877 2235 882 -
2253 864 2276 890 Α

1638 910 1721 932 morte
1740 908 1972 939 praevaricationis
1995 908 2088 933 liberat
2107 908 2172 933 fides
2190 911 2216 934 et
2235 908 2275 933 di-

1636 951 1711 977 lectio
1730 952 1781 977 330
1799 951 1834 977 74
1853 966 1888 970 -
1906 953 2036 978 Mortuum
2065 952 2097 978 ad
2124 952 2205 978 vitam
2225 953 2276 984 spi-

1636 996 1756 1021 ritualem
1774 996 1984 1027 recuperandam
2010 996 2153 1028 disponunt
2174 996 2274 1028 peccati

1637 1040 1755 1066 dimissio
1765 1061 1771 1072 ,
1790 1041 1934 1066 occasionis
1948 1041 2009 1072 fuga
2018 1060 2025 1071 ,
2039 1041 2138 1072 peccati
2151 1040 2275 1067 revelatio

1637 1085 1661 1110 in
1681 1085 1844 1110 confessione
1864 1085 1910 1110 591
1934 1092 1960 1110 v.
1975 1085 2008 1110 43
2021 1098 2057 1104 --
2070 1085 2186 1110 Mortuus
2202 1085 2277 1117 spiri-

1635 1129 1711 1154 tualis
1723 1129 1775 1154 exit
1793 1129 1826 1154 de
1839 1129 1960 1161 sepulcro
1974 1129 2001 1154 in
2019 1129 2187 1161 contritione,
2199 1129 2277 1155 solvi-

1636 1176 1677 1199 tur
1690 1173 1717 1198 in
1729 1173 1904 1204 confessione,
1919 1172 1984 1198 lIber
1994 1172 2048 1198 abit
2062 1173 2088 1198 in
2102 1173 2276 1199 satisfactione

1636 1216 1698 1243 ibid.

1690 1275 1725 1280 —
1744 1260 1848 1294 gratiae
1871 1264 1910 1287 est
1937 1261 2028 1293 triplex
2055 1261 2089 1287 Vl
2115 1261 2167 1286 590
2187 1262 2220 1286 10
2241 1275 2276 1280 —-

1638 1306 1722 1331 Homo
1742 1306 1852 1332 moritur
1871 1306 1958 1337 carni,
1972 1306 2087 1336 mundo,
2101 1309 2209 1337 peccato
2223 1313 2275 1331 non

1637 1350 1774 1375 retinendo
1793 1353 1893 1375 motum
1912 1350 1938 1375 in
1951 1350 2001 1375 illis
2013 1350 2054 1375 vel
2067 1357 2174 1375 sensum
2193 1348 2226 1376 ib.
2243 1350 2274 1375 12

1638 1408 1674 1413 -
1693 1395 1757 1420 Mori
1776 1394 1945 1427 spiritualiter
1965 1394 2061 1419 faciunt
2079 1394 2196 1420 studium
2216 1401 2277 1419 con-

1638 1438 1828 1470 temptationis,
1847 1439 1954 1464 affectus
1967 1438 2125 1469 dilectionis,
2145 1438 2277 1464 humilitas

1639 1483 1845 1509 conversationis
1863 1481 1896 1508 ib.
1911 1483 1943 1507 13
1958 1497 1992 1500 -
2006 1482 2105 1514 gratiae
2123 1483 2276 1515 quaerenda

1638 1531 1677 1553 est
1695 1530 1720 1553 et
1739 1527 1866 1559 amanda,
1885 1527 1946 1560 quia
1966 1527 2052 1559 placat
2071 1527 2168 1559 Deum,
2189 1527 2278 1552 aedifi-

1637 1576 1679 1598 cat
1698 1573 1862 1604 proximum,
1876 1572 2016 1603 locupletat
2028 1571 2181 1597 defunctum
2193 1570 2227 1597 z'b.
2242 1571 2276 1597 14

1691 1617 1871 1642 Mouriricnio
1883 1630 1919 1635 —
1932 1616 2017 1641 carnis
2030 1619 2069 1641 est
2082 1616 2186 1647 gladius
2199 1622 2277 1647 expu-

1637 1668 1722 1693 gnans
1742 1660 1876 1686 diabolum
1896 1661 2094 1692 impugnantem
2117 1666 2163 1692 per
2182 1667 2277 1685 concu-

1636 1705 1789 1738 piscentiam
1804 1705 1836 1730 Vl
1850 1705 1901 1730 612
1915 1712 1942 1730 v.
1959 1704 2122 1730 ll—carnis
2131 1705 2214 1729 aufert
2224 1711 2277 1729 ma-

1636 1750 1715 1775 litiam
1729 1750 1758 1774 91
1783 1757 1809 1774 v.
1830 1750 1862 1774 10
1883 1763 1916 1767 -
1936 1748 2053 1774 Christus
2069 1748 2203 1780 sanguinis
2216 1748 2277 1773 effu-

1637 1794 1709 1819 sione
1723 1793 1797 1819 dedit
1812 1793 1961 1825 exemplum
1975 1792 2180 1818 mortificationis
2192 1792 2278 1818 carnis

1637 1838 1688 1863 618
1703 1839 1717 1863 3
1728 1852 1763 1857 -
1773 1836 1857 1863 Homo
1871 1837 2011 1869 spiritualis
2023 1836 2102 1863 debet
2112 1837 2175 1868 ungi
2187 1836 2278 1862 morti-

1637 1882 1756 1907 ficatione
1775 1882 1861 1908 carnis
1878 1882 1913 1907 ad
1931 1882 2067 1907 sanitatem
2081 1881 2132 1907 619
2147 1882 2162 1906 2
2177 1895 2211 1899 —-
2223 1887 2278 1906 car-

1638 1926 1678 1952 nis
1700 1926 1862 1958 significatur
1890 1933 1937 1958 per
1966 1929 2130 1957 unguentum
2154 1926 2278 1957 myrrhae

1638 1969 1701 1996 ibid.
1719 1984 1755 1989 —
1773 1970 1859 1996 carnis
1878 1970 2040 2001 significatur
2058 1970 2084 1995 in
2104 1970 2170 2001 pelle
2189 1969 2240 1995 598
2261 1970 2276 1995 3

1638 2030 1673 2034 -
1692 2014 1816 2047 propriae
1834 2014 1991 2040 carnalitatis
2013 2014 2141 2046 figuratur
2160 2021 2208 2046 per
2226 2014 2279 2046 gla-

1639 2060 1712 2086 dium
1733 2059 1775 2085 Vll
1796 2058 1848 2084 554
1868 2058 1901 2084 48

1693 2104 1793 2130 Monus.
1852 2103 1917 2129 Mori
1935 2104 2034 2129 fructus
2053 2105 2092 2128 est
2117 2102 2202 2134 figura
2226 2102 2280 2128 dia-

1640 2148 1706 2181 boli,
1726 2148 1771 2181 qui
1792 2154 1839 2180 per
1858 2148 1939 2174 fldem
1958 2147 2104 2173 excluditur
2117 2147 2160 2172 Vll
2175 2146 2221 2172 431
2246 2146 2279 2172 16

1640 2207 1675 2212 -
1694 2193 1755 2219 Eius
1773 2193 1873 2218 fructus
1900 2192 1926 2217 in
1954 2193 2018 2218 ssore
2045 2191 2129 2222 albet,
2153 2192 2280 2217 formatus

1640 2238 1741 2269 rutilat,
1762 2237 1910 2263 maturitate
1928 2236 2054 2268 nigrescit
2066 2235 2128 2262 ibid.
2140 2250 2176 2254 -
2189 2242 2280 2261 secun-

1640 2282 1705 2308 dum
1718 2281 1870 2313 allegoriam
1883 2281 2012 2313 significat
2031 2280 2172 2312 imperium
2189 2286 2280 2311 respe-

1641 2330 1682 2352 ctu
1703 2326 1904 2358 praedicationis
1917 2326 2002 2351 crucis
2021 2329 2046 2350 et
2064 2324 2280 2356 evangelicorum
2292 2327 2298 2329 “

1641 2372 1869 2397 sacramentorum
1889 2369 1922 2396 ib.
1943 2370 1976 2395 17
1989 2384 2024 2388 —
2038 2370 2240 2401 transplantatus
2253 2368 2278 2394 in

1641 2422 1714 2440 mare
1732 2414 1861 2446 significat
1888 2414 2101 2446 reprobationem
2124 2413 2280 2439 ludaeorum

1640 2462 1666 2485 et
1683 2459 1835 2484 electionem
1855 2458 1990 2490 gentilium
2010 2461 2178 2490 peccatorum
2194 2456 2261 2487 ibid.

1693 2503 1747 2529 Mos
1765 2516 1799 2522 --
1818 2503 1920 2528 Morum
1949 2502 2077 2527 ordinatio
2103 2501 2281 2533 principaliter

1641 2547 1783 2573 attenditur
1811 2547 1878 2572 circa
1902 2546 2001 2572 cultum
2021 2545 2162 2571 maiestatis
2180 2548 2206 2571 et
2230 2548 2281 2571 stu-

1640 2592 1714 2618 dium
1743 2591 1859 2617 veritatis
1881 2593 1906 2616 et
1925 2590 2042 2616 officium
2061 2590 2164 2622 pietatis
2184 2589 2225 2614 Vll
2245 2589 2281 2615 65

1641 2636 1685 2662 91.
1704 2636 1738 2661 69
1759 2636 1804 2661 111
1829 2649 1864 2654 -
1883 2635 2038 2666 estfduplex
2066 2634 2113 2659 511
2139 2634 2172 2659 30
2191 2648 2226 2651 -
2245 2633 2282 2658 111-

1642 2680 1764 2712 telligitur
1789 2687 1838 2712 per
1856 2679 2107 2711 superscriptionem
2128 2678 2153 2703 in
2173 2677 2281 2703 denario

1641 2723 1704 2751 ibid.
1722 2738 1757 2743 —
1776 2723 1862 2750 bonus
1889 2726 1928 2749 est
1956 2730 2003 2755 per
2025 2723 2113 2748 lumen
2134 2722 2233 2754 gratiae
2256 2724 2283 2747 et

1643 2768 1755 2794 iustitiae
1774 2767 1835 2794 ibid.
1856 2782 1889 2786 —
1909 2768 1993 2793 malus
2011 2770 2050 2792 est
2069 2773 2116 2798 per
2134 2766 2282 2798 appetitum

1643 2811 1793 2844 cupiditatis
1820 2814 1846 2837 et
1873 2811 1999 2837 avaritiae
2021 2809 2084 2837 ibid.
2103 2824 2138 2829 —
2156 2810 2283 2836 Conside-

1643 2856 1709 2881 ratio
1729 2855 1868 2881 moralium
1888 2855 2000 2887 pertinet
2018 2854 2052 2880 ad
2071 2854 2204 2880 scientiam
2224 2860 2282 2886 pra·

1643 2900 1736 2925 cticam
1757 2899 1790 2924 Vl
1812 2899 1843 2924 17
1863 2898 1881 2924 b

1698 2944 1786 2969 11101011
1805 2957 1839 2961 »-
1859 2943 1947 2968 unitur
1966 2942 2004 2968 rei
2024 2945 2110 2968 motae
2129 2942 2160 2967 Vl
2175 2942 2209 2968 37
2222 2949 2249 2975 q.
2262 2942 2279 2967 2

1643 3002 1678 3006 —
1698 2987 1815 3019 separari
1834 2989 1919 3019 potest.
1937 2993 1952 3012 a
1966 2993 2003 3017 re,
2016 2986 2083 3011 nulla
2103 2986 2129 3011 in
2142 2986 2201 3018 ipso
2214 2987 2280 3011 facta

1644 3031 1825 3058 immutatione
1843 3029 1878 3057 ib.
1897 3029 1926 3056 2·

1697 3076 1781 3102 Morus
1799 3088 1834 3094 —
1853 3078 1939 3100 rectus
1961 3081 2013 3100 non
2032 3077 2118 3106 potest
2137 3074 2283 3100 continuari

1643 3121 1710 3146 sicut
1727 3119 1860 3146 circularis
1873 3119 1906 3144 Vl
1926 3118 1977 3144 148
1991 3126 2016 3143 ν.
2032 3118 2064 3143 17
2077 3132 2113 3137 —·
2126 3121 2211 3150 potest
2224 3124 2282 3144 esse

1643 3164 1733 3197 quoad
1752 3163 1939 3194 substantiam,
1965 3163 2131 3196 qualitatem,
2156 3162 2284 3196 quantita-

1643 3212 1711 3242 tem,
1729 3208 1816 3234 locum
1839 3207 1886 3233 157
1906 3214 1932 3232 v.
1951 3207 1985 3232 24

1696 3252 1796 3278 Μογεεε
1815 3265 1849 3269 -
1874 3251 1920 3277 fuit
1947 3251 2078 3282 legislator
2105 3255 2131 3277 et
2158 3250 2283 3276 educator

1643 3297 1757 3322 illiorum
1778 3296 1854 3321 lsrael
1873 3295 1907 3321 de
1925 3295 2026 3327 Aegyto
2040 3295 2084 3321 Vll
2103 3295 2118 3321 3
2139 3294 2154 3320 4
2173 3309 2208 3313 -
2227 3296 2283 3319 erat

1644 3347 1756 3373 persona
1783 3339 1935 3365 honoranda
1963 3342 2071 3371 propter
2094 3338 2282 3370 legislationem

1645 3385 1696 3410 233
1711 3384 1744 3410 53
1754 3397 1789 3403 -
1799 3382 1929 3416 significat
1941 3383 2076 3410 doctorem
2086 3383 2151 3415 legis
2163 3382 2282 3414 divinae,
