2476 3921
194 375 268 396 Aliter.

137 861 214 882 Sensus
229 866 270 880 mo-

176 887 232 907 ralis.

152 1246 209 1269 Item,
230 1250 268 1271 per

144 1272 264 1298 improbita-

145 1301 185 1319 lem
205 1298 269 1318 insul-

145 1325 241 1345 nantium.

140 1921 217 1941 Sensus
227 1921 268 1948 spi-

159 1947 247 1968 rilualis.

129 2361 220 2382 Mutatur
227 2362 277 2382 ordo

147 2388 262 2414 alphabeti.

159 2982 217 3007 nem,
238 2987 275 3009 per

134 3010 272 3035 comparatio-

132 3040 179 3055 nem
198 3035 225 3055 ad
244 3035 274 3055 di-

132 3061 202 3081 vinum
221 3061 275 3081 indi-

132 3087 187 3107 cium
207 3087 275 3114 dupli-

133 3113 193 3134 citer.

292 227 353 259 634

289 314 427 350 exprimit.
448 313 522 348 Ergo
536 312 564 339 in
574 311 686 346 plausu
706 308 875 343 compassio,
891 307 920 335 in
934 306 1019 335 sibilo
1033 304 1197 337 admiratio,
1212 304 1242 331 in

289 363 410 390 motione
431 349 534 395 capitis
549 358 705 393 desperatio
725 356 905 391 intelligitur.
919 355 987 389 Vel,
1009 355 1038 382 in
1054 354 1167 389 plausu
1179 360 1243 380 ma-

289 419 379 438 nuum
398 408 503 437 ablatio
524 407 679 443 potentiae,
701 406 729 433 in
743 405 829 433 sibilo
844 404 950 432 ablatio
971 402 1127 435 doctrinae,
1141 402 1172 429 in
1185 409 1243 428 mo-

291 459 365 487 tione
385 457 489 492 capitis
509 455 614 483 ablatio
642 454 731 482 omnis
752 453 866 481 honoris
887 452 915 480 et
935 451 1041 487 gloriae
1067 448 1242 484 designatur.

290 507 384 542 Super
403 506 498 540 filiam
519 503 695 537 Ierusalem,
717 502 744 529 id
766 501 809 530 est
824 501 931 536 plebem
953 499 1110 532 Iudaicam,
1132 497 1178 526 vel
1192 497 1242 525 cir-

290 554 487 583 cumiacentem
508 553 664 588 regionem3
687 550 826 578 dicentes.-
853 548 998 578 Haeccine
1021 549 1064 575 est
1089 546 1161 574 urbs
1176 553 1242 581 per-

289 604 355 637 fecti
376 602 483 630 decoris
496 601 511 629 .9
531 609 601 636 quae
622 600 688 628 olim
709 608 768 627 esse
790 597 899 627 solebat
921 596 1065 632 gaudium
1091 594 1243 622 universae

290 653 397 685 terrae,
426 650 563 683 Iudaeae3
595 648 668 684 quod
700 647 815 682 propter
847 646 984 681 templum
1015 643 1178 674 dicebatur,
1206 641 1243 669 ad

290 700 361 735 quod
382 699 425 727 ter
446 699 474 726 in
505 706 578 726 anno
598 695 800 729 ascendebant,
833 694 938 723 scilicet
968 694 998 721 in
1026 691 1137 720 Pascha
1157 690 1187 719 et
1213 690 1243 718 in

289 747 451 775 Pentecoste
472 746 501 774 et
521 746 698 780 Scenopegia.

367 796 415 823 32.
437 794 612 822 Moraliter:
632 794 692 821 Per
711 793 790 820 viam
811 792 964 819 transeunt
981 790 1029 825 qui
1049 789 1078 817 in
1100 786 1244 823 praesenti

290 844 348 872 vita
368 844 403 871 ad
422 843 543 878 patriam
558 841 718 877 quotidiano
733 840 860 876 profectu
875 839 1004 867 tendunt.
1019 838 1057 866 Hi
1071 845 1156 872 super
1170 836 1244 864 mul-

289 892 418 920 titudinis
429 891 569 918 miseriam
583 889 718 917 manibus
728 889 887 924 plaudunt,
899 887 965 923 quia
979 886 1113 921 exemplis
1127 893 1243 920 operum

289 948 401 968 suorum
423 940 492 967 alios
506 939 542 966 ad
563 939 635 966 bona
656 946 740 972 opera
754 936 924 969 accendunt3
946 935 1038 963 Isaias
1051 933 1076 962 ¹:
1104 945 1118 958 «
1132 932 1243 961 Montes

289 990 316 1017 et
337 989 421 1017 colles
442 986 598 1015 cantabunt
625 994 718 1014 coram
742 985 820 1013 vobis
840 984 966 1019 laudem,
988 983 1017 1011 et
1044 983 1138 1011 omnia
1164 982 1244 1017 ligna

290 1037 408 1072 regionis
430 1034 565 1071 plaudent
579 1042 663 1062 manu
678 1046 705 1060 >›.
721 1034 776 1061 Per
796 1032 929 1067 sibilum,
944 1032 992 1067 qui
1007 1030 1091 1059 scribi
1112 1038 1169 1059 non
1184 1030 1244 1066 pot-

287 1086 341 1119 est,
364 1084 566 1120 inexplicabilis
588 1082 742 1118 compassio
763 1081 936 1117 intelligitur
955 1080 1022 1114 etc.,
1044 1079 1078 1108 ut
1092 1088 1180 1115 supra
1201 1088 1244 1108 ex-

288 1135 380 1170 posita
402 1133 478 1161 sunt.
1110 1149 1113 1151 ψ

365 1182 413 1215 33.
436 1182 528 1217 (Vers.
552 1180 622 1217 16).
644 1180 714 1208 Pus.
736 1179 928 1214 Aperuerwnt
946 1185 1035 1213 super
1050 1179 1084 1205 te.
1099 1177 1185 1210 Ecce,
1205 1185 1244 1205 se-

286 1232 375 1260 cundo
395 1230 546 1258 declaratio
565 1237 669 1265 poenae
684 1237 734 1264 per
754 1227 971 1263 improbitatem
991 1225 1243 1260 adversariorum,

287 1288 404 1316 quorum
424 1278 591 1314 improbitas
616 1277 816 1306 manifestatur
842 1276 932 1312 primo
957 1284 990 1304 ex
1011 1275 1119 1311 sionis,
1146 1274 1244 1303 deinde

287 1338 319 1357 ex
339 1329 447 1356 verbis:
468 1328 511 1356 Et
525 1327 678 1355 dixerunt:
698 1325 920 1354 Devorabimus.
936 1322 1030 1360 Siyna
1050 1324 1162 1360 quidem
1177 1323 1245 1351 sunt

287 1376 457 1411 cachinnus,
478 1375 581 1404 sibilus
602 1374 631 1403 et
651 1375 781 1403 dentium
795 1373 938 1407 fremitus.
957 1372 1126 1401 Cacliinnus
1141 1372 1245 1400 inteni-

286 1426 379 1461 gitur:
401 1424 591 1460 Aperucrunt
610 1432 697 1459 super
720 1425 744 1451 te
766 1432 797 1452 os
817 1431 904 1451 suwm
929 1430 1027 1451 omnes
1055 1422 1169 1450 inimici
1191 1422 1243 1450 tui.

286 1474 473 1509 Aperuerunt
483 1481 549 1509 ergo
565 1472 677 1508 superbi
689 1473 724 1500 ad
736 1472 981 1505 subsannandum3
994 1471 1022 1499 et
1035 1470 1244 1506 sibilaverunt,

288 1522 477 1558 provocando,
506 1523 533 1549 et
563 1521 743 1555 fremuerunt
770 1520 915 1553 dentibus,
944 1509 1119 1552 dieterrendo.
1140 1535 1181 1539 —
1201 1519 1246 1547 Et

288 1570 432 1598 dixerunt.
447 1570 529 1602 Ecce,
552 1570 708 1605 indignatio
727 1569 841 1597 ostensa
861 1569 889 1596 in
904 1568 1012 1603 verbis,
1034 1569 1125 1603 primo
1146 1562 1244 1596 crude-

290 1619 396 1653 litatis,
418 1618 514 1646 deinde
536 1618 642 1652 impiae
657 1617 863 1653 iucunditatis,
885 1617 940 1644 ibi:
963 1617 1014 1644 En
1036 1617 1094 1644 ista
1112 1618 1154 1644 est
1167 1617 1244 1651 dies,

290 1675 377 1701 quam
399 1666 641 1700 exspectabamus.
656 1682 695 1685 —
710 1666 785 1693 Dicit
805 1674 886 1701 ergo:
909 1665 952 1693 Et
972 1665 1127 1693 dixerunt.-
1153 1665 1246 1693 Devo-

290 1715 418 1742 rabimus
439 1723 513 1747 eam,
536 1714 563 1741 id
584 1714 640 1747 est,
663 1714 775 1749 penitus
796 1713 832 1741 ad
852 1713 964 1741 libitum
986 1713 1173 1741 destruemus.
1194 1712 1247 1741 En

289 1764 347 1790 ista
367 1764 409 1791 est
429 1763 505 1798 dies,
527 1771 616 1798 quam
636 1762 885 1798 ezspectabamus,
907 1761 1105 1796 desiderand03
1135 1762 1247 1790 inveni-

288 1819 365 1846 mus,
388 1811 559 1847 quaerendo;
580 1811 721 1846 vidimus,
744 1811 919 1839 exsultando.

367 1860 414 1888 34.
437 1859 657 1895 Spiritualiter:
678 1860 798 1888 Inimici
819 1860 972 1894 Ecclesiae,
994 1860 1141 1894 haeretici,
1161 1868 1247 1895 super

287 1908 438 1936 Ecclesiam
461 1918 515 1937 ora
537 1910 686 1945 aperiunt,
716 1909 827 1945 quando
849 1909 893 1937 vel
922 1909 1063 1944 simplices
1090 1908 1245 1941 invadunt,

288 1958 320 1985 ut
341 1958 537 1993 corrumpant,
560 1958 605 1986 vel
625 1958 786 1992 laetantur,
808 1967 871 1987 cum
892 1958 1017 1986 defectus
1043 1957 1141 1986 vident
1161 1957 1247 1985 eccle-

289 2008 464 2035 siasticarum
480 2015 672 2042 personarum.
687 2007 723 2036 In
736 2007 821 2035 sibilo
835 2007 940 2035 blanda
955 2007 983 2035 et
997 2007 1100 2035 callida
1113 2006 1247 2041 intelligi-

290 2056 336 2083 tur
358 2056 514 2090 persuasio,
537 2064 592 2091 qua
613 2056 754 2091 simplices
769 2055 927 2091 decipiunt3
948 2055 1078 2095 fremunt
1098 2055 1245 2090 dentibus,

289 2106 353 2140 quia
368 2113 400 2132 ex
415 2113 517 2140 magna
537 2104 673 2133 aviditate
696 2105 858 2140 procedunt.
880 2104 931 2133 Vol
942 2126 948 2138 ,
964 2105 1112 2133 daemones
1126 2104 1246 2137 inimici,

289 2154 335 2188 qui
359 2153 494 2188 aperiunt
515 2161 546 2181 os
575 2161 624 2188 per
650 2153 901 2186 machinationem,
923 2153 1047 2181 sibilant
1074 2162 1123 2189 per
1145 2161 1248 2189 sugge-

290 2202 422 2235 stionem,
444 2201 571 2235 fremunt
592 2201 741 2236 dentibus,
764 2201 952 2237 pertrahendo
974 2202 1010 2230 ad
1037 2201 1247 2230 subversionem

289 2250 316 2277 et
337 2250 480 2278 aeternam
502 2250 719 2278 damnationem.

370 2299 461 2332 Nota,
483 2299 556 2334 quod
576 2298 622 2326 hic
642 2298 771 2326 mutatur
788 2299 855 2327 ordo
879 2299 1040 2334 alphabeti;
1062 2300 1128 2335 quia
1153 2307 1248 2328 secun-

290 2348 354 2375 dum
377 2348 536 2375 Hebraeum
558 2347 586 2375 et
607 2345 776 2374 Rabanum²
799 2347 844 2375 hic
867 2348 981 2382 ponitur
1002 2348 1066 2376 Phe
1086 2348 1153 2376 ante
1170 2347 1246 2383 Ain,

291 2404 353 2424 cum
375 2405 388 2423 e
410 2396 551 2424 contrario
580 2396 617 2423 sit
644 2396 673 2423 in
699 2395 851 2430 alphabeto
880 2396 1075 2431 praecedenti;
1104 2397 1178 2424 unde
1205 2396 1248 2423 illi

293 2445 399 2472 versui:
422 2444 609 2479 Aperuerwnt
622 2444 689 2477 eta,
705 2444 888 2479 praeponitur
905 2444 1003 2472 littera
1023 2444 1102 2479 Phe,
1124 2445 1166 2472 illi
1181 2452 1246 2472 vero

291 2493 444 2528 sequentis
456 2493 540 2520 Fecit
560 2493 720 2527 Dominus,
743 2493 927 2527 praeponitur
947 2492 1046 2521 littera
1066 2492 1138 2520 Ain.
1160 2492 1249 2519 Nimi-

292 2550 353 2569 rum
385 2541 426 2568 illi
458 2541 568 2569 versui:
602 2539 790 2575 Aperuerunt
821 2549 907 2575 super
938 2542 963 2568 te
991 2549 1023 2569 os
1050 2541 1117 2574 etc.,
1149 2548 1249 2568 conve-

287 2590 335 2617 ‘nit
367 2590 470 2624 optime
500 2589 599 2617 littera
626 2589 705 2623 Phe,
737 2597 808 2624 quae
835 2588 1042 2623 interpretatur
1073 2589 1143 2616 oris.
1177 2587 1249 2621 Quid

292 2637 365 2664 enim
386 2637 486 2664 melius
501 2636 685 2671 praeponitur
699 2636 839 2670 apertioni
861 2636 938 2664 oris?
959 2636 1008 2663 Illi
1022 2635 1118 2663 autem
1139 2636 1247 2663 versui:

293 2684 377 2711 Fecit
398 2684 544 2711 Dominus
565 2683 632 2715 etc.,
654 2682 728 2710 recte
755 2683 941 2717 praeponitur
960 2683 1059 2710 littera
1080 2681 1156 2717 Ain,
1178 2691 1249 2718 quae

293 2731 498 2766 interpretatur
512 2730 592 2766 fons,
614 2730 680 2766 quia
694 2730 827 2765 cogitatio
841 2730 886 2758 vel
900 2730 1046 2765 dispositio
1061 2730 1112 2758 Dei
1129 2730 1192 2758 fons
1206 2730 1250 2758 ost

295 2779 323 2806 et
343 2788 427 2807 causa
456 2779 544 2807 totius
572 2779 687 2807 ordinis.
708 2778 777 2811 Vel,
806 2778 869 2806 Ain
896 2778 1103 2814 interpretatur
1131 2779 1248 2814 oculus,

295 2828 368 2863 quod
388 2828 518 2863 congruit
540 2827 699 2863 proposito,
721 2828 787 2862 quia
802 2826 872 2854 nihil
893 2826 971 2855 aliud
985 2826 1029 2855 est
1049 2827 1183 2863 cogitatio
1198 2827 1249 2856 Dei

294 2876 348 2903 nisi
369 2876 546 2911 providentia
565 2876 637 2904 oculi
659 2876 711 2903 sni.

373 2924 421 2951 35.
438 2925 530 2959 (Vers.
546 2924 617 2960 17.).
633 2924 697 2952 Am.
713 2923 797 2952 Fecit
817 2923 971 2953 Dominus.
993 2924 1046 2953 Hic
1061 2925 1145 2954 tertio
1160 2926 1249 2955 mani-

294 2972 380 3000 festat
405 2973 594 3001 calamitatem
617 2981 666 3008 per
687 2973 933 3007 comparationem
954 2974 994 3002 ad
1018 2974 1146 3003 divinasm
1174 2984 1250 3004 eom-

293 3021 480 3048 minationem
495 3030 543 3049 seu
564 3021 830 3049 consummationem
846 3021 1002 3051 divinorum
1024 3023 1197 3052 iudiciorum.
1211 3024 1250 3051 Et

293 3068 377 3096 habet
398 3069 467 3097 duas
492 3069 606 3104 partes:
629 3069 694 3104 quia
716 3069 804 3104 primo
826 3070 920 3106 tangit
941 3071 1074 3099 divinum
1094 3071 1249 3106 iudicium;

367 3267 374 3282 ¹
396 3268 456 3300 Cap.
478 3269 527 3300 55,
546 3270 587 3295 ⁴2.

366 3303 376 3318 ²
396 3304 525 3336 Expositio
543 3312 622 3337 super
641 3306 732 3331 lerem.
752 3306 838 3338 XVlll,
859 3306 1024 3333 introductio.

300 3372 342 3399 ⁴5·
360 3336 459 3407 ξᾷξξῗᾱ.
479 3339 499 3365 Α
517 3339 684 3373 intonantur,
700 3341 719 3366 B
738 3340 916 3375 imputantur.
931 3355 966 3361 —
980 3343 1102 3377 Sequitur
1116 3343 1190 3369 Deui.
1205 3343 1252 3375 28,

994 215 1190 250 EXPOSlTlO
1213 214 1444 248 THRENORUM
1468 213 1499 246 C.
1525 213 1558 245 ΙΙ.

1306 303 1436 336 secundo,
1449 302 1541 330 divini
1553 302 1655 330 iudicii
1667 300 1814 335 effectum.-
1824 301 1987 330 Destruxit.
1999 318 2039 322 —
2049 302 2119 331 Eius
2132 303 2275 331 iudicium

1307 350 1467 379 ostenditur
1487 358 1538 386 per
1555 350 1794 385 comparationem
1810 347 1855 378 'ad
1872 350 1965 385 ipsius
1989 350 2208 386 dispositionem
2229 360 2275 380 oc-

1307 399 1417 427 cultam
1439 400 1545 434 primo,
1566 398 1664 426 deinde
1689 406 1739 433 per
1762 398 2001 434 comparationem
2020 399 2057 427 ad
2077 401 2136 428 eius
2161 400 2275 428 commi-

1306 448 1453 476 nationem
1467 448 1499 475 in
1521 447 1679 482 Scriptura
1700 455 1884 482 expressam.-
1909 447 2077 483 Oomplevit.

1389 495 1465 524 Dicit
1485 503 1567 531 ergo:
1590 495 1676 524 Fecit
1696 496 1861 531 Dominus,
1884 488 1980 532 quasi:
2002 496 2026 524 si
2047 497 2178 532 quaeris:
2201 497 2275 525 unde

1307 545 1391 573 tanta
1412 544 1561 573 calamitas
1573 545 1586 572 ’ἓ
1607 544 1689 572 Certe
1710 544 1786 573 iusto
1808 544 1859 573 Dei
1873 545 1989 579 iudicio,
2011 545 2079 581 quia
2100 545 2219 574 noluisti
2232 545 2276 574 fa-

1306 602 1368 622 cere
1389 593 1462 629 quod
1484 593 1637 628 praecepit.
1669 593 1756 621 Fecit
1781 593 1931 622 Dominus
1959 601 2033 629 quae
2061 594 2216 630 cogitavit,
2245 594 2275 622 id

1306 642 1365 677 est,
1387 642 1532 678 sapienter
1552 641 1692 677 disposuit
1706 642 1806 675 contra
1820 642 1977 670 Ierusalem
1999 642 2028 670 et
2045 642 2197 677 Iudaeam;
2218 650 2275 671 non

1306 699 1374 727 ergo
1394 690 1525 719 hostibus
1553 690 1598 718 est
1625 690 1677 718 hoc
1704 690 1901 725 tribuendum,
1925 691 1974 719 sed
1994 690 2030 719 ad
2058 691 2186 719 divinum
2207 691 2275 719 refe-

1307 739 1425 768 rendum
1441 739 1583 767 iudicium.
1594 755 1635 759 ——
1650 738 1812 774 Complevit
1826 747 1987 768 sermonem
2005 747 2105 775 suum,
2121 739 2274 768 sceleribus

1307 788 1405 824 populi
1420 787 1606 823 provocatus,
1628 796 1712 823 quem
1721 789 1930 824 praeceperat,
1954 797 2004 824 per
2023 788 2184 824 Prophetas
2204 796 2274 817 nun·

1307 837 1390 870 tiari,
1413 845 1432 865 a
1446 836 1544 869 diebus
1566 837 1706 872 antiquis.
1721 836 1789 870 Vel,
1812 845 1903 865 sermo
1912 838 2139 872 praeceptorum
2159 837 2190 865 in
2203 845 2275 865 com-

1306 886 1516 914 minationibus
1537 885 1710 921 completum
1739 886 1903 921 praemissis
1924 886 1998 914 enim
2028 886 2187 922 praeceptis
2208 886 2276 915 sub<

1306 934 1466 970 iunguntur
1486 934 1712 968 benedictiones,
1734 934 1837 970 quibus
1857 935 1893 962 ad
1914 935 2042 970 ipsorum
2064 935 2275 964 observantiam

1307 983 1512 1017 attrahuntur,
1544 983 1573 1012 et
1601 983 1699 1012 deinde
1725 984 1936 1013 maledictiones
1967 984 1996 1012 et
2027 984 2273 1018 comminationes,

1307 1040 1379 1068 qnae
1400 1032 1662 1068 transgressoribus
1682 1032 1876 1068 imprecantur
1888 1031 1909 1067 ⁸,
1931 1032 2005 1061 sicut
2026 1032 2107 1068 patet
2126 1033 2156 1061 in
2171 1033 2276 1062 Deute-

1308 1081 1443 1109 ronomio.
1466 1081 1510 1109 Sic
1531 1089 1598 1116 ergo
1612 1081 1765 1116 complevit
1786 1089 1957 1115 sermonem,
1972 1090 2054 1117 quem
2076 1081 2274 1117 praeceperat,

1308 1129 1435 1158 faciendo
1455 1129 1529 1165 quod
1551 1129 1814 1165 transgressoribus
1835 1129 2023 1158 comminatus
2045 1129 2148 1158 fuerat.
2162 1145 2204 1151 —
2224 1130 2277 1158 Sed

1309 1186 1361 1213 pro
1381 1177 1484 1212 effectu
1505 1178 1652 1214 sequitur:
1675 1178 1847 1214 Destruxit,
1867 1178 2012 1206 civitatem
2027 1187 2090 1207 cum
2111 1178 2277 1214 pertinenti-

1308 1226 1378 1261 bus3
1399 1228 1427 1255 et
1439 1235 1500 1255 non
1510 1227 1654 1265 pepercit,
1676 1228 1705 1255 in
1727 1227 1831 1255 ultima
1845 1227 2029 1262 captivitate,
2051 1227 2164 1263 quando
2183 1227 2277 1256 totum

1309 1276 1390 1304 illum
1406 1276 1541 1311 populum
1557 1276 1754 1312 temporaliter
1767 1276 1934 1311 dissipavit3
1950 1276 2110 1311 destruoeit,
2125 1276 2277 1305 auferendo

1309 1323 1539 1358 delectationem;
1560 1333 1621 1352 non
1647 1324 1795 1359 pepercit,
1825 1324 1966 1359 puniendo
1992 1332 2043 1360 per
2064 1324 2278 1353 tribulationem

1310 1372 1495 1408 praeteritam
1517 1373 1671 1401 libidinem.
1686 1373 1843 1401 Destruxit
1864 1373 1992 1409 quidem,
2013 1374 2080 1409 quia
2094 1373 2203 1401 destrui
2217 1382 2278 1409 per-

1310 1422 1404 1456 misit,
1424 1422 1500 1462 unde
1523 1422 1666 1458 sequitur:
1690 1422 1733 1450 Et
1759 1422 1929 1457 laetificavit
1953 1430 2042 1457 super
2063 1423 2088 1450 te
2108 1422 2276 1458 inimicum,

1310 1470 1483 1499 Chaldaeum
1505 1471 1534 1499 et
1555 1471 1713 1499 Romanum
1734 1471 1779 1499 vel
1800 1471 1908 1499 vicinas
1929 1471 2046 1507 gentes,
2068 1479 2140 1507 quae
2153 1470 2278 1499 latenter

1309 1520 1349 1548 eis
1371 1520 1467 1549 hostes
1489 1520 1620 1554 fuerunt3
1643 1521 1670 1548 et
1695 1520 1838 1549 exaltavit
1857 1528 1963 1556 cornu,
1985 1520 2013 1548 id
2041 1520 2085 1549 est
2106 1519 2278 1556 potestatem

1310 1568 1338 1597 et
1358 1569 1493 1605 gloriam,
1516 1569 1644 1598 hostium
1666 1570 1792 1598 tuorum.

1390 1618 1440 1646 36.
1462 1618 1557 1654 (Vers.
1580 1618 1640 1654 18.)
1663 1619 1746 1646 SADE.
1773 1617 1918 1647 Clamavit
1938 1627 1988 1647 cor
2003 1626 2113 1646 eorum.
2135 1618 2213 1647 Haec
2233 1618 2278 1646 est

1311 1666 1412 1702 quarta
1437 1675 1505 1707 pars
1526 1667 1654 1703 capituli,
1676 1668 1705 1695 in
1734 1675 1789 1703 qua
1811 1667 1877 1702 post
1905 1666 2076 1702 descriptam
2103 1666 2277 1702 praedictam

1310 1715 1511 1744 desolationem
1534 1715 1574 1743 acl
1600 1715 1790 1744 desolationis
1811 1716 1970 1744 remedium
1997 1715 2154 1751 informat,
2176 1715 2212 1743 ad
2232 1724 2278 1751 ge-

1310 1764 1412 1792 mitum
1433 1764 1462 1792 et
1482 1764 1735 1800 compunctionem.
1756 1764 1853 1793 Primo
1867 1764 1963 1793 autem
1985 1764 2081 1801 tangit
2102 1765 2277 1800 deprecatio-

1310 1813 1357 1841 nis
1379 1813 1468 1841 liuius
1488 1813 1736 1848 opportunitatem
1764 1813 1882 1848 propter
1913 1812 2064 1841 elationem
2084 1813 2276 1846 inimicorum;

1311 1861 1409 1889 deinde
1431 1861 1570 1890 hortatur
1598 1869 1725 1889 epercere
1746 1870 1775 1890 se
1803 1862 1843 1891 ad
1864 1862 2112 1897 compunctionem
2132 1862 2160 1890 et
2184 1861 2277 1897 yemi-

1312 1912 1390 1946 tum,
1411 1910 1465 1939 ibi:
1487 1910 1591 1939 Deduc
1612 1911 1698 1946 quasi
1720 1912 1886 1939 torrentem.

1392 1959 1467 1988 Dicit
1488 1968 1555 1996 ergo
1581 1968 1633 1995 pro
1654 1960 1760 1995 primo:
1787 1958 1934 1988 Clamavit
1962 1968 2012 1988 cor
2032 1968 2150 1996 eorwm,
2178 1959 2207 1988 id
2234 1958 2279 1987 est

1310 2008 1506 2042 inimicorum,
1529 2007 1570 2036 ad
1589 2008 1766 2045 Dominum,
1787 2008 1816 2037 id
1830 2008 1874 2037 est
1895 2008 1995 2037 contra
2016 2008 2183 2042 Dominum,
2206 2006 2279 2036 sicut

1311 2057 1401 2085 simile
1423 2056 1526 2085 dicitur
1546 2057 1576 2085 in
1591 2057 1693 2086 Genesi
1707 2056 1734 2085 ⁴:
1761 2068 1775 2082 ‹<
1791 2057 1904 2087 Clamor
1917 2057 2099 2086 Sodomorum
2114 2057 2143 2086 et
2164 2057 2278 2085 Gomor-

1311 2105 1380 2134 rhae
1401 2106 1610 2141 multiplicatus
1631 2105 1676 2134 est
1689 2117 1718 2133 γι.
1744 2105 1892 2134 Clamavit
1911 2113 1978 2142 ergo
2004 2113 2055 2134 cor
2078 2113 2194 2140 eorum,
2216 2113 2278 2134 con-

1312 2155 1461 2184 temnendo
1483 2155 1587 2189 Deum,
1609 2163 1697 2190 super
1711 2163 1812 2183 muros
1833 2154 1915 2189 filiae
1938 2154 2026 2189 Sion,
2048 2154 2077 2182 id
2097 2154 2142 2182 est
2162 2154 2280 2189 propter

1312 2212 1458 2232 murorum
1479 2203 1713 2237 destructionem,
1735 2212 1768 2231 ex
1789 2203 1841 2232 hoc
1855 2203 1962 2231 scilieet
1982 2203 2150 2239 gloriantes.
2171 2203 2214 2231 Ex
2228 2202 2280 2232 hoc

1313 2261 1380 2288 ergo
1402 2252 1464 2281 erat
1485 2252 1687 2287 opportunitas
1701 2251 1869 2286 deprecandi
1890 2251 2058 2285 Dominum,
2081 2252 2210 2287 quamvis
2223 2260 2280 2280 non

1313 2301 1464 2337 agentibus
1486 2301 1595 2328 meritis
1610 2300 1794 2333 Iudaeorum,
1817 2299 1866 2327 sed
1880 2299 2023 2328 demeritis
2038 2300 2278 2334 adversariorum,

1314 2350 1387 2378 sicut
1408 2349 1479 2376 dixit
1500 2347 1673 2376 Ezechias⁶:
1700 2359 1715 2372 α
1729 2347 1849 2381 Inclina,
1872 2347 2004 2382 Domine,
2025 2357 2122 2377 aurem
2143 2349 2224 2377 tuam
2251 2350 2280 2378 et

1313 2397 1395 2431 audi3
1417 2397 1509 2432 aperi,
1533 2396 1666 2429 Domine,
1689 2396 1783 2424 oculos
1805 2396 1869 2425 tuos
1895 2396 1924 2425 et
1944 2397 2007 2426 vide
2035 2398 2064 2426 et
2094 2398 2161 2426 audi
2187 2399 2281 2427 omnia

1313 2445 1400 2473 verba
1420 2444 1626 2479 Sennacherib,
1647 2453 1718 2480 quae
1739 2445 1819 2473 misit
1845 2445 1881 2473 ad
1907 2445 2161 2482 blasphemandum
2189 2447 2280 2476 Deum

1313 2492 1456 2520 viventem
1471 2503 1499 2519 ».
1514 2508 1555 2512 »-
1568 2492 1687 2526 Deduc;
1701 2500 1761 2520 eece
1771 2514 1777 2526 ,
1800 2493 1938 2521 hortatur
1953 2494 1993 2522 ad
2009 2495 2149 2530 yemitwm
2162 2497 2190 2523 et
2204 2503 2281 2523 com-

1308 2540 1515 2576 punctionem,
1536 2540 1565 2568 et
1592 2539 1726 2568 hortatur
1751 2540 1787 2568 ad
1808 2541 1877 2569 tria:
1901 2543 2005 2577 primo,
2034 2543 2071 2571 ad
2098 2543 2280 2578 deploranda

1308 2589 1430 2623 peccata
1445 2588 1593 2623 propria,·
1621 2588 1734 2622 deinde,
1761 2589 1797 2617 ad
1819 2589 2004 2619 laudandum
2029 2591 2130 2619 divina
2149 2584 2278 2627 iudicia,

1311 2635 1364 2664 ibi:
1384 2635 1545 2672 Consuryc,
1564 2637 1672 2671 lauda,·
1686 2637 1783 2672 tertio,
1799 2639 1835 2667 ad
1848 2639 2071 2674 ‘implorandum
2082 2640 2184 2668 divina
2192 2646 2279 2673 prae-

1312 2684 1399 2720 sidia,
1414 2684 1466 2712 ibi:
1482 2684 1612 2719 Effundc
1624 2686 1700 2714 sicut
1714 2695 1833 2722 aquam.
1844 2704 1885 2707 —
1894 2688 1931 2716 In
1945 2688 2038 2723 prima
2052 2687 2135 2723 parto
2145 2686 2280 2715 hortatur

2303 314 2334 336 De
2353 315 2420 338 divino

2294 340 2373 363 indicio
2386 342 2429 365 duo.
2440 343 2445 381 Ἰ

2444 397 2445 417 l

2445 445 2447 476 l

2290 526 2295 530 ι
2315 481 2447 530 (131011ᾱίῑοπέ

2289 526 2401 557 merendis
2415 533 2434 549 o·
2446 524 2448 536 '

2289 555 2338 574 sitio
2348 559 2397 575 occu
2409 556 2433 576 la.

2298 742 2436 766 Comminatio

2304 774 2411 796 expressa.

2301 1134 2332 1156 De
2347 1135 2421 1157 effectu
2458 1126 2459 1131 ¹

2322 1162 2405 1184 iudicii.

2354 1623 2440 1649 Quarto,

2296 1649 2323 1671 de
2330 1649 2442 1671 desolatio-

2296 1677 2330 1698 nis
2346 1676 2441 1697 remedio

2296 1703 2347 1725 dno.

2305 1967 2444 1998 Deprecatio-

2297 2001 2331 2025 nis
2342 1997 2443 2022 opportu-

2297 2023 2354 2042 nitas
2359 2038 2364 2042 .

2306 2498 2404 2520 noriano
2418 2498 2445 2519 ad

2301 2524 2446 2552 compunctio-

2298 2557 2347 2573 nem
2376 2551 2445 2578 tripli-

2298 2577 2360 2599 citer.

1313 2732 1348 2760 ad
1365 2733 1550 2768 lacrymandi
1569 2734 1790 2770 vehementiam
1812 2736 1932 2765 secundo
1942 2758 1948 2770 ,
1963 2736 2000 2764 ad
2021 2737 2222 2772 lacrymarum
2237 2735 2279 2763 in·
2292 2740 2326 2761 Ad
2333 2740 2445 2767 deploran-

1314 2779 1459 2814 dcfhssam
1480 2782 1670 2811 instantiam:
1690 2783 1764 2811 Non
1792 2783 1840 2812 des
1861 2784 1991 2819 requiem
2018 2784 2070 2811 tibi
2082 2793 2092 2817 ;
2112 2783 2214 2816 tertio,
2243 2783 2279 2812 ad

1315 2829 1515 2865 lacrymarum
1531 2832 1793 2866 perseverantiam:
1815 2832 1916 2867 Neque
1935 2833 2037 2860 taceat.
2086 2868 2089 2870 -

1394 2878 1442 2906 37.
1457 2879 1533 2907 Dicit
1547 2888 1628 2915 orgo:
1648 2880 1764 2915 Deduc,
1780 2888 1795 2908 o
1811 2880 1871 2908 filia
1886 2880 1967 2913 Sion,
1989 2880 2086 2915 quasi:
2106 2880 2279 2916 spontaneae

1313 2927 1372 2955 sint
1391 2927 1547 2963 lacrymae,
1570 2936 1626 2956 non
1647 2928 1790 2961 extortae;
1812 2928 1872 2961 vel,
1895 2927 2002 2964 deduc,
2023 2928 2052 2956 id
2070 2928 2127 2962 est,
2149 2928 2278 2958 deorsum

1313 2976 1365 3004 duc
1385 2976 1422 3004 ad
1436 2977 1646 3005 mundationem
1661 2976 1847 3005 conscientiae
1862 2985 1912 3012 per
1927 2977 2185 3012 001111111110110110111·7
2202 2978 2280 3006 Psal-

1313 3023 1413 3052 mus⁴³z
1441 3036 1454 3049 α
1473 3025 1587 3053 Lavabo
1609 3033 1659 3060 per
1680 3025 1808 3060 singulas
1830 3025 1925 3053 noctes
1946 3025 2050 3054 lectum
2079 3034 2170 3055 meum
2187 3037 2220 3061 »ς
2247 3027 2280 3055 ut

1313 3073 1377 3101 indo
1398 3073 1553 3101 ascendant
1568 3081 1618 3108 per
1642 3072 1816 3101 devotionem
1831 3073 1986 3109 lacrymam
2012 3075 2099 3110 quasi
2124 3077 2279 3104 torrentem

1388 3271 1399 3286 ⁴
1418 3271 1483 3303 Cap.
1504 3272 1551 3303 ie,
1570 3272 1613 3298 20.

1387 3303 1399 3320 ⁸
1418 3307 1496 3338 Apud
1515 3307 1570 3333 lsai.
1591 3308 1638 3340 37,
1659 3309 1701 3334 ⁷17.

1388 3340 1399 3356 ³
1419 3343 1511 3368 Psulm.
1532 3343 1562 3374 6,
1580 3342 1606 3369 7.
1627 3358 1659 3362 -
1679 3345 1744 3370 intra
1764 3352 1812 3377 pro
1831 3344 1891 3372 inde
1912 3346 1957 3380 (ita
1976 3346 2006 3379 B)
2021 3346 2041 3372 Α
2054 3346 2136 3379 mihi,
2151 3347 2209 3373 Vat.
2224 3353 2279 3373 cor-

1316 3380 1394 3409 rupte
1413 3378 1443 3404 ut
1460 3384 1516 3404 non
1533 3378 1682 3406 ascendant
1697 3387 1745 3414 per
1765 3380 1959 3408 indevotionem
1978 3380 2127 3417 lacrymae.

2305 2767 2332 2788 da
2357 2769 2445 2797 peccata

2305 2799 2392 2841 l'r‘ssl'm
2407 2799 2445 2820 '³⁰‘

2305 2881 2444 2908 lacrymandi

2302 2908 2445 2930 vehementia.
