2476 3921
10 907 75 966 {turris
90 916 132 943 pri-

30 1128 131 1152 secunda.

7 1291 8 1321 l
54 1289 129 1312 Tertia.

46 1503 130 1530 Quarta.

47 1765 130 1797 Quinta.

46 1930 124 1954 Sexta.

31 2144 130 2172 Septima.

5 2466 73 2491 'eptem
91 2465 132 2488 vii·-

35 2493 96 2513 tutes.

735 224 930 258 COMMENT.
957 225 993 258 lN
1017 225 1257 259 EVANGELlUM
1280 227 1398 259 LUCAE
1422 228 1454 260 C.
1480 230 1554 262 XlV.

241 315 333 349 Circa
357 314 539 357 parabolam
562 314 602 347 de
625 313 756 347 homine
779 313 976 356 aedificante
1000 314 1060 346 tria
1076 314 1120 347 in-

14 389 24 405 e
37 379 133 413 parabola
153 369 376 407 troducuntur,
401 368 520 401 scilicet
543 368 709 410 conceptio
722 367 888 410 propositi
903 367 1118 409 aedificandi,

14 408 84 441 aminis
96 411 130 427 ae-

14 429 112 457 uocantis

150 422 299 466 provisio
322 421 519 465 sufficientis
534 421 707 464 stipendii,
723 421 899 454 declinatio
917 420 1119 453 imminentis

152 474 333 518 opprobrii.

239 529 291 561 57.
316 527 416 570 (Vers.
446 527 524 569 28).
551 527 654 560 Primo
679 527 776 569 igitur
800 530 955 570 quantum
980 527 1018 560 ad
1043 537 1118 560 con-

12 541 131 689 iminum.
153 582 328 624 ceptionem
347 580 516 624 propositi
540 580 744 623 aedificandi
764 580 856 613 dicit:
875 581 958 621 ,Quis
974 581 1061 613 enim
1078 590 1118 613 ex

150 635 255 675 vobis,
279 635 389 667 volens
413 634 595 676 aedificare
618 638 746 667 turrem
761 636 781 667 ¹.
802 635 859 667 Pei
876 639 1016 674 turrem,
1035 644 1117 677 quae

150 691 198 722 est
209 688 386 721 aedilicium
400 688 608 727 altissimum,
626 696 796 729 possumus
813 687 988 730 intelligere
1005 697 1117 721 cumu-

151 743 214 776 lum
228 741 429 784 perfectionis
442 741 645 780 meritorum,
659 750 741 783 quae
753 741 908 783 gradatim
925 741 1065 774 ascendit
1077 741 1117 773 ab

150 796 212 828 imo
226 804 329 837 usque
345 794 383 828 ad
401 804 575 834 summum,
592 794 745 836 incipiens
757 804 776 827 a
787 793 1008 836 fundamento
1022 795 1116 827 timo-

151 849 200 882 ris
216 851 247 881 et
263 848 451 890 perveniens
468 857 571 890 usque
587 847 628 880 ad
643 847 772 880 culmen
787 848 972 890 sapientiae
992 847 1116 891 deifor-

149 901 222 934 mis.
247 902 284 934 Et
311 905 359 935 est
382 902 487 944 primo
519 901 712 934 aedificanda
736 901 837 934 turris
860 901 942 934 doni
965 901 1116 940 timoris,

149 956 187 989 de
210 964 274 998 qua
297 958 400 997 potest
424 955 553 997 intelligi
579 955 657 987 illud
674 955 830 988 Micliaeae
846 955 1006 997 quarto²z
1028 968 1043 983 «
1057 955 1115 993 Tu,

150 1009 248 1042 turris
278 1009 383 1051 gregis
414 1009 581 1048 nebulosa,
606 1017 709 1050 usque
741 1008 779 1041 ad
808 1012 839 1041 te
864 1008 1015 1047 veniet»,
1040 1008 1116 1050 quia

151 1062 243 1095 timor
266 1062 435 1104 parvulum
461 1062 534 1095 facit
565 1071 606 1094 ex
643 1061 893 1094 consideratione
929 1062 1046 1094 iudicii.
1073 1079 1114 1085 —

150 1114 291 1149 Secunda
315 1115 415 1148 turris
439 1118 487 1148 est
507 1114 661 1157 pietatis,
686 1115 724 1148 de
748 1124 812 1157 qua
841 1115 934 1148 Isaiae
959 1115 1113 1157 quinto³z

154 1182 169 1198 «
186 1169 364 1202 Aedificavit
401 1169 516 1202 turrim
553 1169 584 1201 in
619 1169 722 1201 medio
758 1169 867 1201 vineae
904 1172 935 1202 et
974 1169 1115 1201 torcular

149 1222 311 1256 exstruxit
334 1222 366 1255 in
391 1231 426 1255 ea
443 1236 474 1261 »,
500 1222 575 1264 quia
606 1222 706 1264 pietas
737 1222 841 1254 oritur
865 1231 906 1255 ex
934 1222 1113 1256 considera-

151 1276 233 1310 tione
257 1276 421 1318 passionis.
446 1294 492 1300 ——
516 1275 621 1309 Tertia
646 1279 693 1308 est
718 1275 818 1308 turris
840 1275 1014 1314 scienciae;
1037 1275 1115 1308 Can-

149 1329 283 1362 ticorum
308 1333 438 1372 quarto:
467 1343 483 1358 «
501 1329 588 1362 Sicut
614 1328 712 1362 turris
737 1329 834 1362 David
859 1329 976 1362 collum
1004 1332 1112 1369 tuum,

149 1392 231 1425 quae
252 1381 414 1416 aedificata
445 1386 492 1415 est
523 1392 595 1415 cum
620 1383 878 1425 propugnaculis.
909 1383 990 1416 Mille
1014 1383 1113 1425 clypei

149 1436 284 1478 pendent
307 1445 348 1469 ex
373 1445 426 1475 ea,
452 1436 554 1469 omnis
577 1440 742 1469 armatura
758 1436 887 1469 sortium
902 1451 916 1465 »
940 1441 1011 1475 etc.;
1029 1437 1114 1479 quod

149 1489 334 1531 intelligitur
356 1489 395 1522 de
420 1489 549 1522 scientia
573 1499 682 1523 sacrae
711 1490 902 1532 scripturae.
930 1509 971 1514 —
996 1492 1116 1532 Quarta

149 1545 196 1575 est
210 1542 310 1575 turris
319 1541 551 1585 fortitudinis‚·
567 1543 811 1576 Proverbiorum
828 1544 951 1577 decimo
967 1548 1077 1577 octavo
1086 1546 1114 1577 4:

154 1608 171 1624 α
187 1596 299 1628 Turris
323 1596 511 1636 fortissima,
543 1606 657 1630 nomen
689 1597 831 1637 Domini;
857 1598 895 1630 ad
919 1607 988 1630 eam
1013 1599 1115 1631 currit

149 1649 253 1682 iustus
282 1652 315 1683 et
344 1650 538 1684 exaltabitur
561 1663 592 1690 »;
617 1655 648 1684 et
676 1651 707 1684 in
740 1652 879 1685 Psalmo:
916 1666 931 1681 «ε
948 1653 1114 1686 Deduxisti

149 1712 214 1743 me,
239 1704 314 1747 quia
337 1704 442 1743 factus⁴
455 1713 489 1738 es
505 1714 576 1747 spes
592 1714 680 1745 mea,
698 1705 798 1739 turris
814 1705 1009 1739 fortitudinis
1022 1720 1038 1735 ι)
1055 1709 1113 1739 etc.

150 1775 191 1781 —
215 1758 331 1799 Quinta
362 1762 410 1791 est
445 1759 545 1791 turris
573 1758 723 1798 consilii,
747 1759 787 1792 de
819 1769 882 1802 qua
913 1759 1114 1792 Canticorum

149 1811 322 1853 septimo⁵:
354 1812 486 1845 «Nasus
522 1815 597 1845 tuus
633 1812 715 1845 sicut
752 1813 851 1845 turris
883 1813 1008 1852 Libani,
1033 1821 1115 1855 quae

149 1865 276 1908 respicit
298 1869 408 1898 contra
432 1866 618 1899 Damascum
632 1878 664 1905 »;
688 1867 764 1908 quia
787 1867 952 1900 consilium
977 1870 1025 1900 est
1041 1876 1115 1899 con-

148 1921 198 1953 tra
220 1918 348 1952 insidias
371 1919 498 1951 inimici.
523 1938 569 1943 —
595 1919 691 1952 Sexta
716 1920 815 1953 turris
838 1923 886 1953 est
915 1920 1113 1959 intellectus,

148 1971 187 2004 de
210 1981 273 2014 qua
307 1972 508 2005 canticorum
543 1972 690 2014 septimo:
720 1986 735 2001 α
752 1973 874 2006 Collum
905 1977 997 2006 tuum
1033 1973 1115 2007 sicut

149 2024 249 2057 turris
272 2024 429 2064 eburnea;
453 2024 536 2057 oculi
563 2025 608 2057 tui
627 2024 709 2058 sicut
725 2026 862 2067 piscinae
880 2026 910 2058 in
929 2026 1068 2059 Hesebon
1082 2038 1113 2065 »ς

149 2076 203 2117 uhi
227 2076 322 2110 datur
346 2077 476 2120 intelligi
501 2077 658 2110 munditia
692 2078 796 2111 cordis
818 2082 851 2111 et
874 2079 1044 2121 limpiditas
1067 2080 1115 2112 in-

151 2130 339 2173 telligentiae
362 2130 544 2173 spiritualis.
562 2149 607 2155 —
623 2131 762 2173 Septima
785 2134 833 2164 est
857 2132 957 2165 turris
979 2132 1112 2174 sapien-

150 2183 232 2224 tiae,
257 2183 296 2217 de
319 2193 383 2226 qua
405 2183 606 2217 Canticorum
630 2184 784 2217 octavo⁶z
814 2197 830 2213 α
849 2184 910 2227 Ego
935 2194 1058 2225 murus,
1082 2189 1113 2218 et

149 2236 249 2270 ubera
274 2246 343 2270 mea
366 2236 448 2276 sicut
472 2237 572 2270 turris
588 2250 619 2277 »;
643 2238 728 2280 quod
751 2238 868 2271 dicitur
893 2241 1022 2280 propter
1040 2247 1114 2271 con-

151 2290 348 2330 solationem,
373 2300 455 2333 quae
479 2292 527 2324 est
550 2291 581 2323 in
605 2294 702 2333 gustu
737 2291 826 2324 lactis
861 2291 998 2324 uberum
1033 2291 1111 2324 divi-

149 2353 207 2377 nae
230 2344 409 2387 sapientiae.

237 2398 410 2441 Antequam
427 2400 532 2431 autern
551 2397 648 2432 huius
662 2397 794 2431 aedificii
811 2398 945 2430 altitudo
961 2398 1113 2440 erigatur,

151 2452 325 2485 necessaria
348 2455 396 2485 est
418 2451 593 2485 aedificatio
616 2451 764 2494 aedificii
784 2455 905 2494 septem
929 2451 1113 2490 virtutum,

152 2504 190 2538 de
214 2514 278 2548 quo
301 2505 553 2539 Proverbiorum>
576 2506 701 2539 nono':
732 2518 747 2534 «
761 2505 918 2548 Sapientia
941 2505 1119 2539 aedificavit

220 2725 229 2741 ¹
250 2727 308 2753 Vat.
328 2735 389 2753 cum
413 2727 525 2760 Vulgata
551 2730 577 2753 et
595 2728 617 2753 ll
636 2727 755 2761 tarrim;
780 2729 826 2754 rtr.
852 2735 931 2760 supra
958 2735 1021 2761 pag.
1046 2729 1114 2760 ³75,

148 2775 209 2798 nota
230 2771 253 2797 t.
272 2785 308 2792 —
326 2772 415 2798 Glossa
436 2771 579 2798 ordinaria
599 2771 641 2805 (ex
660 2773 786 2804 Gregor.‚
806 2773 834 2798 ll.
853 2765 948 2799 Homil.
968 2773 994 2798 in
1014 2774 1113 2805 Evang.

149 2815 238 2842 homil.
256 2815 300 2842 37.
318 2823 344 2841 n.
363 2816 399 2848 6.)
420 2815 444 2841 in
464 2816 526 2841 Luc.
548 2815 595 2847 tt,
614 2816 663 2842 28:
682 2816 749 2848 Quia
769 2815 890 2842 sublimia
910 2812 1052 2850 praecepta
1071 2817 1114 2843 de-

149 2859 200 2892 dit,
219 2860 399 2886 aedificandae
417 2858 584 2886 sublimitatis
602 2860 827 2892 comparationem
846 2860 992 2893 subiungit.

143 2935 146 2938 ι
219 2901 230 2918 ⁸
250 2904 324 2930 Vers.
345 2905 376 2935 8,
395 2903 440 2930 ubi
467 2907 526 2936 post
550 2903 680 2931 nebulosa
707 2905 818 2937 Vulgata
843 2905 917 2931 addit
940 2905 1013 2940 filiae
1038 2905 1113 2932 Sion.

148 2947 253 2974 Hieron.
271 2948 347 2980 legit:
367 2947 402 2974 Et
419 2949 464 2981 tu,
483 2948 571 2976 turris
590 2948 695 2983 crepis,
714 2949 844 2977 nebulosa
862 2950 920 2985 filia
933 2949 1014 2982 Sion,
1028 2957 1114 2984 usque

149 2991 186 3018 ad
203 2993 228 3019 te
246 2992 343 3025 veniet,
361 2993 435 3026 quod
453 2992 488 3019 ita
507 2993 630 3026 explicat:
652 2994 744 3020 Turris
767 2995 845 3027 igitur
863 2995 998 3028 quondam
1023 2995 1114 3027 gregis

150 3039 175 3061 et
193 3036 283 3068 populi
304 3036 377 3062 Dei...
397 3043 466 3063 nunc
485 3037 604 3070 squalida
625 3037 785 3073 [nebulosa]
805 3043 844 3065 est
862 3042 888 3065 et
913 3039 1062 3066 destituta...
1088 3043 1114 3065 et.

151 3086 235 3113 usque
253 3079 287 3106 ad
306 3080 374 3106 hanc
392 3080 480 3108 veniet
499 3081 569 3108 Deus
587 3084 637 3108 ete.

221 3121 233 3137 ³
252 3123 326 3150 Vers.
345 3125 372 3150 2.
389 3137 426 3144 —
445 3124 562 3152 Subinde
581 3126 708 3158 allegatur
725 3126 798 3153 Cant.
819 3127 849 3160 4,
870 3127 895 3153 4.

220 3166 232 3182 ⁴
251 3168 326 3194 vers.
346 3168 393 3201 710,
413 3172 473 3201 post
490 3161 570 3202 quem
592 3170 632 3196 Ps.
651 3171 699 3203 60,
720 3172 743 3197 3.
763 3174 789 3197 et
808 3171 833 3198 4.

220 3209 232 3225 ⁶
252 3212 325 3238 Vers.
346 3211 376 3245 4,
395 3212 459 3239 ibid.
479 3213 609 3240 habentur
627 3214 705 3240 etiam
726 3214 823 3241 verba:
841 3215 942 3242 Collum
957 3219 1031 3242 tuum
1050 3219 1113 3247 etc.,

151 3255 229 3286 paulo
249 3255 355 3281 interius
374 3256 495 3288 allegata.
944 3257 956 3274 ⁶
977 3260 1051 3286 Vers.
1071 3261 1113 3286 40.

221 3296 231 3313 ⁷
251 3299 326 3325 Vers.
347 3300 371 3325 l.
389 3299 440 3326 Ctr.
459 3301 598 3335 Rerum-d,
617 3303 701 3329 Serm.
721 3303 767 3329 52.
789 3303 824 3330 de
849 3304 965 3330 Diversis
991 3304 1063 3337 (alias
1087 3305 1112 3329 9.

151 3350 181 3368 ex
199 3343 313 3376 Pal-vis),
334 3343 378 3369 ubi
399 3345 463 3371 haec
482 3345 564 3371 verba
589 3346 624 3372 de
642 3347 669 3373 B.
691 3348 767 3373 Maria
794 3348 866 3380 Virg.
893 3352 1068 3381 exponuntur,
1087 3348 1113 3374 in

151 3393 202 3418 qua
222 3387 353 3418 Sapientia
374 3388 454 3414 Petris
472 3389 623 3416 aedificavit
641 3390 691 3416 sibi
710 3391 820 3417 domum
846 3395 871 3418 et
898 3392 993 3418 excidit
1012 3395 1112 3424 septem

257 3438 284 3465 S.
306 3439 408 3467 Bonav-
422 3452 458 3459 —
472 3440 550 3467 Tom.
570 3441 622 3466 vu.

2081 235 2144 268 377

1184 314 1242 347 sibi
1266 315 1415 355 domum,
1441 318 1558 350 excidit
1582 319 1744 352 columnas
1771 325 1889 362 septem
1907 335 1937 353 n.
1962 323 2060 356 lluius
2091 333 2147 355 au-
2169 331 2288 353 Notandum

1184 370 1246 400 tem
1270 368 1402 401 aedificii
1427 369 1572 402 Christus
1589 374 1636 403 est
1651 370 1816 413 fundator
1833 377 1863 406 et
1888 373 2146 416 fundamentum

1183 423 1215 453 et
1237 421 1331 454 etiam
1356 422 1729 464 complementumxlluic
1755 428 1857 458 tamen
1875 427 2080 460 aedificationi
2099 429 2147 461 vir

1183 474 1356 516 spiritualis
1372 480 1593 517 comparatum
1612 478 1695 510 unde
1710 479 1830 519 primae
1842 480 1879 511 ad
1893 480 2071 514 Corinthios
2085 485 2147 514 ter-

1184 527 1227 560 tio
1239 528 1269 560 ⁸:
1292 541 1309 558 «s
1327 529 1380 561 Dei
1398 529 1596 562 coadjutores
1620 539 1749 570 sumus,
1770 532 1822 564 Dei
1840 533 2037 574 agricultura
2052 536 2145 573 estis,

1184 581 1237 614 Dei
1271 582 1445 615 aedificatio
1476 583 1552 615 estis
1575 597 1605 615 n.
1638 584 1747 616 Omnis
1782 585 1897 627 igitur,
1922 587 1975 628 qui
2002 589 2148 629 proponit

1184 635 1223 667 ad
1247 635 1372 668 culmen
1406 636 1533 669 virtutis
1560 637 1746 676 ascendere,
1772 638 1823 670 liic
1852 640 1920 671 vult
1949 643 2069 673 turrem
2098 651 2147 674 ac-

1181 688 1320 721 disicere.

1272 743 1324 776 58.
1355 743 1498 775 Secundo
1533 748 1686 786 quantum
1723 745 1761 777 ad
1795 746 2021 787 provisionem
2056 748 2147 791 saffi-
2167 755 2295 776 Secund-im.

1181 795 1296 827 cientis
1319 797 1476 838 stipendii
1499 797 1623 830 subdit:
1650 797 1789 830 Nonne⁰
1804 799 1905 841 prias
1922 801 2035 832 sedens
2059 811 2144 833 com-

1178 852 1278 890 putat
1300 853 1474 891 sumptas,
1499 851 1559 893 qui
1586 852 1768 884 necessarii
1783 857 1880 892 sant,
1906 854 1937 885 si
1961 853 2078 886 habeat
2102 857 2147 887 ad

1177 901 1444 944 perficiendam?
1470 903 1586 936 Sedere
1611 904 1687 937 illud
1712 910 1759 938 est
1784 907 1985 940 considerare
2010 909 2093 941 intra
2114 919 2146 941 5(7

1181 958 1303 987 secreta
1319 956 1528 990 conscientiae
1545 966 1638 997 suae;
1657 959 1858 992 Threnorum
1884 961 1992 993 tertio:
2023 975 2037 989 ι
2056 963 2147 995 Sede-

1180 1008 1226 1041 bit
1249 1009 1409 1042 solitarius
1433 1014 1464 1042 et
1489 1011 1646 1044 tacebit».
1675 1012 1876 1054 Computare
1892 1018 1938 1046 est
1964 1016 2146 1056 praevideri·

1180 1071 1236 1103 per
1249 1062 1411 1095 sollicitam
1425 1064 1722 1105 considerationem
1738 1066 1820 1099 unde
1833 1067 1940 1100 Glossa
1952 1068 1990 1099 ¹⁰:
2007 1081 2021 1096 α
2036 1068 2145 1108 Omne,

1180 1115 1264 1157 quod
1288 1116 1425 1158 agimus,
1451 1119 1637 1159 praevenire
1655 1128 1710 1160 per
1728 1120 1867 1153 studium
1887 1122 2145 1156 considerationis

1179 1168 1331 1203 debemus
1347 1183 1377 1202 >›.
1404 1171 1440 1203 Et
1475 1172 1534 1204 hoc
1565 1176 1612 1204 est
1648 1174 1732 1215 quod
1757 1174 1874 1206 dicitur
1900 1175 2142 1209 proverbiorum

1179 1227 1311 1265 quarto:
1342 1237 1357 1253 «
1375 1224 1464 1258 Oculi
1491 1226 1535 1258 tui
1563 1226 1686 1259 videant
1704 1232 1803 1266 recta,
1823 1233 1853 1261 et
1883 1229 2050 1271 palpebrae
2073 1234 2143 1263 tuae

1179 1278 1369 1319 praecedant
1391 1288 1520 1321 gressus
1544 1284 1616 1312 tuos
1634 1294 1662 1312 n.
1690 1281 1850 1324 Sumptus
1875 1286 1980 1316 autem
1998 1294 2143 1317 neccssa-

1180 1330 1228 1362 rii
1261 1334 1336 1363 sunt
1368 1332 1560 1365 sufficientes
1594 1337 1725 1366 conatus
1762 1336 1890 1374 mentis,
1919 1337 2036 1378 quibus
2072 1338 2142 1379 quis

1179 1388 1369 1426 cooperatur
1393 1386 1512 1427 gratiae
1535 1386 1649 1419 Christi
1680 1388 1841 1427 viriliter,
1867 1390 2039 1422 secundum
2067 1391 2140 1423 illud
2163 1395 2190 1440 (ᾗ
2187 1400 2244 1420 777777
2236 1400 2271 1414 777

1180 1437 1350 1470 Psalmiss:
1388 1439 1559 1471 «Viriliter
1590 1450 1626 1482 ag
1620 1440 1689 1479 ite,
1722 1445 1752 1473 et
1784 1442 1979 1475 consultetur
2012 1453 2066 1476 σοι
2091 1454 2141 1477 ve-
2158 1423 2291 1474 7777777137-

1180 1494 1293 1531 strum,
1310 1501 1429 1530 omnes,
1446 1493 1647 1535 quisperatis
1665 1494 1694 1526 in
1714 1495 1887 1534 Βοιηίηοιη
1905 1497 2040 1536 7ιίίίι”,ιεν
2060 1498 2142 1531 unde

1180 1545 1300 1586 primae
1323 1545 1360 1578 ad
1386 1546 1698 1579 Corinthios’tertio:
1729 1561 1744 1575 «
1761 1549 1789 1580 Si
1815 1549 1887 1591 quis
1909 1554 2013 1582 autem
2032 1560 2143 1592 super-

1179 1598 1391 1631 aedificaverit
1418 1608 1513 1641 super
1531 1600 1770 1633 fundamentum
1790 1602 1848 1634 lioc
1873 1612 2006 1641 aurum,
2031 1613 2143 1646 argen-

1180 1655 1247 1684 tum
1272 1655 1304 1684 et
1335 1652 1453 1694 lapides
1484 1653 1638 1694 pretiosos
1655 1668 1670 1683 1>
1699 1658 1773 1693 etc.;
1799 1655 1992 1699 efficaciter;
2017 1657 2055 1690 ad
2088 1659 2143 1691 lle-

1180 1706 1295 1738 braeos'
1315 1705 1501 1739 duodecimo
1516 1707 1558 1739 ¹²:
1589 1720 1604 1735 «
1621 1707 1746 1747 Videte,
1772 1718 1811 1741 ne
1828 1710 1899 1751 quis
1922 1710 2002 1743 desit
2025 1712 2143 1753 gratiae

1179 1759 1267 1792 Dei»
1303 1762 1380 1798 etc.;
1413 1765 1683 1801 perseveranter,-
1716 1762 1798 1794 tertii
1837 1763 1954 1805 Regum
1990 1765 2141 1806 septimo:

1184 1824 1199 1840 α
1218 1811 1348 1844 Perfecit
1371 1821 1463 1845 omne
1478 1822 1573 1854 opuS,
1590 1814 1674 1856 quod
1691 1814 1822 1847 faciebat
1839 1816 1983 1861 Salomon
2002 1817 2031 1849 in
2049 1817 2142 1850 domo

1180 1865 1300 1898 Domini
1319 1878 1349 1897 ι».
1369 1884 1409 1888 -
1428 1865 1488 1898 Hac
1511 1866 1725 1914 aedificatione
1749 1868 1901 1909 perfecta,
1920 1869 2071 1903 Dominus
2088 1880 2142 1913 ap·
2165 1872 2293 1893 7777777777

1179 1922 1270 1959 paret
1299 1918 1338 1950 ad
1370 1918 1592 1957 habitandum
1625 1919 1709 1952 unde
1741 1921 1822 1953 tertii
1849 1922 1965 1963 Regum
1999 1923 2139 1955 nono¹³:

1185 1971 1345 2003 «Factum
1375 1974 1439 2010 est,
1471 1980 1543 2004 cum
1576 1972 1757 2014 perfecisset
1789 1974 1932 2006 Salomon
1961 1975 2137 2008 aediticium

1178 2023 1292 2056 domus
1324 2024 1445 2056 Domini
1477 2028 1509 2057 et
1539 2025 1716 2058 aedificium
1749 2027 1831 2068 regis
1862 2031 1893 2059 et
1916 2037 2026 2066 omne,
2056 2029 2139 2070 quod

1177 2080 1355 2119 optaverat,
1379 2078 1527 2120 apparuit
1550 2078 1577 2111 ei
1603 2079 1753 2112 Dominus
1770 2093 1798 2112 υ.
1826 2080 1858 2112 Ηί
1877 2080 1975 2122 igitur
1992 2086 2140 2123 sumptus

1179 2131 1371 2164 sufficientes
1394 2131 1432 2163 ad
1456 2131 1683 2173 perficiendum
1715 2133 1891 2166 consistunt
1915 2134 1946 2166 in
1980 2136 2139 2177 proposito

1178 2184 1350 2217 voluntatis
1373 2184 1493 2226 agentis
1528 2184 1689 2224 viriliter,
1727 2185 1872 2226 utiliter,
1905 2187 2079 2231 efficaciter
2110 2194 2139 2222 et

1175 2241 1436 2279 perseveranter.
1460 2238 1519 2271 Sed
1543 2238 1568 2271 si
1592 2239 1668 2281 quid
1691 2239 1793 2279 deest,
1819 2241 1971 2274 Dominus
1995 2243 2138 2284 supplet:

1178 2290 1262 2323 unde
1293 2290 1332 2323 ad
1367 2291 1580 2333 Philippenses
1611 2293 1808 2326 secundo¹⁴:
1847 2295 1963 2327 «Deus
1987 2299 2051 2333 est,
2085 2297 2138 2337 qui

1177 2347 1329 2386 operatur
1353 2344 1384 2376 in
1416 2345 1506 2378 nobis
1537 2345 1616 2379 velle
1648 2349 1679 2379 et
1703 2347 1856 2388 perficere
1889 2357 1946 2389 pro
1983 2348 2063 2381 bona
2087 2358 2140 2381 vo-

1179 2398 1299 2431 luntate
1315 2411 1346 2430 ».
1372 2398 1431 2440 Qui
1457 2399 1525 2431 vult
1548 2407 1624 2441 ergo
1651 2409 1732 2442 opus
1763 2400 1861 2433 altum
1887 2401 2025 2443 incipere
2048 2402 2140 2435 debet

1178 2451 1378 2493 praevidere,
1402 2452 1426 2484 si
1453 2452 1527 2484 velit
1559 2461 1780 2494 perseverare;
1806 2454 1898 2496 quia,
1919 2455 2001 2487 sicut
2025 2454 2140 2487 dicitur

1180 2514 1277 2547 supra
1293 2514 1386 2544 nono,
1409 2518 1425 2533 «ι
1439 2514 1530 2538 nemo
1548 2506 1674 2539 mittens
1692 2516 1818 2540 manum
1837 2507 1875 2539 ad
1892 2512 2034 2540 aratrum
2050 2522 2063 2537 »ι
2081 2512 2138 2541 etc.

1178 2728 1329 2760 commum,
1350 2727 1375 2753 id
1389 2730 1427 2753 est
1447 2730 1498 2752 tres
1517 2726 1625 2752 virtutes
1645 2727 1803 2758 theologicas
1817 2730 1841 2752 ot
1855 2730 1968 2768 qpatuor
1987 2728 2140 2755 cardinales.

1158 2801 1160 2805 ¹
1179 2772 1245 2798 Vide
1264 2773 1301 2798 lll.
1327 2773 1396 2797 Sem.
1419 2771 1448 2797 d.
1469 2772 1512 2797 33.
1531 2779 1556 2804 q.
1582 2772 1600 2796 Ι.
1621 2774 1645 2796 ct
1665 2771 1690 2796 d.
1711 2771 1752 2796 34.
1774 2778 1799 2802 p.
1820 2772 1838 2796 l.
1857 2779 1879 2797 a.
1902 2772 1926 2801 1.
1944 2779 1970 2805 q.
1992 2773 2016 2798 2.
2037 2786 2073 2792 -·
2092 2774 2140 2798 Su-

1178 2816 1268 2849 perius
1287 2823 1336 2848 pro
1354 2815 1478 2849 eriyutur
1498 2815 1516 2841 C
1530 2816 1550 2840 G
1570 2814 1694 2848 eriqitum

1250 2858 1260 2874 ⁸
1282 2860 1355 2885 Vers.
1375 2860 1400 2885 9.

1248 2903 1260 2918 ⁹
1280 2905 1313 2930 lte
1332 2904 1409 2930 etiam
1430 2903 1514 2934 Beda,
1533 2903 1609 2930 Card.
1630 2904 1719 2935 Hugo,
1739 2903 1768 2927 B.
1788 2902 1898 2934 siheri„
1919 2904 1943 2928 S.
1965 2904 2059 2929 Tlioui.
2074 2903 2140 2937 (Cat.

1177 2956 1257 2975 aurea
1276 2949 1301 2975 in
1321 2950 1383 2974 Luc.
1404 2955 1426 2974 c,
1449 2948 1490 2973 tt.
1509 2955 1533 2972 n.
1554 2948 1772 2980 6.>etL51-anus;
1789 2947 1844 2972 Vat.
1859 2954 1919 2973 cum
1935 2948 2046 2980 Vulgata
2066 2949 2137 2975 Non.

1177 3008 1213 3014 -
1232 2993 1354 3027 Sequitur
1373 2993 1470 3018 ‘rm-en.
1485 2992 1514 3024 3,
1529 2992 1570 3017 28.
1584 3005 1619 3010 —
1632 2992 1720 3017 Glossn
1737 2990 1938 3018 intcrlincuris:
1952 2992 2048 3018 Nonne
2058 2992 2139 3025 prius

1174 3037 1284 3069 sedens,
1304 3038 1442 3071 quiescens
1461 3043 1473 3062 a
1495 3035 1649 3062 tumultibus
1669 3036 1770 3061 mnndi.

1249 3081 1271 3096 ¹⁰
1291 3082 1392 3107 Scilicet
1410 3080 1590 3107 interlinearis
1612 3081 1651 3112 (ex
1677 3081 1799 3112 (ii-egon,
1821 3081 1848 3105 ll.
1875 3080 1970 3106 lloniil.
1991 3081 2017 3106 in
2036 3081 2136 3113 Evang.

1178 3127 1267 3152 homil.
1285 3126 1328 3152 37.
1348 3133 1375 3151 n.
1394 3126 1424 3156 6,
1442 3132 1522 3158 quein
1541 3125 1660 3157 sequitur
1679 3124 1759 3157 Beda)
1780 3125 1804 3150 in
1826 3125 1886 3150 Luc.
1909 3124 1956 3155 Η,
1971 3126 2012 3150 28.
2025 3138 2062 3144 —
2076 3125 2139 3151 Sub-

1178 3171 1239 3197 inde
1258 3171 1383 3202 allegatur
1403 3170 1479 3195 Prov.
1501 3169 1530 3200 t,
1550 3170 1592 3195 25.

1250 3214 1270 3228 ¹¹
1292 3215 1385 3240 Psalm.
1406 3214 1454 3245 30,
1475 3214 1516 3239 25.
1538 3214 1594 3239 Vat.
1614 3213 1710 3245 allegat
1720 3213 1759 3239 Ps.
1775 3214 1822 3245 26,
1842 3213 1887 3238 tt:
1905 3212 2024 3240 Vin-iliter
2037 3221 2101 3247 aye,
2114 3217 2140 3239 et

1178 3259 1345 3293 confortetur
1363 3264 1411 3285 cor
1430 3259 1507 3284 tuum
1526 3261 1574 3283 etc.
1596 3272 1629 3276 —
1647 3257 1765 3284 Subinde
1785 3258 1910 3289 allegatur
1930 3258 1947 3283 l.
1966 3257 2025 3284 Cor.
2046 3258 2076 3288 3,
2098 3258 2138 3283 ⁴2.

1250 3301 1271 3317 ¹¹
1292 3303 1366 3329 Vers.
1387 3302 1428 3328 ⁴5.
1448 3305 1473 3328 et
1491 3301 1587 3328 deinde
1607 3303 1644 3328 ΙΙΙ.
1664 3303 1728 3334 lteg.
1747 3301 1777 3332 7,
1797 3302 1839 3328 5t.

1250 3345 1272 3361 ¹³
1294 3348 1366 3373 vers.
1390 3347 1411 3372 l.
1429 3349 1455 3372 et
1475 3347 1498 3371 2.
1517 3359 1551 3365 —
1566 3347 1649 3377 Supra
1670 3345 1689 3372 C
1702 3346 1780 3371 DFG
1800 3345 1856 3372 Hoc
1874 3344 1993 3380 uede'fict'o
2010 3345 2136 3378 perfecto.

1250 3389 1272 3405 ¹¹
1292 3391 1365 3415 Vers.
1385 3390 1424 3414 l3.
1444 3403 1479 3408 —
1499 3389 1621 3420 Sequitur
1641 3390 1701 3414 Luc.
1722 3389 1751 3418 9,
1771 3389 1815 3414 62.

1995 3439 2026 3464 48
