2476 3921
774 233 967 266 COMMENT.
993 233 1030 265 IN
1054 231 1292 265 EVANGELIUM
1317 233 1434 266 LUCAE
1458 234 1489 265 C.
1516 234 1575 266 Vll.

184 324 287 364 misit,
310 334 372 357 non
396 327 547 366 tanquam
571 322 699 356 nuntios
723 322 905 364 inferiores,
921 321 976 355 sed
992 325 1142 363 tanquam

183 378 350 420 digniores.
376 377 412 410 Et
435 376 505 410 ideo
529 376 672 410 mittebat
701 376 864 414 seniores,
889 375 964 417 quia
988 374 1045 416 ipsi
1070 376 1145 407 sunt

182 440 241 473 pro
256 434 357 463 aetate
373 433 405 463 et
420 429 572 472 sapientia
588 428 751 462 reverendi
769 431 800 461 et
816 427 980 466 audiendi;
997 426 1049 460 lob
1069 426 1144 459 duo-

181 484 345 517 decim01:
369 483 440 516 «ln
464 483 602 525 antiquis
632 485 680 515 est
710 482 879 524 sapientia,
912 484 943 514 et
978 481 1008 513 in
1044 480 1144 513 multo

181 541 323 579 tempore
337 536 514 579 vprudentia
530 549 561 568 2».
580 555 620 559 —
638 535 724 568 Unde
740 544 796 577 per
820 543 873 567 eos
897 534 1080 572 Dominum,
1097 533 1143 565 in-

181 589 380 633 terpellabat;
405 589 490 632 quod
513 591 659 628 notatur,
684 597 757 621 cum
780 588 883 620 addit:
902 588 1035 630 Royans
1051 596 1142 625 eum,

182 649 219 676 ut
242 643 366 676 veniret
388 647 417 676 et
439 641 603 675 sanaret2
626 651 761 674 servum
792 641 882 680 cius,
907 640 1082 674 secundum
1107 640 1143 672 il-

181 696 235 730 lud
260 696 465 730 Ecclesiastici
498 695 660 738 trigesimo
683 698 810 728 octavo:
840 707 855 723 α
873 694 905 726 ln
930 697 985 727 tua
1011 693 1144 726 infirmi-

182 753 245 783 tate
268 758 307 782 ne
330 749 483 791 despicias
506 752 537 781 te
561 748 681 790 ipsum,
699 747 753 781 sed
769 756 825 780 ora
841 747 1024 786 Dominum,
1041 750 1072 780 et
1088 756 1145 779 cu-

181 802 265 836 rabit
288 807 316 835 te
333 815 363 842 »;
389 801 533 835 similiter
557 804 589 834 et
623 801 729 834 alium
761 803 890 842 propter
914 803 961 839 te,
986 800 1078 843 quia,
1103 800 1145 832 la-

2106 236 2166 267 167

1207 329 1283 362 gna,
1301 321 1324 353 si
1350 325 1411 360 est,
1429 322 1453 354 si
1478 326 1583 355 autem
1600 323 1724 365 operari
1747 324 1867 362 renuit,
1884 333 1973 356 amor
1998 334 2059 356 non
2076 327 2124 357 est
2137 337 2166 355 n.

1208 374 1244 405 Et
1267 374 1415 416 quoniam
1442 384 1584 417 magnam
1609 379 1747 417 praestat
1777 377 2025 418 eleemosynam,
2054 377 2168 419 dignus

1208 429 1272 465 est,
1297 430 1333 459 ut
1350 436 1493 470 magnam
1510 428 1536 460 ei
1555 428 1648 460 facias
1672 429 1802 470 gratiam
1815 455 1822 468 ‚
1840 433 1875 462 ut
1891 434 2074 471 cognoscat,
2092 430 2169 462 illud

1208 479 1412 513 Ecclesiastici
1437 480 1622 513 duodecimo
1637 481 1661 500 ¹⁰
1678 490 1745 514 esse
1762 490 1890 514 verum:
1914 496 1929 510 α
1942 483 2070 515 Benefac
2088 483 2169 515 iusto

1208 535 1239 565 et
1262 533 1402 566 invenies
1425 534 1665 567 retributionem
1682 543 1843 576 magnam,
1863 538 1895 568 et
1917 536 1941 567 si
1960 545 2021 568 non
2046 535 2085 568 ab
2102 536 2168 574 illo,

1208 589 1293 619 certe
1316 596 1335 619 a
1351 586 1482 619 Domino
1499 599 1534 626 »;
1559 587 1647 629 quasi
1672 587 1793 620 dicant:
1811 588 1939 621 ostende
1956 592 1985 621 te
2003 589 2170 621 Dominum

1208 640 1316 681 populi
1333 640 1448 679 nostri,
1466 643 1502 673 ut
1517 640 1611 673 facias
1628 640 1702 673 huic
1723 641 1805 673 sicut
1820 641 2058 680 obstetricibus,
2072 642 2169 674 Exodi

1208 693 1326 734 primo,
1343 702 1424 735 quae
1441 693 1584 726 fecerunt
1600 693 1847 726 misericordiam
1864 703 1936 726 cum
1955 694 2116 733 Hebraeis,
2132 695 2170 727 de

1208 746 1326 787 quibus
1349 746 1482 779 dicitur:
1512 760 1527 775 α
1544 747 1624 788 Quia
1648 747 1824 779 timuerunt
1846 747 2030 780 obstetrices
2054 748 2169 787 Deum,

1208 799 1383 832 aedificavit
1407 800 1467 833 illis
1490 800 1599 833 domos
1616 813 1646 832 n.

181 856 250 889 cobi
274 856 404 895 ultimo,
434 868 450 884 «
465 855 567 888 oratio
584 854 654 887 fidei
672 853 804 887 salvabit
828 853 989 886 infirmum
1002 879 1009 892 ,
1027 856 1059 886 et
1073 852 1145 885 alle-

181 909 278 942 viabit
301 909 404 951 ipsum
428 908 581 941 Dominus
595 921 627 940 ».

272 963 300 995 5.
326 961 385 995 Sed
409 961 534 995 videtur
551 960 626 994 huic
641 959 829 993 contrariari
852 959 1028 992 Matthaeus
1040 958 1071 998 ⁸,
1088 958 1142 1001 qui

27 1022 169 1045 contrarietas
180 1016 272 1055 dicit,
296 1015 379 1058 quod
410 1028 425 1044 «
442 1014 585 1048 centurio
608 1014 675 1056 ipse
706 1013 837 1046 accessit
859 1012 898 1046 ad
927 1013 1093 1046 Dominum
1111 1026 1141 1045 υ.

25 1054 226 1106 Εῗὲιιβιῗῖἷῖῗῗᾳ--
249 1069 308 1102 Sed
332 1078 394 1102 non
418 1072 466 1102 est
489 1067 714 1106 contrarietas,
738 1067 828 1109 quia,
853 1066 936 1099 sicut
952 1066 1059 1099 Beda4
1082 1066 1142 1105 ait,

1299 854 1329 886 8.
1344 854 1445 895 (Vers.
1461 855 1515 894 6.).
1533 854 1691 895 Quantum
1709 854 1747 887 ad
1765 854 1952 887 Salvatoris
1967 855 2170 888 clementiam
2199 863 2228 893 ει
2243 863 2336 884 salvato-

1209 907 1510 939 condescendenlem
1531 907 1698 940 subditur:
1717 908 1809 940 lesus
1826 912 1935 940 autem
1954 907 2023 940 ibat
2038 918 2116 941 eum
2132 908 2170 941 il-
2189 895 2227 937 ἷῖἕ.
2244 890 2336 911 dmm*

1209 959 1266 999 lis,
1282 960 1410 993 omnino
1427 960 1619 993 satisfaciens
1637 961 1775 1002 petitioni
1793 970 1914 994 eorum.
1933 962 2040 994 Maluit
2063 967 2168 995 autem
2189 970 2275 1000 Triplex
2290 976 2322 990 ra·

1209 1014 1361 1047 Dominus
1374 1014 1513 1056 petitioni
1529 1023 1640 1047 eorum
1657 1015 1835 1048 satisfacere
1852 1024 1945 1057 quam
1964 1016 2103 1057 petitioni
2121 1025 2170 1049 re·
2237 999 2273 1017 ‘¹⁰'

1208 1068 1292 1110 guli,
1318 1068 1440 1102 loannis
1456 1072 1571 1110 quarto
1585 1069 1610 1087 ¹¹
1626 1068 1774 1101 dicentis:
1793 1082 1808 1096 α
1826 1069 1973 1108 Domine,
1997 1069 2168 1109 descende,

36 1108 86 1124 ’ω
99 1102 161 1124 ‘⁰¹⁸'
181 1123 356 1156 Matthaeus
380 1122 521 1164 loquitur
544 1121 582 1154 de
605 1129 733 1153 accessu
747 1130 809 1162 per
824 1119 938 1162 fidem,
956 1120 1055 1153 Lucas
1071 1129 1143 1152 nar-

181 1179 231 1209 rat
246 1176 397 1209 ordinem
413 1175 463 1208 rei
477 1180 595 1218 qestae.
613 1175 807 1217 Augustinus
819 1174 831 1194 ⁵
848 1174 940 1206 etiam
957 1173 1041 1212 dicit,
1059 1173 1141 1216 quod

180 1230 352 1263 secundum
378 1238 577 1263 communem
613 1228 740 1261 modum
772 1227 888 1261 dicitur
912 1227 1064 1260 accedere
1087 1227 1141 1269 qui

180 1284 289 1326 incipit
312 1284 373 1323 ire;
398 1283 514 1316 dicitur
538 1282 630 1315 etiam
657 1291 779 1324 royare
795 1281 849 1323 qui
868 1290 924 1322 per
940 1281 1036 1313 alium
1058 1280 1140 1313 facit.

179 1337 265 1371 Unde
288 1337 376 1370 nulla
399 1340 446 1369 est
470 1335 693 1373 contrarietas,
719 1334 772 1367 sed
798 1338 873 1366 tunc
897 1337 992 1373 esset,
1017 1333 1041 1366 si
1059 1333 1141 1366 dice-

180 1394 229 1424 ret
253 1390 441 1429 Matthaeus,
466 1388 549 1431 quod
574 1388 780 1429 corporaliter
797 1387 834 1419 ad
858 1396 930 1420 eum
948 1386 1142 1428 pervenisset

180 1444 212 1477 in
236 1443 364 1486 propria
389 1452 539 1485 persona,
563 1441 648 1484 quod
672 1450 734 1474 non
758 1440 850 1479 dicit;
876 1440 930 1473 sed
953 1440 1071 1482 aliquid
1095 1439 1141 1472 di-

180 1497 239 1536 cit,
263 1496 347 1539 quod
380 1499 441 1529 stat
465 1504 538 1528 cum
569 1495 652 1528 dicto
677 1495 792 1533 Lucae,
828 1498 858 1527 et
894 1503 978 1526 unus
1005 1493 1140 1526 alterum

179 1550 316 1592 explicat
339 1553 371 1582 et
394 1549 568 1581 confirmat.

269 1603 298 1635 6.
313 1603 414 1644 (Vers.
428 1602 483 1643 4.).
501 1602 660 1644 Quantum
677 1605 782 1634 autem
800 1601 837 1634 ad
854 1601 1025 1635 seniorum
1041 1600 1142 1642 consi-

18 1661 164 1710 2533?ss
179 1656 326 1689 dentiam
343 1655 587 1688 intercedentem
603 1655 726 1687 subdit:
745 1656 790 1687 At
805 1654 869 1693 illi,
887 1664 964 1687 cum
980 1654 1142 1687 venissent

179 1709 225 1742 ad
249 1709 377 1748 Iesum,
401 1708 630 1751 royaverant⁶
656 1717 730 1740 eum
754 1707 904 1747 sollicite,
929 1708 1004 1750 quia
1022 1707 1080 1740 hoc
1097 1707 1141 1739 fa-

180 1762 302 1796 ciebant
326 1771 367 1795 ex
391 1771 498 1795 amore
522 1766 553 1794 et
577 1761 778 1800 confidentia;
796 1761 832 1794 ad
851 1762 1005 1794 Romanos
1027 1761 1142 1794 duode-

180 1817 277 1849 cimo:
308 1816 554 1849 «Sollicitudine
586 1824 646 1848 non
683 1815 763 1858 pigri
776 1822 793 1854 ,‘
815 1815 929 1857 spiritu
965 1815 1122 1848 ferventes
1132 1827 1140 1854 3

180 1870 311 1903 Domino
334 1869 521 1909 servientes,
545 1869 677 1901 orationi
703 1868 869 1908 instantes,
903 1868 1141 1902 necessitatibus

180 1916 364 1956 Sanctarum
397 1922 710 1955 communicantes».
736 1940 779 1945 ——
804 1922 840 1955 Et
871 1922 946 1965 quia
977 1922 1141 1964 potissima

180 1976 260 2009 ratio
283 1975 469 2018 impetrandi
494 1979 542 2008 est
564 1975 713 2008 meritum
738 1975 824 2014 eius,
850 1985 907 2018 pro
923 1985 986 2017 quo
1003 1975 1138 2017 petitur;

179 2029 248 2062 ideo
270 2028 390 2061 addunt
408 2028 594 2061 ‘clicencesv
621 2028 709 2069 Quia
733 2028 856 2071 diynus
879 2033 944 2066 est,
970 2031 1006 2060 ut
1029 2026 1088 2059 leoc
1111 2027 1141 2059 ei

176 2086 340 2125 praefica,
365 2085 395 2115 et
419 2082 463 2115 sic
487 2081 547 2114 iam
572 2079 716 2114 invenisti
749 2081 833 2123 quod
858 2081 1003 2123 quaeris,
1028 2089 1140 2113 secun-

1209 1121 1393 1163 priusquam
1411 1121 1566 1154 moriatur
1583 1121 1666 1155 filius
1684 1131 1772 1154 meus
1785 1135 1816 1161 n,
1833 1122 1898 1154 sive
1920 1126 2048 1164 propter
2064 1123 2169 1155 maio-

1208 1184 1279 1207 rem
1302 1174 1400 1214 sidem
1423 1179 1451 1207 el
1468 1173 1687 1207 lmmz'lz'talem
1712 1175 1919 1214 centurionis,
1941 1176 1990 1208 cui
2018 1176 2169 1209 Dominus

1207 1228 1306 1270 magis
1322 1227 1606 1266 condescendebat,
1624 1228 1796 1261 secundum
1815 1228 1892 1261 illud
1910 1229 2056 1262 leremiae
2078 1230 2169 1271 quin-

1208 1285 1256 1314 to:
1286 1295 1302 1310 «
1318 1282 1462 1319 Domine,
1487 1282 1568 1314 oculi
1595 1282 1640 1314 tui
1666 1282 1839 1323 respiciunt
1863 1282 1999 1315 iidem».
2033 1283 2103 1315 Sive
2130 1283 2169 1316 ad

1207 1334 1504 1367 commendandam
1528 1333 1765 1373 humilitatem,
1791 1335 1964 1368 secundum
1990 1335 2072 1377 quod
2094 1336 2168 1368 dicit

1207 1387 1389 1420 Ambrosius
1403 1388 1443 1419 ¹2:
1468 1401 1483 1416 «
1496 1388 1536 1420 Ad
1556 1388 1655 1420 filium
1675 1388 1774 1429 reguli
1793 1388 1839 1421 ire
1856 1389 1973 1427 noluit,
1991 1398 2030 1421 ne
2045 1389 2169 1422 divitias

1208 1441 1379 1474 honorasse
1404 1441 1582 1479 videretur;
1600 1441 1638 1474 ad
1662 1450 1790 1474 servum
1808 1451 1882 1474 vero
1905 1443 2099 1480 centurionis
2116 1452 2169 1475 va-

1205 1494 1267 1533 dit,
1285 1504 1324 1527 ne
1341 1495 1485 1527 servilem
1504 1494 1711 1527 conditionem
1729 1496 1884 1537 sprevisse
1902 1500 2078 1537 putaretur.
2099 1496 2169 1528 Elu-

1205 1552 1255 1580 cet
1279 1548 1356 1581 fides
1379 1548 1409 1580 in
1434 1548 1598 1590 operibus,
1622 1547 1697 1580 dum
1722 1552 1828 1586 sanat;
1853 1548 1905 1581 sed
1924 1549 1995 1590 plus
2018 1553 2169 1591 operatur

1206 1601 1369 1634 humilitas
1392 1602 1422 1633 in
1440 1601 1621 1640 affectibus,
1645 1601 1720 1634 dum
1740 1601 1865 1636 vadit».
1885 1602 1940 1635 Vel
1957 1603 2015 1635 hoc
2041 1602 2112 1635 fecit
2130 1603 2167 1635 ad

1205 1655 1442 1688 excludendam
1474 1665 1698 1697 personarum
1728 1656 1964 1698 acceptionem,
1994 1656 2167 1688 secundum

1206 1709 1290 1751 quod
1313 1709 1429 1742 dicitur
1461 1709 1636 1751 Sapientiae
1659 1713 1751 1742 sexto
1765 1709 1805 1741 ¹⁸:
1837 1722 1852 1737 α
1878 1709 2026 1742 Pusillum
2051 1714 2082 1742 et
2105 1719 2169 1742 ma-

1205 1772 1303 1805 gnum
1327 1763 1394 1804 ipse
1417 1762 1506 1805 fecit,
1521 1766 1563 1795 ,et
1585 1763 1760 1805 aequaliter
1783 1766 1830 1795 est
1847 1762 1889 1795 illi
1915 1772 1993 1795 cura
2008 1762 2046 1795 de
2070 1763 2169 1795 omni-

1206 1815 1266 1848 bus
1282 1827 1317 1854 »;
1343 1815 1427 1848 unde
1452 1817 1583 1848 Actuum
1608 1814 1749 1847 decimo:
1771 1828 1786 1843 ιι
1801 1815 1832 1847 ln
1858 1815 1990 1847 veritate
2013 1815 2168 1857 comperi,

1205 1869 1280 1910 quia
1303 1877 1365 1901 non
1389 1872 1436 1901 est
1468 1877 1674 1910 personarum
1705 1871 1850 1909 acceptor
1873 1867 1958 1900 Deus
1974 1880 2009 1906 »ς
2038 1872 2069 1900 et
2100 1868 2169 1901 ideo

1205 1922 1303 1955 lacobi
1341 1921 1500 1955 secundo:
1537 1934 1552 1949 «ι
1576 1921 1692 1959 Nolite,
1729 1921 1860 1959 fratres,
1894 1921 1924 1953 in
1962 1930 2167 1962 personarum

1204 1975 1383 2016 acceptione
1414 1974 1531 2007 habere
1551 1973 1648 2006 sidem
1677 1974 1797 2006 Domini
1824 1974 1922 2006 nostri
1956 1974 2022 2007 lesu
2052 1974 2166 2007 Christi

1204 2028 1322 2069 gloriae
1339 2039 1373 2065 »;
1391 2027 1476 2069 quod
1501 2027 1549 2065 tit,
1567 2026 1694 2068 quando
1716 2026 1804 2059 dives
1820 2026 1999 2068 praefertur
2020 2027 2166 2069 pauperi,

1204 2080 1286 2113 sicut
1309 2080 1425 2113 dicitur
1449 2079 1573 2112 ibidem.

1295 2134 1324 2166 9.
1354 2134 1393 2166 Et
1414 2142 1489 2165 cum
1514 2133 1584 2165 iam
1609 2143 1675 2165 non
1707 2132 1799 2175 lonyc
1822 2137 1904 2166 esset
1926 2136 1984 2167 etc.
2012 2134 2082 2167 Post
2113 2143 2168 2176 op-
2189 2140 2239 2188 ³032
2249 2141 2323 2189 3³15&

1205 2187 1431 2229 portunitatem
1455 2185 1585 2219 faciendi
1603 2186 1793 2219 miraculum
1817 2191 1848 2219 et
1863 2187 2045 2229 dignitatem
2071 2187 2329 2248 impe'wbssfflffifflr

1206 2240 1307 2273 trandi
1332 2234 1506 2272 remedium
1531 2239 1678 2272 subditur
1703 2239 1754 2272 hic
1779 2241 1871 2273 tertio
1895 2241 2090 2283 conyruitas
2113 2251 2168 2273 ac·
2191 2248 2311 2275 tripliciter-

179 2135 254 2169 dum
279 2135 356 2168 illud
380 2135 555 2177 Sapientiae
579 2138 671 2168 sexto
693 2134 732 2167 de
756 2134 930 2176 Sapientia:
954 2146 969 2162 «
985 2133 1138 2174 Quoniam

178 2189 289 2232 dignos
312 2198 345 2222 se
370 2189 440 2231 ipsa
460 2188 573 2221 circuit
589 2196 746 2230 quaerens
770 2190 801 2220 et
817 2187 847 2219 in
866 2187 923 2219 viis
947 2186 1013 2219 suis
1037 2190 1140 2219 osten-

179 2243 224 2276 dit
248 2252 281 2276 se
304 2242 365 2275 illis
389 2241 532 2274 hilariter
563 2244 594 2274 et
622 2241 653 2272 in
685 2240 767 2272 omni
803 2239 998 2282 providentia
1029 2248 1140 2272 occur-

291 2304 306 2328 s
322 2308 352 2327 n.

179 2298 221 2328 m
245 2296 299 2380 11171.
324 2348 425 2387 (Vers.
452 2348 506 2383 5,).
533 2347 568 2379 Et
591 2346 630 2379 ad
654 2346 750 2379 huius
771 2345 931 2388 dignitatis
955 2346 1141 2388 ⁰⁰⁰¹pr⁰ba-

18 2403 113 2453 332ss„ss
128 2411 161 2454 ἱείς
179 2400 294 2433 tionem
319 2400 512 2442 adiungunt:
549 2399 662 2441 Diligit
693 2399 781 2431 enim
812 2403 938 2441 gentem
969 2404 1140 2439 nostram,

18 2459 67 2481 tnta.

180 2462 251 2486 cum
277 2457 380 2486 tamen
412 2453 452 2486 sit
486 2452 676 2495 alienigena3
706 2456 738 2485 et
770 2452 839 2485 ideo
862 2457 916 2491 tu,
949 2453 1003 2495 qui
1035 2462 1069 2486 es
1103 2453 1141 2486 de

179 2510 271 2549 gente
299 2510 425 2545 nostra,
454 2506 549 2539 debes
584 2515 657 2539 eum
680 2506 828 2548 diligere,
853 2506 1027 2539 secundum
1057 2506 1141 2549 quod

179 2560 257 2593 dicis
280 2559 318 2593 de
343 2564 373 2593 te
397 2559 640 2593 Proverbiorum
664 2560 818 2593 octavo⁸:
849 2573 864 2589 α
887 2560 948 2602 Ego
979 2560 1142 2603 diligentes

180 2622 230 2647 me
253 2613 347 2656 diligo
364 2627 394 2646 ».
412 2632 455 2637 -
471 2614 532 2647 Nec
557 2617 679 2646 tantum
709 2626 724 2642 «
740 2613 841 2656 diligit
864 2623 919 2647 ore
942 2614 992 2647 vel
1023 2614 1140 2656 lingua,

180 2666 234 2700 sed
257 2676 352 2709 opere
375 2671 407 2700 et
423 2667 555 2700 veritate
572 2679 607 2706 »ς
625 2667 709 2700 unde
732 2671 763 2700 et
786 2667 923 2700 addunt:
942 2668 981 2700 El
996 2677 1141 2711 synayo—

178 2730 259 2763 yam
282 2719 562 2763 ipseaedificavil
586 2720 698 2759 nobis,
723 2721 807 2763 quod
832 2720 958 2763 quidem
991 2729 1140 2763 magnum

181 2774 368 2807 beneficium
392 2774 452 2808 suit
475 2778 506 2807 et
530 2775 654 2817 signum
679 2774 781 2816 magni
805 2774 930 2807 amoris.
956 2773 1041 2806 Unde
1065 2773 1142 2806 Gre-

180 2828 289 2870 gorius
302 2828 314 2847 ⁹
337 2827 376 2861 de
393 2828 522 2861 caritate
545 2827 635 2867 dicit,
652 2827 737 2870 quod
763 2840 778 2856 «
794 2836 884 2860 amor
908 2830 1058 2869 operatur
1075 2836 1142 2859 ma-

252 2964 260 2980 ¹
284 2966 356 2991 Vers.
377 2966 419 2992 ⁴2.

251 3008 261 3024 ²
281 3011 316 3036 lta
335 3010 415 3036 etiam
443 3011 520 3037 Card.
539 3011 631 3043 Hugo,
651 3011 679 3036 B.
698 3010 795 3036 Albert.
823 3013 849 3036 et
877 3010 1007 3042 tyranus,
1028 3011 1140 3043 Vulgata

179 3054 307 3082 salvaret.
326 3068 360 3073 —
380 3055 437 3080 Duo
457 3062 532 3089 seqq.
550 3055 600 3081 loci
618 3058 679 3081 sunt
698 3055 772 3080 Eccli.
793 3055 840 3085 38,
860 3055 884 3079 9.
904 3058 929 3081 et
950 3055 996 3080 lac.
1017 3055 1042 3087 5,
1066 3055 1104 3080 15.

251 3096 262 3113 ⁸
280 3098 345 3131 Cap.
364 3100 395 3130 8,
414 3099 439 3125 5.

251 3141 263 3156 ⁴
281 3142 350 3168 Libr.
371 3143 399 3169 ll.
421 3143 447 3169 in
466 3144 527 3170 Luc.
548 3144 579 3176 7,
599 3144 627 3175 3;
647 3144 693 3169 cfr.
706 3143 797 3169 Glossa
810 3142 952 3170 ordinaria
968 3144 993 3170 in
1007 3145 1076 3170 hunc
1089 3145 1139 3171 loc.

251 3185 263 3201 θ
281 3186 351 3212 Libr.
373 3188 399 3213 ll.
418 3188 452 3214 de
471 3188 606 3215 consensu
620 3188 778 3220 Evangelist.
792 3195 813 3213 c.
828 3189 872 3213 20.
885 3196 910 3214 n.
925 3188 966 3214 49.
981 3188 1046 3215 lbid.
1059 3196 1085 3214 n.
1100 3189 1143 3215 50.

181 3232 258 3258 datur
276 3232 414 3263 explicatio
427 3230 488 3265 illa,
507 3240 587 3266 quam
608 3232 677 3258 Beda
698 3232 818 3258 insinuat.

251 3274 263 3290 ⁶
283 3276 394 3308 Vulgata
413 3280 439 3303 et
457 3278 478 3303 11
498 3276 641 3311 rogabant.
660 3291 696 3296 —
715 3277 838 3310 Sequitur
857 3278 935 3304 Rom.
954 3278 1003 3309 42,
1025 3279 1065 3303 vtl.
1086 3285 1142 3311 seq.

252 3319 262 3334 ⁷
283 3321 395 3353 Vulgata
414 3322 488 3348 addit
515 3322 554 3355 ei,
579 3330 648 3356 quae
675 3322 753 3348 etiam
782 3329 843 3348 cum
868 3323 889 3348 Η
909 3322 1023 3349 subinde
1052 3330 1100 3355 pro
1119 3322 1144 3349 ei

181 3366 314 3393 substituit
332 3366 380 3393 illi.
399 3381 435 3387 —
454 3367 572 3394 Subinde
597 3368 724 3400 allegatur
754 3368 815 3400 Sap.
835 3368 865 3399 6,
890 3367 928 3393 17.
947 3378 983 3388 —-
1002 3368 1052 3394 Pro
1071 3367 1144 3402 quod

182 3411 331 3455 quaerigfl
350 3415 375 3437 et
394 3412 452 3438 vat.
472 3416 550 3446 quem
568 3411 687 3446 quaeris.

1205 2292 1372 2325 celerandi
1403 2291 1613 2333 beneficium;
1638 2301 1719 2334 quae
1742 2292 1868 2334 quidem
1901 2293 2042 2326 consistit
2074 2302 2169 2335 penes

1206 2346 1353 2379 meritum
1378 2344 1456 2387 fidei
1478 2345 1679 2384 excellentis,
1704 2346 1796 2379 cuius
1828 2346 2015 2379 excellentia
2039 2346 2168 2388 triplici—

1206 2404 1254 2432 ter
1277 2399 1514 2440 comprobatur,
1539 2398 1641 2440 primo
1665 2399 1783 2432 scilicet
1814 2408 1855 2432 ex
1884 2397 2070 2432 humilitate
2093 2409 2169 2432 eon-

1205 2452 1359 2496 fessionis
1382 2451 1535 2490 devotae,·
1559 2452 1712 2492 secundo,
1736 2462 1778 2486 ex
1794 2453 1994 2485 auctoritate
2017 2452 2169 2493 testifica-

1206 2507 1305 2539 tionis
1329 2507 1478 2545 divinae,
1505 2506 1545 2539 ibi
1561 2507 1603 2539 ¹⁴:
1630 2507 1701 2548 Quo
1717 2507 1834 2540 audito
1850 2511 1924 2545 etc.;
1941 2510 1972 2539 et
1995 2507 2103 2546 tertio,
2127 2500 2168 2540 ex

1205 2559 1368 2593 celeritate
1398 2560 1586 2592 curationis
1621 2565 1769 2602 optatae,
1795 2560 1851 2593 ibi:
1890 2561 1927 2593 El
1963 2561 2089 2594 reuersi
2111 2560 2171 2602 qui

1205 2612 1302 2645 missi
1324 2611 1472 2655 fuerant.

1295 2666 1455 2708 Quantum
1479 2667 1518 2699 ad
1543 2666 1763 2700 humilitatem
1795 2667 1927 2700 devotae
1950 2666 2167 2710 confessionis·

1205 2831 1321 2861 mento.
1348 2828 1480 2861 Indica-c
1496 2828 1603 2871 styrie,
1621 2837 1694 2861 cum
1711 2838 1771 2861 non
1789 2828 1884 2862 audet
1901 2837 1973 2861 eum
1991 2828 2150 2870 suscipere

1277 2965 1288 2980 ⁸
1308 2968 1384 2993 Vers.
1408 2967 1446 2992 17.
1465 2980 1500 2986 -
1520 2966 1638 2992 Subinde
1656 2966 1795 2999 respicitur
1814 2967 1831 2992 1.
1851 2967 1920 2992 loan.
1940 2966 1969 2998 3,
1993 2966 2038 2991 18:
2057 2965 2114 2991 Non
2132 2965 2169 2991 di-

1205 3012 1319 3044 ligamus
1337 3011 1421 3037 verbo
1440 3018 1526 3045 neque
1545 3011 1648 3044 lingua,
1666 3012 1712 3037 sed
1733 3018 1814 3043 opere
1832 3015 1881 3037 etc.

1274 3054 1286 3069 ⁰
1307 3055 1376 3082 Libr.
1398 3057 1424 3082 ll.
1444 3056 1537 3082 Homil.
1557 3056 1583 3081 in
1603 3057 1704 3088 Evang.
1724 3056 1813 3081 homil.
1833 3056 1877 3081 30.
1897 3062 1921 3081 n.
1942 3056 1965 3080 2.

1278 3099 1300 3114 ¹⁰
1322 3102 1393 3126 Vers.
1409 3101 1438 3139 j2.
1458 3114 1494 3119 —
1513 3100 1637 3134 Sequitur
1657 3100 1735 3126 Exod.
1759 3102 1780 3132 l,
1801 3101 1842 3126 2⁴.
1862 3107 1918 3132 seq.

1278 3144 1298 3158 ¹¹
1321 3145 1395 3171 Vers.
1416 3144 1459 3170 49.
1476 3159 1512 3164 —
1532 3144 1649 3171 Subinde
1667 3145 1795 3176 allegatur
1815 3145 1859 3169 ler.
1880 3144 1909 3175 5,
1930 3144 1954 3169 3.

1266 3188 1301 3203 ¹¹¹
1320 3189 1391 3215 Libr.
1405 3190 1435 3214 V.
1451 3189 1475 3215 in
1489 3190 1551 3215 Luc.
1565 3196 1591 3214 n.
1611 3188 1653 3214 84.
1669 3188 1828 3220 Propositio,
1847 3195 1916 3221 quae
1930 3188 1998 3214 iuxta
2018 3188 2117 3213 Bonav.
2130 3191 2169 3213 est

1207 3234 1311 3266 ultima,
1330 3234 1355 3259 iu
1376 3237 1445 3260 textu
1464 3234 1585 3266 originali
1599 3239 1637 3259 est
1651 3233 1745 3266 prima,
1759 3236 1784 3259 et
1804 3233 1830 3258 in
1850 3240 1880 3258 ea
1894 3240 1943 3264 pro
1956 3231 2096 3259 humilitas
2109 3231 2168 3257 sub-

1206 3279 1321 3308 stituitur
1344 3278 1512 3305 humanitas.
1540 3278 1670 3304 Sententia
1696 3277 1828 3303 Ambrosii
1857 3275 1994 3302 exhibetur
2021 3276 2168 3302 secundum

1206 3324 1326 3350 Glossarn
1346 3322 1520 3350 ordinariam
1538 3323 1563 3348 in
1583 3324 1645 3349 Luc.
1664 3322 1691 3353 7,
1711 3323 1735 3348 6.

1279 3366 1301 3382 ¹⁸
1322 3369 1395 3394 Vers.
1409 3369 1441 3399 8,
1460 3371 1612 3400 postquem
1632 3368 1686 3393 Act.
1709 3368 1755 3399 ⁴0,
1777 3367 1823 3399 343
1844 3368 1892 3393 lac.
1913 3367 1942 3399 2,
1964 3367 1986 3392 t.
2006 3370 2031 3392 et
2051 3367 2075 3392 Ξ.
2095 3373 2169 3398 seqq.

1279 3411 1302 3426 ¹⁴
1322 3412 1396 3438 Vers.
1416 3413 1446 3443 9;
1466 3412 1570 3438 tertium
1592 3411 1704 3438 habetur
1722 3419 1749 3437 v.
1771 3412 1810 3437 40.

2197 2674 2276 2698 Primo.
2292 2680 2316 2695 ex

1205 2724 1294 2759 nota,
1327 2720 1411 2763 quod
1445 2721 1588 2754 centurio
1619 2721 1843 2754 excellentiam
1873 2721 2007 2754 div-inae
2027 2725 2170 2763 potesta·
2188 2701 2328 2758 egfflssssffis

1207 2773 1249 2806 tis
1281 2774 1433 2807 insinuat
1457 2775 1560 2817 signo,
1585 2774 1728 2817 explicat
1754 2774 1852 2807 verbo
1879 2777 1911 2807 et
1931 2774 2052 2816 probat
2075 2783 2170 2816 argu·
2203 2755 2320 2802 ffiffigss‘g
