2476 3921
9 328 58 350 'rum
69 327 160 348 externa

2 371 3 379 ,
15 351 152 376 relevatione.

0 642 59 665 :Tum
71 641 155 672 interna

0 681 1 684 =
9 672 159 695 eompauione.

27 905 78 928 'run
91 903 149 926 dulci

32 931 145 954 locutione.

7 1115 110 1147 obliquiu
122 1115 153 1137 di-

45 1144 117 1164 vnum.

45 1538 150 1568 Respectu

44 1569 145 1586 omnium.

5 2277 144 2306 specificatio.

757 227 950 260 COMMENT.
978 228 1013 260 {N
1038 227 1275 260 EVANGELIUM
1300 228 1416 260 LUCAE
1441 229 1472 260 C.
1498 230 1545 262 Vt.

173 317 302 356 mutui,
324 316 389 350 sive
412 316 551 351 atterius
575 316 733 349 muneri-5.
760 316 795 349 Et
818 319 865 349 est
888 316 1034 357 proximo
1053 315 1129 347 dan—

173 369 248 402 dum
273 378 390 402 munus
413 369 587 402 eoeterioris
609 368 834 407 relevationis,
858 367 1031 401 secundum
1052 367 1129 400 illud

173 422 406 455 Deuteronomii
429 422 549 455 decimo
571 421 682 463 quinto
700 423 729 453 ¹:
765 434 781 450 α
806 421 965 463 Praecipio
996 421 1069 458 tibi,
1093 423 1130 453 ut

170 475 292 517 aperias
315 483 444 508 manum
468 478 554 507 tuam
577 474 667 507 fratri
692 478 747 507 tuo
769 483 867 516 egeno
894 477 925 507 et
948 474 1078 515 pauperi
1092 485 1127 512 »;

169 531 201 562 et
224 527 321 561 Exodi
345 527 495 570 vigesimo
519 527 626 560 tertio:
654 540 671 556 α
687 527 719 559 Si
742 527 858 560 videris
873 527 996 560 asinum
1022 526 1128 559 odien-

169 580 209 613 tis
231 584 262 613 te
285 580 387 613 iacere
403 580 463 613 sub
485 588 599 619 onere,
623 589 684 612 non
702 579 925 622 pertransibis,
946 579 999 612 sed
1023 579 1127 612 suble-

169 632 257 666 vabis
284 641 356 665 cum
390 641 474 665 eo».
500 632 535 664 Et
570 632 719 665 internae
741 632 1005 674 compassioni&
1034 632 1128 665 Isaiae

168 685 428 728 quinquagesimo
458 687 568 718 octavo
585 684 612 716 ἐ
650 697 665 713 α
687 684 765 717 Cum
796 684 945 718 effuderis
975 684 1126 732 esurienti

167 738 304 771 animam
328 740 414 770 tuam
432 740 554 776 n-etc.;
578 740 609 770 et
632 737 671 769 ad
694 737 891 770 colossenses
907 737 1017 770 tertio:
1048 750 1063 765 α
1079 737 1127 769 ln-

167 789 255 823 duite
271 798 342 829 vos,
362 790 444 823 sicut
459 790 547 823 electi
565 790 636 829 Dei,
653 790 773 823 viscera
789 790 1035 829 misericordiae,
1052 799 1127 831 sup-

167 846 329 886 portantes
353 843 485 876 invicem
509 847 541 876 et
555 843 707 876 donantes
728 843 954 885 vobismetipsis
972 857 987 872 »
1007 846 1066 876 etc.
1091 844 1127 875 Et

167 896 261 941 etiam
284 905 402 929 munus
425 896 532 929 duleis
556 895 749 934 locutionis;
774 896 976 928 Ecclesiastici
1006 895 1126 928 decimo

167 949 320 983 octavo³:
349 963 365 979 α
381 950 488 982 Nonne
519 949 664 982 ardorem
688 949 886 991 refrigerabit
909 952 986 982 ros?
1014 949 1064 981 Sic
1095 952 1126 982 et

167 1002 300 1036 verbum
325 1002 437 1035 melius
459 1011 555 1044 quam
579 1001 686 1034 datum
705 1014 734 1033 n.

257 1057 308 1089 72.
333 1056 374 1088 Ad
398 1056 462 1088 duo
477 1055 640 1098 sequentia
662 1063 772 1088 omnes
786 1055 983 1097 obligantur3
1007 1055 1043 1088 ad
1062 1055 1126 1097 pri-

167 1118 255 1142 mum
286 1113 392 1142 autem
426 1109 605 1151 obligantur
635 1108 803 1150 praecipue
834 1108 946 1141 divites
975 1108 1040 1142 sive
1071 1108 1125 1150 qui

167 1162 298 1201 habent,
322 1161 406 1195 unde
429 1161 548 1203 possint
571 1160 703 1193 alienam
727 1161 942 1194 necessitatem
967 1162 1125 1200 relevare3

167 1215 287 1258 primae
324 1215 364 1248 ad
398 1214 595 1247 Timotheum
625 1213 778 1246 ultimo⁴z
808 1226 824 1242 α
844 1214 1000 1247 Divitibus
1031 1214 1127 1247 huius

167 1267 282 1301 saeculi
299 1267 461 1309 praecipe,
478 1276 539 1299 non
557 1266 690 1299 sublime
707 1275 816 1308 sapere
827 1292 835 1306 ‚
852 1266 906 1299 sed
922 1266 1000 1300 bene
1017 1275 1125 1309 agere,

167 1320 278 1354 divites
302 1319 369 1353 fieri
393 1320 424 1352 in
448 1319 538 1352 bonis
557 1318 723 1360 operibus,
748 1318 837 1351 facile
862 1319 1017 1358 tribuere,
1042 1327 1125 1351 com-

166 1372 346 1411 municare,
371 1371 585 1404 thesaurizare
608 1371 665 1403 sibi
689 1371 927 1404 fundamentum
952 1372 1070 1404 bonum
1094 1372 1125 1404 in

167 1425 330 1464 futurum,
353 1428 390 1457 ut
412 1423 649 1466 apprehendant
672 1433 779 1457 veram
804 1424 898 1457 vitam
916 1438 946 1456 ».

257 1477 309 1510 73.
326 1477 558 1519 Obligatetiam
576 1481 721 1519 respectu
737 1477 850 1510 omnis
857 1486 1035 1520 personae,
1052 1486 1125 1510 con—

168 1530 303 1564 siderata
333 1533 447 1563 natura
477 1533 509 1563 et
532 1530 714 1563 necessitate
728 1556 736 1569 ‚
767 1540 829 1563 non
860 1534 965 1564 autem
997 1534 1125 1573 pensato

163 1583 260 1623 *vitio;
284 1583 367 1624 unde
391 1592 453 1616 non
477 1583 688 1616 contrariatur
715 1583 743 1616 ei
767 1583 852 1626 quod
875 1583 990 1617 dicitur
1024 1583 1126 1617 Eccle-

167 1636 280 1670 siastici
312 1636 497 1669 duodecimo
513 1636 543 1668 ⁵:
574 1649 589 1664 α
606 1636 651 1669 Da
682 1637 780 1676 bono,
813 1640 844 1670 et
875 1646 936 1669 non
954 1637 1126 1680 ‚receperis

167 1692 380 1732 peccatorem;
405 1689 533 1723 benefac
557 1689 684 1729 humili,
700 1694 731 1723 et
755 1699 817 1723 non
841 1690 965 1723 dederis
981 1690 1076 1732 impio
1089 1702 1125 1729 »;

167 1743 227 1776 hoc
249 1742 341 1775 dicit:
365 1742 441 1785 quia
464 1746 511 1776 est
534 1747 689 1785 peccator
712 1743 762 1776 vel
793 1743 918 1785 impius.
947 1743 1032 1777 Unde
1064 1752 1127 1776 non

166 1799 213 1828 est
235 1795 372 1828 dandum
397 1795 603 1829 histrionibus
626 1796 746 1829 ratione
762 1796 811 1829 sui
831 1796 1013 1835 ministerii,
1037 1796 1125 1839 quia,

166 1851 203 1881 ut
224 1847 299 1881 dicit
329 1848 536 1890 Hieronymus
548 1849 572 1888 ⁶,
602 1862 618 1877 α
634 1849 737 1882 mimis
767 1854 798 1882 et
821 1849 1028 1883 histrionibus
1051 1849 1127 1883 dare

166 1900 245 1933 nihil
267 1900 353 1933 aliud
375 1905 422 1934 est
446 1911 540 1943 quam
565 1901 770 1935 daemonibus
797 1902 960 1936 immolare
977 1916 1006 1935 n.
1028 1902 1057 1935 Si
1081 1907 1126 1935 ta-

166 1961 238 1986 men
265 1956 339 1986 sunt
365 1953 396 1986 in
421 1954 604 1987 necessitate
626 1955 806 1994 constituti,
830 1949 968 1988 dandum
992 1959 1040 1988 est
1063 1955 1125 1994 eis,

166 2006 241 2049 quia
264 2006 400 2039 suntad
426 2007 594 2049 imaginem
625 2007 680 2040 Dei
711 2008 807 2041 creati
839 2011 870 2041 et
902 2008 977 2050 quia
1012 2008 1126 2041 fratres

166 2059 280 2099 nostri;
305 2059 388 2092 unde
404 2059 525 2101 primae
540 2060 662 2093 Ioannis
678 2061 785 2093 tertio:
808 2074 823 2089 (ι
839 2061 899 2103 Qui
916 2061 1045 2100 viderit,
1063 2061 1125 2094 fra-

166 2116 247 2146 trem
272 2121 365 2145 suum
394 2112 609 2146 necessitatem
633 2112 768 2152 habere,
784 2116 815 2146 et
838 2113 987 2146 clauserit
1006 2113 1126 2146 viscera

167 2174 224 2199 sua
246 2165 286 2198 ab
313 2174 364 2204 ec,
389 2165 545 2207 quomodo
569 2165 682 2199 caritas
707 2166 760 2198 Dei
786 2169 891 2198 manet
913 2166 945 2198 in
969 2169 1058 2199 eo»?

256 2218 308 2250 74.
333 2217 369 2250 Et
391 2217 466 2260 quia
489 2218 549 2250 hoc
574 2218 754 2251 mandatum
771 2218 995 2251 beneficentiae
1018 2227 1051 2251 se
1067 2227 1124 2251 ex-

167 2270 266 2305 tendit
280 2270 319 2303 ad
342 2279 452 2304 omnes
468 2270 542 2303 sine.
557 2270 757 2312 exceptione,
774 2270 842 2303 ideo
858 2270 1016 2312 specificat
1031 2270 1125 2303 etiam

166 2324 205 2357 de
220 2319 481 2362 iniuriantibus,
506 2332 578 2356 cum
594 2323 751 2365 adiungit:
770 2324 809 2356 Et
825 2324 883 2367 qui
903 2322 1017 2366 aufert
1040 2333 1126 2367 quae

168 2382 227 2411 tua
250 2381 347 2416 sum,
372 2387 412 2410 ne
441 2381 569 2419 repetas
577 2388 589 2416 ;
620 2376 728 2410 Glossa
744 2377 774 2409 ⁷:
804 2390 819 2406 α
836 2377 914 2410 Cum
948 2377 1044 2420 litigio
1078 2377 1125 2410 vel

167 2430 363 2464 contentione
379 2443 410 2470 2»,
435 2438 516 2473 quae
539 2430 624 2463 venit
646 2439 688 2463 ex
711 2430 898 2472 cupiditate;
923 2430 1018 2463 Isaiae
1034 2430 1125 2472 quin-

167 2483 347 2527 quagesimo
370 2486 496 2516 octavo:
527 2496 543 2512 «
560 2483 650 2523 Ecce,
675 2483 706 2515 in
722 2483 772 2516 die
796 2483 902 2517 ieiunii
920 2483 1014 2516 vestri
1040 2483 1125 2516 inve-

238 2675 246 2691 ¹
268 2676 342 2703 Vers.
363 2676 410 2708 11,
429 2678 489 2708 post
507 2682 587 2709 quem
608 2675 687 2702 Exod.
709 2676 756 2709 23,
775 2677 801 2703 5.

237 2718 248 2735 ¹
268 2720 342 2746 Vers.
363 2720 406 2745 10.
423 2733 459 2738 -
478 2719 601 2752 Sequitur
619 2719 673 2745 Col.
693 2720 722 2751 3,
744 2721 785 2745 12.
805 2727 862 2753 seq.

238 2763 248 2779 ³
268 2765 343 2791 Vers.
364 2765 405 2791 16.

236 2807 248 2823 ¹
267 2809 342 2835 Vers.
363 2808 452 2835 17-19.

237 2851 248 2866 ⁶
267 2853 341 2879 Vers.
362 2852 386 2879 5.
408 2859 463 2885 seq.
485 2852 535 2879 Csr.
554 2853 596 2878 lV.
616 2854 686 2879 sent.
705 2854 731 2880 d.
753 2854 795 2880 15.
814 2861 841 2886 p.
860 2855 888 2880 11.
908 2854 972 2881 dub.
992 2855 1018 2881 7.

236 2895 247 2911 ⁰
266 2897 348 2923 Etiam
368 2897 488 2924 Gulielm.
509 2898 664 2929 Autissiod.,
680 2899 753 2924 Sum.
768 2898 812 2925 lib.
826 2900 863 2925 111.
877 2902 909 2926 tr.
926 2900 951 2926 8.
967 2907 989 2925 c.
1010 2900 1035 2926 1.
1047 2908 1073 2933 q.
1094 2900 1123 2933 3,

167 2943 233 2967 hanc
255 2941 409 2968 sententiam
433 2941 524 2968 tribuit
548 2942 707 2974 Hieronymo
733 2943 791 2976 (sed
811 2943 856 2969 ubi
882 2943 1034 2977 habeturi).
1052 2945 1124 2971 Alex.

167 2986 235 3017 Hal„
255 2985 280 3011 S.
299 2993 326 3018 p.
346 2986 388 3012 lV.
407 2993 434 3019 q.
453 2986 496 3012 33.
515 2993 550 3012 m.
575 2987 600 3018 l,
619 2985 669 3012 sub
689 2987 794 3013 nomine
807 2987 944 3014 Ambrosii
957 2989 1021 3014 haec
1034 2989 1124 3015 affert:

170 3039 183 3053 ιι
196 3029 263 3056 Dare
281 3036 324 3056 res
342 3037 403 3056 suas
423 3030 592 3057 histrionibus
610 3030 704 3057 vitium
726 3034 765 3057 est
784 3031 899 3058 immane
912 3042 941 3064 »ς
961 3033 1018 3065 ipsa
1036 3036 1124 3059 autem

167 3073 249 3099 verba
267 3075 366 3107 profert
384 3075 509 3107 August„
528 3075 553 3101 in
572 3075 641 3101 loan.
657 3076 755 3107 Evang.
775 3078 807 3101 tr.
827 3076 887 3102 100.
905 3084 931 3103 11.
952 3078 977 3103 2.
995 3076 1048 3104 Csr.
1064 3078 1124 3103 Gra-

167 3118 242 3150 tiam,
260 3118 288 3145 C.
308 3119 417 3147 Donare
437 3120 470 3153 (c.
488 3119 535 3153 7.)‚
554 3119 612 3146 dist.
633 3120 676 3145 86.
695 3120 761 3147 Vide
781 3119 845 3147 ibid.
866 3120 894 3147 C.
915 3121 969 3154 Qui
990 3122 1124 3149 venatori-

161 3161 216 3189 'bus
236 3162 270 3196 (c.
289 3163 341 3196 8.),
361 3163 408 3197 qui
432 3167 535 3190 sumtus
553 3167 592 3190 est
616 3171 646 3190 ex
665 3164 790 3197 August,
809 3165 926 3191 Enarrat.
951 3165 978 3192 in
1003 3166 1043 3192 Ps.
1064 3167 1124 3192 ⁴02.

167 3213 192 3232 11.
213 3207 259 3240 13,
278 3207 304 3233 111
323 3215 376 3241 quo
395 3208 558 3234 insinuantur
576 3215 645 3242 quae
663 3209 742 3241 paulo
761 3209 867 3235 inferius
892 3209 926 3236 de
951 3210 1071 3242 homine,
1097 3211 1124 3237 in

167 3253 294 3284 quantum
319 3254 359 3278 est
376 3252 411 3278 ad
436 3252 578 3285 imaginem
597 3253 644 3279 Dei
667 3255 783 3285 creatus,
802 3253 938 3280 dicuntur:
957 3254 1008 3287 Qui
1027 3254 1124 3281 donant

168 3294 362 3330 histrionibus...
380 3303 462 3329 quare
480 3296 600 3323 donant?
625 3297 748 3330 Nunquid
771 3304 824 3323 non
843 3298 875 3324 'et
897 3298 947 3330 ipsi
973 3297 1122 3325 hominibus

168 3339 282 3364 donanti
300 3339 356 3366 Non
375 3343 462 3366 tamen
481 3340 518 3366 ibi
536 3341 672 3367 attendunt
690 3343 820 3368 naturam
833 3341 922 3376 operis
941 3336 1001 3376 Dei.
1022 3343 1069 3369 sed
1082 3334 1123 3369 ne-

168 3382 277 3415 quitiam
296 3383 384 3415 operis
402 3384 520 3410 humani.
532 3399 567 3403 —
580 3384 697 3411 Subinde
715 3385 841 3417 allegatur
859 3386 876 3412 1.
896 3386 966 3412 Ioan.
988 3386 1019 3419 3,
1040 3386 1081 3412 17.

2085 234 2145 265 155

1193 315 1280 347 nitur
1316 316 1460 348 voluntas
1489 321 1606 355 vestra,
1638 322 1670 351 et
1699 328 1807 352 omnes
1837 320 1993 352 debitores
2029 325 2148 353 vestros

1194 368 1342 409 repetitis.
1369 368 1459 407 Ecce,
1492 369 1530 401 ad
1555 370 1623 402 lites
1647 375 1677 403 et
1708 372 1920 404 contentiones
1952 373 2095 405 ieiunatis
2112 386 2146 411 »3

1193 419 1395 453 Ecclesiastici
1415 421 1572 462 trigesimo
1590 422 1708 463 primo:
1740 436 1754 451 α
1772 424 1873 456 Verba
1889 424 2068 465 improperii
2088 435 2146 457 non

1191 473 1276 506 dicas
1300 474 1460 514 proximo,
1484 477 1516 506 et
1538 484 1599 506 non
1624 484 1748 516 premas
1773 477 1859 508 illum
1878 477 1907 508 in
1933 478 2146 518 repetendo».

1192 526 1280 558 Tunc
1295 529 1401 558 autem
1415 526 1459 565 fit,
1473 527 1599 568 quando
1612 536 1717 560 coram
1735 529 1835 561 iudice
1852 530 1952 562 alieno
1971 531 2015 562 vel
2034 530 2146 563 infideli

1192 587 1317 611 causam
1351 580 1464 618 trahit;
1491 584 1618 621 propter
1650 581 1732 622 qnod
1763 582 1881 622 primae
1905 582 1942 614 ad
1974 582 2150 615 Corinthios

1191 631 1318 664 sexto⁸z
1337 645 1352 660 «ι
1365 633 1472 665 Frater
1488 632 1640 666 adversus
1656 633 1784 666 fratrem
1800 634 1829 666 in
1848 635 1960 667 iudicio
1978 635 2149 672 contendit,

1191 688 1223 717 et
1246 685 1305 718 hoc
1321 685 1404 727 apud
1430 685 1592 719 infideles?
1608 687 1711 728 Quare
1736 697 1796 719 non
1816 687 1913 728 magis
1937 688 2077 720 fraudem
2097 697 2149 729 pa-

1191 738 1291 770 timini
1309 742 1349 770 n?
1374 739 1434 772 Hoc
1457 743 1562 772 autem
1587 750 1648 772 non
1672 740 1762 779 dicit,
1786 741 1860 781 quia
1886 741 1914 772 in
1940 742 2003 773 ullo
2029 751 2087 773 non
2115 742 2149 773 li-

1190 795 1258 824 ceat
1281 796 1438 833 repetere,
1463 793 1516 825 sed
1534 797 1570 825 ut
1593 793 1750 832 ostendat,
1775 795 1858 835 quod
1877 795 1973 835 magis
1996 794 2147 827 debemus

1189 844 1319 886 diligere
1344 845 1526 886 proximum
1551 850 1582 879 et
1604 847 1673 879 eius
1697 847 1947 889 saluteinsquani
1975 856 2038 879 rem
2071 852 2148 879 teni-

1191 897 1339 939 poralem.
1373 898 1457 931 Unde
1488 899 1840 941 Gregorius⁹raCum
1875 910 1930 942 pro
1960 904 2083 933 terrena
2116 910 2149 932 11·

1190 959 1253 992 pax
1277 960 1295 982 a
1322 951 1415 984 corde
1443 960 1514 984 cun]
1541 953 1686 994 proximo
1714 954 1877 991 scinditur,
1895 958 2041 994 apparet,
2066 953 2147 995 qnod

1190 1003 1262 1045 plus
1286 1012 1337 1036 res
1360 1013 1455 1045 quam
1482 1005 1648 1046 proximus
1672 1010 1796 1038 amatur
1814 1020 1843 1037 ».

1280 1057 1332 1088 75.
1357 1056 1442 1089 Unde
1466 1061 1556 1096 nota,
1580 1058 1663 1100 quod
1689 1063 1831 1100 repetere
1847 1059 1996 1100 contingit
2022 1059 2149 1101 triplici·
2169 1071 2253 1097 Triplex
2272 1077 2314 1091 me

1191 1112 1253 1147 ter,
1277 1108 1395 1142 scilicet
1418 1118 1459 1142 ex
1483 1110 1664 1152 eupiditate
1680 1114 1711 1143 et
1733 1111 1803 1143 zelo
1822 1112 1968 1144 iustitiae
1985 1116 2015 1144 et
2033 1112 2149 1144 timore
2162 1097 2201 1144 32⁰?
2216 1100 2314 1124 ‘wem‘

1190 1170 1299 1193 easus.
1326 1162 1463 1194 Primum
1489 1166 1536 1195 est
1559 1162 1742 1201 malorum,
1769 1174 1828 1196 non
1855 1164 2010 1196 iustorum
2036 1165 2147 1196 carita-
2169 1176 2259 1197 rrimus.

1191 1217 1252 1247 tem
1270 1214 1467 1253 habentium,
1492 1216 1665 1248 secundum
1683 1216 1759 1249 illud
1781 1217 1900 1258 primae
1916 1218 1953 1249 ad
1971 1217 2148 1250 Corinthios

1189 1267 1310 1300 decimo
1328 1268 1420 1300 tertio
1435 1269 1474 1300 ¹⁰:
1498 1282 1512 1296 α
1525 1268 1644 1301 Caritas
1658 1279 1717 1302 non
1731 1271 1855 1312 quaerit
1867 1280 1947 1312 quae
1961 1280 2017 1303 sua
2031 1275 2103 1303 sunt
2117 1284 2146 1305 »ς

1189 1320 1314 1353 Glossa:
1345 1334 1360 1349 «
1377 1321 1441 1353 Non
1460 1322 1572 1363 repetit
1597 1322 1725 1354 ablata»
1739 1349 1746 1361 ‚
1771 1323 1888 1356 seilicet
1904 1332 1944 1355 ex
1969 1333 2076 1356 amore
2093 1333 2147 1355 ‹sn-

1190 1373 1327 1415 piditatis
1350 1374 1387 1406 ad
1414 1383 1490 1407 rem.
1509 1394 1551 1398 —
1574 1375 1625 1408 Est
1649 1376 1763 1408 iterum
1791 1381 1929 1418 repetere
1953 1377 2022 1408 zelo
2055 1377 2147 1409 iusti·
2168 1387 2284 1408 Secundus.

1190 1426 1274 1464 tiae,·
1299 1431 1329 1460 et
1353 1427 1412 1460 hoc
1436 1427 1528 1460 modo
1559 1428 1631 1461 licet
1651 1428 1822 1471 perfectis,
1849 1430 1902 1471 qui
1937 1430 2051 1463 hahent
2076 1441 2146 1472 pro—

1190 1479 1295 1521 prium
1320 1480 1355 1512 in
1372 1480 1542 1513 communi
1550 1506 1559 1519 ,
1585 1481 1709 1513 nomine
1729 1482 1978 1521 communitatis3
2004 1483 2148 1524 perfectis

1191 1541 1280 1572 vero,
1304 1532 1357 1574 qui
1383 1542 1440 1566 nec
1464 1533 1498 1565 z'n
1523 1534 1692 1566 communi
1723 1543 1778 1567 nec
1803 1535 1838 1566 in
1869 1535 2006 1576 speciali
2034 1536 2145 1568 liabent

1190 1585 1355 1628 proprium
1371 1587 1395 1605 ¹¹
1407 1612 1414 1624 ,
1432 1595 1493 1618 non
1507 1586 1577 1619 licet
1593 1587 1638 1619 eis
1655 1591 1813 1628 repetere,
1830 1587 1883 1620 sed
1900 1588 1944 1620 eis
1962 1588 2077 1626 solum,
2095 1588 2146 1630 qui

1191 1639 1307 1671 habent
1323 1639 1546 1681 proprietatem
1560 1640 1685 1672 illarum
1700 1649 1820 1679 16111111,
1835 1650 1971 1682 quarum
1985 1642 2040 1683 ipsi
2056 1651 2146 1674 usum

1190 1692 1316 1725 habent.
1343 1692 1394 1725 1116
1417 1692 1489 1724 zelo
1513 1693 1660 1725 iustitiae
1684 1694 1816 1735 repetit,
1841 1694 1895 1736 qui
1921 1694 2051 1727 intendit
2076 1704 2148 1727 con—

1190 1745 1295 1778 sulere
1318 1746 1410 1778 saluti
1436 1746 1585 1788 rapientis
1601 1750 1632 1778 et
1656 1747 1856 1779 refrenationi
1882 1747 2059 1789 cupiditatis
2076 1748 2148 1780 alie-

1190 1807 1249 1831 nae
1272 1801 1303 1831 et
1326 1799 1393 1840 paci
1420 1799 1606 1831 universalis
1631 1799 1792 1832 Ecclesiae.
1818 1800 1902 1833 Unde
1919 1800 2087 1842 Gregorius
2106 1801 2148 1832 ¹²:

1196 1864 1212 1879 «
1227 1852 1293 1884 Non
1310 1852 1411 1884 solum
1435 1852 1527 1885 debet
1543 1861 1611 1885 esse
1635 1862 1726 1891 cura,
1751 1862 1789 1886 ne
1811 1857 1917 1886 nostra
1945 1854 2147 1892 subtrahant,

1190 1904 1245 1938 sed
1269 1914 1308 1938 ne
1332 1905 1489 1947 rapientes
1512 1915 1574 1938 non
1599 1915 1656 1939 sua
1680 1907 1862 1948 semetipsos
1887 1907 2019 1949 perdant
2043 1922 2072 1938 ».
2099 1908 2149 1939 llle

1190 1957 1284 1990 etiam
1307 1958 1378 1990 zelo
1402 1958 1549 1990 iustitiae
1577 1959 1708 2000 repetit,
1734 1960 1787 2001 qui
1813 1960 1944 1992 intendit
1976 1960 2025 1992 1115
2054 1970 2146 1993 51111111

1189 2010 1370 2049 defendere,
1396 2011 1444 2043 vel
1469 2020 1637 2052 personae,
1664 2012 1710 2044 vel
1736 2012 1906 2051 Ecclesiae,
1936 2022 1991 2046 seu
2016 2013 2148 2045 alicuius

1189 2062 1423 2095 communitatis
1445 2063 1627 2102 adiunctae,
1644 2064 1782 2097 maxime
1807 2073 1878 2097 cum
1898 2065 1972 2097 illud
1998 2075 2038 2098 ex
2056 2075 2146 2098 cansa

1189 2118 1333 2147 teneatur
1349 2114 1524 2148 defendere.
1533 2134 1574 2139 —
1585 2116 1636 2148 Est
1650 2117 1741 2149 161110
1754 2121 1896 2158 repetere
1910 2118 2024 2150 timore
2037 2128 2146 2156 casus.

1189 2167 1306 2200 scilicet
1329 2176 1368 2200 116
1392 2171 1521 2209 propter
1542 2173 1758 2210 paupertatem
1783 2173 1814 2202 et
1830 2169 2029 2212 indigentiam
2054 2176 2145 2203 ruant

1189 2220 1220 2252 in
1244 2220 1387 2262 culpam;
1412 2224 1443 2253 et
1471 2220 1515 2253 sic
1539 2224 1657 2262 spectat
1681 2221 1718 2253 ad
1743 2221 1904 2264 infirmos.
1929 2223 2013 2255 tfnde
2038 2224 2144 2255 orabat

1188 2273 1220 2305 in
1244 2281 1378 2314 persona
1395 2273 1502 2306 talium
1521 2274 1649 2315 Sapiens
1666 2274 1907 2307 Proverbiorum
1933 2276 2090 2317 trigesimo
2106 2276 2145 2306 ¹³:

1194 2338 1209 2354 α
1225 2325 1354 2358 Divitias
1370 2328 1400 2358 et
1423 2330 1625 2368 paupertates
1641 2336 1679 2359 ne
1703 2327 1825 2360 dederis
1842 2328 1933 2366 1111111;
1960 2328 2063 2360 tribue
2082 2332 2146 2360 tan-

1189 2380 1257 2410 tum
1281 2378 1376 2410 victui
1401 2387 1470 2411 meo
1494 2379 1687 2418 necessaria,
1712 2389 1749 2412 ne
1773 2380 1853 2412 forte
1877 2381 2007 2412 satiatus
2036 2380 2146 2413 illiciar

1188 2430 1227 2463 ad
1250 2430 1427 2473 negandum
1444 2434 1475 2464 et
1498 2431 1615 2464 dicam:
1641 2432 1717 2473 Quis
1744 2436 1791 2465 est
1808 2433 1980 2465 Dominus?
2002 2438 2056 2466 aut
2077 2442 2147 2475 ege-

1189 2487 1267 2516 state
1290 2484 1472 2526 compulsus
1489 2484 1576 2517 furer
1597 2489 1628 2517 et
1645 2485 1804 2527 periurem
1822 2495 1934 2518 nomen
1959 2487 2012 2518 Dei
2038 2487 2097 2519 mei
2115 2501 2144 2518 n.

2167 2129 2259 2150 Tertius.

1258 2675 1268 2692 ⁷
1289 2678 1390 2704 Scilicet
1409 2677 1599 2705 interlinearis.
1613 2692 1647 2698 —
1661 2679 1718 2704 Duo
1737 2686 1812 2712 seqq.
1831 2679 1878 2705 loci
1898 2683 1958 2705 sunt
1978 2679 2033 2704 lsai.
2055 2679 2101 2710 38,
2123 2680 2144 2704 3.

1187 2729 1243 2755 seq.
1263 2726 1289 2748 et
1307 2723 1383 2748 Eccli.
1404 2723 1452 2753 31,
1474 2722 1516 2748 42.

1258 2767 1269 2784 ⁸
1290 2768 1364 2793 Vers.
1383 2768 1408 2793 6.
1428 2771 1453 2793 et
1470 2768 1495 2793 7.
1517 2769 1628 2800 Vulgata
1648 2768 1722 2800 plura
1743 2769 1879 2794 interserit.
1898 2781 1933 2787 —
1953 2768 2079 2799 Superius
2099 2775 2146 2799 pro

1187 2811 1264 2838 Tunc
1282 2812 1313 2846 fit
1332 2812 1390 2838 vat.
1409 2811 1530 2839 Maaeime
1548 2814 1640 2839 autem
1659 2813 1723 2839 tunc
1739 2812 1847 2846 premit.

1258 2854 1269 2869 ⁹
1288 2856 1358 2882 Libr.
1378 2857 1472 2882 XXXl.
1492 2857 1579 2882 Morul.
1599 2864 1622 2882 c.
1645 2857 1685 2882 13.
1704 2865 1729 2882 11.
1749 2857 1792 2882 23.
1811 2871 1846 2875 —
1865 2857 1991 2888 Superius
2011 2864 2057 2888 pro
2082 2856 2144 2889 qnia

1188 2900 1216 2927 in
1235 2900 1292 2927 ullo
1311 2900 1378 2935 [scil.
1398 2901 1509 2935 indicio]
1527 2908 1581 2928 non
1602 2901 1691 2933 liceat,
1706 2902 1777 2934 quod
1799 2901 1907 2933 praebet
1925 2901 1957 2929 C.
1980 2902 2000 2926 Α
2012 2901 2062 2926 DG
2083 2900 2144 2934 qnia

1188 2945 1215 2971 in
1233 2945 1310 2971 nullo
1323 2952 1376 2971 11οη
1398 2945 1488 2977 liceat,
1508 2946 1529 2971 H
1549 2944 1620 2979 quod
1638 2952 1693 2971 non
1712 2945 1791 2971 liceat
1810 2944 1864 2971 ullo
1886 2944 1976 2975 modo,
2001 2945 2057 2969 Vat.
2078 2944 2144 2977 qnia

1187 2989 1264 3016 nullo
1283 2989 1362 3016 modo
1383 2989 1469 3016 licent.

1261 3032 1282 3048 ¹⁰
1298 3034 1370 3060 Vers.
1385 3035 1410 3060 5.
1423 3047 1458 3053 —
1470 3034 1560 3060 Glossa
1569 3053 1575 3064 ,
1589 3041 1656 3066 quae
1670 3034 1741 3065 apud
1754 3034 1886 3065 Lyranum
1900 3036 1938 3058 est
1953 3032 2145 3065 interlinealis,

1188 3077 1325 3104 exhibetur
1344 3085 1358 3104 a
1378 3079 1452 3104 Petro
1466 3077 1614 3104 Lombardo
1634 3077 1686 3103 sic:
1706 3076 1766 3103 Non
1786 3076 1893 3110 quaerit
1911 3084 1978 3110 quae
1996 3084 2046 3103 sua
2066 3079 2142 3107 sunt,

1188 3123 1215 3149 id
1234 3126 1286 3154 est,
1305 3122 1389 3149 ablata
1409 3122 1459 3148 sibi
1479 3129 1529 3148 non
1549 3121 1654 3153 repetit,
1675 3121 1735 3154 quia
1755 3128 1807 3146 non
1826 3124 1865 3146 est
1883 3121 1992 3146 amatrix
2011 3121 2145 3152 pecuniae.

1260 3165 1280 3181 ¹¹
1301 3167 1448 3199 Respicitur
1467 3166 1501 3192 ad
1520 3166 1644 3191 Ordinem
1663 3165 1782 3191 Fratrum
1803 3165 1931 3190 Minorum
1950 3166 1975 3190 S.
1995 3165 2132 3191 Francisci.

1260 3209 1282 3225 ¹²
1301 3210 1370 3236 Libr.
1391 3211 1485 3236 XXXl.
1505 3210 1591 3235 Moral.
1611 3216 1632 3234 c.
1658 3209 1695 3234 13.
1715 3216 1739 3234 11.
1760 3210 1802 3234 22.

1260 3252 1281 3269 ¹⁸
1302 3255 1376 3280 Vers.
1399 3255 1424 3280 8.
1443 3257 1468 3279 et
1487 3254 1511 3278 9.
1526 3253 1574 3278 Pro
1593 3252 1704 3279 Divitias
1723 3254 1748 3279 et
1765 3254 1953 3286 paunerstztes,
1974 3252 2061 3285 quod,
2082 3256 2145 3278 teste

1188 3299 1283 3325 Ioanne
1301 3299 1334 3324 de
1354 3299 1377 3324 la
1396 3299 1467 3329 Haye
1488 3296 1579 3330 (Biblia
1599 3297 1710 3322 maxima
1731 3299 1804 3330 ete),
1824 3296 1928 3323 exhibet
1948 3298 1973 3322 S.
1998 3297 2146 3323 Bernardus

1188 3343 1244 3375 (cfr.
1264 3343 1346 3368 Serm.
1367 3342 1392 3367 2.
1412 3342 1437 3366 in
1463 3341 1598 3367 Dominica
1617 3341 1779 3373 palmarum,
1804 3349 1829 3367 11.
1849 3342 1878 3366 2:
1900 3340 2012 3367 Divitias
2036 3343 2060 3367 el
2078 3348 2146 3375 pau-

1184 3388 1316 3420 pertatem
1335 3386 1408 3418 etc),
1429 3386 1540 3418 Vulgata
1560 3384 1755 3412 Mendicitatem
1775 3387 1801 3412 et
1818 3384 1933 3412 divitias.
