<?xml version="1.0" encoding="UTF-8"?>
<!DOCTYPE html PUBLIC "-//W3C//DTD XHTML 1.0 Transitional//EN"
    "http://www.w3.org/TR/xhtml1/DTD/xhtml1-transitional.dtd">
<html xmlns="http://www.w3.org/1999/xhtml" xml:lang="en" lang="en">
 <head>
  <title>
</title>
<meta http-equiv="Content-Type" content="text/html;charset=utf-8" />
  <meta name='ocr-system' content='tesseract 3.04.00' />
  <meta name='ocr-capabilities' content='ocr_page ocr_carea ocr_par ocr_line ocrx_word'/>
</head>
<body>
  <div class='ocr_page' id='page_1' title='image "./doctorisseraphic07bona/doctorisseraphic07bona_0441.png"; bbox 0 0 2476 3921; ppageno 0'>
   <div class='ocr_carea' id='block_1_1' title="bbox 25 790 152 813">
    <p class='ocr_par' dir='ltr' id='par_1_1' title="bbox 25 790 152 813">
     <span class='ocr_line' id='line_1_1' title="bbox 25 790 152 813; baseline -0.016 0"><span class='ocrx_word' id='word_1_1' title='bbox 25 790 152 813; x_wconf 70' lang='lat' dir='ltr'><strong>Notandum.</strong></span> 
     </span>
    </p>
   </div>
   <div class='ocr_carea' id='block_1_2' title="bbox 1 992 158 1026">
    <p class='ocr_par' dir='ltr' id='par_1_2' title="bbox 1 992 158 1026">
     <span class='ocr_line' id='line_1_2' title="bbox 1 992 158 1026; baseline -0.013 0"><span class='ocrx_word' id='word_1_2' title='bbox 1 992 2 997; x_wconf 30' lang='lat'>¹</span> <span class='ocrx_word' id='word_1_3' title='bbox 20 1002 106 1026; x_wconf 83' lang='lat' dir='ltr'><strong>Duratio</strong></span> <span class='ocrx_word' id='word_1_4' title='bbox 118 1003 158 1024; x_wconf 85' lang='lat' dir='ltr'><strong>Le-</strong></span> 
     </span>
    </p>
   </div>
   <div class='ocr_carea' id='block_1_3' title="bbox 29 1030 144 1078">
    <p class='ocr_par' dir='ltr' id='par_1_3' title="bbox 29 1030 144 1078">
     <span class='ocr_line' id='line_1_3' title="bbox 29 1030 144 1078; baseline -0.009 -26"><span class='ocrx_word' id='word_1_5' title='bbox 29 1030 144 1078; x_wconf 56' lang='lat' dir='ltr'><strong>⁸i⁸dffiss⁰³d</strong></span> 
     </span>
    </p>
   </div>
   <div class='ocr_carea' id='block_1_4' title="bbox 12 1109 161 1132">
    <p class='ocr_par' dir='ltr' id='par_1_4' title="bbox 12 1109 161 1132">
     <span class='ocr_line' id='line_1_4' title="bbox 12 1109 161 1132; baseline -0.013 0"><span class='ocrx_word' id='word_1_6' title='bbox 12 1110 40 1132; x_wconf 80' lang='lat' dir='ltr'><strong>De</strong></span> <span class='ocrx_word' id='word_1_7' title='bbox 54 1109 161 1131; x_wconf 71' lang='lat' dir='ltr'><strong>dimissio-</strong></span> 
     </span>
    </p>
   </div>
   <div class='ocr_carea' id='block_1_5' title="bbox 32 1136 143 1185">
    <p class='ocr_par' dir='ltr' id='par_1_5' title="bbox 32 1136 143 1185">
     <span class='ocr_line' id='line_1_5' title="bbox 32 1136 143 1158; baseline -0.009 0"><span class='ocrx_word' id='word_1_8' title='bbox 32 1142 58 1158; x_wconf 78' lang='lat' dir='ltr'><strong>ne</strong></span> <span class='ocrx_word' id='word_1_9' title='bbox 72 1136 143 1158; x_wconf 82' lang='lat' dir='ltr'><strong>uxoris</strong></span> 
     </span>
     <span class='ocr_line' id='line_1_6' title="bbox 60 1163 111 1185; baseline 0.02 -1"><span class='ocrx_word' id='word_1_10' title='bbox 60 1163 111 1185; x_wconf 83' lang='lat' dir='ltr'><strong>duo.</strong></span> 
     </span>
    </p>
   </div>
   <div class='ocr_carea' id='block_1_6' title="bbox 21 2284 150 2307">
    <p class='ocr_par' dir='ltr' id='par_1_6' title="bbox 21 2284 150 2307">
     <span class='ocr_line' id='line_1_7' title="bbox 21 2284 150 2307; baseline 0.008 -1"><span class='ocrx_word' id='word_1_11' title='bbox 21 2284 150 2307; x_wconf 67' lang='lat' dir='ltr'><strong>Notandum.</strong></span> 
     </span>
    </p>
   </div>
   <div class='ocr_carea' id='block_1_7' title="bbox 758 263 1581 300">
    <p class='ocr_par' dir='ltr' id='par_1_7' title="bbox 758 263 1581 300">
     <span class='ocr_line' id='line_1_8' title="bbox 758 263 1581 300; baseline 0.006 -4"><span class='ocrx_word' id='word_1_12' title='bbox 758 263 954 297; x_wconf 86' lang='lat' dir='ltr'><strong>COMMENT.</strong></span> <span class='ocrx_word' id='word_1_13' title='bbox 980 264 1017 297; x_wconf 87' lang='grc' dir='ltr'><strong>ΙΝ</strong></span> <span class='ocrx_word' id='word_1_14' title='bbox 1042 263 1282 297; x_wconf 70' lang='lat' dir='ltr'><strong>EVANGELIUM</strong></span> <span class='ocrx_word' id='word_1_15' title='bbox 1306 266 1425 299; x_wconf 70' lang='lat' dir='ltr'><strong>LUCAE</strong></span> <span class='ocrx_word' id='word_1_16' title='bbox 1449 267 1482 300; x_wconf 90' lang='lat' dir='ltr'><strong>C.</strong></span> <span class='ocrx_word' id='word_1_17' title='bbox 1506 268 1581 300; x_wconf 71' lang='lat' dir='ltr'><strong>xvi.</strong></span> 
     </span>
    </p>
   </div>
   <div class='ocr_carea' id='block_1_8' title="bbox 169 352 1142 2420">
    <p class='ocr_par' dir='ltr' id='par_1_8' title="bbox 173 352 1142 926">
     <span class='ocr_line' id='line_1_9' title="bbox 175 352 1142 396; baseline 0.001 -11"><span class='ocrx_word' id='word_1_18' title='bbox 175 361 309 394; x_wconf 88' lang='lat' dir='ltr'><strong>parvum</strong></span> <span class='ocrx_word' id='word_1_19' title='bbox 334 361 391 385; x_wconf 92' lang='lat' dir='ltr'><strong>nec</strong></span> <span class='ocrx_word' id='word_1_20' title='bbox 415 361 583 396; x_wconf 83' lang='lat' dir='ltr'><strong>magnum,</strong></span> <span class='ocrx_word' id='word_1_21' title='bbox 607 355 656 385; x_wconf 89' lang='lat' dir='ltr'><strong>est</strong></span> <span class='ocrx_word' id='word_1_22' title='bbox 678 352 709 385; x_wconf 91' lang='lat' dir='ltr'><strong>in</strong></span> <span class='ocrx_word' id='word_1_23' title='bbox 735 352 916 395; x_wconf 81' lang='lat' dir='ltr'>Scriptura,</span> <span class='ocrx_word' id='word_1_24' title='bbox 934 362 991 386; x_wconf 90' lang='lat' dir='ltr'><strong>nec</strong></span> <span class='ocrx_word' id='word_1_25' title='bbox 1007 352 1142 395; x_wconf 91' lang='lat' dir='ltr'><strong>aliquid,</strong></span> 
     </span>
     <span class='ocr_line' id='line_1_10' title="bbox 174 405 1142 448; baseline -0.001 -9"><span class='ocrx_word' id='word_1_26' title='bbox 174 405 259 448; x_wconf 88' lang='lat' dir='ltr'><strong>quod</strong></span> <span class='ocrx_word' id='word_1_27' title='bbox 283 415 345 439; x_wconf 92' lang='lat' dir='ltr'><strong>non</strong></span> <span class='ocrx_word' id='word_1_28' title='bbox 369 405 484 439; x_wconf 90' lang='lat' dir='ltr'><strong>habeat</strong></span> <span class='ocrx_word' id='word_1_29' title='bbox 507 405 748 448; x_wconf 79' lang='lat' dir='ltr'>completionem</span> <span class='ocrx_word' id='word_1_30' title='bbox 773 414 863 439; x_wconf 87' lang='lat' dir='ltr'><strong>suam</strong></span> <span class='ocrx_word' id='word_1_31' title='bbox 878 407 899 438; x_wconf 93' lang='lat'><strong>¹.</strong></span> <span class='ocrx_word' id='word_1_32' title='bbox 924 405 1038 439; x_wconf 90' lang='lat' dir='ltr'><strong>Omnia</strong></span> <span class='ocrx_word' id='word_1_33' title='bbox 1058 405 1142 439; x_wconf 91' lang='lat' dir='ltr'><strong>enim</strong></span> 
     </span>
     <span class='ocr_line' id='line_1_11' title="bbox 175 458 1142 501; baseline -0.001 -9"><span class='ocrx_word' id='word_1_34' title='bbox 175 458 359 492; x_wconf 88' lang='lat' dir='ltr'><strong>referuntur</strong></span> <span class='ocrx_word' id='word_1_35' title='bbox 382 459 422 492; x_wconf 89' lang='lat' dir='ltr'><strong>ad</strong></span> <span class='ocrx_word' id='word_1_36' title='bbox 444 459 578 492; x_wconf 88' lang='lat' dir='ltr'><strong>salutem</strong></span> <span class='ocrx_word' id='word_1_37' title='bbox 612 459 801 498; x_wconf 85' lang='lat' dir='ltr'><strong>humanam,</strong></span> <span class='ocrx_word' id='word_1_38' title='bbox 825 467 908 501; x_wconf 92' lang='lat' dir='ltr'><strong>quae</strong></span> <span class='ocrx_word' id='word_1_39' title='bbox 931 459 1060 492; x_wconf 89' lang='lat' dir='ltr'><strong>habebit</strong></span> <span class='ocrx_word' id='word_1_40' title='bbox 1083 459 1142 491; x_wconf 92' lang='lat' dir='ltr'><strong>du-</strong></span> 
     </span>
     <span class='ocr_line' id='line_1_12' title="bbox 175 511 1142 554; baseline 0.001 -10"><span class='ocrx_word' id='word_1_41' title='bbox 175 511 328 544; x_wconf 81' lang='lat' dir='ltr'><strong>rationem</strong></span> <span class='ocrx_word' id='word_1_42' title='bbox 346 516 546 554; x_wconf 90' lang='lat' dir='ltr'><strong>perpetuam‚</strong></span> <span class='ocrx_word' id='word_1_43' title='bbox 563 515 749 545; x_wconf 78' lang='lat' dir='ltr'><strong>transeunte</strong></span> <span class='ocrx_word' id='word_1_44' title='bbox 765 511 859 545; x_wconf 91' lang='lat' dir='ltr'><strong>etiam</strong></span> <span class='ocrx_word' id='word_1_45' title='bbox 877 512 1038 545; x_wconf 90' lang='lat' dir='ltr'><strong>mundana</strong></span> <span class='ocrx_word' id='word_1_46' title='bbox 1054 521 1142 545; x_wconf 88' lang='lat' dir='ltr'><strong>crea-</strong></span> 
     </span>
     <span class='ocr_line' id='line_1_13' title="bbox 175 564 1141 608; baseline 0.001 -11"><span class='ocrx_word' id='word_1_47' title='bbox 175 568 248 598; x_wconf 88' lang='lat' dir='ltr'><strong>tura</strong></span> <span class='ocrx_word' id='word_1_48' title='bbox 278 564 452 598; x_wconf 90' lang='lat' dir='ltr'><strong>secundum</strong></span> <span class='ocrx_word' id='word_1_49' title='bbox 485 565 678 598; x_wconf 82' lang='lat' dir='ltr'><strong>exteriorem</strong></span> <span class='ocrx_word' id='word_1_50' title='bbox 702 564 836 604; x_wconf 83' lang='lat' dir='ltr'><strong>faciem3</strong></span> <span class='ocrx_word' id='word_1_51' title='bbox 863 565 959 598; x_wconf 81' lang='lat' dir='ltr'><strong>Isaiae</strong></span> <span class='ocrx_word' id='word_1_52' title='bbox 982 565 1141 608; x_wconf 92' lang='lat' dir='ltr'><strong>quinqua-</strong></span> 
     </span>
     <span class='ocr_line' id='line_1_14' title="bbox 173 618 1142 661; baseline 0.001 -10"><span class='ocrx_word' id='word_1_53' title='bbox 173 618 292 660; x_wconf 81' lang='lat' dir='ltr'><strong>gesimo</strong></span> <span class='ocrx_word' id='word_1_54' title='bbox 322 618 470 660; x_wconf 75' lang='lat' dir='ltr'><strong>prim02:</strong></span> <span class='ocrx_word' id='word_1_55' title='bbox 501 618 615 651; x_wconf 76' lang='lat' dir='ltr'><strong>«Caeli</strong></span> <span class='ocrx_word' id='word_1_56' title='bbox 639 618 722 652; x_wconf 90' lang='lat' dir='ltr'><strong>sicut</strong></span> <span class='ocrx_word' id='word_1_57' title='bbox 745 618 854 651; x_wconf 91' lang='lat' dir='ltr'><strong>fumus</strong></span> <span class='ocrx_word' id='word_1_58' title='bbox 885 618 1078 661; x_wconf 83' lang='lat' dir='ltr'><strong>liquescent,</strong></span> <span class='ocrx_word' id='word_1_59' title='bbox 1110 622 1142 652; x_wconf 91' lang='lat' dir='ltr'><strong>et</strong></span> 
     </span>
     <span class='ocr_line' id='line_1_15' title="bbox 174 671 1139 712; baseline 0.001 -9"><span class='ocrx_word' id='word_1_60' title='bbox 174 674 260 712; x_wconf 78' lang='lat' dir='ltr'><strong>terra</strong></span> <span class='ocrx_word' id='word_1_61' title='bbox 283 671 365 704; x_wconf 90' lang='lat' dir='ltr'><strong>sicut</strong></span> <span class='ocrx_word' id='word_1_62' title='bbox 388 671 611 704; x_wconf 88' lang='lat' dir='ltr'><strong>vestimentum</strong></span> <span class='ocrx_word' id='word_1_63' title='bbox 636 674 794 705; x_wconf 88' lang='lat' dir='ltr'><strong>atteretur</strong></span> <span class='ocrx_word' id='word_1_64' title='bbox 825 674 884 704; x_wconf 86' lang='lat' dir='ltr'><strong>ete.</strong></span> <span class='ocrx_word' id='word_1_65' title='bbox 914 671 1005 704; x_wconf 87' lang='lat' dir='ltr'><strong>Salus</strong></span> <span class='ocrx_word' id='word_1_66' title='bbox 1032 674 1139 705; x_wconf 88' lang='lat' dir='ltr'><strong>autem</strong></span> 
     </span>
     <span class='ocr_line' id='line_1_16' title="bbox 173 724 1141 766; baseline 0.001 -10"><span class='ocrx_word' id='word_1_67' title='bbox 173 732 244 757; x_wconf 88' lang='lat' dir='ltr'><strong>mea</strong></span> <span class='ocrx_word' id='word_1_68' title='bbox 266 724 299 757; x_wconf 92' lang='lat' dir='ltr'><strong>in</strong></span> <span class='ocrx_word' id='word_1_69' title='bbox 322 724 553 766; x_wconf 91' lang='lat' dir='ltr'><strong>sempiternum</strong></span> <span class='ocrx_word' id='word_1_70' title='bbox 577 725 656 764; x_wconf 91' lang='lat' dir='ltr'><strong>erit,</strong></span> <span class='ocrx_word' id='word_1_71' title='bbox 681 727 713 757; x_wconf 91' lang='lat' dir='ltr'><strong>et</strong></span> <span class='ocrx_word' id='word_1_72' title='bbox 736 724 856 757; x_wconf 91' lang='lat' dir='ltr'><strong>iustitia</strong></span> <span class='ocrx_word' id='word_1_73' title='bbox 883 733 953 757; x_wconf 93' lang='lat' dir='ltr'><strong>mea</strong></span> <span class='ocrx_word' id='word_1_74' title='bbox 977 734 1039 757; x_wconf 91' lang='lat' dir='ltr'><strong>non</strong></span> <span class='ocrx_word' id='word_1_75' title='bbox 1063 724 1141 758; x_wconf 87' lang='lat' dir='ltr'><strong>defi-</strong></span> 
     </span>
     <span class='ocr_line' id='line_1_17' title="bbox 174 776 1138 820; baseline 0.002 -11"><span class='ocrx_word' id='word_1_76' title='bbox 174 776 281 810; x_wconf 78' lang='lat' dir='ltr'><strong>ciet».</strong></span> <span class='ocrx_word' id='word_1_77' title='bbox 306 777 393 810; x_wconf 88' lang='lat' dir='ltr'><strong>Unde</strong></span> <span class='ocrx_word' id='word_1_78' title='bbox 417 777 497 810; x_wconf 89' lang='lat' dir='ltr'><strong>liber</strong></span> <span class='ocrx_word' id='word_1_79' title='bbox 522 778 704 820; x_wconf 88' lang='lat' dir='ltr'><strong>Scripturae</strong></span> <span class='ocrx_word' id='word_1_80' title='bbox 727 781 775 811; x_wconf 92' lang='lat' dir='ltr'><strong>est</strong></span> <span class='ocrx_word' id='word_1_81' title='bbox 798 778 977 820; x_wconf 83' lang='lat' dir='ltr'><strong>proximior</strong></span> <span class='ocrx_word' id='word_1_82' title='bbox 994 778 1076 811; x_wconf 90' lang='lat' dir='ltr'><strong>libro</strong></span> <span class='ocrx_word' id='word_1_83' title='bbox 1092 778 1138 811; x_wconf 90' lang='lat' dir='ltr'><strong>vi-</strong></span> 
     </span>
     <span class='ocr_line' id='line_1_18' title="bbox 174 830 1137 873; baseline 0.002 -10"><span class='ocrx_word' id='word_1_84' title='bbox 174 834 223 863; x_wconf 87' lang='lat' dir='ltr'><strong>tae</strong></span> <span class='ocrx_word' id='word_1_85' title='bbox 247 839 342 873; x_wconf 89' lang='lat' dir='ltr'><strong>quam</strong></span> <span class='ocrx_word' id='word_1_86' title='bbox 367 830 447 863; x_wconf 88' lang='lat' dir='ltr'><strong>liber</strong></span> <span class='ocrx_word' id='word_1_87' title='bbox 470 834 654 870; x_wconf 81' lang='lat' dir='ltr'><strong>creaturae,</strong></span> <span class='ocrx_word' id='word_1_88' title='bbox 679 835 710 864; x_wconf 91' lang='lat' dir='ltr'><strong>et</strong></span> <span class='ocrx_word' id='word_1_89' title='bbox 734 831 804 864; x_wconf 91' lang='lat' dir='ltr'><strong>ideo</strong></span> <span class='ocrx_word' id='word_1_90' title='bbox 827 831 1010 873; x_wconf 88' lang='lat' dir='ltr'><strong>inexpletus</strong></span> <span class='ocrx_word' id='word_1_91' title='bbox 1034 840 1137 865; x_wconf 90' lang='lat' dir='ltr'><strong>rema-</strong></span> 
     </span>
     <span class='ocr_line' id='line_1_19' title="bbox 173 887 472 926; baseline 0 -10"><span class='ocrx_word' id='word_1_92' title='bbox 173 892 250 917; x_wconf 90' lang='lat' dir='ltr'><strong>nere</strong></span> <span class='ocrx_word' id='word_1_93' title='bbox 273 892 336 916; x_wconf 91' lang='lat' dir='ltr'><strong>non</strong></span> <span class='ocrx_word' id='word_1_94' title='bbox 359 887 472 926; x_wconf 89' lang='lat' dir='ltr'><strong>potest.</strong></span> 
     </span>
    </p>

    <p class='ocr_par' dir='ltr' id='par_1_9' title="bbox 169 937 1141 2420">
     <span class='ocr_line' id='line_1_20' title="bbox 262 937 1140 981; baseline 0.002 -11"><span class='ocrx_word' id='word_1_95' title='bbox 262 937 314 970; x_wconf 76' lang='lat'><strong>34.</strong></span> <span class='ocrx_word' id='word_1_96' title='bbox 339 938 442 978; x_wconf 90' lang='lat' dir='ltr'><strong>(Vers.</strong></span> <span class='ocrx_word' id='word_1_97' title='bbox 471 938 546 979; x_wconf 90' lang='lat'><strong>18.).</strong></span> <span class='ocrx_word' id='word_1_98' title='bbox 571 938 677 971; x_wconf 91' lang='lat' dir='ltr'><strong>Tertio</strong></span> <span class='ocrx_word' id='word_1_99' title='bbox 698 941 852 981; x_wconf 89' lang='lat' dir='ltr'><strong>quantum</strong></span> <span class='ocrx_word' id='word_1_100' title='bbox 869 938 908 971; x_wconf 92' lang='lat' dir='ltr'><strong>ad</strong></span> <span class='ocrx_word' id='word_1_101' title='bbox 925 939 1140 972; x_wconf 82' lang='lat' dir='ltr'><strong>durationem</strong></span> 
     </span>
     <span class='ocr_line' id='line_1_21' title="bbox 172 991 1140 1035; baseline 0.002 -11"><span class='ocrx_word' id='word_1_102' title='bbox 172 991 268 1034; x_wconf 67' lang='lat' dir='ltr'><strong>Legis</strong></span> <span class='ocrx_word' id='word_1_103' title='bbox 291 991 465 1024; x_wconf 91' lang='lat' dir='ltr'><strong>secundum</strong></span> <span class='ocrx_word' id='word_1_104' title='bbox 490 991 546 1024; x_wconf 82' lang='lat' dir='ltr'><strong>ius</strong></span> <span class='ocrx_word' id='word_1_105' title='bbox 569 996 718 1024; x_wconf 81' lang='lat' dir='ltr'><strong>naturae</strong></span> <span class='ocrx_word' id='word_1_106' title='bbox 741 996 773 1024; x_wconf 90' lang='lat' dir='ltr'><strong>et</strong></span> <span class='ocrx_word' id='word_1_107' title='bbox 798 992 953 1035; x_wconf 85' lang='lat' dir='ltr'><strong>copulam</strong></span> <span class='ocrx_word' id='word_1_108' title='bbox 977 993 1140 1035; x_wconf 72' lang='lat' dir='ltr'><strong>coniuya—</strong></span> 
     </span>
     <span class='ocr_line' id='line_1_22' title="bbox 172 1044 1140 1089; baseline 0.002 -12"><span class='ocrx_word' id='word_1_109' title='bbox 172 1044 233 1077; x_wconf 81' lang='lat' dir='ltr'><strong>lem</strong></span> <span class='ocrx_word' id='word_1_110' title='bbox 256 1044 384 1077; x_wconf 85' lang='lat' dir='ltr'><strong>subdit:</strong></span> <span class='ocrx_word' id='word_1_111' title='bbox 420 1044 554 1084; x_wconf 86' lang='lat' dir='ltr'><strong>Omnis,</strong></span> <span class='ocrx_word' id='word_1_112' title='bbox 579 1044 639 1089; x_wconf 80' lang='lat' dir='ltr'><strong>qui</strong></span> <span class='ocrx_word' id='word_1_113' title='bbox 661 1044 799 1078; x_wconf 83' lang='lat' dir='ltr'><strong>dimittit</strong></span> <span class='ocrx_word' id='word_1_114' title='bbox 822 1055 961 1078; x_wconf 73' lang='lat' dir='ltr'><strong>amorem</strong></span> <span class='ocrx_word' id='word_1_115' title='bbox 986 1056 1085 1079; x_wconf 84' lang='lat' dir='ltr'><strong>suam</strong></span> <span class='ocrx_word' id='word_1_116' title='bbox 1111 1051 1140 1079; x_wconf 88' lang='lat' dir='ltr'><strong>et</strong></span> 
     </span>
     <span class='ocr_line' id='line_1_23' title="bbox 172 1096 1140 1143; baseline 0.004 -13"><span class='ocrx_word' id='word_1_117' title='bbox 172 1098 265 1131; x_wconf 80' lang='lat' dir='ltr'><strong>ducit</strong></span> <span class='ocrx_word' id='word_1_118' title='bbox 279 1097 443 1137; x_wconf 84' lang='lat' dir='ltr'><strong>alteram,</strong></span> <span class='ocrx_word' id='word_1_119' title='bbox 467 1096 682 1137; x_wconf 59' lang='lat' dir='ltr'><strong>moechatum</strong></span> <span class='ocrx_word' id='word_1_120' title='bbox 705 1099 826 1141; x_wconf 88' lang='lat' dir='ltr'><strong>primo,</strong></span> <span class='ocrx_word' id='word_1_121' title='bbox 851 1099 926 1142; x_wconf 87' lang='lat' dir='ltr'><strong>quia</strong></span> <span class='ocrx_word' id='word_1_122' title='bbox 950 1109 1012 1133; x_wconf 92' lang='lat' dir='ltr'><strong>non</strong></span> <span class='ocrx_word' id='word_1_123' title='bbox 1037 1103 1140 1143; x_wconf 90' lang='lat' dir='ltr'><strong>potest</strong></span> 
     </span>
     <span class='ocr_line' id='line_1_24' title="bbox 171 1151 1138 1194; baseline 0.003 -10"><span class='ocrx_word' id='word_1_124' title='bbox 171 1151 306 1194; x_wconf 87' lang='lat' dir='ltr'><strong>primam</strong></span> <span class='ocrx_word' id='word_1_125' title='bbox 338 1151 498 1185; x_wconf 89' lang='lat' dir='ltr'><strong>dimittere</strong></span> <span class='ocrx_word' id='word_1_126' title='bbox 530 1152 589 1185; x_wconf 93' lang='lat' dir='ltr'><strong>nisi</strong></span> <span class='ocrx_word' id='word_1_127' title='bbox 622 1161 664 1185; x_wconf 88' lang='lat' dir='ltr'><strong>ex</strong></span> <span class='ocrx_word' id='word_1_128' title='bbox 695 1152 761 1185; x_wconf 90' lang='lat' dir='ltr'><strong>sola</strong></span> <span class='ocrx_word' id='word_1_129' title='bbox 784 1161 881 1186; x_wconf 89' lang='lat' dir='ltr'><strong>causa</strong></span> <span class='ocrx_word' id='word_1_130' title='bbox 904 1153 1138 1194; x_wconf 83' lang='lat' dir='ltr'><strong>fornicationis,</strong></span> 
     </span>
     <span class='ocr_line' id='line_1_25' title="bbox 171 1204 1139 1248; baseline 0.004 -11"><span class='ocrx_word' id='word_1_131' title='bbox 171 1204 345 1237; x_wconf 85' lang='lat' dir='ltr'><strong>secundum</strong></span> <span class='ocrx_word' id='word_1_132' title='bbox 369 1204 448 1238; x_wconf 90' lang='lat' dir='ltr'><strong>illud</strong></span> <span class='ocrx_word' id='word_1_133' title='bbox 472 1205 618 1238; x_wconf 87' lang='lat' dir='ltr'><strong>Matthaei</strong></span> <span class='ocrx_word' id='word_1_134' title='bbox 642 1204 764 1238; x_wconf 89' lang='lat' dir='ltr'><strong>decimo</strong></span> <span class='ocrx_word' id='word_1_135' title='bbox 793 1206 924 1238; x_wconf 84' lang='lat' dir='ltr'><strong>nono³:</strong></span> <span class='ocrx_word' id='word_1_136' title='bbox 956 1220 971 1235; x_wconf 66' lang='grc' dir='ltr'><strong>ιι</strong></span> <span class='ocrx_word' id='word_1_137' title='bbox 987 1207 1139 1248; x_wconf 87' lang='lat' dir='ltr'><strong>Quicum-</strong></span> 
     </span>
     <span class='ocr_line' id='line_1_26' title="bbox 170 1258 1134 1300; baseline 0.002 -9"><span class='ocrx_word' id='word_1_138' title='bbox 170 1266 233 1300; x_wconf 91' lang='lat' dir='ltr'><strong>que</strong></span> <span class='ocrx_word' id='word_1_139' title='bbox 256 1258 411 1292; x_wconf 87' lang='lat' dir='ltr'><strong>dimiserit</strong></span> <span class='ocrx_word' id='word_1_140' title='bbox 435 1267 571 1292; x_wconf 90' lang='lat' dir='ltr'><strong>uxorem</strong></span> <span class='ocrx_word' id='word_1_141' title='bbox 596 1258 655 1292; x_wconf 91' lang='lat' dir='ltr'><strong>nisi</strong></span> <span class='ocrx_word' id='word_1_142' title='bbox 680 1259 721 1291; x_wconf 90' lang='lat' dir='ltr'><strong>ob</strong></span> <span class='ocrx_word' id='word_1_143' title='bbox 737 1259 976 1293; x_wconf 80' lang='lat' dir='ltr'><strong>fornicationem</strong></span> <span class='ocrx_word' id='word_1_144' title='bbox 994 1263 1026 1293; x_wconf 90' lang='lat' dir='ltr'><strong>et</strong></span> <span class='ocrx_word' id='word_1_145' title='bbox 1041 1260 1134 1293; x_wconf 82' lang='lat' dir='ltr'><strong>aliam</strong></span> 
     </span>
     <span class='ocr_line' id='line_1_27' title="bbox 170 1311 1137 1356; baseline 0.003 -12"><span class='ocrx_word' id='word_1_146' title='bbox 170 1311 318 1350; x_wconf 90' lang='lat' dir='ltr'><strong>duxerit,</strong></span> <span class='ocrx_word' id='word_1_147' title='bbox 342 1312 529 1345; x_wconf 89' lang='lat' dir='ltr'><strong>moechatur</strong></span> <span class='ocrx_word' id='word_1_148' title='bbox 545 1325 576 1344; x_wconf 76' lang='grc'><strong>».</strong></span> <span class='ocrx_word' id='word_1_149' title='bbox 600 1312 762 1351; x_wconf 91' lang='lat' dir='ltr'><strong>Secundo,</strong></span> <span class='ocrx_word' id='word_1_150' title='bbox 785 1313 860 1355; x_wconf 92' lang='lat' dir='ltr'><strong>quia</strong></span> <span class='ocrx_word' id='word_1_151' title='bbox 876 1322 1079 1356; x_wconf 87' lang='lat' dir='ltr'><strong>quacumque</strong></span> <span class='ocrx_word' id='word_1_152' title='bbox 1096 1323 1137 1347; x_wconf 91' lang='lat' dir='ltr'><strong>ex</strong></span> 
     </span>
     <span class='ocr_line' id='line_1_28' title="bbox 170 1365 1137 1406; baseline 0.003 -9"><span class='ocrx_word' id='word_1_153' title='bbox 170 1374 265 1398; x_wconf 87' lang='lat' dir='ltr'><strong>causa</strong></span> <span class='ocrx_word' id='word_1_154' title='bbox 289 1365 374 1398; x_wconf 93' lang='lat' dir='ltr'><strong>illam</strong></span> <span class='ocrx_word' id='word_1_155' title='bbox 398 1365 553 1405; x_wconf 89' lang='lat' dir='ltr'><strong>dimittat,</strong></span> <span class='ocrx_word' id='word_1_156' title='bbox 578 1375 640 1398; x_wconf 93' lang='lat' dir='ltr'><strong>non</strong></span> <span class='ocrx_word' id='word_1_157' title='bbox 663 1366 689 1399; x_wconf 90' lang='lat' dir='ltr'><strong>ei</strong></span> <span class='ocrx_word' id='word_1_158' title='bbox 709 1366 798 1405; x_wconf 90' lang='lat' dir='ltr'><strong>licet,</strong></span> <span class='ocrx_word' id='word_1_159' title='bbox 815 1366 869 1399; x_wconf 90' lang='lat' dir='ltr'><strong>illa</strong></span> <span class='ocrx_word' id='word_1_160' title='bbox 885 1366 1027 1406; x_wconf 90' lang='lat' dir='ltr'><strong>vivente,</strong></span> <span class='ocrx_word' id='word_1_161' title='bbox 1044 1368 1137 1400; x_wconf 87' lang='lat' dir='ltr'><strong>aliam</strong></span> 
     </span>
     <span class='ocr_line' id='line_1_29' title="bbox 169 1418 1141 1461; baseline 0.002 -10"><span class='ocrx_word' id='word_1_162' title='bbox 169 1419 304 1458; x_wconf 88' lang='lat' dir='ltr'><strong>ducere,</strong></span> <span class='ocrx_word' id='word_1_163' title='bbox 335 1422 367 1451; x_wconf 90' lang='lat' dir='ltr'><strong>et</strong></span> <span class='ocrx_word' id='word_1_164' title='bbox 398 1419 458 1451; x_wconf 89' lang='lat' dir='ltr'><strong>hoc</strong></span> <span class='ocrx_word' id='word_1_165' title='bbox 489 1418 663 1452; x_wconf 89' lang='lat' dir='ltr'><strong>secundum</strong></span> <span class='ocrx_word' id='word_1_166' title='bbox 698 1419 798 1461; x_wconf 84' lang='lat' dir='ltr'><strong>legem</strong></span> <span class='ocrx_word' id='word_1_167' title='bbox 827 1423 961 1453; x_wconf 89' lang='lat' dir='ltr'><strong>naturae</strong></span> <span class='ocrx_word' id='word_1_168' title='bbox 985 1420 1141 1454; x_wconf 79' lang='lat' dir='ltr'><strong>divinitus·</strong></span> 
     </span>
     <span class='ocr_line' id='line_1_30' title="bbox 170 1471 1136 1510; baseline 0.002 -6"><span class='ocrx_word' id='word_1_169' title='bbox 170 1471 345 1505; x_wconf 89' lang='lat' dir='ltr'><strong>institutam</strong></span> <span class='ocrx_word' id='word_1_170' title='bbox 369 1471 401 1504; x_wconf 92' lang='lat' dir='ltr'><strong>in</strong></span> <span class='ocrx_word' id='word_1_171' title='bbox 426 1472 563 1505; x_wconf 88' lang='lat' dir='ltr'><strong>hominis</strong></span> <span class='ocrx_word' id='word_1_172' title='bbox 579 1471 787 1510; x_wconf 87' lang='lat' dir='ltr'><strong>formatione;</strong></span> <span class='ocrx_word' id='word_1_173' title='bbox 804 1473 933 1506; x_wconf 89' lang='lat' dir='ltr'><strong>Genesis</strong></span> <span class='ocrx_word' id='word_1_174' title='bbox 950 1474 1088 1507; x_wconf 86' lang='lat' dir='ltr'><strong>secundo</strong></span> <span class='ocrx_word' id='word_1_175' title='bbox 1101 1475 1136 1506; x_wconf 75' lang='lat'><strong>⁴:</strong></span> 
     </span>
     <span class='ocr_line' id='line_1_31' title="bbox 175 1518 1137 1570; baseline 0.001 -12"><span class='ocrx_word' id='word_1_176' title='bbox 175 1518 373 1568; x_wconf 46' lang='lat' dir='ltr'><strong>&amp;Relinquet</strong></span> <span class='ocrx_word' id='word_1_177' title='bbox 396 1525 491 1558; x_wconf 91' lang='lat' dir='ltr'><strong>homo</strong></span> <span class='ocrx_word' id='word_1_178' title='bbox 515 1529 638 1567; x_wconf 90' lang='lat' dir='ltr'><strong>patrem</strong></span> <span class='ocrx_word' id='word_1_179' title='bbox 662 1534 756 1558; x_wconf 91' lang='lat' dir='ltr'><strong>suum</strong></span> <span class='ocrx_word' id='word_1_180' title='bbox 780 1528 812 1559; x_wconf 90' lang='lat' dir='ltr'><strong>et</strong></span> <span class='ocrx_word' id='word_1_181' title='bbox 826 1529 968 1570; x_wconf 88' lang='lat' dir='ltr'><strong>matrem</strong></span> <span class='ocrx_word' id='word_1_182' title='bbox 985 1540 1000 1555; x_wconf 84' lang='lat'><strong><em>»</em></strong></span> <span class='ocrx_word' id='word_1_183' title='bbox 1023 1530 1081 1560; x_wconf 88' lang='lat' dir='ltr'><strong>etc.</strong></span> <span class='ocrx_word' id='word_1_184' title='bbox 1100 1527 1137 1559; x_wconf 89' lang='lat' dir='ltr'><strong>Et</strong></span> 
     </span>
     <span class='ocr_line' id='line_1_32' title="bbox 169 1578 1137 1620; baseline 0.001 -9"><span class='ocrx_word' id='word_1_185' title='bbox 169 1578 247 1611; x_wconf 88' lang='lat' dir='ltr'><strong>haec</strong></span> <span class='ocrx_word' id='word_1_186' title='bbox 264 1581 311 1611; x_wconf 91' lang='lat' dir='ltr'><strong>est</strong></span> <span class='ocrx_word' id='word_1_187' title='bbox 327 1587 409 1620; x_wconf 90' lang='lat' dir='ltr'><strong>quae</strong></span> <span class='ocrx_word' id='word_1_188' title='bbox 425 1578 536 1617; x_wconf 86' lang='lat' dir='ltr'><strong>dictat,</strong></span> <span class='ocrx_word' id='word_1_189' title='bbox 561 1578 647 1620; x_wconf 90' lang='lat' dir='ltr'><strong>quod</strong></span> <span class='ocrx_word' id='word_1_190' title='bbox 675 1591 690 1607; x_wconf 79' lang='grc' dir='ltr'><em>α</em></span> <span class='ocrx_word' id='word_1_191' title='bbox 709 1579 944 1612; x_wconf 85' lang='lat' dir='ltr'><strong>matrimonium</strong></span> <span class='ocrx_word' id='word_1_192' title='bbox 969 1583 1016 1612; x_wconf 90' lang='lat' dir='ltr'><strong>est</strong></span> <span class='ocrx_word' id='word_1_193' title='bbox 1040 1580 1137 1612; x_wconf 89' lang='lat' dir='ltr'><strong>maris</strong></span> 
     </span>
     <span class='ocr_line' id='line_1_33' title="bbox 169 1631 1137 1671; baseline 0.002 -7"><span class='ocrx_word' id='word_1_194' title='bbox 169 1635 201 1665; x_wconf 89' lang='lat' dir='ltr'><strong>et</strong></span> <span class='ocrx_word' id='word_1_195' title='bbox 223 1631 357 1665; x_wconf 87' lang='lat' dir='ltr'><strong>feminae</strong></span> <span class='ocrx_word' id='word_1_196' title='bbox 381 1631 578 1671; x_wconf 89' lang='lat' dir='ltr'><strong>coniunctio,</strong></span> <span class='ocrx_word' id='word_1_197' title='bbox 595 1631 790 1665; x_wconf 88' lang='lat' dir='ltr'><strong>individuam</strong></span> <span class='ocrx_word' id='word_1_198' title='bbox 807 1632 889 1666; x_wconf 88' lang='lat' dir='ltr'><strong>vitae</strong></span> <span class='ocrx_word' id='word_1_199' title='bbox 906 1633 1047 1666; x_wconf 87' lang='lat' dir='ltr'><strong>retinens</strong></span> <span class='ocrx_word' id='word_1_200' title='bbox 1063 1642 1137 1666; x_wconf 90' lang='lat' dir='ltr'><strong>con-</strong></span> 
     </span>
     <span class='ocr_line' id='line_1_34' title="bbox 169 1684 1137 1728; baseline 0 -9"><span class='ocrx_word' id='word_1_201' title='bbox 169 1684 369 1719; x_wconf 87' lang='lat' dir='ltr'><strong>suetudinem</strong></span> <span class='ocrx_word' id='word_1_202' title='bbox 388 1697 419 1724; x_wconf 77' lang='lat'><strong>”3</strong></span> <span class='ocrx_word' id='word_1_203' title='bbox 443 1694 526 1727; x_wconf 90' lang='lat' dir='ltr'><strong>quae</strong></span> <span class='ocrx_word' id='word_1_204' title='bbox 549 1685 644 1718; x_wconf 89' lang='lat' dir='ltr'><strong>etiam</strong></span> <span class='ocrx_word' id='word_1_205' title='bbox 667 1685 783 1725; x_wconf 89' lang='lat' dir='ltr'><strong>dictat,</strong></span> <span class='ocrx_word' id='word_1_206' title='bbox 807 1686 893 1728; x_wconf 92' lang='lat' dir='ltr'><strong>quod</strong></span> <span class='ocrx_word' id='word_1_207' title='bbox 910 1686 988 1719; x_wconf 92' lang='lat' dir='ltr'><strong>illud</strong></span> <span class='ocrx_word' id='word_1_208' title='bbox 1004 1690 1052 1719; x_wconf 88' lang='lat' dir='ltr'><strong>est</strong></span> <span class='ocrx_word' id='word_1_209' title='bbox 1069 1687 1137 1719; x_wconf 91' lang='lat' dir='ltr'><strong>vin-</strong></span> 
     </span>
     <span class='ocr_line' id='line_1_35' title="bbox 170 1738 1137 1783; baseline 0.001 -11"><span class='ocrx_word' id='word_1_210' title='bbox 170 1739 278 1772; x_wconf 91' lang='lat' dir='ltr'><strong>culum</strong></span> <span class='ocrx_word' id='word_1_211' title='bbox 302 1738 479 1772; x_wconf 89' lang='lat' dir='ltr'><strong>insolubile.</strong></span> <span class='ocrx_word' id='word_1_212' title='bbox 506 1757 546 1762; x_wconf 93' lang='lat'>—</span> <span class='ocrx_word' id='word_1_213' title='bbox 572 1739 608 1772; x_wconf 88' lang='lat' dir='ltr'><strong>Et</strong></span> <span class='ocrx_word' id='word_1_214' title='bbox 633 1739 702 1772; x_wconf 91' lang='lat' dir='ltr'><strong>ideo</strong></span> <span class='ocrx_word' id='word_1_215' title='bbox 725 1739 854 1772; x_wconf 88' lang='lat' dir='ltr'><strong>subdit:</strong></span> <span class='ocrx_word' id='word_1_216' title='bbox 882 1740 922 1772; x_wconf 85' lang='lat' dir='ltr'><strong>Et</strong></span> <span class='ocrx_word' id='word_1_217' title='bbox 944 1740 1004 1783; x_wconf 82' lang='lat' dir='ltr'><strong>qui</strong></span> <span class='ocrx_word' id='word_1_218' title='bbox 1021 1740 1137 1773; x_wconf 79' lang='lat' dir='ltr'><strong>dimis-</strong></span> 
     </span>
     <span class='ocr_line' id='line_1_36' title="bbox 169 1791 1138 1828; baseline 0.002 -3"><span class='ocrx_word' id='word_1_219' title='bbox 169 1802 245 1825; x_wconf 97' lang='lat' dir='ltr'><strong>sam</strong></span> <span class='ocrx_word' id='word_1_220' title='bbox 274 1802 296 1825; x_wconf 88' lang='lat' dir='ltr'><strong>a</strong></span> <span class='ocrx_word' id='word_1_221' title='bbox 327 1792 402 1825; x_wconf 86' lang='lat' dir='ltr'><strong>viro</strong></span> <span class='ocrx_word' id='word_1_222' title='bbox 433 1792 592 1825; x_wconf 80' lang='lat' dir='ltr'><strong>duxerit-&#39;³</strong></span> <span class='ocrx_word' id='word_1_223' title='bbox 625 1791 828 1826; x_wconf 76' lang='lat' dir='ltr'><strong>moechatur.</strong></span> <span class='ocrx_word' id='word_1_224' title='bbox 863 1793 899 1826; x_wconf 89' lang='lat' dir='ltr'><strong>Et</strong></span> <span class='ocrx_word' id='word_1_225' title='bbox 931 1793 1011 1826; x_wconf 90' lang='lat' dir='ltr'><strong>ratio</strong></span> <span class='ocrx_word' id='word_1_226' title='bbox 1040 1794 1138 1828; x_wconf 92' lang='lat' dir='ltr'><strong>huius</strong></span> 
     </span>
     <span class='ocr_line' id='line_1_37' title="bbox 169 1845 1136 1889; baseline 0.002 -11"><span class='ocrx_word' id='word_1_227' title='bbox 169 1848 234 1885; x_wconf 90' lang='lat' dir='ltr'><strong>est,</strong></span> <span class='ocrx_word' id='word_1_228' title='bbox 259 1845 334 1888; x_wconf 88' lang='lat' dir='ltr'><strong>quia</strong></span> <span class='ocrx_word' id='word_1_229' title='bbox 358 1854 443 1878; x_wconf 91' lang='lat' dir='ltr'><strong>uxor</strong></span> <span class='ocrx_word' id='word_1_230' title='bbox 467 1848 515 1879; x_wconf 90' lang='lat' dir='ltr'><strong>est</strong></span> <span class='ocrx_word' id='word_1_231' title='bbox 538 1845 624 1879; x_wconf 89' lang='lat' dir='ltr'><strong>illius</strong></span> <span class='ocrx_word' id='word_1_232' title='bbox 640 1845 733 1879; x_wconf 88' lang='lat' dir='ltr'><strong>cuius</strong></span> <span class='ocrx_word' id='word_1_233' title='bbox 749 1845 852 1887; x_wconf 91' lang='lat' dir='ltr'><strong>primo</strong></span> <span class='ocrx_word' id='word_1_234' title='bbox 868 1846 945 1885; x_wconf 87' lang='lat' dir='ltr'><strong>fuit,</strong></span> <span class='ocrx_word' id='word_1_235' title='bbox 962 1850 1136 1889; x_wconf 89' lang='lat' dir='ltr'><strong>quantum—</strong></span> 
     </span>
     <span class='ocr_line' id='line_1_38' title="bbox 170 1898 1138 1942; baseline 0.003 -11"><span class='ocrx_word' id='word_1_236' title='bbox 170 1907 308 1941; x_wconf 90' lang='lat' dir='ltr'><strong>cumque</strong></span> <span class='ocrx_word' id='word_1_237' title='bbox 338 1898 484 1932; x_wconf 81' lang='lat' dir='ltr'><strong>videatur</strong></span> <span class='ocrx_word' id='word_1_238' title='bbox 516 1899 678 1941; x_wconf 88' lang='lat' dir='ltr'><strong>separari;</strong></span> <span class='ocrx_word' id='word_1_239' title='bbox 711 1899 795 1932; x_wconf 90' lang='lat' dir='ltr'><strong>unde</strong></span> <span class='ocrx_word' id='word_1_240' title='bbox 826 1900 992 1942; x_wconf 84' lang='lat' dir='ltr'><strong>Apostolus</strong></span> <span class='ocrx_word' id='word_1_241' title='bbox 1015 1900 1053 1933; x_wconf 93' lang='lat' dir='ltr'><strong>ad</strong></span> <span class='ocrx_word' id='word_1_242' title='bbox 1080 1901 1138 1934; x_wconf 86' lang='lat' dir='ltr'><strong>Ro-</strong></span> 
     </span>
     <span class='ocr_line' id='line_1_39' title="bbox 172 1952 1136 1995; baseline 0.003 -11"><span class='ocrx_word' id='word_1_243' title='bbox 172 1960 282 1985; x_wconf 87' lang='lat' dir='ltr'><strong>manos</strong></span> <span class='ocrx_word' id='word_1_244' title='bbox 305 1952 460 1994; x_wconf 88' lang='lat' dir='ltr'><strong>septimo:</strong></span> <span class='ocrx_word' id='word_1_245' title='bbox 491 1966 506 1981; x_wconf 86' lang='lat'>«</span> <span class='ocrx_word' id='word_1_246' title='bbox 524 1953 610 1995; x_wconf 90' lang='lat' dir='ltr'><strong>Quae</strong></span> <span class='ocrx_word' id='word_1_247' title='bbox 633 1953 694 1986; x_wconf 91' lang='lat' dir='ltr'><strong>sub</strong></span> <span class='ocrx_word' id='word_1_248' title='bbox 710 1953 780 1986; x_wconf 90' lang='lat' dir='ltr'><strong>viro</strong></span> <span class='ocrx_word' id='word_1_249' title='bbox 795 1957 844 1986; x_wconf 90' lang='lat' dir='ltr'><strong>est</strong></span> <span class='ocrx_word' id='word_1_250' title='bbox 858 1954 993 1993; x_wconf 88' lang='lat' dir='ltr'><strong>mulier,</strong></span> <span class='ocrx_word' id='word_1_251' title='bbox 1009 1954 1136 1987; x_wconf 88' lang='lat' dir='ltr'><strong>vivente</strong></span> 
     </span>
     <span class='ocr_line' id='line_1_40' title="bbox 170 2005 1136 2049; baseline 0.002 -11"><span class='ocrx_word' id='word_1_252' title='bbox 170 2005 257 2044; x_wconf 88' lang='lat' dir='ltr'><strong>viro,</strong></span> <span class='ocrx_word' id='word_1_253' title='bbox 281 2005 407 2048; x_wconf 85' lang='lat' dir='ltr'><strong>alligata</strong></span> <span class='ocrx_word' id='word_1_254' title='bbox 430 2009 478 2039; x_wconf 90' lang='lat' dir='ltr'><strong>est</strong></span> <span class='ocrx_word' id='word_1_255' title='bbox 500 2006 571 2049; x_wconf 83' lang='lat' dir='ltr'><strong>legi.</strong></span> <span class='ocrx_word' id='word_1_256' title='bbox 605 2006 704 2049; x_wconf 82' lang='lat' dir='ltr'><strong>Igitur</strong></span> <span class='ocrx_word' id='word_1_257' title='bbox 735 2007 861 2040; x_wconf 89' lang='lat' dir='ltr'><strong>vivente</strong></span> <span class='ocrx_word' id='word_1_258' title='bbox 893 2007 979 2046; x_wconf 85' lang='lat' dir='ltr'><strong>viro,</strong></span> <span class='ocrx_word' id='word_1_259' title='bbox 1012 2007 1136 2040; x_wconf 89' lang='lat' dir='ltr'><strong>vocabi-</strong></span> 
     </span>
     <span class='ocr_line' id='line_1_41' title="bbox 169 2058 1136 2098; baseline 0.003 -7"><span class='ocrx_word' id='word_1_260' title='bbox 169 2062 223 2092; x_wconf 82' lang='lat' dir='ltr'><strong>tur</strong></span> <span class='ocrx_word' id='word_1_261' title='bbox 246 2058 407 2098; x_wconf 89' lang='lat' dir='ltr'><strong>adultera,</strong></span> <span class='ocrx_word' id='word_1_262' title='bbox 432 2059 457 2092; x_wconf 93' lang='lat' dir='ltr'><strong>si</strong></span> <span class='ocrx_word' id='word_1_263' title='bbox 482 2059 578 2093; x_wconf 85' lang='lat' dir='ltr'><strong>fuerit</strong></span> <span class='ocrx_word' id='word_1_264' title='bbox 603 2069 675 2093; x_wconf 91' lang='lat' dir='ltr'><strong>cum</strong></span> <span class='ocrx_word' id='word_1_265' title='bbox 701 2060 802 2093; x_wconf 89' lang='lat' dir='ltr'><strong>altero</strong></span> <span class='ocrx_word' id='word_1_266' title='bbox 818 2060 887 2093; x_wconf 88' lang='lat' dir='ltr'><strong>viro</strong></span> <span class='ocrx_word' id='word_1_267' title='bbox 904 2074 934 2093; x_wconf 83' lang='lat'><strong>».</strong></span> <span class='ocrx_word' id='word_1_268' title='bbox 953 2061 988 2093; x_wconf 91' lang='lat' dir='ltr'><strong>Et</strong></span> <span class='ocrx_word' id='word_1_269' title='bbox 1005 2061 1075 2094; x_wconf 89' lang='lat' dir='ltr'><strong>ideo</strong></span> <span class='ocrx_word' id='word_1_270' title='bbox 1093 2061 1136 2094; x_wconf 92' lang='lat' dir='ltr'><strong>le-</strong></span> 
     </span>
     <span class='ocr_line' id='line_1_42' title="bbox 169 2112 1137 2153; baseline 0.001 -7"><span class='ocrx_word' id='word_1_271' title='bbox 169 2112 287 2146; x_wconf 89' lang='lat' dir='ltr'><strong>remiae</strong></span> <span class='ocrx_word' id='word_1_272' title='bbox 311 2112 422 2145; x_wconf 90' lang='lat' dir='ltr'><strong>tertio:</strong></span> <span class='ocrx_word' id='word_1_273' title='bbox 453 2113 514 2145; x_wconf 84' lang='lat' dir='ltr'><strong>«Si</strong></span> <span class='ocrx_word' id='word_1_274' title='bbox 540 2113 696 2146; x_wconf 87' lang='lat' dir='ltr'><strong>dimiserit</strong></span> <span class='ocrx_word' id='word_1_275' title='bbox 727 2113 776 2146; x_wconf 91' lang='lat' dir='ltr'><strong>vir</strong></span> <span class='ocrx_word' id='word_1_276' title='bbox 808 2123 962 2153; x_wconf 88' lang='lat' dir='ltr'><strong>uxorem,</strong></span> <span class='ocrx_word' id='word_1_277' title='bbox 995 2117 1026 2147; x_wconf 91' lang='lat' dir='ltr'><strong>et</strong></span> <span class='ocrx_word' id='word_1_278' title='bbox 1050 2123 1137 2147; x_wconf 93' lang='lat' dir='ltr'><strong>rece-</strong></span> 
     </span>
     <span class='ocr_line' id='line_1_43' title="bbox 169 2165 1137 2210; baseline 0.002 -12"><span class='ocrx_word' id='word_1_279' title='bbox 169 2166 246 2199; x_wconf 88' lang='lat' dir='ltr'><strong>dens</strong></span> <span class='ocrx_word' id='word_1_280' title='bbox 269 2165 309 2198; x_wconf 91' lang='lat' dir='ltr'><strong>ab</strong></span> <span class='ocrx_word' id='word_1_281' title='bbox 332 2174 370 2198; x_wconf 93' lang='lat' dir='ltr'><strong>eo</strong></span> <span class='ocrx_word' id='word_1_282' title='bbox 388 2165 523 2208; x_wconf 43' lang='lat' dir='ltr'><strong>,duxerit</strong></span> <span class='ocrx_word' id='word_1_283' title='bbox 546 2166 652 2199; x_wconf 90' lang='lat' dir='ltr'><strong>virum</strong></span> <span class='ocrx_word' id='word_1_284' title='bbox 676 2166 834 2206; x_wconf 89' lang='lat' dir='ltr'><strong>alterum;</strong></span> <span class='ocrx_word' id='word_1_285' title='bbox 859 2167 1005 2210; x_wconf 90' lang='lat' dir='ltr'><strong>nunquid</strong></span> <span class='ocrx_word' id='word_1_286' title='bbox 1029 2176 1137 2201; x_wconf 86' lang='lat' dir='ltr'><strong>rever-</strong></span> 
     </span>
     <span class='ocr_line' id='line_1_44' title="bbox 170 2218 1137 2261; baseline 0.001 -9"><span class='ocrx_word' id='word_1_287' title='bbox 170 2223 256 2252; x_wconf 87' lang='lat' dir='ltr'><strong>tetur</strong></span> <span class='ocrx_word' id='word_1_288' title='bbox 279 2218 318 2251; x_wconf 92' lang='lat' dir='ltr'><strong>ad</strong></span> <span class='ocrx_word' id='word_1_289' title='bbox 342 2227 410 2252; x_wconf 86' lang='lat' dir='ltr'><strong>eam</strong></span> <span class='ocrx_word' id='word_1_290' title='bbox 435 2218 546 2251; x_wconf 80' lang='lat' dir='ltr'><strong>ultra?</strong></span> <span class='ocrx_word' id='word_1_291' title='bbox 570 2219 721 2261; x_wconf 88' lang='lat' dir='ltr'><strong>Nunquid</strong></span> <span class='ocrx_word' id='word_1_292' title='bbox 744 2228 806 2252; x_wconf 91' lang='lat' dir='ltr'><strong>non</strong></span> <span class='ocrx_word' id='word_1_293' title='bbox 832 2220 952 2261; x_wconf 87' lang='lat' dir='ltr'><strong>polluta</strong></span> <span class='ocrx_word' id='word_1_294' title='bbox 975 2223 1007 2252; x_wconf 88' lang='lat' dir='ltr'><strong>et</strong></span> <span class='ocrx_word' id='word_1_295' title='bbox 1030 2224 1137 2253; x_wconf 88' lang='lat' dir='ltr'><strong>conta-</strong></span> 
     </span>
     <span class='ocr_line' id='line_1_45' title="bbox 169 2271 1135 2312; baseline 0.001 -7"><span class='ocrx_word' id='word_1_296' title='bbox 169 2272 287 2306; x_wconf 89' lang='lat' dir='ltr'><strong>minata</strong></span> <span class='ocrx_word' id='word_1_297' title='bbox 317 2272 379 2305; x_wconf 92' lang='lat' dir='ltr'><strong>erit</strong></span> <span class='ocrx_word' id='word_1_298' title='bbox 401 2271 516 2305; x_wconf 89' lang='lat' dir='ltr'><strong>mulier</strong></span> <span class='ocrx_word' id='word_1_299' title='bbox 541 2271 593 2304; x_wconf 91' lang='lat' dir='ltr'><strong>illa</strong></span> <span class='ocrx_word' id='word_1_300' title='bbox 610 2275 647 2304; x_wconf 75' lang='lat'><strong>»¹2</strong></span> <span class='ocrx_word' id='word_1_301' title='bbox 672 2290 714 2295; x_wconf 97' lang='lat'><strong>—</strong></span> <span class='ocrx_word' id='word_1_302' title='bbox 737 2272 914 2305; x_wconf 88' lang='lat' dir='ltr'><strong>Notandum</strong></span> <span class='ocrx_word' id='word_1_303' title='bbox 939 2276 987 2306; x_wconf 89' lang='lat' dir='ltr'><strong>est</strong></span> <span class='ocrx_word' id='word_1_304' title='bbox 1010 2277 1135 2312; x_wconf 88' lang='lat' dir='ltr'><strong>autem,</strong></span> 
     </span>
     <span class='ocr_line' id='line_1_46' title="bbox 170 2324 1136 2369; baseline 0 -10"><span class='ocrx_word' id='word_1_305' title='bbox 170 2325 270 2369; x_wconf 90' lang='lat' dir='ltr'><strong>quod,</strong></span> <span class='ocrx_word' id='word_1_306' title='bbox 288 2326 360 2359; x_wconf 86' lang='lat' dir='ltr'><strong>licet</strong></span> <span class='ocrx_word' id='word_1_307' title='bbox 375 2325 463 2358; x_wconf 90' lang='lat' dir='ltr'><strong>nulla</strong></span> <span class='ocrx_word' id='word_1_308' title='bbox 486 2324 604 2357; x_wconf 90' lang='lat' dir='ltr'><strong>mentio</strong></span> <span class='ocrx_word' id='word_1_309' title='bbox 620 2324 711 2357; x_wconf 85' lang='lat' dir='ltr'><strong>fieret</strong></span> <span class='ocrx_word' id='word_1_310' title='bbox 726 2325 766 2358; x_wconf 93' lang='lat' dir='ltr'><strong>de</strong></span> <span class='ocrx_word' id='word_1_311' title='bbox 781 2325 959 2365; x_wconf 83' lang='lat' dir='ltr'><strong>uxoribus,</strong></span> <span class='ocrx_word' id='word_1_312' title='bbox 983 2326 1136 2360; x_wconf 89' lang='lat' dir='ltr'><strong>Dominus</strong></span> 
     </span>
     <span class='ocr_line' id='line_1_47' title="bbox 169 2377 1135 2420; baseline 0 -8"><span class='ocrx_word' id='word_1_313' title='bbox 169 2383 292 2419; x_wconf 90' lang='lat' dir='ltr'><strong>tamen,</strong></span> <span class='ocrx_word' id='word_1_314' title='bbox 316 2378 424 2411; x_wconf 90' lang='lat' dir='ltr'><strong>volens</strong></span> <span class='ocrx_word' id='word_1_315' title='bbox 455 2377 620 2411; x_wconf 88' lang='lat' dir='ltr'><strong>ostendere</strong></span> <span class='ocrx_word' id='word_1_316' title='bbox 643 2382 770 2410; x_wconf 81' lang='lat' dir='ltr'><strong>statum</strong></span> <span class='ocrx_word' id='word_1_317' title='bbox 795 2378 883 2420; x_wconf 86' lang='lat' dir='ltr'><strong>Legis</strong></span> <span class='ocrx_word' id='word_1_318' title='bbox 906 2382 1063 2420; x_wconf 90' lang='lat' dir='ltr'><strong>quantum</strong></span> <span class='ocrx_word' id='word_1_319' title='bbox 1095 2379 1135 2412; x_wconf 90' lang='lat' dir='ltr'><strong>ad</strong></span> 
     </span>
    </p>
   </div>
   <div class='ocr_carea' id='block_1_9' title="bbox 170 2543 1138 3463">
    <p class='ocr_par' dir='ltr' id='par_1_10' title="bbox 170 2543 1138 2930">
     <span class='ocr_line' id='line_1_48' title="bbox 242 2543 1134 2577; baseline -0.001 -6"><span class='ocrx_word' id='word_1_320' title='bbox 242 2544 251 2559; x_wconf 86' lang='lat'>¹</span> <span class='ocrx_word' id='word_1_321' title='bbox 271 2545 361 2571; x_wconf 85' lang='lat' dir='ltr'><strong>Glossa</strong></span> <span class='ocrx_word' id='word_1_322' title='bbox 380 2543 525 2571; x_wconf 84' lang='lat' dir='ltr'><strong>ordinaria</strong></span> <span class='ocrx_word' id='word_1_323' title='bbox 545 2543 603 2576; x_wconf 87' lang='lat' dir='ltr'><strong>(cfr.</strong></span> <span class='ocrx_word' id='word_1_324' title='bbox 622 2547 682 2570; x_wconf 89' lang='lat' dir='ltr'><strong>nota</strong></span> <span class='ocrx_word' id='word_1_325' title='bbox 702 2543 873 2577; x_wconf 83' lang='lat' dir='ltr'><strong>praecedens)</strong></span> <span class='ocrx_word' id='word_1_326' title='bbox 894 2544 920 2569; x_wconf 91' lang='lat' dir='ltr'><strong>in</strong></span> <span class='ocrx_word' id='word_1_327' title='bbox 940 2545 1027 2570; x_wconf 87' lang='lat' dir='ltr'><strong>Matth.</strong></span> <span class='ocrx_word' id='word_1_328' title='bbox 1042 2545 1070 2575; x_wconf 86' lang='lat'><strong>5,</strong></span> <span class='ocrx_word' id='word_1_329' title='bbox 1088 2545 1134 2570; x_wconf 72' lang='lat'><strong>48:</strong></span> 
     </span>
     <span class='ocr_line' id='line_1_49' title="bbox 173 2588 1136 2622; baseline 0 -7"><span class='ocrx_word' id='word_1_330' title='bbox 173 2591 230 2617; x_wconf 88' lang='lat' dir='ltr'><strong>lota</strong></span> <span class='ocrx_word' id='word_1_331' title='bbox 258 2597 345 2616; x_wconf 82' lang='lat' dir='ltr'><strong>unum</strong></span> <span class='ocrx_word' id='word_1_332' title='bbox 365 2594 415 2615; x_wconf 84' lang='lat' dir='ltr'><strong>etc.</strong></span> <span class='ocrx_word' id='word_1_333' title='bbox 434 2589 481 2615; x_wconf 84' lang='lat' dir='ltr'><strong>Hic</strong></span> <span class='ocrx_word' id='word_1_334' title='bbox 499 2589 661 2620; x_wconf 81' lang='lat' dir='ltr'><strong>ostenditur,</strong></span> <span class='ocrx_word' id='word_1_335' title='bbox 691 2588 763 2622; x_wconf 88' lang='lat' dir='ltr'><strong>quod</strong></span> <span class='ocrx_word' id='word_1_336' title='bbox 792 2596 862 2622; x_wconf 85' lang='lat' dir='ltr'><strong>quae</strong></span> <span class='ocrx_word' id='word_1_337' title='bbox 882 2589 990 2615; x_wconf 82' lang='lat' dir='ltr'><strong>minima</strong></span> <span class='ocrx_word' id='word_1_338' title='bbox 1010 2593 1136 2622; x_wconf 85' lang='lat' dir='ltr'><strong>putantur</strong></span> 
     </span>
     <span class='ocr_line' id='line_1_50' title="bbox 170 2633 1136 2666; baseline -0.001 -6"><span class='ocrx_word' id='word_1_339' title='bbox 170 2635 196 2660; x_wconf 91' lang='lat' dir='ltr'><strong>in</strong></span> <span class='ocrx_word' id='word_1_340' title='bbox 214 2635 285 2666; x_wconf 84' lang='lat' dir='ltr'><strong>Lege</strong></span> <span class='ocrx_word' id='word_1_341' title='bbox 304 2634 475 2660; x_wconf 81' lang='lat' dir='ltr'><strong>sacramentis</strong></span> <span class='ocrx_word' id='word_1_342' title='bbox 493 2633 674 2666; x_wconf 80' lang='lat' dir='ltr'><strong>spiritualibus</strong></span> <span class='ocrx_word' id='word_1_343' title='bbox 693 2634 768 2665; x_wconf 87' lang='lat' dir='ltr'><strong>plena</strong></span> <span class='ocrx_word' id='word_1_344' title='bbox 788 2636 862 2665; x_wconf 86' lang='lat' dir='ltr'><strong>sunt,</strong></span> <span class='ocrx_word' id='word_1_345' title='bbox 883 2637 908 2659; x_wconf 90' lang='lat' dir='ltr'><strong>et</strong></span> <span class='ocrx_word' id='word_1_346' title='bbox 927 2634 1015 2659; x_wconf 87' lang='lat' dir='ltr'><strong>omnia</strong></span> <span class='ocrx_word' id='word_1_347' title='bbox 1039 2634 1136 2666; x_wconf 81' lang='lat' dir='ltr'><strong>recapi-</strong></span> 
     </span>
     <span class='ocr_line' id='line_1_51' title="bbox 172 2677 1136 2712; baseline 0.001 -9"><span class='ocrx_word' id='word_1_348' title='bbox 172 2678 285 2703; x_wconf 85' lang='lat' dir='ltr'><strong>tulantur</strong></span> <span class='ocrx_word' id='word_1_349' title='bbox 305 2677 332 2703; x_wconf 88' lang='lat' dir='ltr'><strong>iu</strong></span> <span class='ocrx_word' id='word_1_350' title='bbox 351 2677 505 2709; x_wconf 81' lang='lat' dir='ltr'><strong>Evangelio.</strong></span> <span class='ocrx_word' id='word_1_351' title='bbox 531 2678 588 2703; x_wconf 85' lang='lat' dir='ltr'><strong>lota</strong></span> <span class='ocrx_word' id='word_1_352' title='bbox 605 2677 692 2703; x_wconf 87' lang='lat' dir='ltr'><strong>minor</strong></span> <span class='ocrx_word' id='word_1_353' title='bbox 710 2679 749 2703; x_wconf 91' lang='lat' dir='ltr'><strong>est</strong></span> <span class='ocrx_word' id='word_1_354' title='bbox 769 2677 863 2703; x_wconf 83' lang='lat' dir='ltr'><strong>ceteris</strong></span> <span class='ocrx_word' id='word_1_355' title='bbox 881 2677 981 2703; x_wconf 89' lang='lat' dir='ltr'><strong>litteris.</strong></span> <span class='ocrx_word' id='word_1_356' title='bbox 1001 2679 1078 2712; x_wconf 76' lang='lat' dir='ltr'><strong>Apem</strong></span> <span class='ocrx_word' id='word_1_357' title='bbox 1097 2681 1136 2704; x_wconf 88' lang='lat' dir='ltr'><strong>est</strong></span> 
     </span>
     <span class='ocr_line' id='line_1_52' title="bbox 172 2721 1136 2755; baseline 0.001 -8"><span class='ocrx_word' id='word_1_358' title='bbox 172 2722 272 2748; x_wconf 87' lang='lat' dir='ltr'><strong>litterae</strong></span> <span class='ocrx_word' id='word_1_359' title='bbox 291 2722 378 2755; x_wconf 80' lang='lat' dir='ltr'><strong>aliqua</strong></span> <span class='ocrx_word' id='word_1_360' title='bbox 391 2728 495 2748; x_wconf 83' lang='lat' dir='ltr'><strong>summa</strong></span> <span class='ocrx_word' id='word_1_361' title='bbox 510 2721 635 2754; x_wconf 84' lang='lat' dir='ltr'><strong>particula</strong></span> <span class='ocrx_word' id='word_1_362' title='bbox 647 2731 654 2753; x_wconf 70' lang='grc' dir='ltr'>ς</span> <span class='ocrx_word' id='word_1_363' title='bbox 668 2721 799 2754; x_wconf 78' lang='lat' dir='ltr'><strong>significat</strong></span> <span class='ocrx_word' id='word_1_364' title='bbox 811 2722 951 2748; x_wconf 83' lang='lat' dir='ltr'><strong>minimum</strong></span> <span class='ocrx_word' id='word_1_365' title='bbox 965 2726 1136 2754; x_wconf 81' lang='lat' dir='ltr'><strong>praeceptum</strong></span> 
     </span>
     <span class='ocr_line' id='line_1_53' title="bbox 171 2766 1138 2799; baseline 0 -7"><span class='ocrx_word' id='word_1_366' title='bbox 171 2766 213 2792; x_wconf 92' lang='lat' dir='ltr'><strong>vel</strong></span> <span class='ocrx_word' id='word_1_367' title='bbox 233 2766 369 2792; x_wconf 87' lang='lat' dir='ltr'><strong>minimam</strong></span> <span class='ocrx_word' id='word_1_368' title='bbox 389 2766 524 2799; x_wconf 82' lang='lat' dir='ltr'><strong>praecepti</strong></span> <span class='ocrx_word' id='word_1_369' title='bbox 543 2766 708 2798; x_wconf 81' lang='lat' dir='ltr'><strong>particulam.</strong></span> <span class='ocrx_word' id='word_1_370' title='bbox 722 2767 788 2799; x_wconf 72' lang='lat' dir='ltr'><strong>Apte</strong></span> <span class='ocrx_word' id='word_1_371' title='bbox 805 2770 893 2792; x_wconf 83' lang='lat' dir='ltr'><strong>autem</strong></span> <span class='ocrx_word' id='word_1_372' title='bbox 907 2767 981 2799; x_wconf 84' lang='lat' dir='ltr'><strong>ponit</strong></span> <span class='ocrx_word' id='word_1_373' title='bbox 994 2767 1047 2793; x_wconf 87' lang='lat' dir='ltr'><strong>iota</strong></span> <span class='ocrx_word' id='word_1_374' title='bbox 1060 2768 1138 2793; x_wconf 80' lang='lat' dir='ltr'><strong>Grae-</strong></span> 
     </span>
     <span class='ocr_line' id='line_1_54' title="bbox 171 2810 1136 2844; baseline 0.001 -9"><span class='ocrx_word' id='word_1_375' title='bbox 171 2818 260 2836; x_wconf 79' lang='lat' dir='ltr'><strong>cum...</strong></span> <span class='ocrx_word' id='word_1_376' title='bbox 279 2810 340 2844; x_wconf 86' lang='lat' dir='ltr'><strong>quia</strong></span> <span class='ocrx_word' id='word_1_377' title='bbox 355 2811 405 2836; x_wconf 85' lang='lat' dir='ltr'><strong>iota</strong></span> <span class='ocrx_word' id='word_1_378' title='bbox 419 2810 511 2836; x_wconf 86' lang='lat' dir='ltr'><strong>decem</strong></span> <span class='ocrx_word' id='word_1_379' title='bbox 531 2810 676 2843; x_wconf 82' lang='lat' dir='ltr'><strong>significat,</strong></span> <span class='ocrx_word' id='word_1_380' title='bbox 696 2810 722 2836; x_wconf 91' lang='lat' dir='ltr'><strong>id</strong></span> <span class='ocrx_word' id='word_1_381' title='bbox 741 2813 781 2836; x_wconf 78' lang='lat' dir='ltr'><strong>est</strong></span> <span class='ocrx_word' id='word_1_382' title='bbox 797 2810 968 2842; x_wconf 81' lang='lat' dir='ltr'><strong>decalogum,</strong></span> <span class='ocrx_word' id='word_1_383' title='bbox 981 2811 1057 2837; x_wconf 84' lang='lat' dir='ltr'><strong>cuius</strong></span> <span class='ocrx_word' id='word_1_384' title='bbox 1070 2818 1136 2843; x_wconf 86' lang='lat' dir='ltr'><strong>apex</strong></span> 
     </span>
     <span class='ocr_line' id='line_1_55' title="bbox 170 2853 1136 2888; baseline 0.002 -9"><span class='ocrx_word' id='word_1_385' title='bbox 170 2857 211 2880; x_wconf 86' lang='lat' dir='ltr'><strong>ost</strong></span> <span class='ocrx_word' id='word_1_386' title='bbox 234 2854 369 2886; x_wconf 79' lang='lat' dir='ltr'><strong>Evangelii</strong></span> <span class='ocrx_word' id='word_1_387' title='bbox 397 2854 523 2886; x_wconf 78' lang='lat' dir='ltr'><strong>perfectio</strong></span> <span class='ocrx_word' id='word_1_388' title='bbox 542 2858 591 2880; x_wconf 91' lang='lat' dir='ltr'><strong>etc.</strong></span> <span class='ocrx_word' id='word_1_389' title='bbox 609 2868 646 2874; x_wconf 92' lang='lat'><strong>—</strong></span> <span class='ocrx_word' id='word_1_390' title='bbox 663 2853 729 2881; x_wconf 90' lang='lat' dir='ltr'><strong>Cod.</strong></span> <span class='ocrx_word' id='word_1_391' title='bbox 751 2855 768 2880; x_wconf 86' lang='lat' dir='ltr'>F</span> <span class='ocrx_word' id='word_1_392' title='bbox 788 2853 968 2888; x_wconf 75' lang='lat' dir='ltr'><strong>impletionem</strong></span> <span class='ocrx_word' id='word_1_393' title='bbox 986 2862 1083 2888; x_wconf 85' lang='lat' dir='ltr'><strong>suam,</strong></span> <span class='ocrx_word' id='word_1_394' title='bbox 1114 2856 1136 2881; x_wconf 85' lang='lat'><strong>11</strong></span> 
     </span>
     <span class='ocr_line' id='line_1_56' title="bbox 171 2896 508 2930; baseline 0.003 -8"><span class='ocrx_word' id='word_1_395' title='bbox 171 2896 398 2930; x_wconf 76' lang='lat' dir='ltr'><strong>complementum</strong></span> <span class='ocrx_word' id='word_1_396' title='bbox 416 2904 508 2924; x_wconf 80' lang='lat' dir='ltr'><strong>suum.</strong></span> 
     </span>
    </p>

    <p class='ocr_par' dir='ltr' id='par_1_11' title="bbox 171 2939 1136 3012">
     <span class='ocr_line' id='line_1_57' title="bbox 242 2939 1136 2975; baseline 0.003 -9"><span class='ocrx_word' id='word_1_397' title='bbox 242 2939 253 2954; x_wconf 85' lang='lat'><strong>¹</strong></span> <span class='ocrx_word' id='word_1_398' title='bbox 273 2941 348 2967; x_wconf 85' lang='lat' dir='ltr'><strong>Vers.</strong></span> <span class='ocrx_word' id='word_1_399' title='bbox 368 2942 394 2967; x_wconf 82' lang='lat'><strong>6.</strong></span> <span class='ocrx_word' id='word_1_400' title='bbox 414 2955 447 2960; x_wconf 89' lang='lat'><strong>-—</strong></span> <span class='ocrx_word' id='word_1_401' title='bbox 468 2941 595 2974; x_wconf 89' lang='lat' dir='ltr'><strong>Superius</strong></span> <span class='ocrx_word' id='word_1_402' title='bbox 623 2949 672 2975; x_wconf 91' lang='lat' dir='ltr'><strong>pro</strong></span> <span class='ocrx_word' id='word_1_403' title='bbox 691 2941 864 2969; x_wconf 71' lang='lat' dir='ltr'><strong>durationem</strong></span> <span class='ocrx_word' id='word_1_404' title='bbox 883 2943 941 2968; x_wconf 90' lang='lat' dir='ltr'><strong>Vat.</strong></span> <span class='ocrx_word' id='word_1_405' title='bbox 962 2949 1023 2968; x_wconf 92' lang='lat' dir='ltr'><strong>cum</strong></span> <span class='ocrx_word' id='word_1_406' title='bbox 1043 2943 1136 2975; x_wconf 81' lang='lat' dir='ltr'><strong>paucis</strong></span> 
     </span>
     <span class='ocr_line' id='line_1_58' title="bbox 171 2985 489 3012; baseline 0.003 -1"><span class='ocrx_word' id='word_1_407' title='bbox 171 2985 250 3012; x_wconf 85' lang='lat' dir='ltr'><strong>codd.</strong></span> <span class='ocrx_word' id='word_1_408' title='bbox 269 2985 489 3012; x_wconf 75' lang='lat' dir='ltr'><strong>dominationem.</strong></span> 
     </span>
    </p>

    <p class='ocr_par' dir='ltr' id='par_1_12' title="bbox 174 3028 1135 3107">
     <span class='ocr_line' id='line_1_59' title="bbox 243 3028 1135 3065; baseline 0.003 -9"><span class='ocrx_word' id='word_1_409' title='bbox 243 3028 254 3044; x_wconf 81' lang='lat'>⁸</span> <span class='ocrx_word' id='word_1_410' title='bbox 275 3031 351 3057; x_wconf 87' lang='lat' dir='ltr'><strong>Vers.</strong></span> <span class='ocrx_word' id='word_1_411' title='bbox 371 3031 395 3057; x_wconf 79' lang='lat'><strong>9.</strong></span> <span class='ocrx_word' id='word_1_412' title='bbox 415 3045 451 3050; x_wconf 98' lang='lat'><strong>—</strong></span> <span class='ocrx_word' id='word_1_413' title='bbox 469 3031 560 3057; x_wconf 81' lang='lat' dir='ltr'><strong>Glossa</strong></span> <span class='ocrx_word' id='word_1_414' title='bbox 589 3031 793 3059; x_wconf 71' lang='lat' dir='ltr'><strong>interlinearis:</strong></span> <span class='ocrx_word' id='word_1_415' title='bbox 821 3031 942 3059; x_wconf 80' lang='lat' dir='ltr'><strong>Omnis...</strong></span> <span class='ocrx_word' id='word_1_416' title='bbox 967 3032 1135 3065; x_wconf 76' lang='lat' dir='ltr'><strong>moechatur,</strong></span> 
     </span>
     <span class='ocr_line' id='line_1_60' title="bbox 174 3074 764 3107; baseline 0.002 -7"><span class='ocrx_word' id='word_1_417' title='bbox 174 3074 333 3101; x_wconf 78' lang='lat' dir='ltr'><strong>Matthaeus:</strong></span> <span class='ocrx_word' id='word_1_418' title='bbox 353 3078 461 3107; x_wconf 84' lang='lat' dir='ltr'><strong>excepta</strong></span> <span class='ocrx_word' id='word_1_419' title='bbox 481 3082 558 3101; x_wconf 85' lang='lat' dir='ltr'><strong>causa</strong></span> <span class='ocrx_word' id='word_1_420' title='bbox 580 3076 764 3101; x_wconf 83' lang='lat' dir='ltr'><strong>fornicationis.</strong></span> 
     </span>
    </p>

    <p class='ocr_par' dir='ltr' id='par_1_13' title="bbox 170 3116 1136 3196">
     <span class='ocr_line' id='line_1_61' title="bbox 242 3116 1136 3152; baseline 0.003 -8"><span class='ocrx_word' id='word_1_421' title='bbox 242 3116 254 3132; x_wconf 76' lang='lat'><strong>⁴</strong></span> <span class='ocrx_word' id='word_1_422' title='bbox 274 3119 348 3145; x_wconf 89' lang='lat' dir='ltr'><strong>Vers.</strong></span> <span class='ocrx_word' id='word_1_423' title='bbox 369 3118 412 3144; x_wconf 72' lang='lat'><strong>24.</strong></span> <span class='ocrx_word' id='word_1_424' title='bbox 425 3132 460 3138; x_wconf 98' lang='lat'><strong>—</strong></span> <span class='ocrx_word' id='word_1_425' title='bbox 475 3119 511 3145; x_wconf 88' lang='lat' dir='ltr'><strong>De</strong></span> <span class='ocrx_word' id='word_1_426' title='bbox 530 3125 586 3152; x_wconf 86' lang='lat' dir='ltr'><strong>seq.</strong></span> <span class='ocrx_word' id='word_1_427' title='bbox 604 3119 755 3146; x_wconf 84' lang='lat' dir='ltr'><strong>definitione</strong></span> <span class='ocrx_word' id='word_1_428' title='bbox 775 3120 936 3146; x_wconf 85' lang='lat' dir='ltr'><strong>matrimonii</strong></span> <span class='ocrx_word' id='word_1_429' title='bbox 949 3122 994 3147; x_wconf 82' lang='lat' dir='ltr'><strong>cfr.</strong></span> <span class='ocrx_word' id='word_1_430' title='bbox 1008 3121 1050 3147; x_wconf 78' lang='grc' dir='ltr'><strong>Ν.</strong></span> <span class='ocrx_word' id='word_1_431' title='bbox 1065 3122 1136 3147; x_wconf 84' lang='lat' dir='ltr'><strong>sent.</strong></span> 
     </span>
     <span class='ocr_line' id='line_1_62' title="bbox 170 3162 613 3196; baseline 0.002 -8"><span class='ocrx_word' id='word_1_432' title='bbox 170 3162 198 3188; x_wconf 81' lang='lat' dir='ltr'><strong>d.</strong></span> <span class='ocrx_word' id='word_1_433' title='bbox 218 3162 260 3188; x_wconf 89' lang='grc'><strong>27.</strong></span> <span class='ocrx_word' id='word_1_434' title='bbox 279 3169 304 3188; x_wconf 82' lang='lat' dir='ltr'><strong>a.</strong></span> <span class='ocrx_word' id='word_1_435' title='bbox 325 3163 348 3188; x_wconf 94' lang='grc'><strong>1.</strong></span> <span class='ocrx_word' id='word_1_436' title='bbox 368 3170 395 3196; x_wconf 92' lang='lat' dir='ltr'><strong>q.</strong></span> <span class='ocrx_word' id='word_1_437' title='bbox 416 3164 439 3188; x_wconf 91' lang='grc'><strong>1.</strong></span> <span class='ocrx_word' id='word_1_438' title='bbox 459 3166 485 3188; x_wconf 88' lang='lat' dir='ltr'><strong>et</strong></span> <span class='ocrx_word' id='word_1_439' title='bbox 503 3162 568 3189; x_wconf 91' lang='lat' dir='ltr'><strong>dub.</strong></span> <span class='ocrx_word' id='word_1_440' title='bbox 590 3164 613 3189; x_wconf 94' lang='grc'><strong>1.</strong></span> 
     </span>
    </p>

    <p class='ocr_par' dir='ltr' id='par_1_14' title="bbox 170 3203 1136 3416">
     <span class='ocr_line' id='line_1_63' title="bbox 242 3203 1135 3241; baseline 0.004 -10"><span class='ocrx_word' id='word_1_441' title='bbox 242 3203 254 3219; x_wconf 80' lang='lat'><strong>⁶</strong></span> <span class='ocrx_word' id='word_1_442' title='bbox 272 3205 325 3232; x_wconf 88' lang='lat' dir='ltr'><strong>Cfr.</strong></span> <span class='ocrx_word' id='word_1_443' title='bbox 345 3206 432 3232; x_wconf 81' lang='lat' dir='ltr'><strong>Matth.</strong></span> <span class='ocrx_word' id='word_1_444' title='bbox 452 3207 482 3237; x_wconf 81' lang='lat'><strong>5,</strong></span> <span class='ocrx_word' id='word_1_445' title='bbox 502 3207 546 3232; x_wconf 87' lang='grc'><strong>32.</strong></span> <span class='ocrx_word' id='word_1_446' title='bbox 568 3210 594 3232; x_wconf 88' lang='lat' dir='ltr'><strong>et</strong></span> <span class='ocrx_word' id='word_1_447' title='bbox 612 3207 639 3232; x_wconf 88' lang='lat' dir='ltr'><strong>B.</strong></span> <span class='ocrx_word' id='word_1_448' title='bbox 660 3207 758 3233; x_wconf 78' lang='lat' dir='ltr'><strong>Albert.</strong></span> <span class='ocrx_word' id='word_1_449' title='bbox 785 3208 811 3234; x_wconf 87' lang='lat' dir='ltr'><strong>in</strong></span> <span class='ocrx_word' id='word_1_450' title='bbox 841 3208 904 3234; x_wconf 85' lang='lat' dir='ltr'><strong>Luc.</strong></span> <span class='ocrx_word' id='word_1_451' title='bbox 933 3209 980 3241; x_wconf 76' lang='grc'><strong>16,</strong></span> <span class='ocrx_word' id='word_1_452' title='bbox 1005 3209 1056 3240; x_wconf 83' lang='grc'><strong>18;</strong></span> <span class='ocrx_word' id='word_1_453' title='bbox 1076 3209 1135 3235; x_wconf 83' lang='lat' dir='ltr'><strong>Vat.</strong></span> 
     </span>
     <span class='ocr_line' id='line_1_64' title="bbox 172 3250 1136 3287; baseline 0.005 -12"><span class='ocrx_word' id='word_1_454' title='bbox 172 3257 233 3276; x_wconf 79' lang='lat' dir='ltr'><strong>cum</strong></span> <span class='ocrx_word' id='word_1_455' title='bbox 255 3250 367 3282; x_wconf 75' lang='lat' dir='ltr'><strong>Vulgata</strong></span> <span class='ocrx_word' id='word_1_456' title='bbox 387 3250 468 3278; x_wconf 84' lang='lat' dir='ltr'><strong>ducit.</strong></span> <span class='ocrx_word' id='word_1_457' title='bbox 488 3265 523 3270; x_wconf 98' lang='lat'><strong>—</strong></span> <span class='ocrx_word' id='word_1_458' title='bbox 542 3252 600 3277; x_wconf 92' lang='lat' dir='ltr'><strong>Duo</strong></span> <span class='ocrx_word' id='word_1_459' title='bbox 619 3259 694 3285; x_wconf 88' lang='lat' dir='ltr'><strong>seqq.</strong></span> <span class='ocrx_word' id='word_1_460' title='bbox 714 3252 763 3278; x_wconf 89' lang='lat' dir='ltr'><strong>loci</strong></span> <span class='ocrx_word' id='word_1_461' title='bbox 782 3256 843 3278; x_wconf 85' lang='lat' dir='ltr'><strong>sunt</strong></span> <span class='ocrx_word' id='word_1_462' title='bbox 860 3254 938 3279; x_wconf 84' lang='lat' dir='ltr'><strong>Rom.</strong></span> <span class='ocrx_word' id='word_1_463' title='bbox 959 3253 990 3286; x_wconf 80' lang='lat'><strong>7,</strong></span> <span class='ocrx_word' id='word_1_464' title='bbox 1004 3254 1029 3279; x_wconf 97' lang='grc'><strong>2.</strong></span> <span class='ocrx_word' id='word_1_465' title='bbox 1042 3260 1098 3287; x_wconf 81' lang='lat' dir='ltr'><strong>seq.</strong></span> <span class='ocrx_word' id='word_1_466' title='bbox 1110 3257 1136 3280; x_wconf 89' lang='lat' dir='ltr'><strong>et</strong></span> 
     </span>
     <span class='ocr_line' id='line_1_65' title="bbox 173 3295 1135 3331; baseline 0.005 -12"><span class='ocrx_word' id='word_1_467' title='bbox 173 3295 218 3319; x_wconf 91' lang='lat' dir='ltr'><strong>ler.</strong></span> <span class='ocrx_word' id='word_1_468' title='bbox 239 3295 270 3327; x_wconf 86' lang='lat'><strong>3,</strong></span> <span class='ocrx_word' id='word_1_469' title='bbox 291 3295 315 3325; x_wconf 83' lang='grc'><strong>1,</strong></span> <span class='ocrx_word' id='word_1_470' title='bbox 335 3295 361 3320; x_wconf 88' lang='grc'><strong>111</strong></span> <span class='ocrx_word' id='word_1_471' title='bbox 381 3303 435 3327; x_wconf 86' lang='lat' dir='ltr'><strong>quo</strong></span> <span class='ocrx_word' id='word_1_472' title='bbox 454 3303 503 3328; x_wconf 89' lang='lat' dir='ltr'><strong>pro</strong></span> <span class='ocrx_word' id='word_1_473' title='bbox 531 3295 568 3322; x_wconf 87' lang='lat' dir='ltr'><strong>ad</strong></span> <span class='ocrx_word' id='word_1_474' title='bbox 594 3303 654 3322; x_wconf 88' lang='lat' dir='ltr'><strong>eam</strong></span> <span class='ocrx_word' id='word_1_475' title='bbox 682 3296 734 3323; x_wconf 94' lang='lat' dir='ltr'><strong>CD</strong></span> <span class='ocrx_word' id='word_1_476' title='bbox 748 3297 796 3322; x_wconf 85' lang='lat' dir='ltr'><strong>FG</strong></span> <span class='ocrx_word' id='word_1_477' title='bbox 824 3296 861 3324; x_wconf 87' lang='lat' dir='ltr'><strong>ad</strong></span> <span class='ocrx_word' id='word_1_478' title='bbox 887 3304 970 3331; x_wconf 81' lang='lat' dir='ltr'><strong>eum,·</strong></span> <span class='ocrx_word' id='word_1_479' title='bbox 988 3299 1035 3324; x_wconf 76' lang='lat' dir='ltr'><strong>cfr.</strong></span> <span class='ocrx_word' id='word_1_480' title='bbox 1054 3305 1135 3330; x_wconf 85' lang='lat' dir='ltr'><strong>supra</strong></span> 
     </span>
     <span class='ocr_line' id='line_1_66' title="bbox 173 3339 1136 3376; baseline 0.005 -13"><span class='ocrx_word' id='word_1_481' title='bbox 173 3344 234 3370; x_wconf 80' lang='lat' dir='ltr'><strong>pag.</strong></span> <span class='ocrx_word' id='word_1_482' title='bbox 254 3339 320 3369; x_wconf 82' lang='grc'>383,</span> <span class='ocrx_word' id='word_1_483' title='bbox 341 3342 400 3364; x_wconf 86' lang='lat' dir='ltr'><strong>nota</strong></span> <span class='ocrx_word' id='word_1_484' title='bbox 420 3339 444 3364; x_wconf 74' lang='grc' dir='ltr'><strong>ὅ.</strong></span> <span class='ocrx_word' id='word_1_485' title='bbox 465 3354 499 3359; x_wconf 89' lang='grc'><strong>-</strong></span> <span class='ocrx_word' id='word_1_486' title='bbox 518 3340 626 3366; x_wconf 85' lang='lat' dir='ltr'><strong>inferius</strong></span> <span class='ocrx_word' id='word_1_487' title='bbox 652 3347 700 3373; x_wconf 86' lang='lat' dir='ltr'><strong>pro</strong></span> <span class='ocrx_word' id='word_1_488' title='bbox 725 3342 976 3376; x_wconf 80' lang='lat' dir='ltr'><strong>quantumcumque</strong></span> <span class='ocrx_word' id='word_1_489' title='bbox 1003 3343 1023 3367; x_wconf 84' lang='lat' dir='ltr'>A</span> <span class='ocrx_word' id='word_1_490' title='bbox 1052 3349 1136 3376; x_wconf 80' lang='lat' dir='ltr'><strong>quan·</strong></span> 
     </span>
     <span class='ocr_line' id='line_1_67' title="bbox 170 3381 330 3416; baseline 0.013 -10"><span class='ocrx_word' id='word_1_491' title='bbox 170 3381 330 3416; x_wconf 68' lang='lat' dir='ltr'><strong>doctamque.</strong></span> 
     </span>
    </p>

    <p class='ocr_par' dir='ltr' id='par_1_15' title="bbox 243 3424 1135 3463">
     <span class='ocr_line' id='line_1_68' title="bbox 243 3424 1135 3463; baseline 0.006 -11"><span class='ocrx_word' id='word_1_492' title='bbox 243 3424 254 3440; x_wconf 81' lang='lat'>⁶</span> <span class='ocrx_word' id='word_1_493' title='bbox 276 3427 350 3452; x_wconf 83' lang='lat' dir='ltr'><strong>vers.</strong></span> <span class='ocrx_word' id='word_1_494' title='bbox 368 3427 394 3453; x_wconf 86' lang='grc'><strong>7.</strong></span> <span class='ocrx_word' id='word_1_495' title='bbox 413 3431 439 3453; x_wconf 85' lang='lat' dir='ltr'><strong>et</strong></span> <span class='ocrx_word' id='word_1_496' title='bbox 457 3429 482 3453; x_wconf 86' lang='lat'><strong>8.</strong></span> <span class='ocrx_word' id='word_1_497' title='bbox 502 3428 551 3454; x_wconf 83' lang='lat' dir='ltr'><strong>Pro</strong></span> <span class='ocrx_word' id='word_1_498' title='bbox 570 3427 637 3455; x_wconf 83' lang='lat' dir='ltr'><strong>dare</strong></span> <span class='ocrx_word' id='word_1_499' title='bbox 656 3428 675 3455; x_wconf 95' lang='lat' dir='ltr'>C</span> <span class='ocrx_word' id='word_1_500' title='bbox 687 3429 766 3455; x_wconf 85' lang='lat' dir='ltr'><strong>DFG</strong></span> <span class='ocrx_word' id='word_1_501' title='bbox 792 3428 867 3461; x_wconf 84' lang='lat' dir='ltr'><strong>dari,</strong></span> <span class='ocrx_word' id='word_1_502' title='bbox 897 3430 941 3463; x_wconf 90' lang='lat' dir='ltr'><strong>qui</strong></span> <span class='ocrx_word' id='word_1_503' title='bbox 971 3431 1048 3457; x_wconf 81' lang='lat' dir='ltr'><strong>etiam</strong></span> <span class='ocrx_word' id='word_1_504' title='bbox 1076 3431 1135 3457; x_wconf 89' lang='lat' dir='ltr'><strong>voci</strong></span> 
     </span>
    </p>
   </div>
   <div class='ocr_carea' id='block_1_10' title="bbox 1166 2549 1170 3459">
    <p class='ocr_par' dir='ltr' id='par_1_16' title="bbox 1166 2549 1170 3459">
     <span class='ocr_line' id='line_1_69' title="bbox 1166 2549 1170 3459; baseline 0 0"><span class='ocrx_word' id='word_1_505' title='bbox 1166 2549 1170 3459; x_wconf 95' lang='lat' dir='ltr'><strong> </strong></span> 
     </span>
    </p>
   </div>
   <div class='ocr_carea' id='block_1_11' title="bbox 2104 275 2169 306">
    <p class='ocr_par' dir='ltr' id='par_1_17' title="bbox 2104 275 2169 306">
     <span class='ocr_line' id='line_1_70' title="bbox 2104 275 2169 306; baseline 0 0"><span class='ocrx_word' id='word_1_506' title='bbox 2104 275 2169 306; x_wconf 60' lang='lat'><strong>[⁴15</strong></span> 
     </span>
    </p>
   </div>
   <div class='ocr_carea' id='block_1_12' title="bbox 1203 354 2299 973">
    <p class='ocr_par' dir='ltr' id='par_1_18' title="bbox 1203 354 2299 973">
     <span class='ocr_line' id='line_1_71' title="bbox 1205 354 2170 400; baseline 0.009 -14"><span class='ocrx_word' id='word_1_507' title='bbox 1205 354 1353 387; x_wconf 82' lang='lat' dir='ltr'><strong>moralia</strong></span> <span class='ocrx_word' id='word_1_508' title='bbox 1384 359 1416 388; x_wconf 90' lang='lat' dir='ltr'><strong>et</strong></span> <span class='ocrx_word' id='word_1_509' title='bbox 1452 357 1635 390; x_wconf 80' lang='lat' dir='ltr'><strong>transitum</strong></span> <span class='ocrx_word' id='word_1_510' title='bbox 1667 363 1822 400; x_wconf 88' lang='lat' dir='ltr'><strong>quantum</strong></span> <span class='ocrx_word' id='word_1_511' title='bbox 1847 360 1886 393; x_wconf 81' lang='lat' dir='ltr'><strong>ad</strong></span> <span class='ocrx_word' id='word_1_512' title='bbox 1910 362 2170 394; x_wconf 81' lang='lat' dir='ltr'><strong>caeremonialia</strong></span> 
     </span>
     <span class='ocr_line' id='line_1_72' title="bbox 1205 407 2170 456; baseline 0.009 -17"><span class='ocrx_word' id='word_1_513' title='bbox 1205 410 1237 439; x_wconf 90' lang='lat' dir='ltr'><strong>et</strong></span> <span class='ocrx_word' id='word_1_514' title='bbox 1260 407 1459 448; x_wconf 83' lang='lat' dir='ltr'><strong>iudicialia,</strong></span> <span class='ocrx_word' id='word_1_515' title='bbox 1484 410 1697 451; x_wconf 82' lang='lat' dir='ltr'><strong>exemplificat</strong></span> <span class='ocrx_word' id='word_1_516' title='bbox 1727 411 1766 445; x_wconf 91' lang='lat' dir='ltr'><strong>de</strong></span> <span class='ocrx_word' id='word_1_517' title='bbox 1797 414 2009 452; x_wconf 88' lang='lat' dir='ltr'><strong>matrimonio,</strong></span> <span class='ocrx_word' id='word_1_518' title='bbox 2043 424 2101 456; x_wconf 91' lang='lat' dir='ltr'><strong>pro</strong></span> <span class='ocrx_word' id='word_1_519' title='bbox 2133 424 2170 448; x_wconf 89' lang='lat' dir='ltr'><strong>eo</strong></span> 
     </span>
     <span class='ocr_line' id='line_1_73' title="bbox 1205 460 2169 505; baseline 0.008 -13"><span class='ocrx_word' id='word_1_520' title='bbox 1205 460 1291 502; x_wconf 88' lang='lat' dir='ltr'><strong>quod</strong></span> <span class='ocrx_word' id='word_1_521' title='bbox 1315 460 1346 493; x_wconf 90' lang='lat' dir='ltr'><strong>in</strong></span> <span class='ocrx_word' id='word_1_522' title='bbox 1371 461 1439 503; x_wconf 86' lang='lat' dir='ltr'><strong>ipso</strong></span> <span class='ocrx_word' id='word_1_523' title='bbox 1463 461 1589 495; x_wconf 82' lang='lat' dir='ltr'><strong>libellus</strong></span> <span class='ocrx_word' id='word_1_524' title='bbox 1614 464 1736 505; x_wconf 88' lang='lat' dir='ltr'><strong>repudii</strong></span> <span class='ocrx_word' id='word_1_525' title='bbox 1761 465 1905 498; x_wconf 87' lang='lat' dir='ltr'><strong>dabatur.</strong></span> <span class='ocrx_word' id='word_1_526' title='bbox 1925 467 1961 498; x_wconf 87' lang='lat' dir='ltr'><strong>Et</strong></span> <span class='ocrx_word' id='word_1_527' title='bbox 1977 467 2169 499; x_wconf 85' lang='lat' dir='ltr'><strong>matrimonii</strong></span> 
     </span>
     <span class='ocr_line' id='line_1_74' title="bbox 1205 513 2169 560; baseline 0.007 -14"><span class='ocrx_word' id='word_1_528' title='bbox 1205 513 1259 546; x_wconf 86' lang='lat' dir='ltr'><strong>lex</strong></span> <span class='ocrx_word' id='word_1_529' title='bbox 1282 514 1315 546; x_wconf 93' lang='lat' dir='ltr'><strong>in</strong></span> <span class='ocrx_word' id='word_1_530' title='bbox 1340 514 1506 557; x_wconf 83' lang='lat' dir='ltr'><strong>Evangelio</strong></span> <span class='ocrx_word' id='word_1_531' title='bbox 1538 516 1746 549; x_wconf 85' lang='lat' dir='ltr'><strong>confirmatur</strong></span> <span class='ocrx_word' id='word_1_532' title='bbox 1775 521 1925 560; x_wconf 83' lang='lat' dir='ltr'><strong>tanquam</strong></span> <span class='ocrx_word' id='word_1_533' title='bbox 1951 520 2000 552; x_wconf 92' lang='lat' dir='ltr'><strong>ius</strong></span> <span class='ocrx_word' id='word_1_534' title='bbox 2024 520 2169 558; x_wconf 78' lang='lat' dir='ltr'><strong>morale,</strong></span> 
     </span>
     <span class='ocr_line' id='line_1_75' title="bbox 1204 566 2170 610; baseline 0.007 -12"><span class='ocrx_word' id='word_1_535' title='bbox 1204 569 1236 599; x_wconf 89' lang='lat' dir='ltr'><strong>et</strong></span> <span class='ocrx_word' id='word_1_536' title='bbox 1258 566 1385 599; x_wconf 88' lang='lat' dir='ltr'><strong>libellus</strong></span> <span class='ocrx_word' id='word_1_537' title='bbox 1409 568 1533 610; x_wconf 91' lang='lat' dir='ltr'><strong>repudii</strong></span> <span class='ocrx_word' id='word_1_538' title='bbox 1557 569 1766 610; x_wconf 85' lang='lat' dir='ltr'><strong>reprohatur;</strong></span> <span class='ocrx_word' id='word_1_539' title='bbox 1783 570 1867 603; x_wconf 90' lang='lat' dir='ltr'><strong>unde</strong></span> <span class='ocrx_word' id='word_1_540' title='bbox 1884 572 2029 605; x_wconf 84' lang='lat' dir='ltr'><strong>Matthaei</strong></span> <span class='ocrx_word' id='word_1_541' title='bbox 2048 572 2170 605; x_wconf 86' lang='lat' dir='ltr'><strong>decimo</strong></span> 
     </span>
     <span class='ocr_line' id='line_1_76' title="bbox 1204 620 2171 666; baseline 0.006 -15"><span class='ocrx_word' id='word_1_542' title='bbox 1204 620 1334 652; x_wconf 64' lang='lat' dir='ltr'><strong>nono‘:</strong></span> <span class='ocrx_word' id='word_1_543' title='bbox 1365 632 1381 649; x_wconf 85' lang='lat'>«</span> <span class='ocrx_word' id='word_1_544' title='bbox 1397 621 1517 662; x_wconf 86' lang='lat' dir='ltr'><strong>Moyses</strong></span> <span class='ocrx_word' id='word_1_545' title='bbox 1543 621 1702 654; x_wconf 88' lang='lat' dir='ltr'><strong>mandavit</strong></span> <span class='ocrx_word' id='word_1_546' title='bbox 1725 622 1801 655; x_wconf 86' lang='lat' dir='ltr'><strong>dare</strong></span> <span class='ocrx_word' id='word_1_547' title='bbox 1825 623 1965 656; x_wconf 88' lang='lat' dir='ltr'><strong>libellum</strong></span> <span class='ocrx_word' id='word_1_548' title='bbox 1992 625 2115 666; x_wconf 86' lang='lat' dir='ltr'><strong>repudii</strong></span> <span class='ocrx_word' id='word_1_549' title='bbox 2140 629 2171 658; x_wconf 88' lang='lat' dir='ltr'><strong>et</strong></span> 
     </span>
     <span class='ocr_line' id='line_1_77' title="bbox 1203 671 2171 716; baseline 0.006 -12"><span class='ocrx_word' id='word_1_550' title='bbox 1203 671 1371 705; x_wconf 89' lang='lat' dir='ltr'><strong>dimittere.</strong></span> <span class='ocrx_word' id='word_1_551' title='bbox 1397 673 1444 705; x_wconf 79' lang='lat' dir='ltr'><strong>Ait</strong></span> <span class='ocrx_word' id='word_1_552' title='bbox 1469 673 1550 706; x_wconf 90' lang='lat' dir='ltr'><strong>illis:</strong></span> <span class='ocrx_word' id='word_1_553' title='bbox 1581 674 1661 715; x_wconf 86' lang='lat' dir='ltr'><strong>Quia</strong></span> <span class='ocrx_word' id='word_1_554' title='bbox 1685 675 1805 716; x_wconf 88' lang='lat' dir='ltr'><strong>Moyses</strong></span> <span class='ocrx_word' id='word_1_555' title='bbox 1829 676 1868 708; x_wconf 89' lang='lat' dir='ltr'><strong>ad</strong></span> <span class='ocrx_word' id='word_1_556' title='bbox 1892 676 2040 709; x_wconf 86' lang='lat' dir='ltr'><strong>duritiam</strong></span> <span class='ocrx_word' id='word_1_557' title='bbox 2067 677 2171 710; x_wconf 87' lang='lat' dir='ltr'><strong>cordis</strong></span> 
     </span>
     <span class='ocr_line' id='line_1_78' title="bbox 1203 725 2169 767; baseline 0.006 -10"><span class='ocrx_word' id='word_1_558' title='bbox 1203 725 1302 758; x_wconf 88' lang='lat' dir='ltr'><strong>vestri</strong></span> <span class='ocrx_word' id='word_1_559' title='bbox 1326 726 1469 767; x_wconf 88' lang='lat' dir='ltr'><strong>permisit</strong></span> <span class='ocrx_word' id='word_1_560' title='bbox 1493 726 1582 760; x_wconf 90' lang='lat' dir='ltr'><strong>vobis</strong></span> <span class='ocrx_word' id='word_1_561' title='bbox 1605 727 1764 761; x_wconf 88' lang='lat' dir='ltr'><strong>dimittere</strong></span> <span class='ocrx_word' id='word_1_562' title='bbox 1787 738 1907 762; x_wconf 89' lang='lat' dir='ltr'><strong>uxores</strong></span> <span class='ocrx_word' id='word_1_563' title='bbox 1932 734 2052 763; x_wconf 89' lang='lat' dir='ltr'><strong>vestras</strong></span> <span class='ocrx_word' id='word_1_564' title='bbox 2070 744 2100 762; x_wconf 73' lang='lat' dir='ltr'><strong>n.</strong></span> <span class='ocrx_word' id='word_1_565' title='bbox 2127 748 2169 753; x_wconf 97' lang='lat'><strong>—</strong></span> 
     </span>
     <span class='ocr_line' id='line_1_79' title="bbox 1204 778 2299 826; baseline 0.003 -15"><span class='ocrx_word' id='word_1_566' title='bbox 1204 778 1251 811; x_wconf 88' lang='lat' dir='ltr'><strong>Ex</strong></span> <span class='ocrx_word' id='word_1_567' title='bbox 1277 779 1325 812; x_wconf 91' lang='lat' dir='ltr'><strong>his</strong></span> <span class='ocrx_word' id='word_1_568' title='bbox 1349 779 1446 822; x_wconf 86' lang='lat' dir='ltr'><strong>igitur</strong></span> <span class='ocrx_word' id='word_1_569' title='bbox 1470 781 1646 823; x_wconf 83' lang='lat' dir='ltr'><strong>colligitur,</strong></span> <span class='ocrx_word' id='word_1_570' title='bbox 1680 782 1817 824; x_wconf 83' lang='lat' dir='ltr'><strong>qualiter</strong></span> <span class='ocrx_word' id='word_1_571' title='bbox 1849 784 1912 816; x_wconf 89' lang='lat' dir='ltr'><strong>Lex</strong></span> <span class='ocrx_word' id='word_1_572' title='bbox 1937 788 2066 822; x_wconf 86' lang='lat' dir='ltr'><strong>manet,</strong></span> <span class='ocrx_word' id='word_1_573' title='bbox 2092 794 2170 826; x_wconf 91' lang='lat' dir='ltr'><strong>qua·</strong></span> <span class='ocrx_word' id='word_1_574' title='bbox 2189 794 2299 820; x_wconf 66' lang='lat' dir='ltr'><strong>ennom.</strong></span> 
     </span>
     <span class='ocr_line' id='line_1_80' title="bbox 1203 832 2172 878; baseline 0.005 -13"><span class='ocrx_word' id='word_1_575' title='bbox 1203 832 1276 866; x_wconf 87' lang='lat' dir='ltr'><strong>liter</strong></span> <span class='ocrx_word' id='word_1_576' title='bbox 1299 838 1505 873; x_wconf 81' lang='lat' dir='ltr'><strong>evacuatur,</strong></span> <span class='ocrx_word' id='word_1_577' title='bbox 1535 835 1671 877; x_wconf 86' lang='lat' dir='ltr'><strong>qualiter</strong></span> <span class='ocrx_word' id='word_1_578' title='bbox 1703 835 1871 878; x_wconf 83' lang='lat' dir='ltr'><strong>impletur,</strong></span> <span class='ocrx_word' id='word_1_579' title='bbox 1903 841 1934 870; x_wconf 90' lang='lat' dir='ltr'><strong>et</strong></span> <span class='ocrx_word' id='word_1_580' title='bbox 1967 838 2172 870; x_wconf 88' lang='lat' dir='ltr'><strong>nihilominus</strong></span> 
     </span>
     <span class='ocr_line' id='line_1_81' title="bbox 1204 886 2172 934; baseline 0.005 -15"><span class='ocrx_word' id='word_1_581' title='bbox 1204 886 1446 920; x_wconf 85' lang='lat' dir='ltr'><strong>Pharisaeorum</strong></span> <span class='ocrx_word' id='word_1_582' title='bbox 1463 888 1669 930; x_wconf 84' lang='lat' dir='ltr'><strong>supercilium</strong></span> <span class='ocrx_word' id='word_1_583' title='bbox 1686 889 1725 922; x_wconf 91' lang='lat' dir='ltr'><strong>de</strong></span> <span class='ocrx_word' id='word_1_584' title='bbox 1742 889 1846 923; x_wconf 89' lang='lat' dir='ltr'><strong>littera</strong></span> <span class='ocrx_word' id='word_1_585' title='bbox 1862 891 1951 933; x_wconf 81' lang='lat' dir='ltr'><strong>Legis</strong></span> <span class='ocrx_word' id='word_1_586' title='bbox 1967 891 2172 934; x_wconf 80' lang='lat' dir='ltr'><strong>gloriantium</strong></span> 
     </span>
     <span class='ocr_line' id='line_1_82' title="bbox 1204 940 1397 973; baseline 0.005 -1"><span class='ocrx_word' id='word_1_587' title='bbox 1204 940 1397 973; x_wconf 81' lang='lat' dir='ltr'><strong>confutatur.</strong></span> 
     </span>
    </p>
   </div>
   <div class='ocr_carea' id='block_1_13' title="bbox 1353 1054 2016 1093">
    <p class='ocr_par' dir='ltr' id='par_1_19' title="bbox 1353 1054 2016 1093">
     <span class='ocr_line' id='line_1_83' title="bbox 1353 1054 2016 1093; baseline 0.008 -12"><span class='ocrx_word' id='word_1_588' title='bbox 1353 1054 1506 1090; x_wconf 73' lang='lat' dir='ltr'><strong>Exemplum</strong></span> <span class='ocrx_word' id='word_1_589' title='bbox 1525 1055 1672 1091; x_wconf 73' lang='lat' dir='ltr'><strong>impietatis</strong></span> <span class='ocrx_word' id='word_1_590' title='bbox 1690 1057 1815 1092; x_wconf 69' lang='lat' dir='ltr'><strong>punitae,</strong></span> <span class='ocrx_word' id='word_1_591' title='bbox 1836 1058 1866 1085; x_wconf 78' lang='lat' dir='ltr'><strong>de</strong></span> <span class='ocrx_word' id='word_1_592' title='bbox 1885 1066 1933 1093; x_wconf 71' lang='lat' dir='ltr'><strong>quo</strong></span> <span class='ocrx_word' id='word_1_593' title='bbox 1953 1059 2016 1086; x_wconf 73' lang='lat' dir='ltr'><strong>tria.</strong></span> 
     </span>
    </p>
   </div>
   <div class='ocr_carea' id='block_1_14' title="bbox 1200 1153 2334 2371">
    <p class='ocr_par' dir='ltr' id='par_1_20' title="bbox 1200 1153 2171 2315">
     <span class='ocr_line' id='line_1_84' title="bbox 1294 1153 2169 1198; baseline 0.005 -11"><span class='ocrx_word' id='word_1_594' title='bbox 1294 1153 1346 1187; x_wconf 78' lang='lat'><strong>35.</strong></span> <span class='ocrx_word' id='word_1_595' title='bbox 1372 1154 1477 1187; x_wconf 88' lang='lat' dir='ltr'><strong>Homo</strong></span> <span class='ocrx_word' id='word_1_596' title='bbox 1501 1155 1641 1198; x_wconf 78' lang='lat' dir='ltr'><strong>quidam</strong></span> <span class='ocrx_word' id='word_1_597' title='bbox 1672 1160 1745 1188; x_wconf 88' lang='lat' dir='ltr'><strong>erat</strong></span> <span class='ocrx_word' id='word_1_598' title='bbox 1768 1156 1858 1189; x_wconf 83' lang='lat' dir='ltr'><strong>dives</strong></span> <span class='ocrx_word' id='word_1_599' title='bbox 1881 1161 1939 1190; x_wconf 89' lang='lat' dir='ltr'><strong>etc.</strong></span> <span class='ocrx_word' id='word_1_600' title='bbox 1966 1158 2037 1191; x_wconf 86' lang='lat' dir='ltr'><strong>Post</strong></span> <span class='ocrx_word' id='word_1_601' title='bbox 2060 1167 2169 1191; x_wconf 85' lang='lat' dir='ltr'><strong>exem-</strong></span> 
     </span>
     <span class='ocr_line' id='line_1_85' title="bbox 1203 1207 2171 1254; baseline 0.005 -15"><span class='ocrx_word' id='word_1_602' title='bbox 1203 1207 1292 1248; x_wconf 91' lang='lat' dir='ltr'><strong>plum</strong></span> <span class='ocrx_word' id='word_1_603' title='bbox 1318 1207 1441 1249; x_wconf 87' lang='lat' dir='ltr'><strong>pietatis</strong></span> <span class='ocrx_word' id='word_1_604' title='bbox 1471 1208 1620 1250; x_wconf 88' lang='lat' dir='ltr'><strong>providae</strong></span> <span class='ocrx_word' id='word_1_605' title='bbox 1644 1213 1675 1242; x_wconf 92' lang='lat' dir='ltr'><strong>et</strong></span> <span class='ocrx_word' id='word_1_606' title='bbox 1698 1210 1924 1243; x_wconf 90' lang='lat' dir='ltr'><strong>documentum</strong></span> <span class='ocrx_word' id='word_1_607' title='bbox 1950 1211 2074 1253; x_wconf 87' lang='lat' dir='ltr'><strong>pietatis</strong></span> <span class='ocrx_word' id='word_1_608' title='bbox 2097 1221 2171 1254; x_wconf 92' lang='lat' dir='ltr'><strong>per-</strong></span> 
     </span>
     <span class='ocr_line' id='line_1_86' title="bbox 1202 1260 2171 1307; baseline 0.005 -15"><span class='ocrx_word' id='word_1_609' title='bbox 1202 1260 1301 1293; x_wconf 86' lang='lat' dir='ltr'><strong>fectae</strong></span> <span class='ocrx_word' id='word_1_610' title='bbox 1326 1260 1474 1294; x_wconf 89' lang='lat' dir='ltr'><strong>subditur</strong></span> <span class='ocrx_word' id='word_1_611' title='bbox 1498 1261 1550 1294; x_wconf 89' lang='lat' dir='ltr'><strong>hic</strong></span> <span class='ocrx_word' id='word_1_612' title='bbox 1579 1262 1765 1304; x_wconf 73' lang='lat' dir='ltr'><strong>exemplum</strong></span> <span class='ocrx_word' id='word_1_613' title='bbox 1796 1264 1977 1306; x_wconf 65' lang='lat' dir='ltr'><strong>impietatis</strong></span> <span class='ocrx_word' id='word_1_614' title='bbox 2005 1265 2171 1307; x_wconf 81' lang='lat' dir='ltr'><strong>punitae,-</strong></span> 
     </span>
     <span class='ocr_line' id='line_1_87' title="bbox 1202 1313 2168 1359; baseline 0.006 -14"><span class='ocrx_word' id='word_1_615' title='bbox 1202 1313 1305 1355; x_wconf 88' lang='lat' dir='ltr'><strong>quod,</strong></span> <span class='ocrx_word' id='word_1_616' title='bbox 1330 1314 1413 1347; x_wconf 89' lang='lat' dir='ltr'><strong>sicut</strong></span> <span class='ocrx_word' id='word_1_617' title='bbox 1436 1323 1534 1356; x_wconf 88' lang='lat' dir='ltr'><strong>supra</strong></span> <span class='ocrx_word' id='word_1_618' title='bbox 1547 1315 1559 1335; x_wconf 95' lang='lat'>⁷</span> <span class='ocrx_word' id='word_1_619' title='bbox 1575 1315 1695 1348; x_wconf 91' lang='lat' dir='ltr'><strong>dictum</strong></span> <span class='ocrx_word' id='word_1_620' title='bbox 1712 1320 1777 1355; x_wconf 90' lang='lat' dir='ltr'><strong>est,</strong></span> <span class='ocrx_word' id='word_1_621' title='bbox 1796 1318 1896 1359; x_wconf 86' lang='lat' dir='ltr'><strong>magis</strong></span> <span class='ocrx_word' id='word_1_622' title='bbox 1914 1321 1999 1351; x_wconf 88' lang='lat' dir='ltr'><strong>tenet</strong></span> <span class='ocrx_word' id='word_1_623' title='bbox 2015 1319 2168 1351; x_wconf 86' lang='lat' dir='ltr'><strong>rationem</strong></span> 
     </span>
     <span class='ocr_line' id='line_1_88' title="bbox 1202 1368 2169 1412; baseline 0.006 -13"><span class='ocrx_word' id='word_1_624' title='bbox 1202 1368 1343 1410; x_wconf 74' lang='lat' dir='ltr'><strong>exempli</strong></span> <span class='ocrx_word' id='word_1_625' title='bbox 1368 1377 1464 1410; x_wconf 89' lang='lat' dir='ltr'><strong>quam</strong></span> <span class='ocrx_word' id='word_1_626' title='bbox 1488 1369 1690 1411; x_wconf 82' lang='lat' dir='ltr'><strong>parabolae,</strong></span> <span class='ocrx_word' id='word_1_627' title='bbox 1715 1370 1791 1412; x_wconf 87' lang='lat' dir='ltr'><strong>quia</strong></span> <span class='ocrx_word' id='word_1_628' title='bbox 1814 1371 1852 1403; x_wconf 87' lang='lat' dir='ltr'><strong>ad</strong></span> <span class='ocrx_word' id='word_1_629' title='bbox 1878 1372 2013 1404; x_wconf 86' lang='lat' dir='ltr'><strong>litteram</strong></span> <span class='ocrx_word' id='word_1_630' title='bbox 2040 1372 2097 1405; x_wconf 91' lang='lat' dir='ltr'><strong>iste</strong></span> <span class='ocrx_word' id='word_1_631' title='bbox 2122 1372 2169 1404; x_wconf 90' lang='lat' dir='ltr'><strong>di-</strong></span> 
     </span>
     <span class='ocr_line' id='line_1_89' title="bbox 1202 1420 2167 1464; baseline 0.005 -12"><span class='ocrx_word' id='word_1_632' title='bbox 1202 1429 1257 1453; x_wconf 88' lang='lat' dir='ltr'><strong>ves</strong></span> <span class='ocrx_word' id='word_1_633' title='bbox 1281 1420 1314 1453; x_wconf 92' lang='lat' dir='ltr'><strong>in</strong></span> <span class='ocrx_word' id='word_1_634' title='bbox 1337 1420 1457 1454; x_wconf 89' lang='lat' dir='ltr'><strong>deliciis</strong></span> <span class='ocrx_word' id='word_1_635' title='bbox 1480 1421 1540 1454; x_wconf 87' lang='lat' dir='ltr'><strong>fuit</strong></span> <span class='ocrx_word' id='word_1_636' title='bbox 1564 1425 1596 1454; x_wconf 88' lang='lat' dir='ltr'><strong>et</strong></span> <span class='ocrx_word' id='word_1_637' title='bbox 1621 1422 1820 1464; x_wconf 87' lang='lat' dir='ltr'><strong>postmodum</strong></span> <span class='ocrx_word' id='word_1_638' title='bbox 1839 1424 1869 1455; x_wconf 92' lang='lat' dir='ltr'><strong>in</strong></span> <span class='ocrx_word' id='word_1_639' title='bbox 1888 1425 2061 1457; x_wconf 89' lang='lat' dir='ltr'><strong>tormentis.</strong></span> <span class='ocrx_word' id='word_1_640' title='bbox 2081 1425 2167 1457; x_wconf 89' lang='lat' dir='ltr'><strong>Unde</strong></span> 
     </span>
     <span class='ocr_line' id='line_1_90' title="bbox 1201 1472 2171 1519; baseline 0.003 -14"><span class='ocrx_word' id='word_1_641' title='bbox 1201 1472 1310 1506; x_wconf 90' lang='lat' dir='ltr'><strong>Glossa</strong></span> <span class='ocrx_word' id='word_1_642' title='bbox 1334 1473 1451 1506; x_wconf 88' lang='lat' dir='ltr'><strong>Bedae:</strong></span> <span class='ocrx_word' id='word_1_643' title='bbox 1482 1487 1497 1502; x_wconf 85' lang='lat'>«</span> <span class='ocrx_word' id='word_1_644' title='bbox 1513 1474 1630 1506; x_wconf 91' lang='lat' dir='ltr'><strong>Contra</strong></span> <span class='ocrx_word' id='word_1_645' title='bbox 1652 1475 1810 1508; x_wconf 88' lang='lat' dir='ltr'><strong>derisores</strong></span> <span class='ocrx_word' id='word_1_646' title='bbox 1825 1485 1938 1509; x_wconf 90' lang='lat' dir='ltr'><strong>avaros</strong></span> <span class='ocrx_word' id='word_1_647' title='bbox 1954 1477 2038 1519; x_wconf 89' lang='lat' dir='ltr'><strong>quod</strong></span> <span class='ocrx_word' id='word_1_648' title='bbox 2056 1487 2171 1519; x_wconf 84' lang='lat' dir='ltr'><strong>propo-</strong></span> 
     </span>
     <span class='ocr_line' id='line_1_91' title="bbox 1201 1526 2170 1571; baseline 0.006 -14"><span class='ocrx_word' id='word_1_649' title='bbox 1201 1529 1310 1558; x_wconf 88' lang='lat' dir='ltr'><strong>suerat</strong></span> <span class='ocrx_word' id='word_1_650' title='bbox 1333 1526 1481 1568; x_wconf 88' lang='lat' dir='ltr'><strong>exemplo</strong></span> <span class='ocrx_word' id='word_1_651' title='bbox 1504 1527 1637 1566; x_wconf 83' lang='lat' dir='ltr'><strong>astruit,</strong></span> <span class='ocrx_word' id='word_1_652' title='bbox 1663 1527 1781 1560; x_wconf 87' lang='lat' dir='ltr'><strong>scilicet</strong></span> <span class='ocrx_word' id='word_1_653' title='bbox 1804 1528 1889 1570; x_wconf 88' lang='lat' dir='ltr'><strong>quod</strong></span> <span class='ocrx_word' id='word_1_654' title='bbox 1913 1529 2000 1562; x_wconf 91' lang='lat' dir='ltr'><strong>dives</strong></span> <span class='ocrx_word' id='word_1_655' title='bbox 2021 1530 2104 1571; x_wconf 92' lang='lat' dir='ltr'><strong>apud</strong></span> <span class='ocrx_word' id='word_1_656' title='bbox 2122 1530 2170 1562; x_wconf 91' lang='lat' dir='ltr'><strong>in-</strong></span> 
     </span>
     <span class='ocr_line' id='line_1_92' title="bbox 1202 1578 2169 1622; baseline 0.004 -11"><span class='ocrx_word' id='word_1_657' title='bbox 1202 1578 1287 1611; x_wconf 86' lang='lat' dir='ltr'><strong>feros</strong></span> <span class='ocrx_word' id='word_1_658' title='bbox 1309 1578 1380 1612; x_wconf 90' lang='lat' dir='ltr'><strong>ideo</strong></span> <span class='ocrx_word' id='word_1_659' title='bbox 1404 1579 1634 1621; x_wconf 85' lang='lat' dir='ltr'><strong>torquebatur,</strong></span> <span class='ocrx_word' id='word_1_660' title='bbox 1659 1580 1734 1622; x_wconf 92' lang='lat' dir='ltr'><strong>quia</strong></span> <span class='ocrx_word' id='word_1_661' title='bbox 1758 1581 1911 1614; x_wconf 87' lang='lat' dir='ltr'><strong>Lazarum</strong></span> <span class='ocrx_word' id='word_1_662' title='bbox 1935 1591 1997 1614; x_wconf 92' lang='lat' dir='ltr'><strong>non</strong></span> <span class='ocrx_word' id='word_1_663' title='bbox 2022 1582 2094 1615; x_wconf 87' lang='lat' dir='ltr'><strong>fecit</strong></span> <span class='ocrx_word' id='word_1_664' title='bbox 2111 1583 2169 1615; x_wconf 84' lang='lat' dir='ltr'><strong>sibi</strong></span> 
     </span>
     <span class='ocr_line' id='line_1_93' title="bbox 1201 1631 2168 1675; baseline 0.004 -11"><span class='ocrx_word' id='word_1_665' title='bbox 1201 1631 1358 1671; x_wconf 89' lang='lat' dir='ltr'><strong>amicum,</strong></span> <span class='ocrx_word' id='word_1_666' title='bbox 1383 1641 1402 1664; x_wconf 91' lang='lat' dir='ltr'><strong>a</strong></span> <span class='ocrx_word' id='word_1_667' title='bbox 1425 1641 1489 1674; x_wconf 91' lang='lat' dir='ltr'><strong>quo</strong></span> <span class='ocrx_word' id='word_1_668' title='bbox 1513 1632 1610 1675; x_wconf 89' lang='lat' dir='ltr'><strong>recipi</strong></span> <span class='ocrx_word' id='word_1_669' title='bbox 1635 1636 1742 1675; x_wconf 87' lang='lat' dir='ltr'><strong>posset</strong></span> <span class='ocrx_word' id='word_1_670' title='bbox 1758 1633 1789 1666; x_wconf 89' lang='lat' dir='ltr'><strong>in</strong></span> <span class='ocrx_word' id='word_1_671' title='bbox 1805 1638 1934 1667; x_wconf 89' lang='lat' dir='ltr'><strong>aeterna</strong></span> <span class='ocrx_word' id='word_1_672' title='bbox 1955 1635 2168 1668; x_wconf 81' lang='lat' dir='ltr'><strong>tabernacula.</strong></span> 
     </span>
     <span class='ocr_line' id='line_1_94' title="bbox 1202 1685 2171 1729; baseline 0.005 -12"><span class='ocrx_word' id='word_1_673' title='bbox 1202 1685 1239 1717; x_wconf 88' lang='lat' dir='ltr'><strong>Et</strong></span> <span class='ocrx_word' id='word_1_674' title='bbox 1262 1685 1362 1728; x_wconf 85' lang='lat' dir='ltr'><strong>magis</strong></span> <span class='ocrx_word' id='word_1_675' title='bbox 1387 1685 1513 1718; x_wconf 88' lang='lat' dir='ltr'><strong>videtur</strong></span> <span class='ocrx_word' id='word_1_676' title='bbox 1538 1686 1679 1719; x_wconf 89' lang='lat' dir='ltr'><strong>narratio</strong></span> <span class='ocrx_word' id='word_1_677' title='bbox 1703 1696 1798 1729; x_wconf 89' lang='lat' dir='ltr'><strong>quam</strong></span> <span class='ocrx_word' id='word_1_678' title='bbox 1825 1687 1973 1729; x_wconf 87' lang='lat' dir='ltr'><strong>parabola</strong></span> <span class='ocrx_word' id='word_1_679' title='bbox 1990 1700 2021 1729; x_wconf 78' lang='lat'><strong>»;</strong></span> <span class='ocrx_word' id='word_1_680' title='bbox 2038 1689 2122 1722; x_wconf 91' lang='lat' dir='ltr'><strong>unde</strong></span> <span class='ocrx_word' id='word_1_681' title='bbox 2139 1693 2171 1722; x_wconf 91' lang='lat' dir='ltr'><strong>et</strong></span> 
     </span>
     <span class='ocr_line' id='line_1_95' title="bbox 1202 1739 2170 1780; baseline 0.003 -8"><span class='ocrx_word' id='word_1_682' title='bbox 1202 1739 1305 1772; x_wconf 86' lang='lat' dir='ltr'><strong>Sancti</strong></span> <span class='ocrx_word' id='word_1_683' title='bbox 1332 1739 1430 1772; x_wconf 89' lang='lat' dir='ltr'><strong>verba</strong></span> <span class='ocrx_word' id='word_1_684' title='bbox 1454 1739 1551 1772; x_wconf 88' lang='lat' dir='ltr'><strong>huius</strong></span> <span class='ocrx_word' id='word_1_685' title='bbox 1575 1740 1743 1780; x_wconf 87' lang='lat' dir='ltr'><strong>parabolae</strong></span> <span class='ocrx_word' id='word_1_686' title='bbox 1771 1741 1934 1774; x_wconf 85' lang='lat' dir='ltr'><strong>adducunt</strong></span> <span class='ocrx_word' id='word_1_687' title='bbox 1966 1742 1996 1774; x_wconf 94' lang='lat' dir='ltr'><strong>in</strong></span> <span class='ocrx_word' id='word_1_688' title='bbox 2031 1742 2170 1775; x_wconf 87' lang='lat' dir='ltr'><strong>testimo-</strong></span> 
     </span>
     <span class='ocr_line' id='line_1_96' title="bbox 1202 1792 2168 1838; baseline 0.003 -13"><span class='ocrx_word' id='word_1_689' title='bbox 1202 1793 1291 1825; x_wconf 91' lang='lat' dir='ltr'><strong>nium</strong></span> <span class='ocrx_word' id='word_1_690' title='bbox 1316 1792 1355 1826; x_wconf 93' lang='lat' dir='ltr'><strong>de</strong></span> <span class='ocrx_word' id='word_1_691' title='bbox 1379 1796 1464 1826; x_wconf 88' lang='lat' dir='ltr'><strong>statu</strong></span> <span class='ocrx_word' id='word_1_692' title='bbox 1488 1793 1729 1834; x_wconf 63' lang='lat' dir='ltr'><strong>damnatorum</strong></span> <span class='ocrx_word' id='word_1_693' title='bbox 1755 1798 1786 1827; x_wconf 89' lang='lat' dir='ltr'><strong>et</strong></span> <span class='ocrx_word' id='word_1_694' title='bbox 1810 1799 1846 1827; x_wconf 93' lang='lat' dir='ltr'><strong>ut</strong></span> <span class='ocrx_word' id='word_1_695' title='bbox 1870 1795 2065 1835; x_wconf 86' lang='lat' dir='ltr'><strong>ostendatur,</strong></span> <span class='ocrx_word' id='word_1_696' title='bbox 2083 1795 2168 1838; x_wconf 88' lang='lat' dir='ltr'><strong>quod</strong></span> 
     </span>
     <span class='ocr_line' id='line_1_97' title="bbox 1202 1846 2169 1891; baseline 0.002 -12"><span class='ocrx_word' id='word_1_697' title='bbox 1202 1846 1241 1879; x_wconf 89' lang='lat' dir='ltr'><strong>ad</strong></span> <span class='ocrx_word' id='word_1_698' title='bbox 1265 1846 1401 1879; x_wconf 90' lang='lat' dir='ltr'><strong>litteram</strong></span> <span class='ocrx_word' id='word_1_699' title='bbox 1426 1846 1487 1879; x_wconf 89' lang='lat' dir='ltr'><strong>fuit</strong></span> <span class='ocrx_word' id='word_1_700' title='bbox 1511 1856 1641 1887; x_wconf 81' lang='lat' dir='ltr'><strong>verum,</strong></span> <span class='ocrx_word' id='word_1_701' title='bbox 1667 1847 1718 1881; x_wconf 89' lang='lat' dir='ltr'><strong>hic</strong></span> <span class='ocrx_word' id='word_1_702' title='bbox 1735 1857 1849 1881; x_wconf 88' lang='lat' dir='ltr'><strong>nomen</strong></span> <span class='ocrx_word' id='word_1_703' title='bbox 1867 1848 2003 1882; x_wconf 90' lang='lat' dir='ltr'><strong>hominis</strong></span> <span class='ocrx_word' id='word_1_704' title='bbox 2021 1849 2169 1891; x_wconf 90' lang='lat' dir='ltr'><strong>pauperis</strong></span> 
     </span>
     <span class='ocr_line' id='line_1_98' title="bbox 1202 1900 2168 1944; baseline 0.003 -12"><span class='ocrx_word' id='word_1_705' title='bbox 1202 1900 1391 1942; x_wconf 85' lang='lat' dir='ltr'><strong>explicatur.</strong></span> <span class='ocrx_word' id='word_1_706' title='bbox 1411 1919 1455 1924; x_wconf 95' lang='lat'>—</span> <span class='ocrx_word' id='word_1_707' title='bbox 1471 1900 1513 1933; x_wconf 86' lang='lat' dir='ltr'><strong>Ad</strong></span> <span class='ocrx_word' id='word_1_708' title='bbox 1538 1901 1636 1934; x_wconf 90' lang='lat' dir='ltr'><strong>huius</strong></span> <span class='ocrx_word' id='word_1_709' title='bbox 1660 1901 1757 1944; x_wconf 86' lang='lat' dir='ltr'><strong>igitur</strong></span> <span class='ocrx_word' id='word_1_710' title='bbox 1780 1902 1918 1944; x_wconf 89' lang='lat' dir='ltr'><strong>exempli</strong></span> <span class='ocrx_word' id='word_1_711' title='bbox 1936 1903 2168 1935; x_wconf 87' lang='lat' dir='ltr'><strong>enarrationem</strong></span> 
     </span>
     <span class='ocr_line' id='line_1_99' title="bbox 1201 1953 2169 1997; baseline 0.003 -12"><span class='ocrx_word' id='word_1_712' title='bbox 1201 1953 1420 1995; x_wconf 88' lang='lat' dir='ltr'><strong>explicandam</strong></span> <span class='ocrx_word' id='word_1_713' title='bbox 1446 1953 1618 1987; x_wconf 86' lang='lat' dir='ltr'><strong>introducit</strong></span> <span class='ocrx_word' id='word_1_714' title='bbox 1643 1954 1839 1997; x_wconf 83' lang='lat' dir='ltr'><strong>Evangelista</strong></span> <span class='ocrx_word' id='word_1_715' title='bbox 1864 1956 1942 1994; x_wconf 90' lang='lat' dir='ltr'><strong>tria,</strong></span> <span class='ocrx_word' id='word_1_716' title='bbox 1967 1955 2085 1988; x_wconf 85' lang='lat' dir='ltr'><strong>scilicet</strong></span> <span class='ocrx_word' id='word_1_717' title='bbox 2106 1956 2169 1988; x_wconf 82' lang='lat' dir='ltr'><strong>im-</strong></span> 
     </span>
     <span class='ocr_line' id='line_1_100' title="bbox 1201 2005 2169 2051; baseline 0.002 -13"><span class='ocrx_word' id='word_1_718' title='bbox 1201 2005 1463 2039; x_wconf 77' lang='lat' dir='ltr'><strong>misericordiae</strong></span> <span class='ocrx_word' id='word_1_719' title='bbox 1485 2016 1644 2046; x_wconf 84' lang='lat' dir='ltr'><strong>eausam,</strong></span> <span class='ocrx_word' id='word_1_720' title='bbox 1676 2007 1812 2050; x_wconf 62' lang='lat' dir='ltr'><strong>calva-m</strong></span> <span class='ocrx_word' id='word_1_721' title='bbox 1836 2012 1866 2041; x_wconf 91' lang='lat' dir='ltr'><strong>et</strong></span> <span class='ocrx_word' id='word_1_722' title='bbox 1886 2018 2039 2051; x_wconf 83' lang='lat' dir='ltr'><strong>poenam.</strong></span> <span class='ocrx_word' id='word_1_723' title='bbox 2065 2008 2169 2041; x_wconf 90' lang='lat' dir='ltr'><strong>Immi-</strong></span> 
     </span>
     <span class='ocr_line' id='line_1_101' title="bbox 1201 2059 2169 2103; baseline 0.002 -11"><span class='ocrx_word' id='word_1_724' title='bbox 1201 2059 1391 2093; x_wconf 87' lang='lat' dir='ltr'><strong>sericordiae</strong></span> <span class='ocrx_word' id='word_1_725' title='bbox 1422 2069 1530 2092; x_wconf 83' lang='lat' dir='ltr'><strong>causa</strong></span> <span class='ocrx_word' id='word_1_726' title='bbox 1558 2060 1619 2093; x_wconf 90' lang='lat' dir='ltr'><strong>fuit</strong></span> <span class='ocrx_word' id='word_1_727' title='bbox 1641 2070 1739 2094; x_wconf 88' lang='lat' dir='ltr'><strong>amor</strong></span> <span class='ocrx_word' id='word_1_728' title='bbox 1764 2065 1910 2103; x_wconf 82' lang='lat' dir='ltr'><strong>respectu.</strong></span> <span class='ocrx_word' id='word_1_729' title='bbox 1934 2061 2004 2100; x_wconf 90' lang='lat' dir='ltr'><strong>sui;</strong></span> <span class='ocrx_word' id='word_1_730' title='bbox 2030 2061 2169 2094; x_wconf 91' lang='lat' dir='ltr'><strong>immise-</strong></span> 
     </span>
     <span class='ocr_line' id='line_1_102' title="bbox 1201 2113 2167 2157; baseline 0.002 -12"><span class='ocrx_word' id='word_1_731' title='bbox 1201 2113 1356 2146; x_wconf 87' lang='lat' dir='ltr'><strong>ricordiae</strong></span> <span class='ocrx_word' id='word_1_732' title='bbox 1379 2113 1479 2155; x_wconf 76' lang='lat' dir='ltr'><strong>culpa</strong></span> <span class='ocrx_word' id='word_1_733' title='bbox 1503 2113 1563 2146; x_wconf 89' lang='lat' dir='ltr'><strong>fuit</strong></span> <span class='ocrx_word' id='word_1_734' title='bbox 1586 2114 1812 2157; x_wconf 65' lang='lat' dir='ltr'><strong>incomptas-sio</strong></span> <span class='ocrx_word' id='word_1_735' title='bbox 1837 2118 1985 2157; x_wconf 89' lang='lat' dir='ltr'><strong>respectu</strong></span> <span class='ocrx_word' id='word_1_736' title='bbox 2009 2115 2167 2157; x_wconf 83' lang='lat' dir='ltr'><strong>proximi,</strong></span> 
     </span>
     <span class='ocr_line' id='line_1_103' title="bbox 1200 2165 2168 2210; baseline 0.003 -12"><span class='ocrx_word' id='word_1_737' title='bbox 1200 2166 1240 2199; x_wconf 92' lang='lat' dir='ltr'><strong>de</strong></span> <span class='ocrx_word' id='word_1_738' title='bbox 1262 2175 1326 2208; x_wconf 91' lang='lat' dir='ltr'><strong>qua</strong></span> <span class='ocrx_word' id='word_1_739' title='bbox 1349 2165 1439 2199; x_wconf 81' lang='lat' dir='ltr'><strong>ibi⁸:</strong></span> <span class='ocrx_word' id='word_1_740' title='bbox 1467 2167 1506 2198; x_wconf 87' lang='lat' dir='ltr'><strong>Et</strong></span> <span class='ocrx_word' id='word_1_741' title='bbox 1527 2171 1602 2199; x_wconf 84' lang='lat' dir='ltr'><strong>erat</strong></span> <span class='ocrx_word' id='word_1_742' title='bbox 1631 2167 1773 2210; x_wconf 84' lang='lat' dir='ltr'><strong>quidam</strong></span> <span class='ocrx_word' id='word_1_743' title='bbox 1806 2167 2001 2206; x_wconf 82' lang='lat' dir='ltr'><strong>mendicus,·</strong></span> <span class='ocrx_word' id='word_1_744' title='bbox 2030 2168 2168 2201; x_wconf 88' lang='lat' dir='ltr'><strong>immise-</strong></span> 
     </span>
     <span class='ocr_line' id='line_1_104' title="bbox 1201 2220 2166 2265; baseline 0.002 -13"><span class='ocrx_word' id='word_1_745' title='bbox 1201 2220 1355 2253; x_wconf 88' lang='lat' dir='ltr'><strong>ricordiae</strong></span> <span class='ocrx_word' id='word_1_746' title='bbox 1375 2229 1485 2262; x_wconf 78' lang='lat' dir='ltr'><strong>poena</strong></span> <span class='ocrx_word' id='word_1_747' title='bbox 1502 2220 1561 2253; x_wconf 83' lang='lat' dir='ltr'><strong>fuit</strong></span> <span class='ocrx_word' id='word_1_748' title='bbox 1578 2220 1711 2253; x_wconf 83' lang='lat' dir='ltr'><strong>deiectio</strong></span> <span class='ocrx_word' id='word_1_749' title='bbox 1729 2221 1765 2253; x_wconf 84' lang='lat' dir='ltr'><strong>in</strong></span> <span class='ocrx_word' id='word_1_750' title='bbox 1782 2221 2010 2254; x_wconf 81' lang='lat' dir='ltr'><strong>calamitatem</strong></span> <span class='ocrx_word' id='word_1_751' title='bbox 2027 2221 2166 2265; x_wconf 81' lang='lat' dir='ltr'><strong>inferni,</strong></span> 
     </span>
     <span class='ocr_line' id='line_1_105' title="bbox 1200 2272 2044 2315; baseline 0.004 -10"><span class='ocrx_word' id='word_1_752' title='bbox 1200 2273 1239 2306; x_wconf 94' lang='lat' dir='ltr'><strong>de</strong></span> <span class='ocrx_word' id='word_1_753' title='bbox 1263 2282 1326 2315; x_wconf 91' lang='lat' dir='ltr'><strong>qua</strong></span> <span class='ocrx_word' id='word_1_754' title='bbox 1349 2272 1413 2306; x_wconf 88' lang='lat' dir='ltr'><strong>ibi:</strong></span> <span class='ocrx_word' id='word_1_755' title='bbox 1438 2272 1592 2306; x_wconf 79' lang='lat' dir='ltr'><strong>Mortuus</strong></span> <span class='ocrx_word' id='word_1_756' title='bbox 1614 2277 1661 2306; x_wconf 86' lang='lat' dir='ltr'><strong>est</strong></span> <span class='ocrx_word' id='word_1_757' title='bbox 1684 2279 1797 2307; x_wconf 83' lang='lat' dir='ltr'><strong>autem</strong></span> <span class='ocrx_word' id='word_1_758' title='bbox 1820 2279 1850 2307; x_wconf 83' lang='lat' dir='ltr'><strong>et</strong></span> <span class='ocrx_word' id='word_1_759' title='bbox 1872 2275 1962 2307; x_wconf 82' lang='lat' dir='ltr'><strong>dives</strong></span> <span class='ocrx_word' id='word_1_760' title='bbox 1986 2279 2044 2308; x_wconf 85' lang='lat' dir='ltr'><strong>etc.</strong></span> 
     </span>
    </p>

    <p class='ocr_par' dir='ltr' id='par_1_21' title="bbox 1290 2326 2334 2371">
     <span class='ocr_line' id='line_1_106' title="bbox 1290 2326 2334 2371; baseline 0.005 -13"><span class='ocrx_word' id='word_1_761' title='bbox 1290 2326 1380 2359; x_wconf 89' lang='lat' dir='ltr'><strong>Circa</strong></span> <span class='ocrx_word' id='word_1_762' title='bbox 1403 2326 1702 2360; x_wconf 78' lang='lat' dir='ltr'><strong>immisericordiae</strong></span> <span class='ocrx_word' id='word_1_763' title='bbox 1725 2337 1887 2367; x_wconf 85' lang='lat' dir='ltr'><strong>causam,</strong></span> <span class='ocrx_word' id='word_1_764' title='bbox 1913 2338 1994 2371; x_wconf 91' lang='lat' dir='ltr'><strong>quae</strong></span> <span class='ocrx_word' id='word_1_765' title='bbox 2015 2333 2062 2362; x_wconf 89' lang='lat' dir='ltr'><strong>est</strong></span> <span class='ocrx_word' id='word_1_766' title='bbox 2078 2338 2166 2362; x_wconf 91' lang='lat' dir='ltr'><strong>amor</strong></span> <span class='ocrx_word' id='word_1_767' title='bbox 2180 2336 2334 2367; x_wconf 69' lang='lat' dir='ltr'><strong>1mruisericor-</strong></span> 
     </span>
    </p>
   </div>
   <div class='ocr_carea' id='block_1_15' title="bbox 2194 2364 2323 2385">
    <p class='ocr_par' dir='ltr' id='par_1_22' title="bbox 2194 2364 2323 2385">
     <span class='ocr_line' id='line_1_107' title="bbox 2194 2364 2323 2385; baseline 0 0"><span class='ocrx_word' id='word_1_768' title='bbox 2194 2364 2243 2385; x_wconf 77' lang='lat' dir='ltr'><strong>diae</strong></span> <span class='ocrx_word' id='word_1_769' title='bbox 2257 2370 2323 2385; x_wconf 65' lang='lat' dir='ltr'><strong>musa</strong></span> 
     </span>
    </p>
   </div>
   <div class='ocr_carea' id='block_1_16' title="bbox 1200 2379 2299 2425">
    <p class='ocr_par' dir='ltr' id='par_1_23' title="bbox 1200 2379 2299 2425">
     <span class='ocr_line' id='line_1_108' title="bbox 1200 2379 2299 2425; baseline 0.005 -13"><span class='ocrx_word' id='word_1_770' title='bbox 1200 2379 1315 2421; x_wconf 84' lang='lat' dir='ltr'><strong>privati</strong></span> <span class='ocrx_word' id='word_1_771' title='bbox 1339 2379 1432 2419; x_wconf 88' lang='lat' dir='ltr'><strong>boni,</strong></span> <span class='ocrx_word' id='word_1_772' title='bbox 1456 2379 1629 2413; x_wconf 86' lang='lat' dir='ltr'><strong>introducit</strong></span> <span class='ocrx_word' id='word_1_773' title='bbox 1653 2380 1714 2413; x_wconf 91' lang='lat' dir='ltr'><strong>tria</strong></span> <span class='ocrx_word' id='word_1_774' title='bbox 1730 2380 1814 2413; x_wconf 82' lang='lat' dir='ltr'><strong>circa</strong></span> <span class='ocrx_word' id='word_1_775' title='bbox 1829 2380 1977 2421; x_wconf 90' lang='lat' dir='ltr'><strong>divitem,</strong></span> <span class='ocrx_word' id='word_1_776' title='bbox 1993 2382 2032 2415; x_wconf 91' lang='lat' dir='ltr'><strong>de</strong></span> <span class='ocrx_word' id='word_1_777' title='bbox 2049 2383 2166 2425; x_wconf 89' lang='lat' dir='ltr'><strong>quibus</strong></span> <span class='ocrx_word' id='word_1_778' title='bbox 2213 2391 2299 2417; x_wconf 72' lang='lat' dir='ltr'><strong>triplex-</strong></span> 
     </span>
    </p>
   </div>
   <div class='ocr_carea' id='block_1_17' title="bbox 2187 1910 2278 1931">
    <p class='ocr_par' dir='ltr' id='par_1_24' title="bbox 2187 1910 2278 1931">
     <span class='ocr_line' id='line_1_109' title="bbox 2187 1910 2278 1931; baseline 0 0"><span class='ocrx_word' id='word_1_779' title='bbox 2187 1910 2278 1931; x_wconf 78' lang='lat' dir='ltr'><strong>Divisio.</strong></span> 
     </span>
    </p>
   </div>
   <div class='ocr_carea' id='block_1_18' title="bbox 1199 2545 2168 3456">
    <p class='ocr_par' dir='ltr' id='par_1_25' title="bbox 1201 2545 2168 2667">
     <span class='ocr_line' id='line_1_110' title="bbox 1201 2545 2167 2580; baseline 0.001 -8"><span class='ocrx_word' id='word_1_780' title='bbox 1201 2545 1245 2572; x_wconf 81' lang='lat' dir='ltr'><strong>Ait</strong></span> <span class='ocrx_word' id='word_1_781' title='bbox 1259 2546 1408 2577; x_wconf 81' lang='lat' dir='ltr'><strong>praefigunt</strong></span> <span class='ocrx_word' id='word_1_782' title='bbox 1427 2547 1459 2572; x_wconf 84' lang='lat' dir='ltr'><strong>et.</strong></span> <span class='ocrx_word' id='word_1_783' title='bbox 1479 2559 1514 2565; x_wconf 96' lang='lat'>—</span> <span class='ocrx_word' id='word_1_784' title='bbox 1533 2547 1624 2572; x_wconf 85' lang='lat' dir='ltr'><strong>Glossa</strong></span> <span class='ocrx_word' id='word_1_785' title='bbox 1644 2546 1826 2573; x_wconf 78' lang='lat' dir='ltr'><strong>interlinearis</strong></span> <span class='ocrx_word' id='word_1_786' title='bbox 1847 2547 1887 2578; x_wconf 88' lang='lat' dir='ltr'><strong>(ex</strong></span> <span class='ocrx_word' id='word_1_787' title='bbox 1908 2547 1988 2580; x_wconf 82' lang='lat' dir='ltr'><strong>Beda)</strong></span> <span class='ocrx_word' id='word_1_788' title='bbox 2004 2548 2027 2573; x_wconf 85' lang='lat' dir='ltr'><strong>in</strong></span> <span class='ocrx_word' id='word_1_789' title='bbox 2043 2549 2102 2573; x_wconf 79' lang='lat' dir='ltr'><strong>Luc.</strong></span> <span class='ocrx_word' id='word_1_790' title='bbox 2120 2549 2167 2579; x_wconf 83' lang='grc'><strong>16,</strong></span> 
     </span>
     <span class='ocr_line' id='line_1_111' title="bbox 1202 2590 2168 2624; baseline 0.004 -9"><span class='ocrx_word' id='word_1_791' title='bbox 1202 2590 1253 2615; x_wconf 79' lang='grc'><strong>18;</strong></span> <span class='ocrx_word' id='word_1_792' title='bbox 1273 2590 1329 2616; x_wconf 85' lang='grc' dir='ltr'><strong>Νο11</strong></span> <span class='ocrx_word' id='word_1_793' title='bbox 1348 2590 1423 2616; x_wconf 90' lang='lat' dir='ltr'><strong>solvo</strong></span> <span class='ocrx_word' id='word_1_794' title='bbox 1443 2591 1555 2622; x_wconf 83' lang='lat' dir='ltr'><strong>Legem,</strong></span> <span class='ocrx_word' id='word_1_795' title='bbox 1575 2591 1643 2617; x_wconf 86' lang='lat' dir='ltr'><strong>sicut</strong></span> <span class='ocrx_word' id='word_1_796' title='bbox 1663 2592 1689 2616; x_wconf 91' lang='lat' dir='ltr'><strong>in</strong></span> <span class='ocrx_word' id='word_1_797' title='bbox 1709 2593 1759 2618; x_wconf 89' lang='lat' dir='ltr'><strong>hoc</strong></span> <span class='ocrx_word' id='word_1_798' title='bbox 1773 2599 1825 2617; x_wconf 86' lang='lat' dir='ltr'><strong>uno</strong></span> <span class='ocrx_word' id='word_1_799' title='bbox 1839 2595 1956 2624; x_wconf 82' lang='lat' dir='ltr'><strong>apparet,</strong></span> <span class='ocrx_word' id='word_1_800' title='bbox 1977 2593 2014 2618; x_wconf 89' lang='lat' dir='ltr'><strong>sic</strong></span> <span class='ocrx_word' id='word_1_801' title='bbox 2027 2596 2052 2618; x_wconf 91' lang='lat' dir='ltr'><strong>et</strong></span> <span class='ocrx_word' id='word_1_802' title='bbox 2065 2592 2098 2618; x_wconf 89' lang='lat' dir='ltr'><strong>de</strong></span> <span class='ocrx_word' id='word_1_803' title='bbox 2112 2593 2168 2619; x_wconf 86' lang='lat' dir='ltr'><strong>aliis</strong></span> 
     </span>
     <span class='ocr_line' id='line_1_112' title="bbox 1201 2634 1343 2667; baseline 0.014 -8"><span class='ocrx_word' id='word_1_804' title='bbox 1201 2634 1343 2667; x_wconf 77' lang='lat' dir='ltr'><strong>intelligite.</strong></span> 
     </span>
    </p>

    <p class='ocr_par' dir='ltr' id='par_1_26' title="bbox 1199 2676 2168 3418">
     <span class='ocr_line' id='line_1_113' title="bbox 1273 2676 2167 2715; baseline 0.003 -11"><span class='ocrx_word' id='word_1_805' title='bbox 1273 2676 1282 2693; x_wconf 88' lang='lat'>⁷</span> <span class='ocrx_word' id='word_1_806' title='bbox 1304 2679 1379 2705; x_wconf 89' lang='lat' dir='ltr'><strong>Num.</strong></span> <span class='ocrx_word' id='word_1_807' title='bbox 1402 2680 1425 2705; x_wconf 97' lang='grc'><strong>1.</strong></span> <span class='ocrx_word' id='word_1_808' title='bbox 1445 2694 1480 2699; x_wconf 91' lang='grc'><strong>-</strong></span> <span class='ocrx_word' id='word_1_809' title='bbox 1499 2680 1589 2706; x_wconf 88' lang='lat' dir='ltr'><strong>Glossa</strong></span> <span class='ocrx_word' id='word_1_810' title='bbox 1619 2688 1674 2714; x_wconf 79' lang='lat' dir='ltr'><strong>seq.</strong></span> <span class='ocrx_word' id='word_1_811' title='bbox 1703 2685 1743 2707; x_wconf 89' lang='lat' dir='ltr'><strong>est</strong></span> <span class='ocrx_word' id='word_1_812' title='bbox 1762 2681 1905 2708; x_wconf 79' lang='lat' dir='ltr'><strong>ordinaria</strong></span> <span class='ocrx_word' id='word_1_813' title='bbox 1925 2682 1949 2707; x_wconf 91' lang='lat' dir='ltr'><strong>in</strong></span> <span class='ocrx_word' id='word_1_814' title='bbox 1969 2683 2032 2707; x_wconf 88' lang='lat' dir='ltr'><strong>Luc.</strong></span> <span class='ocrx_word' id='word_1_815' title='bbox 2055 2683 2099 2713; x_wconf 87' lang='grc'><strong>16,</strong></span> <span class='ocrx_word' id='word_1_816' title='bbox 2124 2684 2167 2715; x_wconf 69' lang='lat' dir='ltr'><strong>lli,</strong></span> 
     </span>
     <span class='ocr_line' id='line_1_114' title="bbox 1201 2723 2168 2763; baseline 0.004 -15"><span class='ocrx_word' id='word_1_817' title='bbox 1201 2723 1277 2749; x_wconf 89' lang='lat' dir='ltr'><strong>cuius</strong></span> <span class='ocrx_word' id='word_1_818' title='bbox 1296 2723 1386 2750; x_wconf 87' lang='lat' dir='ltr'><strong>ultima</strong></span> <span class='ocrx_word' id='word_1_819' title='bbox 1408 2725 1551 2757; x_wconf 88' lang='lat' dir='ltr'><strong>propositio</strong></span> <span class='ocrx_word' id='word_1_820' title='bbox 1573 2725 1618 2757; x_wconf 83' lang='lat' dir='ltr'><strong>(Et</strong></span> <span class='ocrx_word' id='word_1_821' title='bbox 1636 2725 1725 2759; x_wconf 67' lang='lat' dir='ltr'><strong>mauis</strong></span> <span class='ocrx_word' id='word_1_822' title='bbox 1745 2726 1804 2758; x_wconf 80' lang='lat' dir='ltr'><strong>ete.)</strong></span> <span class='ocrx_word' id='word_1_823' title='bbox 1828 2730 1867 2763; x_wconf 85' lang='lat' dir='ltr'><strong>est</strong></span> <span class='ocrx_word' id='word_1_824' title='bbox 1892 2726 2027 2758; x_wconf 75' lang='lat' dir='ltr'><strong>Ambros.,</strong></span> <span class='ocrx_word' id='word_1_825' title='bbox 2054 2727 2115 2752; x_wconf 80' lang='lat' dir='ltr'><strong>Vlll.</strong></span> <span class='ocrx_word' id='word_1_826' title='bbox 2141 2728 2168 2753; x_wconf 90' lang='lat' dir='ltr'><strong>in</strong></span> 
     </span>
     <span class='ocr_line' id='line_1_115' title="bbox 1201 2767 2168 2803; baseline 0.003 -10"><span class='ocrx_word' id='word_1_827' title='bbox 1201 2767 1264 2793; x_wconf 88' lang='lat' dir='ltr'><strong>Luc.</strong></span> <span class='ocrx_word' id='word_1_828' title='bbox 1282 2775 1305 2793; x_wconf 87' lang='lat' dir='ltr'><strong>c.</strong></span> <span class='ocrx_word' id='word_1_829' title='bbox 1322 2768 1363 2794; x_wconf 89' lang='grc'><strong>16.</strong></span> <span class='ocrx_word' id='word_1_830' title='bbox 1377 2775 1404 2794; x_wconf 86' lang='lat' dir='ltr'><strong>n.</strong></span> <span class='ocrx_word' id='word_1_831' title='bbox 1419 2769 1469 2800; x_wconf 72' lang='lat'><strong>⁴3,</strong></span> <span class='ocrx_word' id='word_1_832' title='bbox 1490 2769 1678 2801; x_wconf 86' lang='lat' dir='ltr'><strong>praecedentes</strong></span> <span class='ocrx_word' id='word_1_833' title='bbox 1691 2773 1751 2795; x_wconf 89' lang='lat' dir='ltr'><strong>sunt</strong></span> <span class='ocrx_word' id='word_1_834' title='bbox 1764 2777 1795 2796; x_wconf 92' lang='lat' dir='ltr'><strong>ex</strong></span> <span class='ocrx_word' id='word_1_835' title='bbox 1808 2770 1893 2801; x_wconf 84' lang='lat' dir='ltr'><strong>Beda,</strong></span> <span class='ocrx_word' id='word_1_836' title='bbox 1909 2770 1939 2796; x_wconf 90' lang='lat' dir='ltr'><strong>V.</strong></span> <span class='ocrx_word' id='word_1_837' title='bbox 1953 2770 1977 2796; x_wconf 91' lang='lat' dir='ltr'><strong>in</strong></span> <span class='ocrx_word' id='word_1_838' title='bbox 1990 2771 2052 2796; x_wconf 90' lang='lat' dir='ltr'><strong>Luc.</strong></span> <span class='ocrx_word' id='word_1_839' title='bbox 2068 2771 2109 2803; x_wconf 81' lang='grc'><strong>16,</strong></span> <span class='ocrx_word' id='word_1_840' title='bbox 2127 2772 2168 2797; x_wconf 81' lang='grc'><strong>19.</strong></span> 
     </span>
     <span class='ocr_line' id='line_1_116' title="bbox 1201 2812 2168 2845; baseline 0.004 -8"><span class='ocrx_word' id='word_1_841' title='bbox 1201 2813 1229 2838; x_wconf 84' lang='grc'><strong>111</strong></span> <span class='ocrx_word' id='word_1_842' title='bbox 1249 2812 1303 2845; x_wconf 84' lang='lat' dir='ltr'><strong>ipsa</strong></span> <span class='ocrx_word' id='word_1_843' title='bbox 1324 2813 1464 2845; x_wconf 83' lang='lat' dir='ltr'><strong>respicitur</strong></span> <span class='ocrx_word' id='word_1_844' title='bbox 1484 2814 1546 2839; x_wconf 87' lang='lat' dir='ltr'><strong>Luc.</strong></span> <span class='ocrx_word' id='word_1_845' title='bbox 1568 2814 1615 2845; x_wconf 84' lang='grc'><strong>16,</strong></span> <span class='ocrx_word' id='word_1_846' title='bbox 1636 2814 1768 2840; x_wconf 77' lang='lat' dir='ltr'><strong>92Facite</strong></span> <span class='ocrx_word' id='word_1_847' title='bbox 1782 2814 1858 2840; x_wconf 84' lang='lat' dir='ltr'><strong>vobis</strong></span> <span class='ocrx_word' id='word_1_848' title='bbox 1878 2815 2008 2840; x_wconf 84' lang='lat' dir='ltr'><strong>amicos...</strong></span> <span class='ocrx_word' id='word_1_849' title='bbox 2027 2818 2081 2840; x_wconf 89' lang='lat' dir='ltr'><strong>ut...</strong></span> <span class='ocrx_word' id='word_1_850' title='bbox 2101 2817 2168 2842; x_wconf 84' lang='lat' dir='ltr'><strong>reci-</strong></span> 
     </span>
     <span class='ocr_line' id='line_1_117' title="bbox 1201 2856 2168 2892; baseline 0.003 -10"><span class='ocrx_word' id='word_1_851' title='bbox 1201 2856 1274 2888; x_wconf 84' lang='lat' dir='ltr'><strong>piant</strong></span> <span class='ocrx_word' id='word_1_852' title='bbox 1293 2864 1342 2883; x_wconf 93' lang='lat' dir='ltr'><strong>vos</strong></span> <span class='ocrx_word' id='word_1_853' title='bbox 1361 2857 1386 2883; x_wconf 90' lang='lat' dir='ltr'><strong>in</strong></span> <span class='ocrx_word' id='word_1_854' title='bbox 1406 2861 1511 2883; x_wconf 84' lang='lat' dir='ltr'><strong>aeterna</strong></span> <span class='ocrx_word' id='word_1_855' title='bbox 1541 2857 1695 2891; x_wconf 80' lang='lat' dir='ltr'><strong>habitacula.</strong></span> <span class='ocrx_word' id='word_1_856' title='bbox 1722 2859 1772 2884; x_wconf 84' lang='lat' dir='ltr'><strong>Pro</strong></span> <span class='ocrx_word' id='word_1_857' title='bbox 1790 2860 1972 2892; x_wconf 79' lang='lat' dir='ltr'><strong>proposuerat</strong></span> <span class='ocrx_word' id='word_1_858' title='bbox 1991 2862 2016 2884; x_wconf 80' lang='lat' dir='ltr'><strong>et</strong></span> <span class='ocrx_word' id='word_1_859' title='bbox 2035 2858 2091 2885; x_wconf 75' lang='lat' dir='ltr'><strong>ideo</strong></span> <span class='ocrx_word' id='word_1_860' title='bbox 2111 2861 2168 2886; x_wconf 76' lang='lat' dir='ltr'><strong>tor-</strong></span> 
     </span>
     <span class='ocr_line' id='line_1_118' title="bbox 1200 2899 2166 2937; baseline 0.002 -10"><span class='ocrx_word' id='word_1_861' title='bbox 1200 2899 1342 2934; x_wconf 80' lang='lat' dir='ltr'><strong>quebatur,</strong></span> <span class='ocrx_word' id='word_1_862' title='bbox 1374 2901 1439 2935; x_wconf 83' lang='lat' dir='ltr'><strong>quia</strong></span> <span class='ocrx_word' id='word_1_863' title='bbox 1458 2904 1543 2927; x_wconf 87' lang='lat' dir='ltr'><strong>textus</strong></span> <span class='ocrx_word' id='word_1_864' title='bbox 1562 2902 1696 2933; x_wconf 84' lang='lat' dir='ltr'><strong>originalis</strong></span> <span class='ocrx_word' id='word_1_865' title='bbox 1712 2902 1857 2935; x_wconf 77' lang='lat' dir='ltr'><strong>proposuit</strong></span> <span class='ocrx_word' id='word_1_866' title='bbox 1875 2906 1901 2928; x_wconf 90' lang='lat' dir='ltr'><strong>et</strong></span> <span class='ocrx_word' id='word_1_867' title='bbox 1919 2904 2077 2936; x_wconf 80' lang='lat' dir='ltr'><strong>torquetur,</strong></span> <span class='ocrx_word' id='word_1_868' title='bbox 2098 2903 2146 2937; x_wconf 78' lang='lat' dir='ltr'><strong>qui</strong></span> <span class='ocrx_word' id='word_1_869' title='bbox 2156 2914 2166 2932; x_wconf 82' lang='grc'><strong>,-</strong></span> 
     </span>
     <span class='ocr_line' id='line_1_119' title="bbox 1200 2945 2165 2980; baseline 0.001 -9"><span class='ocrx_word' id='word_1_870' title='bbox 1200 2952 1249 2977; x_wconf 90' lang='lat' dir='ltr'><strong>pro</strong></span> <span class='ocrx_word' id='word_1_871' title='bbox 1268 2945 1372 2972; x_wconf 81' lang='lat' dir='ltr'><strong>astruit</strong></span> <span class='ocrx_word' id='word_1_872' title='bbox 1390 2949 1415 2971; x_wconf 89' lang='lat' dir='ltr'><strong>et</strong></span> <span class='ocrx_word' id='word_1_873' title='bbox 1435 2945 1498 2979; x_wconf 84' lang='lat' dir='ltr'><strong>quia</strong></span> <span class='ocrx_word' id='word_1_874' title='bbox 1518 2946 1644 2972; x_wconf 80' lang='lat' dir='ltr'><strong>Lazarus</strong></span> <span class='ocrx_word' id='word_1_875' title='bbox 1669 2945 1688 2972; x_wconf 93' lang='lat' dir='ltr'>C</span> <span class='ocrx_word' id='word_1_876' title='bbox 1701 2947 1721 2971; x_wconf 93' lang='lat' dir='ltr'>D</span> <span class='ocrx_word' id='word_1_877' title='bbox 1746 2946 1859 2973; x_wconf 81' lang='lat' dir='ltr'><strong>ostendit</strong></span> <span class='ocrx_word' id='word_1_878' title='bbox 1885 2950 1910 2972; x_wconf 87' lang='lat' dir='ltr'><strong>et</strong></span> <span class='ocrx_word' id='word_1_879' title='bbox 1935 2946 2007 2980; x_wconf 79' lang='lat' dir='ltr'><strong>quod</strong></span> <span class='ocrx_word' id='word_1_880' title='bbox 2032 2947 2165 2974; x_wconf 79' lang='lat' dir='ltr'><strong>Lazarus.</strong></span> 
     </span>
     <span class='ocr_line' id='line_1_120' title="bbox 1200 2989 2164 3023; baseline 0.002 -8"><span class='ocrx_word' id='word_1_881' title='bbox 1200 2990 1282 3021; x_wconf 87' lang='lat' dir='ltr'><strong>Rem,</strong></span> <span class='ocrx_word' id='word_1_882' title='bbox 1302 2989 1336 3015; x_wconf 89' lang='lat' dir='ltr'><strong>de</strong></span> <span class='ocrx_word' id='word_1_883' title='bbox 1354 2997 1405 3023; x_wconf 85' lang='lat' dir='ltr'><strong>quu</strong></span> <span class='ocrx_word' id='word_1_884' title='bbox 1427 2991 1468 3016; x_wconf 88' lang='lat' dir='ltr'><strong>hic</strong></span> <span class='ocrx_word' id='word_1_885' title='bbox 1488 2989 1588 3021; x_wconf 82' lang='lat' dir='ltr'><strong>agitur,</strong></span> <span class='ocrx_word' id='word_1_886' title='bbox 1617 2996 1708 3015; x_wconf 79' lang='lat' dir='ltr'><strong>revera</strong></span> <span class='ocrx_word' id='word_1_887' title='bbox 1738 2997 1795 3016; x_wconf 88' lang='lat' dir='ltr'><strong>esse</strong></span> <span class='ocrx_word' id='word_1_888' title='bbox 1824 2994 1925 3022; x_wconf 83' lang='lat' dir='ltr'><strong>gestam</strong></span> <span class='ocrx_word' id='word_1_889' title='bbox 1955 2995 1979 3016; x_wconf 87' lang='lat' dir='ltr'><strong>et</strong></span> <span class='ocrx_word' id='word_1_890' title='bbox 2006 2998 2056 3016; x_wconf 89' lang='lat' dir='ltr'><strong>non</strong></span> <span class='ocrx_word' id='word_1_891' title='bbox 2080 2992 2164 3017; x_wconf 88' lang='lat' dir='ltr'><strong>solum</strong></span> 
     </span>
     <span class='ocr_line' id='line_1_121' title="bbox 1199 3033 2167 3066; baseline 0.002 -7"><span class='ocrx_word' id='word_1_892' title='bbox 1199 3033 1354 3066; x_wconf 86' lang='lat' dir='ltr'><strong>parabolam</strong></span> <span class='ocrx_word' id='word_1_893' title='bbox 1373 3034 1500 3066; x_wconf 88' lang='lat' dir='ltr'><strong>proponi,</strong></span> <span class='ocrx_word' id='word_1_894' title='bbox 1525 3038 1645 3059; x_wconf 83' lang='lat' dir='ltr'><strong>asserunt</strong></span> <span class='ocrx_word' id='word_1_895' title='bbox 1670 3034 1747 3059; x_wconf 88' lang='lat' dir='ltr'><strong>etiam</strong></span> <span class='ocrx_word' id='word_1_896' title='bbox 1774 3035 1908 3066; x_wconf 79' lang='lat' dir='ltr'><strong>irenaeus,</strong></span> <span class='ocrx_word' id='word_1_897' title='bbox 1929 3035 1971 3060; x_wconf 85' lang='lat' dir='ltr'><strong>lV.</strong></span> <span class='ocrx_word' id='word_1_898' title='bbox 1991 3039 2079 3061; x_wconf 82' lang='lat' dir='ltr'><strong>contra</strong></span> <span class='ocrx_word' id='word_1_899' title='bbox 2101 3036 2167 3061; x_wconf 84' lang='lat' dir='ltr'><strong>Hae-</strong></span> 
     </span>
     <span class='ocr_line' id='line_1_122' title="bbox 1200 3077 2167 3109; baseline 0.001 -6"><span class='ocrx_word' id='word_1_900' title='bbox 1200 3085 1250 3104; x_wconf 86' lang='lat' dir='ltr'><strong>res.</strong></span> <span class='ocrx_word' id='word_1_901' title='bbox 1271 3084 1293 3104; x_wconf 92' lang='lat' dir='ltr'><strong>c.</strong></span> <span class='ocrx_word' id='word_1_902' title='bbox 1314 3079 1338 3103; x_wconf 81' lang='lat'><strong>2.</strong></span> <span class='ocrx_word' id='word_1_903' title='bbox 1365 3085 1390 3103; x_wconf 92' lang='lat' dir='ltr'><strong>n.</strong></span> <span class='ocrx_word' id='word_1_904' title='bbox 1411 3078 1444 3109; x_wconf 72' lang='lat'><strong>4;</strong></span> <span class='ocrx_word' id='word_1_905' title='bbox 1464 3078 1631 3109; x_wconf 55' lang='lat' dir='ltr'><strong>Tei-tullian„</strong></span> <span class='ocrx_word' id='word_1_906' title='bbox 1651 3077 1684 3103; x_wconf 84' lang='lat' dir='ltr'><strong>de</strong></span> <span class='ocrx_word' id='word_1_907' title='bbox 1703 3078 1813 3108; x_wconf 79' lang='lat' dir='ltr'><strong>Anima,</strong></span> <span class='ocrx_word' id='word_1_908' title='bbox 1832 3085 1855 3103; x_wconf 88' lang='lat' dir='ltr'><strong>c.</strong></span> <span class='ocrx_word' id='word_1_909' title='bbox 1874 3078 1905 3108; x_wconf 92' lang='lat'><strong>7,</strong></span> <span class='ocrx_word' id='word_1_910' title='bbox 1924 3081 1949 3103; x_wconf 89' lang='lat' dir='ltr'><strong>et</strong></span> <span class='ocrx_word' id='word_1_911' title='bbox 1967 3079 2094 3109; x_wconf 57' lang='lat' dir='ltr'><strong>Gregor„</strong></span> <span class='ocrx_word' id='word_1_912' title='bbox 2114 3079 2167 3104; x_wconf 87' lang='lat' dir='ltr'><strong>Ho-</strong></span> 
     </span>
     <span class='ocr_line' id='line_1_123' title="bbox 1199 3121 2166 3154; baseline 0 -6"><span class='ocrx_word' id='word_1_913' title='bbox 1199 3123 1254 3148; x_wconf 90' lang='lat' dir='ltr'><strong>mil.</strong></span> <span class='ocrx_word' id='word_1_914' title='bbox 1280 3122 1306 3148; x_wconf 90' lang='lat' dir='ltr'><strong>in</strong></span> <span class='ocrx_word' id='word_1_915' title='bbox 1333 3123 1431 3154; x_wconf 78' lang='lat' dir='ltr'><strong>Evang.</strong></span> <span class='ocrx_word' id='word_1_916' title='bbox 1457 3122 1546 3148; x_wconf 89' lang='lat' dir='ltr'><strong>homil.</strong></span> <span class='ocrx_word' id='word_1_917' title='bbox 1573 3122 1614 3147; x_wconf 67' lang='lat'><strong>⁴0.</strong></span> <span class='ocrx_word' id='word_1_918' title='bbox 1641 3129 1667 3147; x_wconf 90' lang='lat' dir='ltr'><strong>n.</strong></span> <span class='ocrx_word' id='word_1_919' title='bbox 1697 3122 1719 3147; x_wconf 84' lang='lat' dir='ltr'><strong>l.</strong></span> <span class='ocrx_word' id='word_1_920' title='bbox 1740 3122 1891 3147; x_wconf 81' lang='lat' dir='ltr'><strong>Secundum</strong></span> <span class='ocrx_word' id='word_1_921' title='bbox 1919 3121 2007 3153; x_wconf 88' lang='lat' dir='ltr'><strong>Cyrill.</strong></span> <span class='ocrx_word' id='word_1_922' title='bbox 2029 3123 2166 3148; x_wconf 81' lang='lat' dir='ltr'><strong>Alexandr.</strong></span> 
     </span>
     <span class='ocr_line' id='line_1_124' title="bbox 1199 3166 2164 3199; baseline -0.001 -7"><span class='ocrx_word' id='word_1_923' title='bbox 1199 3170 1225 3192; x_wconf 87' lang='lat' dir='ltr'><strong>et</strong></span> <span class='ocrx_word' id='word_1_924' title='bbox 1243 3167 1431 3198; x_wconf 82' lang='lat' dir='ltr'><strong>Theophylact.</strong></span> <span class='ocrx_word' id='word_1_925' title='bbox 1453 3166 1488 3199; x_wconf 92' lang='lat' dir='ltr'><strong>(in</strong></span> <span class='ocrx_word' id='word_1_926' title='bbox 1508 3167 1570 3192; x_wconf 88' lang='lat' dir='ltr'><strong>Luc.</strong></span> <span class='ocrx_word' id='word_1_927' title='bbox 1591 3166 1639 3197; x_wconf 78' lang='grc'><strong>16,</strong></span> <span class='ocrx_word' id='word_1_928' title='bbox 1662 3166 1715 3198; x_wconf 83' lang='grc'><strong>19.)</strong></span> <span class='ocrx_word' id='word_1_929' title='bbox 1735 3166 1861 3192; x_wconf 77' lang='lat' dir='ltr'><strong>Lazarus</strong></span> <span class='ocrx_word' id='word_1_930' title='bbox 1880 3169 1935 3191; x_wconf 85' lang='lat' dir='ltr'><strong>erat</strong></span> <span class='ocrx_word' id='word_1_931' title='bbox 1955 3167 2034 3191; x_wconf 91' lang='grc'><strong>1101110</strong></span> <span class='ocrx_word' id='word_1_932' title='bbox 2054 3166 2164 3198; x_wconf 74' lang='lat' dir='ltr'><strong>quidam</strong></span> 
     </span>
     <span class='ocr_line' id='line_1_125' title="bbox 1200 3209 2163 3243; baseline -0.001 -7"><span class='ocrx_word' id='word_1_933' title='bbox 1200 3217 1317 3243; x_wconf 82' lang='lat' dir='ltr'><strong>pauper,</strong></span> <span class='ocrx_word' id='word_1_934' title='bbox 1330 3210 1375 3243; x_wconf 92' lang='lat' dir='ltr'><strong>qui</strong></span> <span class='ocrx_word' id='word_1_935' title='bbox 1390 3211 1554 3241; x_wconf 77' lang='lat' dir='ltr'><strong>ierosolymis</strong></span> <span class='ocrx_word' id='word_1_936' title='bbox 1567 3209 1692 3242; x_wconf 82' lang='lat' dir='ltr'><strong>vivebat;</strong></span> <span class='ocrx_word' id='word_1_937' title='bbox 1712 3215 1749 3241; x_wconf 84' lang='lat' dir='ltr'><strong>et,</strong></span> <span class='ocrx_word' id='word_1_938' title='bbox 1763 3213 1791 3235; x_wconf 87' lang='lat' dir='ltr'><strong>ut</strong></span> <span class='ocrx_word' id='word_1_939' title='bbox 1804 3209 1960 3240; x_wconf 80' lang='lat' dir='ltr'><strong>Euthymius</strong></span> <span class='ocrx_word' id='word_1_940' title='bbox 1980 3210 2016 3241; x_wconf 90' lang='grc'><strong>(111</strong></span> <span class='ocrx_word' id='word_1_941' title='bbox 2036 3211 2097 3235; x_wconf 82' lang='lat' dir='ltr'><strong>Luc.</strong></span> <span class='ocrx_word' id='word_1_942' title='bbox 2119 3211 2163 3242; x_wconf 77' lang='grc'><strong>16,</strong></span> 
     </span>
     <span class='ocr_line' id='line_1_126' title="bbox 1200 3253 2164 3288; baseline -0.001 -8"><span class='ocrx_word' id='word_1_943' title='bbox 1200 3255 1256 3288; x_wconf 86' lang='grc'><strong>20.)</strong></span> <span class='ocrx_word' id='word_1_944' title='bbox 1276 3255 1368 3285; x_wconf 85' lang='lat' dir='ltr'><strong>refert,</strong></span> <span class='ocrx_word' id='word_1_945' title='bbox 1388 3254 1457 3280; x_wconf 84' lang='lat' dir='ltr'><strong>iuxta</strong></span> <span class='ocrx_word' id='word_1_946' title='bbox 1479 3254 1642 3279; x_wconf 86' lang='lat' dir='ltr'><strong>traditionem</strong></span> <span class='ocrx_word' id='word_1_947' title='bbox 1664 3253 1844 3279; x_wconf 82' lang='lat' dir='ltr'><strong>Hebraeorum</strong></span> <span class='ocrx_word' id='word_1_948' title='bbox 1865 3254 1940 3279; x_wconf 80' lang='lat' dir='ltr'><strong>dives</strong></span> <span class='ocrx_word' id='word_1_949' title='bbox 1958 3254 2005 3279; x_wconf 83' lang='lat' dir='ltr'><strong>iste</strong></span> <span class='ocrx_word' id='word_1_950' title='bbox 2019 3254 2164 3280; x_wconf 78' lang='lat' dir='ltr'><strong>vocabatur</strong></span> 
     </span>
     <span class='ocr_line' id='line_1_127' title="bbox 1200 3297 2163 3330; baseline -0.001 -5"><span class='ocrx_word' id='word_1_951' title='bbox 1200 3297 1317 3325; x_wconf 78' lang='lat' dir='ltr'><strong>Ninevis.</strong></span> <span class='ocrx_word' id='word_1_952' title='bbox 1338 3298 1439 3329; x_wconf 83' lang='lat' dir='ltr'><strong>lustin.,</strong></span> <span class='ocrx_word' id='word_1_953' title='bbox 1460 3299 1509 3330; x_wconf 89' lang='lat' dir='ltr'><strong>Qq.</strong></span> <span class='ocrx_word' id='word_1_954' title='bbox 1528 3301 1553 3323; x_wconf 85' lang='lat' dir='ltr'><strong>et</strong></span> <span class='ocrx_word' id='word_1_955' title='bbox 1572 3298 1744 3330; x_wconf 64' lang='lat' dir='ltr'><strong>Raeponsion.</strong></span> <span class='ocrx_word' id='word_1_956' title='bbox 1765 3298 1799 3323; x_wconf 88' lang='lat' dir='ltr'><strong>ad</strong></span> <span class='ocrx_word' id='word_1_957' title='bbox 1819 3298 1956 3323; x_wconf 84' lang='lat' dir='ltr'><strong>orthodox.</strong></span> <span class='ocrx_word' id='word_1_958' title='bbox 1987 3298 2064 3330; x_wconf 85' lang='lat' dir='ltr'><strong>(inter</strong></span> <span class='ocrx_word' id='word_1_959' title='bbox 2083 3306 2163 3330; x_wconf 79' lang='lat' dir='ltr'><strong>opera</strong></span> 
     </span>
     <span class='ocr_line' id='line_1_128' title="bbox 1200 3342 2165 3376; baseline -0.001 -7"><span class='ocrx_word' id='word_1_960' title='bbox 1200 3343 1299 3376; x_wconf 88' lang='lat' dir='ltr'><strong>lustin.)</strong></span> <span class='ocrx_word' id='word_1_961' title='bbox 1319 3350 1345 3375; x_wconf 88' lang='lat' dir='ltr'><strong>q.</strong></span> <span class='ocrx_word' id='word_1_962' title='bbox 1365 3343 1409 3368; x_wconf 89' lang='grc'><strong>60.</strong></span> <span class='ocrx_word' id='word_1_963' title='bbox 1428 3346 1528 3373; x_wconf 87' lang='lat' dir='ltr'><strong>censet,</strong></span> <span class='ocrx_word' id='word_1_964' title='bbox 1549 3344 1615 3368; x_wconf 83' lang='lat' dir='ltr'><strong>hauc</strong></span> <span class='ocrx_word' id='word_1_965' title='bbox 1635 3343 1809 3368; x_wconf 77' lang='lat' dir='ltr'><strong>narrationem</strong></span> <span class='ocrx_word' id='word_1_966' title='bbox 1830 3349 1877 3368; x_wconf 87' lang='lat' dir='ltr'><strong>nec</strong></span> <span class='ocrx_word' id='word_1_967' title='bbox 1897 3342 2050 3374; x_wconf 81' lang='lat' dir='ltr'><strong>parabolam</strong></span> <span class='ocrx_word' id='word_1_968' title='bbox 2064 3350 2111 3368; x_wconf 84' lang='lat' dir='ltr'><strong>nec</strong></span> <span class='ocrx_word' id='word_1_969' title='bbox 2126 3344 2165 3367; x_wconf 78' lang='lat' dir='ltr'><strong>lu-</strong></span> 
     </span>
     <span class='ocr_line' id='line_1_129' title="bbox 1199 3387 1638 3418; baseline -0.002 -5"><span class='ocrx_word' id='word_1_970' title='bbox 1199 3387 1306 3413; x_wconf 80' lang='lat' dir='ltr'><strong>storiam</strong></span> <span class='ocrx_word' id='word_1_971' title='bbox 1327 3394 1399 3417; x_wconf 85' lang='lat' dir='ltr'><strong>esse,</strong></span> <span class='ocrx_word' id='word_1_972' title='bbox 1419 3387 1466 3412; x_wconf 88' lang='lat' dir='ltr'><strong>sed</strong></span> <span class='ocrx_word' id='word_1_973' title='bbox 1486 3387 1638 3418; x_wconf 79' lang='lat' dir='ltr'><strong>imaginem.</strong></span> 
     </span>
    </p>

    <p class='ocr_par' dir='ltr' id='par_1_27' title="bbox 1271 3429 1715 3456">
     <span class='ocr_line' id='line_1_130' title="bbox 1271 3429 1715 3456; baseline 0 0"><span class='ocrx_word' id='word_1_974' title='bbox 1271 3429 1282 3444; x_wconf 76' lang='lat'>⁸</span> <span class='ocrx_word' id='word_1_975' title='bbox 1301 3430 1368 3456; x_wconf 79' lang='lat' dir='ltr'><strong>Vers</strong></span> <span class='ocrx_word' id='word_1_976' title='bbox 1396 3431 1429 3456; x_wconf 89' lang='grc'><strong>20</strong></span> <span class='ocrx_word' id='word_1_977' title='bbox 1458 3434 1482 3455; x_wconf 86' lang='lat' dir='ltr'><strong>et</strong></span> <span class='ocrx_word' id='word_1_978' title='bbox 1503 3434 1534 3456; x_wconf 80' lang='lat' dir='ltr'><strong>tet</strong></span> <span class='ocrx_word' id='word_1_979' title='bbox 1543 3431 1606 3456; x_wconf 78' lang='grc'><strong>,111111</strong></span> <span class='ocrx_word' id='word_1_980' title='bbox 1627 3437 1652 3456; x_wconf 79' lang='lat' dir='ltr'><strong>v.</strong></span> <span class='ocrx_word' id='word_1_981' title='bbox 1673 3431 1715 3456; x_wconf 81' lang='grc'><strong>22.</strong></span> 
     </span>
    </p>
   </div>
  </div>
 </body>
</html>
