2427 3872
290 260 354 291 780

581 302 630 327 ms

289 346 503 378 supplicationem
524 346 667 378 peccatoris
687 345 840 377 poenitentis
853 351 933 377 quam

290 390 491 416 innumerabiles
505 390 618 416 actiones
632 390 691 415 iusti
711 390 744 416 de
772 396 800 414 se
828 395 935 420 praesu-

290 436 382 460 mentis
402 435 453 460 457
472 435 505 460 24

342 494 376 497 -
397 480 526 504 Iustorum
552 485 663 510 corpora
691 479 787 509 templa
809 477 933 503 dicuntur

291 524 334 548 Vll
364 524 415 548 306
435 524 467 547 88
488 537 522 541 —
542 523 649 548 Animae
678 523 804 547 iustorum
823 524 885 547 sunt
908 521 932 546 in

292 574 370 592 manu
385 567 429 592 Dei
448 563 474 591 et
487 567 546 592 ideo
559 569 619 592 sunt
634 572 743 591 securae
763 566 794 590 Vl
810 566 860 590 425
874 572 900 589 ν.
915 565 925 589 4

294 624 327 628 —
347 613 408 635 sunt
427 609 477 635 sub
497 610 543 635 Dei
562 610 639 635 tutela
659 613 684 634 et
702 609 863 641 protectione
888 609 929 634 Vll

293 654 344 679 529
365 655 398 679 26

346 712 379 716 -
399 698 475 723 Multa
495 701 556 723 sunt
568 698 696 723 iustorum
711 700 837 722 tormenta
851 697 877 721 in
891 703 928 727 se,

294 742 340 768 sed
360 749 443 773 pauca
465 742 490 766 in
515 741 710 773 comparatione
734 748 798 766 suae
826 743 928 772 reputa-

293 787 383 817 tionis,
403 786 532 818 passionis
551 785 658 817 Christi,
672 787 773 810 futurae
793 784 931 815 mei-cedia,

293 834 412 856 aeternae
431 830 587 862 afflictionis,
608 836 708 862 poenae
736 829 841 854 debitae
870 836 931 860 pro—

293 878 350 907 pter
368 875 464 900 omissa
493 878 518 900 et
545 874 711 906 obligationis
735 876 842 905 propter
861 880 929 898 com-

294 919 371 944 missa
393 920 422 943 Vl
446 919 494 943 427
515 926 540 944 ν.
560 919 576 943 5
589 932 624 937 -
638 919 707 943 Deus
720 918 802 943 iustos
821 917 930 948 castigat

293 963 371 988 variis
390 962 599 988 tribulationibus
618 961 679 988 ibid.
698 975 734 980 —
753 962 823 987 Deus
835 961 932 993 probat

293 1007 373 1032 iustos
400 1014 431 1032 ex
456 1010 529 1039 parte
557 1007 672 1037 animae,
691 1013 737 1031 eos
765 1012 811 1037 per
840 1006 929 1037 ignem

292 1051 486 1076 tribulationum
515 1050 668 1082 purgando,
696 1050 743 1076 sed
769 1056 820 1075 non
840 1056 931 1074 consu-

293 1096 388 1121 mendo
408 1094 440 1121 ib.
461 1102 486 1120 v.
506 1095 521 1119 6

345 1153 380 1158 -
399 1142 458 1164 ante
476 1139 602 1164 iudicium
623 1138 820 1170 persecutiones
833 1137 930 1169 patien-

263 1205 264 1208 ,
293 1187 333 1208 tur
353 1182 386 1208 ab
405 1182 492 1214 impiis
512 1183 555 1207 Vll
576 1182 627 1208 527
648 1182 680 1206 49
700 1195 736 1200 -
754 1181 931 1214 persequendi

293 1231 353 1252 sunt
364 1227 389 1252 in
399 1227 577 1252 testimonium
591 1226 696 1251 divinae
709 1225 868 1257 dilectionis,
883 1225 932 1249 vir-

294 1271 355 1296 tutis
374 1271 510 1302 propriae,
529 1270 704 1295 damnationis
724 1269 822 1294 alienae
840 1272 866 1294 et
886 1275 932 1294 ve-

294 1315 375 1340 ritatis
394 1314 559 1346 praedicatae
577 1312 612 1340 ib.
631 1314 664 1339 20
684 1327 719 1332 -
737 1313 932 1345 persecutiones

294 1360 432 1390 patientur,
446 1358 507 1390 quia
522 1358 547 1383 in
566 1357 697 1383 Christum
711 1357 830 1389 credunt,
843 1357 931 1389 ipsum

295 1406 396 1433 amant,
422 1402 574 1434 praedicant
601 1405 627 1427 et
651 1398 797 1434 sequuntur
826 1402 877 1427 529
897 1402 931 1427 25

294 1461 329 1465 -
348 1447 373 1472 in
392 1446 601 1472 tribulationibus
619 1447 717 1472 nullam
732 1447 867 1472 incurrunt
881 1447 932 1472 lae-

296 1491 397 1516 sionem
417 1490 450 1517 ib.
471 1492 504 1516 26
523 1504 558 1509 -
577 1498 624 1523 per
648 1491 747 1522 proelia
775 1498 827 1516 non
847 1491 932 1523 perdit

295 1536 367 1568 quod
386 1538 456 1561 amat
475 1536 526 1561 525
547 1535 580 1560 45
601 1549 632 1553 -
652 1542 702 1561 non
724 1535 846 1561 formidat
859 1542 932 1567 proe-

299 1580 331 1605 lia
352 1579 413 1605 ibid.

348 1638 382 1642 —
398 1624 530 1654 Derelictio
544 1623 706 1656 probationis
724 1627 763 1650 est
775 1624 800 1649 in
813 1624 887 1650 iustis
900 1624 933 1649 Vl

297 1668 346 1693 363
368 1668 400 1694 44
413 1668 495 1693 —ab
515 1668 596 1700 impio
609 1668 768 1700 opprimitur
788 1669 833 1693 424
852 1675 879 1693 ν.
900 1669 932 1693 40

295 1726 330 1731 -
349 1713 492 1747 gaudenter
517 1713 670 1738 afflictiones
698 1712 840 1744 impiorum
860 1712 934 1738 susti-

295 1760 357 1782 nent
371 1757 419 1782 437
435 1764 459 1782 ν.
482 1758 491 1781 4
510 1770 543 1775 -
563 1757 691 1782 iustorum
712 1756 875 1782 conversatio
895 1759 934 1782 est

296 1802 322 1826 in
342 1803 502 1833 paupertate,
523 1800 620 1832 labore,
640 1800 746 1831 vilitate,
766 1800 868 1826 ieiuniis
882 1800 932 1825 438

295 1853 322 1870 ν.
342 1845 355 1870 4
369 1859 404 1864 -
418 1845 477 1870 Vita
496 1845 624 1870 iustorum
639 1844 672 1870 ab
690 1844 779 1876 impiis
797 1847 933 1876 reputatur

295 1889 425 1915 insensata
444 1892 469 1914 et
489 1889 547 1914 finis
566 1889 771 1914 contumeliosus
800 1889 850 1914 439
870 1896 896 1914 v.
917 1889 933 1913 5

295 1947 330 1952 —-
349 1934 462 1959 irrisoria
483 1933 705 1959 demonstratione
725 1933 821 1965 dignus
839 1936 879 1959 est
895 1939 933 1958 se-

295 1978 412 2004 cundum
433 1977 558 2003 iudicium
579 1978 722 2009 impiorum
742 1977 791 2003 438
812 1985 838 2002 ν.
858 1977 872 2002 3

354 2035 390 2040 —
420 2022 444 2046 in
476 2024 559 2047 morte
595 2021 777 2053 insipientibus
812 2021 934 2047 videntur

297 2073 404 2098 prorsus
430 2066 497 2091 mori
516 2065 548 2090 Vl
573 2066 623 2091 426
652 2072 678 2091 ν.
698 2067 713 2091 2
737 2079 772 2085 -
797 2073 848 2091 non
873 2068 931 2097 pot-

297 2113 335 2135 est
353 2110 418 2135 mori
448 2112 532 2135 morte
562 2110 705 2142 improvisa
735 2109 786 2135 434
815 2117 841 2135 ν.
862 2109 879 2134 7
898 2123 933 2128 —

298 2157 381 2179 morte
400 2158 607 2185 praeoccupatus
626 2154 652 2179 in
671 2154 807 2185 refrigerio
825 2153 873 2179 erit
893 2160 935 2179 ae-

297 2202 385 2222 ternae
403 2198 497 2230 quietis
515 2197 577 2223 ibid.
589 2211 624 2215 —
637 2200 744 2229 paratus
763 2200 802 2223 est
820 2197 934 2222 animam

298 2242 422 2273 reddere,
435 2242 657 2274 quandocumque
667 2242 721 2267 Deo
735 2242 861 2273 placuerit
873 2241 935 2267 ibid.

297 2299 332 2304 —
351 2287 502 2311 transfertur
521 2293 568 2318 per
588 2289 698 2311 mortem
715 2286 885 2311 acceleratam
905 2292 934 2311 ex

299 2330 372 2355 exilio
392 2330 469 2355 huius
489 2330 581 2355 mundi
600 2330 633 2355 ad
653 2330 763 2362 patriam
783 2330 933 2362 caelestem,

299 2374 331 2400 de
351 2377 434 2399 morte
453 2374 486 2400 ad
510 2374 606 2405 vitam,
626 2374 659 2400 de
683 2374 823 2400 certamine
842 2374 874 2400 ad
895 2381 935 2399 co-

298 2425 390 2444 ronam
410 2417 444 2444 ib.
463 2425 488 2443 ν.
510 2419 542 2443 40
561 2432 597 2437 -
617 2419 738 2444 Memoria
753 2419 810 2444 iusti
831 2419 935 2444 immor-

300 2462 355 2487 talis
373 2466 412 2488 est
439 2463 511 2494 apud
534 2463 617 2488 Deum
643 2470 690 2494 per
715 2462 934 2495 approbationem

299 2510 324 2531 et
337 2506 407 2537 apud
422 2507 540 2532 homines
553 2513 599 2538 per
613 2507 696 2532 laudis
713 2507 935 2532 continuationem

300 2553 324 2575 et
337 2550 436 2575 felicem
450 2551 656 2576 recordationem
672 2552 716 2576 431
737 2558 763 2576 ν.
777 2551 786 2576 4
805 2564 839 2570 -
854 2552 935 2576 lustos

299 2594 386 2620 educit
399 2594 468 2619 Deus
481 2594 514 2620 de
533 2595 584 2619 vita
599 2595 727 2626 praesenti
746 2595 872 2627 effective,
886 2595 935 2627 ipsi

300 2641 386 2663 autem
406 2638 521 2663 educunt
539 2644 567 2662 se
587 2638 657 2669 ipsos
684 2638 869 2664 consentiendo
894 2639 936 2663 vel

300 2681 474 2707 desiderando
493 2685 518 2706 et
537 2681 649 2712 petendo
669 2681 701 2707 ib.
722 2689 747 2706 v.
767 2683 782 2706 2

353 2738 388 2744 —-
408 2725 546 2750 Terminus
566 2725 692 2750 iustorum
712 2727 750 2749 est
765 2732 813 2756 pax
834 2725 866 2749 Vl
886 2725 935 2749 426

302 2778 327 2795 v.
347 2771 362 2795 3
382 2783 416 2788 -
437 2769 531 2794 lustitia
551 2769 610 2794 facit
629 2768 710 2794 iustos
735 2769 894 2793 confidentes
913 2772 938 2793 et

301 2821 407 2839 securos
427 2814 477 2838 220
497 2820 522 2837 v.
544 2813 576 2838 42
598 2827 630 2830 -
649 2813 773 2838 exaltatus
792 2815 830 2837 est
849 2819 862 2837 a
884 2812 937 2837 Deo

303 2858 344 2883 Vll
365 2858 397 2883 36
418 2858 467 2882 442
486 2870 522 2876 --
541 2856 633 2882 Omnia
655 2856 721 2882 bona
736 2859 797 2882 sunt
816 2856 937 2882 virbiusti

302 2902 342 2927 vel
362 2902 388 2927 in
407 2909 435 2927 re
461 2902 501 2927 vel
521 2901 547 2926 in
571 2908 619 2933 spe
639 2900 688 2926 402
714 2900 741 2925 54
767 2915 801 2918 -
820 2907 938 2932 praesen-

303 2950 354 2971 tem
373 2946 443 2971 diem
469 2945 628 2977 despiciunt,
654 2948 817 2976 praesentem
846 2951 938 2976 pacem

302 2992 471 3016 contemnunt
489 2994 514 3015 et
534 2990 617 3015 futura
634 2989 797 3021 conspiciunt
815 2992 841 3015 et
859 2992 939 3014 atten-

304 3033 369 3059 dunt
389 3033 438 3059 496
456 3034 490 3059 65

355 3091 391 3096 -
404 3077 561 3103 saturabitur
575 3084 589 3102 a
604 3078 655 3103 Deo
675 3080 700 3103 et
712 3077 855 3110 replebitur
868 3077 938 3103 omni

305 3121 374 3147 bono
396 3122 434 3147 Vll
456 3122 489 3147 33
508 3121 542 3146 98
556 3135 591 3140 —
604 3121 731 3155 iustorum
745 3122 850 3148 devotio
863 3129 877 3147 a
891 3122 940 3147 Do-

304 3166 373 3192 mino
400 3164 561 3198 approbatur
586 3166 627 3190 vel
653 3169 801 3198 acceptatur
827 3166 858 3191 Vl
889 3166 939 3191 427

303 3217 328 3235 ν.
344 3210 358 3234 6
380 3224 411 3228 -
431 3210 457 3235 in
477 3209 520 3235 die
538 3209 625 3235 iudicii
645 3210 751 3241 copiose
774 3217 939 3236 remuneran-

304 3257 344 3278 tur
364 3252 425 3279 ibid.
450 3266 484 3272 -
512 3253 571 3278 lusti
599 3253 768 3285 respicientur
795 3261 809 3279 a
836 3254 889 3280 Deo
915 3254 940 3279 in

304 3297 346 3323 die
377 3297 465 3323 iudicii
491 3296 573 3322 oculis
598 3297 790 3324 misericordiae
817 3297 879 3324 ibid.
906 3311 940 3316 —

304 3340 384 3367 modo
403 3340 525 3366 videntur
538 3340 648 3373 relinqui
662 3344 687 3366 et
706 3342 833 3368 contemni
852 3349 867 3367 a
887 3342 940 3368 Deo

305 3383 365 3410 ibid.
385 3398 419 3404 -
443 3384 579 3417 fulgebunt
603 3385 663 3411 dote
690 3385 809 3411 claritatis
832 3386 859 3411 in
878 3385 940 3412 iudi-

1149 256 1262 288 INDEX
1288 257 1415 289 RERUM

973 344 1014 369 cio
1032 344 1120 376 quoad
1135 343 1307 370 substantiam
1322 345 1439 376 corporis
1458 344 1492 370 ib.
1506 352 1530 369 v.
1544 344 1560 369 7
1578 358 1611 362 -

972 395 1023 413 aon
1045 391 1145 413 tantum
1168 392 1320 419 resurgent,
1341 396 1434 414 verum
1462 389 1540 414 etiam
1567 389 1611 413 im-

973 431 1143 457 mutabuntur
1170 432 1211 457 Vll
1236 432 1287 457 544
1309 432 1336 458 44
1360 446 1396 451 --
1416 425 1473 464 post
1498 439 1611 458 resurre-

971 476 1084 501 ctionem
1104 480 1180 501 erunt
1198 478 1322 509 aequales
1340 478 1446 508 Angelis
1464 477 1609 502 secundum

972 520 1070 551 gloriae
1098 520 1252 551 dignitatem
1281 520 1333 545 545
1363 521 1395 545 42
1420 534 1455 539 -
1483 522 1609 546 iustorum

972 563 1069 594 gaudia
1089 563 1186 589 debent
1204 571 1261 589 esse
1280 565 1430 589 communia
1450 564 1501 589 598
1522 564 1556 589 45

1026 608 1131 632 lusrtrm
1152 621 1185 625 —
1205 608 1317 633 increata
1336 611 1375 633 est
1395 608 1523 633 rectitudo
1542 608 1610 633 divi-

972 657 1021 675 nae
1041 651 1183 676 voluntatis
1202 651 1234 676 Vl
1256 651 1306 675 440
1326 658 1352 676 v.
1378 652 1388 675 4
1412 665 1446 669 -
1465 654 1551 676 creata
1571 654 1610 676 est

972 691 1101 720 rectitudo
1120 696 1250 720 humanae
1275 695 1415 722 voluntatis
1434 694 1497 721 ibid.
1519 708 1552 713 -—
1571 698 1610 720 est

971 738 1099 764 rectitudo
1127 738 1284 770 voluntatis,
1303 745 1372 771 quae
1399 739 1458 764 facit
1476 738 1608 764 hominem

971 782 1092 807 incedere
1120 789 1167 813 per
1186 785 1283 807 rectam
1305 782 1374 807 viam
1404 783 1445 808 Vll
1464 782 1497 807 58
1517 783 1550 807 60
1575 796 1610 801 —

971 829 1009 851 est
1029 827 1159 851 humanae
1178 826 1247 851 vitae
1274 826 1403 851 rectitudo
1423 826 1455 851 Vl
1477 827 1522 851 464
1547 834 1574 852 ν.
1592 827 1607 851 7

971 884 1004 888 -
1024 873 1063 896 est
1082 873 1203 896 constans
1225 873 1250 895 et
1270 874 1394 902 perpetua
1425 871 1545 896 voluntas
1569 871 1610 896 ius

970 921 1047 940 suum
1075 914 1215 947 unicuique
1244 913 1362 940 tribuens
1391 915 1433 940 Vll
1458 914 1492 939 72
1522 915 1550 940 44
1574 929 1608 933 -

970 958 1081 984 iustitiae
1099 961 1173 984 actus
1191 961 1230 984 est
1246 958 1357 984 reddere
1376 959 1518 991 unicuique
1536 959 1608 991 quod

969 1009 1046 1028 suum
1067 1005 1107 1028 est
1124 1002 1171 1027 544
1196 1003 1226 1027 34
1250 1015 1285 1021 -
1303 1003 1387 1028 iustus
1407 1005 1446 1028 est
1463 1003 1510 1035 qui
1523 1003 1610 1028 reddit

969 1046 1112 1078 unicuique
1130 1046 1202 1079 quod
1222 1053 1300 1072 suurn
1320 1049 1359 1072 est
1378 1047 1411 1071 Vl
1432 1046 1482 1071 476
1503 1046 1538 1071 44

1022 1105 1057 1108 —
1085 1090 1192 1122 respicit
1215 1090 1240 1115 in
1267 1091 1402 1116 reddendo
1427 1090 1547 1116 debiturn
1576 1090 1608 1115 Vl

971 1135 1022 1159 462
1041 1141 1068 1159 ν.
1087 1134 1103 1159 7
1122 1147 1158 1153 -
1177 1135 1224 1159 Per
1244 1134 1366 1160 iustitiam
1386 1137 1425 1159 est
1444 1134 1607 1166 agendorum

970 1181 1039 1204 recta
1059 1178 1189 1204 exsecutio
1209 1177 1269 1204 ibid.

1022 1235 1058 1240 —
1076 1224 1116 1247 est
1134 1222 1193 1252 via,
1213 1229 1261 1253 per
1278 1229 1359 1254 quam
1378 1222 1500 1248 venimus
1519 1222 1552 1248 ad
1572 1229 1609 1247 re-

971 1273 1053 1298 gnum
1073 1269 1208 1291 aeternum
1228 1266 1270 1291 Vll
1294 1267 1345 1291 322
1365 1266 1495 1292 43—est
1513 1266 1555 1292 via
1575 1267 1609 1292 ad

971 1310 1124 1342 sapientiam
1140 1310 1171 1335 Vl
1187 1310 1237 1335 447
1251 1317 1276 1335 ν.
1292 1311 1319 1335 44
1335 1311 1424 1335 —lux
1439 1314 1478 1336 est
1491 1311 1541 1336 439
1556 1318 1580 1335 ν.
1593 1311 1608 1336 6

971 1369 1002 1373 -
1015 1358 1182 1386 comparatur
1193 1355 1288 1380 loricae
1300 1355 1356 1380 sive
1367 1355 1465 1381 thoraci
1477 1355 1527 1380 442
1539 1363 1564 1381 ν.
1576 1356 1608 1380 49

970 1413 1005 1418 -
1026 1399 1118 1425 Gladio
1137 1399 1248 1424 iustitiae
1267 1398 1402 1425 diabolum
1426 1406 1609 1431 expugnamus

971 1443 1022 1468 598
1042 1451 1067 1469 v.
1088 1443 1104 1468 4

1022 1502 1058 1506 -
1077 1488 1225 1514 communis
1243 1490 1282 1513 est
1300 1487 1385 1513 virtus
1404 1488 1447 1513 Vll
1467 1488 1501 1513 46
1521 1488 1549 1513 24
1573 1502 1609 1507 -

971 1533 1099 1564 generalis
1118 1531 1197 1558 habet
1216 1535 1268 1558 tres
1286 1535 1374 1564 partes
1387 1532 1419 1557 Vt
1441 1533 1491 1558 440
1505 1540 1532 1557 ν.
1550 1533 1556 1557 l
1575 1547 1609 1550 —

970 1576 1088 1603 Christus
1116 1579 1256 1608 promovet
1274 1576 1374 1602 activos
1393 1576 1418 1601 in
1442 1576 1538 1601 iustitia
1565 1576 1610 1601 do-

971 1621 1055 1646 cendo
1075 1621 1240 1650 intellectum,
1260 1620 1396 1646 excitando
1416 1621 1546 1653 affectum,
1565 1620 1610 1645 de-

971 1664 1094 1690 ducendo
1114 1665 1235 1690 effectum
1255 1664 1308 1690 574
1327 1664 1343 1689 5

1025 1722 1059 1727 —-
1069 1708 1180 1734 debetur
1194 1707 1317 1733 omnibus
1328 1708 1370 1733 Vll
1382 1708 1415 1733 45
1426 1708 1442 1733 5
1453 1722 1488 1727 -
1498 1708 1610 1734 maxime

971 1759 985 1778 a
1005 1753 1060 1778 Deo
1078 1752 1213 1785 quaeritur
1232 1759 1247 1777 a
1263 1751 1340 1777 nobis
1360 1752 1410 1777 305
1437 1753 1469 1777 86
1490 1765 1525 1771 -
1543 1751 1611 1778 Con-

972 1800 1114 1823 temnentes
1133 1797 1256 1822 iustitiam
1277 1796 1450 1822 excluduntur
1473 1803 1488 1821 a
1508 1803 1610 1822 consor-

972 1842 1006 1867 tio
1020 1841 1065 1867 Dei
1071 1860 1079 1874 ¹
1098 1841 1240 1873 sapientiae
1252 1844 1277 1866 et
1291 1840 1401 1872 Spiritus
1414 1840 1496 1866 sancti
1511 1841 1543 1865 Vt
1559 1841 1609 1866 442

971 1893 997 1911 ν.
1017 1886 1032 1910 3
1057 1899 1090 1903 -—
1112 1886 1159 1911 Per
1185 1885 1350 1911 dilectionem
1369 1885 1481 1911 iustitiae
1500 1884 1610 1911 habetur

971 1929 1118 1961 praesentia
1138 1929 1271 1955 Trinitatis
1289 1928 1350 1955 ibid.

1025 1988 1058 1992 -
1078 1974 1202 1999 Distantia
1223 1977 1262 1999 est
1280 1973 1345 1999 inter
1372 1973 1494 1999 iustitiam
1514 1976 1539 1999 et
1567 1973 1610 1999 ini-

971 2018 1097 2050 quitatem
1117 2018 1159 2043 Vll
1181 2018 1232 2044 352
1251 2018 1285 2043 58
1298 2031 1334 2036 -
1347 2018 1385 2043 Ad
1399 2018 1608 2044 exercitationem

971 2062 1084 2087 iustitiae
1112 2062 1253 2094 requiritur
1278 2062 1394 2087 studium
1420 2062 1453 2087 Vl
1478 2061 1511 2087 27
1532 2069 1557 2087 ν.
1577 2062 1610 2087 26

1026 2118 1061 2125 -—
1080 2106 1165 2131 Homo
1184 2113 1236 2131 non
1255 2105 1334 2131 debet
1349 2113 1406 2131 esse
1425 2106 1502 2131 nimis
1520 2106 1611 2138 iustus,

972 2150 1179 2175 misericordiam
1200 2149 1363 2175 excludendo
1376 2157 1390 2175 a
1404 2150 1499 2175 iustitia
1514 2149 1546 2174 Vl
1561 2150 1610 2174 489

973 2201 999 2220 ν.
1020 2194 1052 2219 49
1071 2207 1106 2213 -—
1125 2194 1300 2219 Misericordia
1320 2197 1345 2219 et
1364 2193 1459 2220 iustitia
1482 2194 1506 2219 in
1526 2193 1612 2226 dispo-

972 2238 1060 2264 nendo
1080 2238 1152 2270 iungi
1172 2238 1269 2264 debent
1289 2238 1338 2263 467
1352 2246 1378 2263 ν.
1393 2239 1407 2264 3
1421 2252 1456 2257 -
1470 2238 1612 2264 summitas

972 2283 998 2308 ln
1011 2283 1106 2308 iustitia
1120 2290 1171 2308 non
1185 2287 1224 2308 est
1234 2283 1301 2308 mala
1312 2283 1345 2308 60
1357 2291 1382 2316 q.
1395 2283 1404 2308 4
1420 2297 1455 2302 -
1465 2283 1611 2309 Attenditur

972 2334 1093 2353 excessus
1112 2327 1223 2353 iustitiae
1236 2335 1283 2360 per
1295 2335 1430 2354 accessum
1446 2328 1479 2353 ad
1494 2327 1610 2354 medium

973 2371 1005 2398 ib.
1016 2380 1044 2405 q.
1055 2373 1070 2397 2
1083 2384 1118 2391 -
1131 2372 1292 2398 subvertitur
1305 2371 1340 2398 ob
1353 2377 1471 2398 amorem
1486 2372 1611 2404 pecuniae

973 2417 1006 2441 86
1027 2423 1052 2442 v.
1080 2417 1110 2441 49
1136 2431 1170 2434 -
1195 2417 1307 2442 iustitiae
1326 2419 1365 2442 est
1384 2417 1478 2448 punire
1497 2417 1609 2449 aliquem

972 2461 1104 2486 volentem
1124 2461 1209 2492 puniri
1229 2468 1276 2493 pro
1296 2461 1371 2492 culpa
1391 2468 1438 2486 sua
1459 2460 1508 2486 446
1531 2460 1562 2486 49

1025 2519 1059 2523 -
1080 2505 1274 2530 perseverantia
1295 2506 1438 2536 praefertur
1452 2504 1563 2530 iustitiae
1576 2505 1611 2530 in-

973 2550 1081 2574 choatae
1100 2549 1132 2574 Vl
1153 2548 1186 2574 57
1206 2556 1231 2573 ν.
1252 2549 1267 2573 9
1286 2562 1321 2567 -
1341 2548 1470 2574 Habentes
1487 2549 1610 2575 iustitiam

974 2595 1072 2618 tantum
1093 2595 1255 2624 praesentem
1276 2593 1420 2624 perduntur
1440 2593 1490 2619 474
1511 2594 1543 2619 33

1026 2650 1061 2655 —-
1080 2637 1150 2661 Deus
1168 2636 1195 2661 in
1220 2637 1343 2662 omnibus
1363 2640 1464 2662 exercet
1486 2637 1609 2662 iustitiam

975 2680 1008 2704 Vl
1030 2680 1081 2704 487
1095 2687 1120 2704 ν.
1137 2680 1168 2705 44
1182 2694 1216 2698 ——
1230 2680 1303 2711 Opus
1321 2680 1433 2706 iustitiae
1446 2681 1541 2706 dicitur
1553 2688 1611 2706 esse

974 2723 1086 2748 alienum
1113 2730 1127 2748 a
1152 2724 1205 2749 Deo
1232 2724 1281 2748 488
1302 2732 1328 2749 ν.
1348 2725 1380 2749 46
1400 2739 1434 2742 -
1453 2725 1522 2750 Deus
1541 2725 1610 2750 iusti-

975 2766 1037 2792 tiam
1068 2767 1094 2792 in
1126 2774 1174 2792 nos
1205 2771 1307 2793 exercet
1334 2775 1364 2793 cx
1395 2775 1474 2793 causa
1505 2771 1591 2794 nostra
1603 2787 1610 2799 ,

974 2811 1071 2836 scilicet
1099 2814 1204 2843 propter
1233 2815 1347 2837 nostram
1372 2813 1476 2844 culpam
1496 2811 1556 2837 ibid.
1576 2826 1610 2830 ——

975 2855 1044 2881 Deus
1064 2855 1162 2880 fortiter
1180 2855 1295 2887 disponit
1313 2856 1399 2881 omnia
1421 2863 1468 2887 per
1486 2856 1610 2881 iustitiam

977 2900 1026 2924 460
1047 2907 1072 2924 ν.
1094 2900 1102 2924 4
1127 2914 1161 2917 -
1181 2900 1226 2925 Dei
1244 2900 1433 2925 consideranda
1453 2899 1504 2925 355
1525 2901 1557 2925 42
1576 2913 1611 2919 —-

976 2943 1107 2969 Debemus
1127 2944 1209 2969 Deum
1232 2944 1325 2969 imitari
1348 2943 1465 2969 faciendo
1489 2943 1610 2969 iustitiam

977 2988 1027 3014 552
1048 2988 1063 3013 5

1029 3046 1063 3051 -
1083 3034 1211 3063 humana,
1230 3032 1335 3058 divinae
1363 3035 1526 3064 comparata,
1546 3032 1613 3057 iniu-

977 3076 1043 3102 stitia
1054 3080 1094 3102 est
1108 3077 1151 3102 Vll
1164 3076 1214 3102 462
1228 3076 1261 3101 37
1272 3089 1307 3095 —
1318 3076 1373 3101 Non
1383 3079 1422 3102 est
1432 3076 1527 3101 iustitia
1541 3081 1611 3107 vera,

976 3127 1045 3154 quae
1064 3121 1164 3147 excedit
1183 3121 1207 3146 in
1227 3120 1315 3152 rigore
1334 3123 1359 3145 et
1377 3120 1543 3150 crudelitate,
1563 3119 1612 3145 nisi

977 3168 1187 3196 contemperetur
1206 3164 1300 3196 pietate
1319 3164 1352 3189 Vl
1371 3164 1403 3190 59
1419 3171 1446 3189 v.
1460 3164 1491 3189 47
1505 3178 1537 3182 -—
1552 3164 1613 3189 Pro-

978 3208 1081 3234 hibetur
1101 3215 1222 3235 excessus
1235 3208 1346 3234 iustitiae
1360 3208 1384 3234 in
1404 3208 1538 3240 puniendo
1562 3207 1612 3233 348

978 3253 1010 3278 28
1024 3266 1059 3272 -
1078 3260 1139 3279 vera
1156 3252 1366 3284 compassionem
1386 3251 1479 3282 habet,
1499 3252 1559 3277 falsa
1579 3252 1613 3277 in·

977 3297 1156 3329 dignationem
1177 3297 1219 3322 Vll
1239 3295 1289 3322 242
1309 3296 1352 3321 84.
1374 3295 1425 3321 343
1446 3296 1479 3321 28
1498 3309 1533 3315 -
1553 3295 1613 3321 falsa

977 3343 1033 3367 erat
1050 3340 1202 3367 aemulatrix
1215 3339 1293 3372 Legis
1305 3343 1432 3372 quantum
1446 3339 1479 3365 ad
1493 3339 1614 3365 observa-

979 3385 1076 3411 tionem
1097 3384 1212 3415 Sabbati‚
1232 3383 1403 3410 aemulatione
1419 3384 1493 3409 stulta
1515 3382 1565 3409 343
1580 3383 1613 3408 28

1941 301 1996 327 lUV

1704 357 1739 363 -
1758 345 1846 370 divina
1867 345 1984 376 permisit
2010 346 2093 371 malos
2117 352 2237 377 praeesse
2258 347 2291 371 vt

1651 389 1684 413 82
1704 395 1730 420 q.
1751 389 1760 412 4
1784 401 1820 407 --
1839 388 1928 413 divina
1947 388 2068 415 liberavit
2088 390 2133 415 Lot
2152 390 2249 415 iustum
2264 393 2290 416 et

1649 437 1665 456 e
1682 432 1813 457 contrario
1832 432 1947 464 perdidit
1966 433 2093 464 populum
2112 433 2224 465 impium
2244 434 2288 459 Vll

1650 475 1701 501 442
1721 476 1755 501 50

1702 534 1736 537 —
1756 520 1953 545 Pharisaeorum
1968 520 2055 551 potius
2067 523 2123 545 erat
2132 521 2207 551 eulpa
2220 521 2290 546 det'e-

1648 563 1740 588 standa
1760 569 1840 595 quam
1861 563 1944 588 virtus
1964 563 2006 588 Vll
2022 563 2072 588 442
2092 563 2125 588 27
2145 577 2179 581 --
2199 564 2288 595 legalis

1648 612 1696 630 nec
1715 606 1922 632 misericordiam
1942 613 1990 631 nec
2003 606 2160 631 medicinam
2176 610 2288 638 praesta-

1648 648 1693 674 bat
1711 650 1826 674 humano
1846 650 1935 680 generi
1950 649 1996 674 274
2018 650 2051 674 63
2071 663 2106 668 -
2125 650 2234 675 Summa
2252 653 2288 676 to-

1648 693 1698 718 tius
1729 693 1839 718 iustitiae
1871 697 1896 718 et
1925 693 2091 725 perfectionis
2119 694 2234 719 consistit
2261 694 2287 720 in

1647 737 1735 762 dando
1754 736 1858 763 Caesari
1871 744 1940 770 quae
1953 741 2013 762 sunt
2031 737 2095 769 eius,
2109 740 2134 763 et
2145 738 2200 763 Deo
2219 744 2288 770 quae

1648 784 1707 806 sunt
1727 781 1773 806 Dei
1802 781 1848 806 544
1881 782 1913 806 32

1700 840 1734 843 -
1747 825 1851 856 Christi,
1863 833 1914 858 qua
1930 826 2057 851 mundum
2072 826 2193 857 redemit,
2206 826 2287 852 mani-

1648 871 1736 895 festata
1756 872 1795 895 est
1808 877 1856 902 per
1869 870 2012 895 adventum
2033 870 2145 902 Spiritus
2160 871 2242 896 saneti
2254 871 2287 896 vt

1649 914 1698 939 458
1725 915 1756 939 48
1776 929 1810 932 -
1830 916 1896 940 facta
1915 918 1955 940 est
1968 922 2014 947 per
2033 922 2139 940 crucem
2154 915 2204 940 498
2224 922 2251 940 ν.
2269 915 2286 940 7

1647 958 1798 990 —impleta
1809 959 1882 984 estin
1893 959 2016 990 passione
2026 959 2120 985 Christi
2134 959 2178 984 Vll
2189 959 2241 984 545
2253 959 2286 985 24

1705 1016 1735 1020 —
1753 1002 1809 1028 Non
1829 1006 1868 1028 est
1887 1002 2050 1028 meritorium
2078 1010 2146 1034 opus
2165 1003 2286 1033 iustitiae,

1647 1046 1696 1070 nisi
1715 1046 1759 1070 fiat
1777 1052 1809 1071 ex
1836 1052 1926 1071 amore
1951 1046 2063 1071 iustitiae
2092 1046 2125 1071 Vl
2155 1047 2205 1071 440
2225 1053 2251 1072 ν.
2272 1046 2281 1071 4

1647 1089 1750 1115 Veritas
1780 1089 1892 1114 iustitiae
1919 1090 2065 1115 necessaria
2096 1092 2135 1115 est
2164 1090 2287 1122 praelatis

1647 1133 1698 1158 607
1718 1140 1744 1158 v.
1766 1134 1798 1158 43
1816 1148 1851 1151 -—
1871 1134 1967 1159 lustitia
1981 1137 2020 1159 est
2032 1134 2178 1159 necessaria
2197 1134 2286 1167 quoad

1647 1177 1795 1209 proximum
1816 1177 1858 1203 Vll
1880 1177 1908 1202 44
1927 1178 1977 1203 433
1991 1192 2026 1196 -
2040 1178 2101 1203 Sine
2119 1178 2231 1204 iustitiae
2242 1177 2287 1204 ob·

1646 1221 1777 1246 servantia
1805 1221 1931 1253 sapientia
1959 1221 2051 1247 haberi
2078 1229 2130 1247 non
2149 1225 2234 1254 potest
2254 1222 2287 1248 VI

1648 1265 1699 1290 440
1719 1273 1745 1290 ν.
1767 1265 1776 1290 4

1699 1324 1734 1327 -
1754 1309 1866 1335 iustitiae
1880 1311 1992 1336 fructum
2005 1310 2117 1336 seminat
2128 1310 2283 1341 concordia,

1647 1354 1768 1385 patefacit
1786 1357 1812 1379 et
1834 1354 1955 1386 provehit
1977 1354 2128 1385 clementia,
2147 1356 2285 1380 conservat

1647 1397 1784 1429 patientia,
1805 1398 1998 1429 perseverantia
2021 1398 2148 1430 recolligit
2166 1398 2209 1423 Vll
2233 1397 2279 1424 344

1647 1442 1679 1466 49
1699 1455 1733 1460 -
1753 1442 1799 1467 Per
1819 1443 1965 1474 profectum
1979 1442 2092 1468 iustitiae
2104 1442 2285 1468 reaedificatur

1647 1486 1774 1518 templum
1794 1486 1897 1512 animae
1918 1486 1948 1511 Vl
1969 1485 2020 1511 550
2051 1486 2083 1511 40
2108 1500 2143 1504 -
2169 1485 2285 1519 undique

1647 1530 1762 1561 animam
1788 1531 1902 1562 protegit
1921 1530 1972 1556 442
1991 1537 2017 1556 ν.
2048 1531 2080 1555 49
2098 1543 2134 1549 -
2155 1530 2236 1556 nutrit
2260 1533 2286 1556 et

1646 1577 1800 1606 augmentat
1818 1575 1870 1600 557
1890 1575 1905 1600 3
1926 1588 1960 1593 -
1979 1574 2054 1600 Panis
2074 1574 2185 1600 iustitiae
2203 1573 2287 1600 reficit

1647 1618 1796 1644 laborantes
1815 1619 1867 1644 565
1882 1620 1897 1644 2
1910 1632 1945 1638 -
1958 1619 2035 1655 Panis
2054 1618 2167 1644 iustitiae
2185 1621 2225 1644 est
2243 1625 2286 1650 pa·

1647 1663 1687 1688 nis
1700 1663 1869 1688 servientium
1881 1662 1917 1689 ib.
1931 1664 1946 1688 5
1959 1677 1994 1681 —
2004 1663 2080 1688 Panis
2099 1662 2212 1688 iustitiae
2224 1669 2286 1688 cum

1647 1707 1776 1732 suavitate
1797 1706 1945 1732 refectionis
1968 1706 2047 1732 habet
2064 1706 2232 1738 asperitatem
2252 1706 2285 1731 la-

1649 1750 1720 1776 boris
1739 1749 1802 1776 ibid.

1700 1808 1736 1813 —
1750 1793 1894 1820 Retributio
1914 1793 2026 1820 iustitiae
2044 1794 2069 1819 in
2089 1793 2219 1826 praesenti
2244 1800 2287 1826 ap·

1648 1841 1722 1871 paret
1740 1839 1852 1864 deficere
1876 1842 1985 1870 propter
2004 1838 2133 1864 malorum
2159 1838 2287 1864 exaltatio-

1647 1890 1707 1909 nem
1716 1902 1723 1915 ,
1737 1887 1845 1917 propter
1859 1882 1989 1909 bonorum
2003 1882 2215 1915 depressionem,
2229 1889 2287 1915 pro-

1648 1931 1705 1960 pter
1719 1930 1891 1960 utrorumque
1905 1927 2125 1953 indistinctionem
2136 1926 2169 1952 Vl
2183 1926 2216 1952 67
2230 1933 2256 1952 v.
2271 1927 2286 1952 9

1646 1986 1682 1992 -
1700 1973 1809 2004 Propter
1828 1972 1958 1998 defectum
1978 1971 2156 1997 retributionis
2175 1971 2287 1997 iustitiae

1647 2020 1811 2043 assecuratur
1825 2017 1904 2042 homo
1923 2016 1950 2042 in
1964 2016 2032 2042 malo
2052 2018 2077 2041 et
2090 2018 2174 2048 torpet
2187 2015 2221 2041 ad
2241 2014 2287 2041 bo-

1648 2068 1712 2086 num
1733 2061 1766 2085 87
1786 2068 1811 2086 v.
1832 2061 1841 2085 4
2080 2090 2081 2093 ¹

1701 2119 1736 2123 —-
1755 2105 1811 2130 Non
1830 2105 1926 2137 patitur
1945 2105 2010 2131 ordo
2038 2105 2143 2131 divinae
2160 2104 2286 2135 iustitiae,

1648 2151 1676 2174 ut
1694 2149 1735 2174 vel
1755 2149 1789 2174 ad
1808 2152 1971 2175 momentum
1991 2149 2024 2175 sit
2043 2150 2120 2181 culpa
2133 2149 2188 2175 sine
2201 2155 2286 2181 poena

1648 2193 1682 2218 Vl
1703 2193 1752 2218 439
1774 2200 1798 2218 ν,
1818 2192 1835 2218 7
1854 2206 1889 2212 —
1910 2193 2022 2219 lustitiae
2041 2193 2114 2225 rigor
2133 2192 2212 2219 debet
2228 2199 2286 2219 esse

1647 2240 1768 2269 respectu
1787 2237 1879 2269 culpae
1899 2237 1942 2262 Vll
1968 2237 2020 2263 242
2040 2238 2068 2262 84
2092 2252 2127 2255 -
2146 2236 2235 2264 Cessat
2255 2236 2287 2262 ri-

1649 2289 1697 2313 gor
1716 2281 1842 2312 iustitiae,
1861 2289 1921 2307 cum
1952 2282 2021 2307 Deus
2050 2281 2162 2307 absolvit
2180 2282 2207 2307 in
2230 2282 2286 2307 foro

1648 2326 1844 2361 misericordiae
1871 2326 1903 2351 Vl
1932 2325 1983 2351 574
2012 2333 2038 2351 ν.
2063 2326 2096 2351 40
2114 2340 2149 2344 -
2176 2326 2214 2351 sic
2241 2324 2287 2351 ab·

1648 2370 1725 2396 solvit
1744 2377 1758 2395 a
1779 2370 1870 2402 culpa,
1890 2373 1918 2395 ut
1937 2373 2023 2396 tamen
2052 2377 2103 2396 non
2123 2370 2167 2396 det
2185 2369 2286 2395 liberta-

1649 2419 1701 2441 tem
1720 2414 1848 2440 redeundi
1868 2414 1902 2439 ad
1920 2415 2025 2446 eulpam
2045 2414 2097 2440 355
2121 2414 2150 2440 42
2167 2427 2203 2433 -
2222 2413 2286 2439 exci-

1648 2462 1716 2485 tatur
1735 2459 1769 2484 ad
1789 2458 1932 2484 vindictam
1962 2461 2069 2490 propter
2097 2465 2217 2484 summae
2242 2457 2285 2482 ini·

1647 2503 1753 2537 quimus
1773 2502 1911 2534 perfidiam
1931 2503 1974 2528 vn
1995 2502 2045 2528 440
2066 2503 2099 2528 54
2205 2495 2211 2500 '

1701 2561 1734 2565 -—
1753 2546 1842 2573 divina
1861 2546 1948 2578 arguit
1967 2546 2131 2578 peccatorem
2153 2546 2179 2571 in
2199 2546 2286 2571 futuro

1649 2592 1750 2617 V1606
1773 2592 1781 2616 4
1818 2604 1848 2609 -
1879 2591 1925 2616 Per
1953 2591 2189 2617 considerationem
2217 2590 2287 2616 iusti·

1647 2636 1697 2662 tiae
1716 2637 1829 2661 offensae
1858 2635 1992 2661 descendit.
2019 2638 2141 2667 peccator
2165 2634 2199 2660 ad
2227 2640 2287 2666 poe-

1647 2680 1780 2706 nitentiam
1800 2680 1851 2705 560
1871 2687 1898 2705 v.
1919 2680 1934 2704 2
1954 2694 1988 2697 -
2003 2679 2051 2711 Qui
2072 2679 2145 2704 timet
2162 2678 2286 2704 iustitiam

1647 2723 1725 2749 debet
1752 2723 1893 2755 implorare
1922 2723 2128 2748 misericordiam
2157 2721 2191 2747 ib.
2216 2721 2231 2746 3
2251 2734 2286 2740 —

1648 2768 1685 2793 De
1703 2767 1792 2793 divina
1811 2767 1906 2793 iustitia
1936 2770 1975 2792 est
2003 2766 2148 2792 timendum
2169 2764 2229 2791 ibid.
2252 2778 2287 2783 —

1648 2812 1686 2837 Ad
1715 2812 1880 2843 arguendum
1910 2810 2066 2843 proponitur
2089 2809 2220 2841 peccatori
2248 2809 2287 2834 di-

1648 2856 1732 2887 gnitas
1761 2856 1865 2881 divinae
1892 2855 2004 2888 iustitiae
2031 2854 2083 2878 606
2112 2854 2126 2878 3
2156 2866 2190 2872 -
2217 2853 2287 2879 Deus

1648 2900 1724 2926 iudex
1745 2900 1857 2925 maxime
1881 2899 2018 2924 ulciscetur
2037 2904 2146 2923 suorum
2165 2897 2286 2923 iniuriam

1650 2944 1691 2969 Vll
1713 2943 1757 2969 454
1783 2944 1798 2968 9
1818 2956 1853 2961 -
1871 2944 2003 2974 exspectat
2020 2944 2166 2974 peccantes,
2185 2942 2231 2968 sed
2252 2941 2286 2967 iu-

1648 2987 1716 3013 dicio
1735 2987 1889 3012 imminente
1908 2986 1959 3011 iam
1978 2986 2091 3017 amplius
2119 2986 2182 3012 nolit
2199 2992 2287 3017 exspe-

1649 3034 1720 3056 ctare
1739 3029 1773 3056 ib.
1794 3031 1825 3055 40
1845 3043 1879 3048 -
1899 3030 2023 3055 Praesens
2042 3030 2156 3056 mundus
2171 3029 2286 3055 iudican-

1649 3075 1699 3100 dus
1719 3077 1757 3100 cst
1776 3074 1872 3099 iudicio
1893 3074 2002 3099 iustitiae
2022 3074 2053 3100 Vl
2075 3075 2119 3099 444
2144 3081 2170 3099 v.
2191 3074 2200 3098 4

1703 3119 1824 3144 ΙυνεΝτυε
1843 3132 1877 3137 -
1896 3121 1934 3144 est
1953 3121 2057 3150 tempus
2076 3117 2171 3144 laboris
2191 3118 2224 3143 Vl
2250 3117 2283 3142 89

1650 3170 1676 3188 ν,
1696 3163 1711 3187 6
1730 3175 1765 3181 -
1785 3163 1809 3187 1η
1824 3162 1958 3188 iuventute
1970 3162 2120 3195 quaerenda
2133 3164 2172 3188 est
2184 3161 2286 3192 sapien-

1651 3207 1685 3232 tia
1705 3206 1754 3231 468
1775 3213 1801 3231 ν.
1821 3207 1835 3232 2
1856 3221 1890 3224 -
1909 3206 2011 3232 luvenis
2030 3205 2110 3232 dehet
2135 3204 2286 3231 meminisse

1652 3250 1705 3282 Dei,
1725 3250 1829 3276 laudem
1849 3254 1874 3276 et
1892 3250 2082 3277 confessionem
2101 3249 2125 3275 ei
2144 3248 2231 3274 dando
2251 3247 2284 3272 92

1651 3302 1677 3320 v.
1700 3295 1707 3319 4
1731 3308 1766 3314 -
1785 3296 1883 3321 Sensus
1902 3294 2003 3320 iuvenis
2023 3293 2107 3325 magis
2121 3291 2232 3324 percipit
2243 3290 2286 3316 de-

1651 3339 1812 3365 lectationem
1832 3346 1912 3372 quam
1932 3345 2023 3365 senum
2045 3337 2089 3363 424
2115 3343 2142 3362 ν.
2162 3336 2177 3361 6
2197 3348 2231 3354 -
2250 3335 2286 3360 sa-

1650 3382 1685 3409 eit
1704 3383 1835 3409 hominem
1855 3382 1994 3409 amabilem
2014 3381 2065 3408 529
2084 3380 2117 3406 52
