2476 3921
9 510 96 534 irertium
115 515 148 531 ar-

10 539 141 574 gamonium.

7 705 149 745 &nominitan-

7 766 9 772 .
17 749 138 772 similitudo.

29 1946 142 1974 ,Subditur

27 1973 145 2002 adaptatio.

763 199 958 233 COMMENT.
984 198 1021 231 nv
1045 197 1287 231 EVANGELlUM
1311 198 1429 231 Lucis
1453 199 1485 231 e.
1511 200 1571 232 xii.
2094 202 2153 235 321

165 293 290 333 oportet
320 289 480 323 sollicitari
511 289 550 322 de
581 289 681 331 ipsius
712 287 855 331 corporis
877 296 1045 326 mensura,
1078 285 1132 319 sed

166 347 215 377 est
238 343 333 376 homo
356 345 524 376 contentus
546 351 583 376 ea
607 351 703 384 quam
730 341 882 374 Dominus
905 339 1008 380 dedit;
1032 349 1133 382 quare

167 406 230 430 non
254 396 399 429 similiter
423 395 462 428 de
484 395 632 428 alimonia
655 394 864 428 extrinseca?

257 449 309 482 39.
335 449 437 489 (Vers.
463 450 541 489 27).
569 447 782 481 Considerate
805 446 878 480 lilia
902 452 961 480 etc.
994 446 1047 480 Hic
1071 447 1133 480 iam

166 503 261 536 tertio
283 502 389 535 sumit
412 506 652 544 argumentum
679 501 718 534 de
748 500 928 544 vegetabili.
963 500 1000 533 Et
1031 500 1134 543 primo

166 555 340 599 praemittit
370 554 625 588 similitudinem
654 553 858 593 sensibilem,
887 553 999 587 deinde
1027 553 1135 587 subdit

167 608 426 651 adaptationem.

256 661 430 694 Praemittit
454 670 530 703 ergo
553 660 827 699 similitudinem,
845 669 917 693 cum
935 659 1030 693 dicit:
1051 660 1133 693 Con-

165 714 311 748 siderate
327 714 399 748 lilia
421 714 502 757 apr-i
515 715 544 754 ¹,
567 714 730 757 quomodo
753 716 929 751 crescunt;
952 723 1020 746 non
1043 713 1132 746 labo-

166 771 249 801 rant
271 777 373 811 neque
396 771 481 800 nent.
513 766 718 800 Ambrosius:
747 779 763 795 «
780 767 894 808 Aperta
917 766 1131 808 comparatio;

167 821 231 854 lilia
245 830 319 860 non,
333 820 415 854 sicut
427 820 523 853 ceteri
535 820 670 858 fructus,
687 819 824 862 aliquem
841 819 1052 862 agricolarum
1066 820 1133 852 cul-

166 877 235 908 tum
259 873 478 916 requirunt»;
502 873 587 906 unde
618 872 687 915 ipsa
718 876 866 905 crescunt
897 881 959 905 non
992 873 1133 905 humano

166 927 287 966 studio,
312 927 366 960 sed
389 926 495 959 divino
518 926 668 968 imperi0,
693 926 778 968 quod
801 925 911 958 datum
932 926 992 958 suit
1007 926 1047 958 ab
1064 926 1132 968 ipso

165 980 275 1014 mundi
306 980 459 1019 exordi03
491 979 618 1013 Genesis
649 979 800 1022 prim02:
831 979 1023 1012 «Germinet
1046 983 1133 1012 terra

166 1034 297 1067 herbam
322 1034 475 1066 virentem
491 1046 506 1062 ι)
536 1036 595 1068 etc.
621 1052 666 1060 ψ-
690 1033 727 1065 Et
751 1033 826 1076 quia
849 1042 930 1075 opus
945 1033 1060 1066 summi
1078 1033 1133 1065 Ar-

166 1087 259 1121 tificis
289 1090 337 1121 est
369 1087 579 1120 excellentius
610 1087 695 1120 omni
727 1096 823 1129 opere
855 1087 1014 1120 humanae
1036 1086 1133 1126 artis,

165 1141 235 1174 ideo
259 1140 365 1174 addit:
392 1140 472 1174 Dico
497 1144 610 1173 autem
632 1140 743 1180 vobis,
768 1140 876 1184 quia³
900 1150 959 1173 nec
977 1140 1134 1173 Salomon

166 1195 202 1228 in
234 1194 327 1227 omni
355 1194 469 1237 yloria
500 1203 566 1226 sua
598 1194 819 1232 vestiebatur,
842 1194 931 1227 sicut
955 1204 1062 1226 unum
1093 1204 1133 1227 ex

167 1247 265 1286 istis;
289 1250 320 1280 et
344 1250 448 1280 tamen
473 1247 618 1280 Salomon
642 1247 727 1280 circa
749 1250 897 1280 ornatum
921 1247 1056 1280 vestium
1074 1247 1134 1280 fuit

166 1300 418 1340 curiosissimus,
443 1300 538 1334 simul
562 1300 682 1334 habens
706 1301 918 1340 voluntatem,
944 1300 1132 1334 industriam

166 1357 198 1387 et
220 1354 402 1387 facultatem
426 1354 465 1386 ad
489 1354 666 1387 ornandum
692 1363 735 1387 se.
761 1354 847 1387 Unde
870 1354 909 1387 de
933 1354 1000 1396 ipso
1016 1354 1133 1387 dicitur

167 1407 252 1441 tertii
276 1408 394 1450 Regum
418 1407 587 1440 decimo4:
617 1420 633 1436 «
649 1407 764 1440 Videns
788 1408 897 1450 regina
912 1408 992 1440 Saba
1008 1416 1132 1440 omnem

166 1461 351 1503 sapientiam
377 1460 551 1493 Salomonis
574 1463 606 1493 et
630 1460 809 1493 habitacula
837 1469 1002 1494 servorum
1027 1463 1059 1494 et
1081 1470 1133 1493 or-

166 1514 255 1547 dines
278 1513 525 1547 ministrantium
559 1517 590 1546 et
621 1516 724 1547 vestes
755 1523 885 1553 eorum,
909 1523 972 1546 non
996 1514 1133 1547 habebat

165 1567 251 1600 ultra
274 1567 423 1610 spiritum
440 1579 471 1606 »ς
500 1569 532 1600 et
555 1567 631 1606 hoc,
647 1567 723 1609 quia
739 1567 928 1609 peritissime
951 1567 1057 1600 omnia
1079 1576 1132 1600 or-

165 1621 328 1654 dinaverat
350 1620 525 1654 secundum
542 1621 714 1654 humanam
731 1620 938 1660 industriam;
956 1621 1010 1654 sed
1027 1624 1132 1654 tamen

166 1674 317 1717 operibus
340 1677 371 1707 et
395 1674 570 1707 industriae
600 1678 752 1714 naturae,
777 1683 859 1716 quae
882 1677 930 1707 est
953 1683 1034 1716 opus
1057 1674 1132 1714 Dei,

166 1727 296 1770 aequari
328 1737 389 1760 non
414 1730 548 1770 poterat.
573 1728 660 1761 Unde
684 1727 811 1761 Beda⁵:
841 1740 857 1756 «
874 1728 960 1769 Quae
985 1737 1133 1770 purpura

166 1790 297 1824 regum,
322 1790 404 1824 quae
427 1781 552 1824 pictura
575 1781 749 1814 textricum
770 1784 874 1823 potest
897 1781 1031 1814 floribus
1047 1790 1133 1814 com-

166 1834 273 1877 parari
289 1837 325 1867 »t

255 1888 308 1920 40.
335 1887 437 1929 (Vers.
462 1887 540 1929 28.)ο
566 1887 684 1920 Deinde
708 1890 778 1929 post
802 1887 1039 1921 similitudinem
1057 1888 1133 1921 sub-

164 1939 210 1972 dit
233 1940 483 1983 adaptationem
506 1943 537 1973 et
561 1939 656 1973 infert
680 1940 942 1973 conclusionem:
966 1940 1004 1973 Si
1019 1944 1131 1973 autem

164 1991 320 2035 foenum,
338 1993 426 2036 quod
442 1991 537 2025 bodie
552 1996 599 2025 est
616 1992 651 2025 in
667 2002 752 2036 ayro
769 1997 799 2026 et
814 2003 893 2026 cras
910 1994 945 2026 in
962 1993 1132 2026 clibanum

165 2045 320 2085 mittitur,
345 2045 376 2078 id
400 2049 465 2085 est,
490 2045 552 2079 cito
574 2046 762 2086 marcescit;
794 2046 981 2080 Psalmusss:
1011 2060 1028 2076 «
1044 2047 1133 2080 Fiant

165 2098 248 2132 sicut
269 2098 396 2132 foenum
421 2102 596 2138 tectorum,
621 2099 724 2142 quod,
749 2100 935 2142 priusquam
958 2100 1130 2138 evellatur,

164 2152 292 2185 exaruit
307 2164 339 2191 »;
363 2155 394 2185 et
410 2152 510 2185 Iacobi
527 2153 648 2195 primo:
671 2166 687 2182 α
705 2154 844 2186 Exortus
865 2157 912 2186 est
928 2153 975 2186 sol
991 2162 1064 2186 cum
1080 2162 1131 2185 ar-

165 2205 241 2239 dore
265 2209 296 2239 et
319 2206 449 2239 arefecit
472 2206 617 2246 foenum,
635 2210 667 2240 et
690 2207 750 2240 ssos
773 2207 843 2240 eius
865 2206 998 2246 decidit,
1023 2209 1054 2239 et
1076 2206 1130 2239 de-

164 2267 219 2292 cor
235 2259 344 2292 vultus
359 2259 429 2293 eius
444 2259 579 2302 deperiit
593 2273 625 2300 »3
645 2260 731 2293 Deus
746 2260 796 2293 sic
811 2260 924 2298 vestit,
942 2260 1054 2302 pulcro
1071 2259 1132 2292 sci-

164 2311 237 2344 licet
259 2315 374 2345 ornatu
395 2315 426 2346 et
442 2312 577 2346 decoro:
607 2326 623 2342 α
640 2314 708 2355 lpse
724 2313 811 2346 color
826 2313 942 2346 dicitur
964 2312 1130 2345 vestimen-

237 2475 246 2491 ¹
265 2476 317 2503 Csr.
336 2484 417 2509 supra
437 2484 498 2509 pag.
519 2478 585 2510 319,
603 2481 663 2504 nota
684 2479 710 2504 ὅ.
729 2492 765 2498 --
784 2479 915 2505 Sententia
934 2478 1080 2511 Ambrosii,
1099 2479 1133 2504 al-

165 2521 249 2553 legata
269 2521 416 2547 secundum
435 2521 555 2547 Glossam
574 2521 761 2555 ordinariam,
781 2522 893 2548 liabetur
907 2523 960 2549 Vll.
973 2522 999 2548 in
1012 2523 1074 2549 Luc.
1091 2523 1131 2548 12.

165 2573 191 2592 n.
212 2559 271 2591 ⁴27.

236 2608 247 2624 ²
268 2610 341 2636 Vers.
364 2611 373 2635 l
385 2610 405 2636 l.

236 2652 248 2667 ⁸
267 2655 302 2680 lta
321 2654 399 2680 etiam
419 2653 497 2681 Card.
515 2655 608 2686 nugo,
627 2655 656 2681 B.
675 2655 788 2688 Albert„
808 2656 835 2682 S.
853 2657 949 2682 Thorn.
969 2655 1033 2689 (Cat.
1052 2663 1130 2682 aurea

166 2698 191 2723 in
210 2698 272 2724 Luc.
294 2699 335 2724 ⁴2.
355 2706 382 2724 n.
401 2698 437 2731 8.)
458 2701 484 2724 et
502 2699 638 2731 [γι-3335,
659 2700 771 2732 Vulgata
791 2703 817 2726 et
835 2701 892 2726 Vat.
913 2700 1036 2726 omittunt
1049 2700 1131 2734 quam

165 2743 211 2769 etr.
230 2743 317 2769 Matth.
337 2744 368 2776 6,
387 2744 436 2775 29,
456 2743 503 2769 ubi
521 2744 628 2776 ponitur
647 2744 778 2778 quoniam
796 2752 845 2772 nec
864 2744 996 2772 Salomon
1015 2748 1064 2771 etc.

236 2786 248 2802 ⁴
266 2788 342 2813 Vers.
362 2787 385 2813 4.
405 2790 431 2813 et
450 2787 475 2813 5.
493 2802 529 2806 —
548 2789 656 2815 inferius
675 2797 725 2821 pro
743 2791 768 2816 el
791 2789 855 2822 ltoc,
882 2789 947 2824 quia
969 2788 1132 2823 peritissime

166 2831 259 2858 omnia
279 2832 338 2857 Vat.
355 2833 381 2858 et
399 2831 464 2858 haec
482 2831 576 2859 omnia
593 2832 820 2867 inaeniosz'ssime,
843 2842 913 2868 quae
926 2835 1004 2860 etiam
1018 2833 1131 2860 subinde

165 2884 214 2909 pro
232 2875 348 2909 aequari
366 2875 501 2902 substituit
518 2883 646 2911 aequare.

236 2919 247 2934 ⁶
266 2919 336 2946 Libr.
354 2920 398 2946 lv.
416 2920 442 2946 in
460 2921 523 2947 Luc.
543 2922 592 2953 1l2,
611 2922 661 2954 27,
680 2922 726 2956 qui
745 2923 865 2956 sequitur
884 2923 1005 2954 Hieron„
1020 2924 1036 2949 l.
1056 2923 1131 2949 Com-

165 2967 246 2991 ment.
263 2965 289 2990 in
309 2965 396 2990 Mattli.
417 2965 446 2998 6,
466 2966 558 2992 28-30.

236 3007 248 3022 ⁶
267 3009 362 3034 Psalm.
382 3009 448 3041 ⁴28,
468 3010 499 3040 6,
519 3013 579 3042 post
596 3018 677 3044 quem
703 3009 752 3038 lac.
779 3013 804 3044 Ἰ,
831 3013 873 3038 Η.
891 3026 928 3032 -
946 3013 1036 3038 Glossa
1062 3012 1132 3039 ordi-

164 3052 246 3079 naria
264 3053 290 3078 in
311 3053 397 3079 ltlatth.
418 3054 449 3086 6,
468 3055 520 3080 30:
540 3054 610 3082 Cras
629 3055 658 3082 in
670 3055 809 3082 clibanum
828 3060 877 3083 etc.
898 3057 966 3084 Cras
980 3059 1130 3090 profuturo

165 3097 271 3130 ponitur
291 3097 316 3123 in
337 3098 492 3131 Scripturis,
511 3099 616 3125 dicente
630 3099 713 3126 'lacob
731 3099 811 3134 [Gen.
837 3101 886 3132 30,
906 3101 976 3135 33.]:
996 3100 1133 3128 Exaudiet

165 3148 208 3167 me
226 3148 290 3168 cras
308 3141 411 3168 iustitia
430 3149 491 3168 mea
510 3143 555 3175 [ita
575 3143 703 3178 Ilieron.].
723 3145 755 3170 ln
774 3144 912 3171 clibanum
937 3145 1069 3177 mittitur,
1088 3146 1130 3172 3111

165 3185 225 3212 libri
244 3185 358 3212 habent:
377 3186 403 3212 in
422 3186 527 3218 ignem,
545 3188 587 3213 vel
612 3188 640 3213 in
665 3195 807 3222 acervum,
834 3190 881 3222 qui
909 3189 989 3216 habet
1013 3190 1130 3222 speciem

165 3229 269 3256 clibani.

237 3272 247 3287 ⁷
268 3274 302 3299 lta
321 3274 411 3300 Glossa
431 3274 574 3301 ordinaria
593 3276 618 3301 in
637 3276 700 3302 Luc.
721 3277 769 3308 12,
788 3277 837 3303 27:
856 3278 914 3309 lpse
938 3278 1010 3304 color
1034 3278 1130 3304 dicitur

166 3318 352 3344 vestimentum
372 3319 457 3352 noris,
476 3319 544 3345 sicut
561 3319 673 3346 dicitur:
693 3321 803 3353 Operuit
822 3321 901 3348 istum
917 3321 1000 3348 rubor
1013 3322 1075 3357 [ct'r.
1087 3323 1129 3348 Ps.

166 3362 216 3394 68,
235 3363 269 3388 8:
297 3362 406 3395 Operuit
434 3364 551 3390 confusio
580 3364 673 3390 faciem
703 3365 809 3400 meamJ.
830 3380 864 3385 —
883 3366 904 3392 Α
924 3367 982 3393 Vat.
1001 3367 1129 3399 allegatur

274 3415 304 3442 S.
319 3416 422 3443 Bonav.
433 3430 469 3436 -
481 3417 557 3443 Tom.
571 3417 624 3444 Vll.

1198 289 1267 319 tum
1291 286 1379 319 ssoris
1392 287 1404 306 ⁷
1421 300 1452 319 ιι.
1471 306 1512 310 -
1532 288 1664 328 Quanto
1686 289 1796 331 mayis
1812 299 1884 328 vos,
1899 289 2042 331 pusillae
2057 289 2160 331 fidei?

1198 339 1229 372 id
1253 342 1310 378 est,
1335 343 1454 381 quanto
1478 341 1576 383 magis
1600 351 1655 374 vos
1680 342 1808 381 vestiet,
1833 342 1925 375 etiam
1951 343 1976 375 si
2001 343 2159 376 modicum

1199 392 1375 425 habueritis
1398 392 1436 425 de
1460 393 1539 432 fide,
1563 394 1639 436 quia
1663 397 1725 427 tam
1758 395 1878 428 ratione
1909 399 2041 429 naturae
2065 406 2160 439 quam

1199 444 1321 478 ratione
1344 445 1416 478 fidei
1441 447 1638 488 praecellitis.
1664 448 1750 481 Unde
1774 449 1865 481 Petro
1880 449 1919 482 de
1936 450 2160 491 omnipotentia

1199 498 1230 531 in
1255 501 1440 540 tempestate
1462 498 1618 532 dubitanti
1635 500 1752 533 dicitur
1768 501 1911 534 Matthaei
1927 502 2049 534 decimo
2065 512 2161 544 quar-

1199 551 1279 584 to⁸z
1309 551 1477 585 «Modicae
1509 552 1598 591 fidei,
1631 563 1731 595 quare
1761 554 1910 587 dubitasti
1929 559 1966 587 n?
1996 556 2160 589 Modicam

1197 604 1297 647 fidem
1321 605 1416 638 habet
1439 605 1477 638 de
1502 606 1655 647 regimine
1688 610 1837 648 paternae
1861 608 2075 649 providentiae
2105 610 2160 651 qui

1198 657 1287 690 timet
1311 658 1451 700 quotidie
1475 658 1556 691 mori
1588 658 1688 698 same;
1722 660 1908 694 Psalmus⁰:
1938 675 1952 690 a
1971 662 2036 694 Non
2061 662 2162 695 credi-

1197 710 1314 743 derunt
1336 711 1367 743 in
1393 711 1457 744 Deo
1485 720 1542 744 nec
1574 717 1784 754 speraverunt
1815 714 1846 746 in
1879 715 2008 747 salutari
2040 716 2108 748 eius
2131 729 2160 754 »ς

1197 767 1228 797 et
1251 764 1418 806 sequitur:
1449 778 1464 794 «
1482 765 1517 797 Et
1541 765 1701 798 mandavit
1724 767 1863 800 nubibus
1890 768 2026 810 desuper
2055 772 2086 801 et
2118 769 2161 802 ia-

1197 827 1277 850 nuas
1301 818 1376 851 caeli
1402 818 1548 860 aperuit,
1581 822 1611 852 et
1640 819 1721 861 pluit
1744 820 1804 853 illis
1829 830 1943 853 manna
1966 821 2005 854 ad
2030 822 2161 855 mandu-

1197 870 1333 903 candum
1350 884 1366 900 »
1395 874 1452 904 etc.
1478 871 1508 904 Si
1525 872 1597 914 quis
1617 872 1714 915 igitur
1739 882 1832 906 verae
1849 873 1918 906 fidei
1937 878 1994 913 est,
2012 875 2161 914 credens,

1197 924 1302 956 omnia
1324 924 1495 967 gubernari
1513 934 1652 968 superna
1667 927 1883 968 providentia;
1906 937 1978 960 cum
1996 928 2161 970 providen-

1198 977 1241 1010 tia
1264 977 1319 1010 Dei
1344 978 1496 1011 maiorem
1521 987 1630 1011 curam
1663 983 1752 1021 gerat
1783 983 1814 1013 et
1845 989 1955 1022 gerere
1984 981 2096 1014 debeat
2123 982 2161 1015 dc

1197 1030 1457 1072 pretiosioribus,
1481 1031 1678 1074 dignioribus
1701 1037 1732 1066 et
1755 1033 2019 1073 mirabilioribus,
2049 1035 2087 1068 de
2111 1045 2160 1068 ra-

1197 1084 1368 1117 tionalibus
1392 1094 1487 1127 quain
1512 1085 1551 1119 de
1579 1086 1815 1120 irrationalibus
1847 1088 1896 1120 vel
1919 1088 1957 1120 de
1982 1089 2160 1130 vegetabili-

1198 1137 1276 1177 bus;
1294 1142 1325 1171 et
1341 1139 1379 1172 de
1396 1139 1446 1172 his
1463 1139 1544 1182 gerit
1561 1140 1653 1173 talem
1671 1141 1916 1183 providentiam,
1942 1142 2025 1184 quod
2049 1143 2092 1175 nil
2117 1143 2161 1175 eis

1198 1191 1306 1225 deest:
1332 1193 1433 1225 multo
1456 1193 1562 1226 minus
1586 1202 1661 1236 ergo
1682 1194 1889 1227 dubitandum
1905 1195 1930 1214 ¹⁰
1953 1195 1991 1228 de
2015 1196 2064 1228 his
2080 1205 2161 1238 quae

1198 1248 1341 1287 spectant
1363 1245 1403 1278 ad
1427 1246 1566 1288 regimen
1596 1247 1749 1286 hominis,
1774 1251 1922 1290 tanquam
1948 1249 2159 1290 pretiosioris,

1197 1298 1337 1331 melioris
1361 1302 1392 1331 et
1415 1299 1566 1341 dignioris
1588 1299 1670 1332 inter
1687 1304 1807 1333 ceteras
1824 1305 2004 1341 creaturas,
2021 1302 2096 1344 quia
2112 1312 2162 1335 ra-

1198 1351 1321 1384 tionalis
1345 1355 1392 1384 est
1415 1355 1446 1385 et
1469 1352 1507 1384 ad
1531 1353 1697 1395 imaginem
1723 1353 1776 1386 Dei
1801 1354 1911 1387 sactus.
1931 1355 1982 1387 Est
1998 1355 2094 1397 igitur
2111 1365 2162 1388 ra-

1197 1405 1241 1437 tio
1265 1405 1324 1437 ista
1348 1405 1590 1447 irrefragabilis,
1615 1406 1707 1448 quia,
1725 1407 1750 1439 si
1767 1407 1839 1448 quis
1855 1408 2049 1440 contrarium
2067 1409 2162 1441 buius

1198 1457 1298 1497 dicat,
1324 1457 1460 1490 destruit
1483 1458 1623 1500 regimen
1646 1459 1770 1492 divinae
1787 1460 2000 1502 providentiae
2025 1465 2055 1494 et
2078 1462 2162 1494 ordi-

1198 1519 1270 1543 nem
1295 1510 1446 1544 universi.
1473 1511 1508 1544 Et
1531 1511 1601 1544 ideo
1617 1521 1678 1545 non
1697 1516 1820 1545 tanturn
1841 1517 1888 1547 est
1912 1514 2051 1547 modicae
2073 1515 2161 1554 fidei,

1197 1573 1309 1597 verum
1334 1564 1427 1597 etiam
1452 1565 1733 1599 existimationis¹¹
1758 1575 1935 1609 perversae.

1287 1618 1340 1650 41.
1366 1618 1468 1659 (Vers.
1493 1619 1571 1659 29).
1598 1620 1637 1651 Et
1661 1629 1717 1652 vos
1748 1620 1845 1652 nolite
1876 1630 2054 1664 quaerere,
2079 1622 2162 1666 quid
2177 1624 2264 1654 Qum?-
2279 1629 2317 1651 ¹³⁶³r

2187 1656 2313 1677 promissum

1198 1671 1416 1704 manducetis.
1442 1672 1495 1705 Hic
1519 1676 1634 1714 quarto
1658 1677 1786 1706 revocat
1807 1683 1826 1706 a
1850 1674 2059 1708 sollicitudine
2091 1685 2164 1708 ava·
2173 1677 2325 1731 {lffgfflf

1198 1724 1289 1757 ritiae
1305 1734 1362 1767 per
1374 1726 1583 1768 promissum
1607 1726 1822 1759 desiderabile
1837 1727 1882 1766 ¹²;
1899 1728 1982 1761 circa
2003 1729 2087 1771 quod
2104 1730 2164 1762 tria

1197 1778 1463 1812 introducuntur:
1480 1778 1641 1812 dissuadet
1656 1780 1739 1813 enirn
1756 1780 1996 1814 sollicitudinem
2014 1782 2163 1816 avaritiae

1197 1836 1229 1865 et
1252 1832 1433 1875 cupiditatis
1456 1833 1668 1875 promittendo
1691 1833 1926 1877 sufficientiam
1949 1835 2081 1875 viatici,
2105 1847 2162 1869 su-

1194 1886 1480 1928 perexcellentiam
1500 1886 1649 1928 praemii
1671 1890 1703 1919 et
1725 1887 2076 1929 superabundantiam
2097 1888 2161 1922 tlte-

1197 1948 1308 1972 sauri.

1288 1991 1392 2025 Primo
1417 1992 1513 2034 igitur
1545 1992 1706 2025 dissuadet
1736 1993 1978 2027 sollicitudinem
2011 1995 2160 2028 avaritiae
2180 1996 2282 2018 Primum·

1198 2048 1230 2078 et
1246 2045 1426 2087 cupiditatis
1438 2045 1661 2088 promittendo
1676 2045 1910 2089 sufficientiam
1926 2047 2061 2087 viatici,
2086 2058 2158 2081 cuni

1196 2098 1292 2131 dicit:
1319 2099 1359 2130 Et
1376 2108 1431 2130 vos
1447 2098 1544 2131 nolite
1560 2108 1737 2141 quaerere,
1756 2099 1837 2142 quid
1854 2100 2078 2140 manducetis,
2096 2107 2158 2134 aut

1196 2151 1279 2195 quid
1302 2151 1440 2190 bibatis,
1465 2151 1608 2184 videlicet
1625 2155 1660 2184 ut
1677 2152 1781 2194 cupidi
1799 2156 1830 2185 et
1845 2153 1962 2186 curiosi
1979 2159 2156 2196 quaerunt,

1195 2208 1231 2237 ut
1255 2204 1416 2237 abundent
1432 2207 1463 2237 et
1478 2204 1672 2246 superbiant.
1687 2223 1729 2228 —
1748 2205 1818 2238 ldeo
1833 2205 1936 2238 addit:
1955 2208 1995 2240 Et
2010 2208 2107 2241 nolite
2125 2209 2160 2241 in

1194 2257 1333 2290 sublime
1356 2257 1443 2296 tolli,
1467 2267 1526 2300 pro
1549 2257 1756 2300 acquisitione
1786 2262 2007 2299 terrenorum3
2039 2262 2159 2303 primae

1194 2311 1234 2343 ad
1265 2311 1465 2344 Timotheum
1497 2310 1670 2344 ultimoffi:
1705 2312 1893 2346 «Divitibus
1917 2313 2014 2346 huius
2042 2315 2158 2347 saeculi

1197 2477 1278 2504 Beda.
1290 2491 1327 2497 —
1339 2478 1431 2504 Glossu
1450 2477 1652 2504 interlinearis:
1673 2478 1780 2510 Quanto
1800 2478 1902 2512 magis,
1922 2479 2028 2510 vestiet,
2049 2486 2094 2506 ros
2112 2487 2158 2514 pu-

1196 2521 1273 2548 sillae
1291 2521 1367 2557 fidei,
1387 2522 1433 2555 qui
1452 2522 1487 2547 ad
1507 2522 1647 2554 imaginem
1668 2522 1715 2548 Dei
1729 2523 1787 2548 tacti
1800 2523 1874 2555 estis,
1888 2523 1921 2548 ad
1935 2526 2039 2549 aeterna
2053 2525 2158 2550 vocati?

1268 2565 1279 2580 ⁸
1300 2567 1375 2592 Vers.
1394 2567 1439 2592 34.
1457 2581 1493 2586 —
1512 2567 1561 2592 Pro
1580 2566 1612 2592 de
1630 2566 1822 2601 omnipotentia
1844 2568 1900 2593 Vat.
1921 2567 1952 2594 de
1971 2568 2020 2594 Dei
2027 2568 2157 2602 potentia.

1267 2609 1279 2624 ⁹
1299 2612 1392 2637 Psalm.
1412 2611 1459 2642 77,
1480 2612 1522 2636 22.
1541 2614 1566 2636 et
1586 2612 1627 2636 23.
1647 2618 1702 2644 seq.

1269 2654 1291 2669 ¹⁰
1311 2656 1457 2688 Propositio
1477 2657 1541 2681 haec
1561 2656 1585 2680 in
1607 2655 1663 2680 Vnt.
1688 2659 1713 2681 ct
1738 2656 1816 2682 codd.
1842 2660 1897 2682 erat
1922 2661 2063 2690 corrupta;
2087 2658 2157 2683 unde

1197 2707 1228 2726 ex
1248 2700 1270 2726 D
1290 2700 1415 2733 (secunda
1436 2700 1525 2732 manu)
1546 2703 1605 2725 ante
1623 2699 1734 2726 credens
1753 2701 1937 2733 supplevimus
1955 2703 2007 2733 est,
2029 2706 2054 2727 et
2074 2702 2114 2728 bic
2128 2709 2157 2727 ex

1197 2746 1218 2770 11
1238 2743 1432 2776 dubitandum,
1457 2748 1483 2770 et
1504 2751 1566 2770 cum
1591 2744 1706 2770 CDGH
1732 2745 1870 2777 posuimus
1894 2745 1978 2773 multo
1999 2746 2088 2772 minus
2109 2753 2157 2778 pro

1196 2789 1282 2816 multo
1302 2789 1399 2823 maqis.
1418 2790 1438 2814 H
1459 2789 1534 2821 legit:
1556 2788 1623 2814 Cum
1649 2788 1732 2822 igitur
1757 2789 1906 2816 secundum
1931 2790 2010 2825 fidem
2034 2792 2158 2817 nostram

1197 2833 1290 2860 omnia
1314 2833 1499 2867 gubernentur
1527 2840 1648 2867 superna
1672 2832 1858 2867 providentia,
1881 2836 1907 2860 et
1924 2834 1972 2861 Dei
1989 2834 2155 2868 providentia

1197 2877 1357 2904 maiorem...
1376 2879 1400 2904 et
1418 2877 1450 2903 de
1468 2877 1509 2903 lits·
1528 2879 1607 2911 θοι-αἰ
1619 2877 1699 2904 talem
1709 2878 1923 2912 procidentiam,
1944 2878 2016 2913 quod
2033 2879 2102 2905 nihil
2120 2879 2157 2905 ei's

1198 2921 1287 2949 deest:
1307 2921 1393 2948 multo
1413 2921 1504 2948 minus
1523 2928 1588 2955 eryo
1607 2921 1639 2948 de
1657 2921 1713 2954 his,
1732 2930 1801 2957 quae
1813 2925 1961 2957 spectant...
1979 2922 2155 2950 dubitandum

1197 2968 1235 2993 est
1255 2967 1358 3000 [gerere
1377 2966 1590 2999 providentiaml.

1269 3010 1289 3024 ¹¹
1311 3011 1368 3036 Vat.
1388 3009 1608 3037 nominationis.

1268 3054 1290 3069 ¹¹
1309 3055 1360 3082 Csr.
1380 3062 1460 3087 supra
1479 3062 1506 3080 n.
1525 3056 1568 3081 21.

1268 3098 1290 3114 ¹⁸
1309 3100 1383 3125 Vers.
1408 3099 1452 3131 17,
1471 3099 1543 3132 quod
1563 3100 1683 3131 August,
1704 3101 1788 3126 Serm.
1807 3101 1849 3126 61.
1874 3101 1946 3133 (alias
1972 3101 1997 3126 ὃ.
2016 3100 2049 3126 de
2068 3100 2156 3126 verbis

1196 3144 1311 3177 Domini)
1330 3151 1354 3170 c.
1374 3144 1398 3169 9.
1417 3151 1444 3169 n.
1465 3143 1507 3169 lO.
1526 3150 1659 3176 exponens
1678 3144 1758 3170 dicit:
1781 3145 1848 3170 Nihil
1867 3145 1937 3170 enim
1956 3148 2007 3175 est,
2027 3145 2099 3177 quod
2119 3145 2156 3170 sic

1196 3191 1322 3221 generent
1340 3188 1459 3219 divitiae,
1479 3188 1615 3220 quomodo
1634 3188 1797 3221 superbiam.
1816 3189 1899 3215 Omne
1926 3196 2052 3221 pomum,
2077 3196 2156 3215 omne

1194 3240 1322 3266 granum,
1342 3239 1420 3258 omne
1440 3234 1615 3264 frumentum,
1634 3240 1715 3258 omne
1728 3233 1827 3265 lignum
1842 3233 1920 3259 habet
1932 3241 2050 3259 vermem
2069 3241 2156 3259 suum.

1194 3279 1224 3303 Et
1243 3277 1308 3303 alius
1326 3280 1366 3303 est
1384 3277 1482 3302 vermis
1501 3277 1576 3308 mali,
1604 3277 1671 3303 alius
1699 3277 1772 3309 pyri,
1791 3277 1857 3303 alius
1877 3277 1967 3308 sabae,
1987 3278 2052 3303 alius
2071 3277 2156 3303 tritici.

1194 3322 1298 3348 Vermis
1316 3321 1483 3352 divitiarum,
1503 3320 1636 3353 superbia.
1655 3320 1705 3348 Cir.
1726 3321 1804 3347 etiam
1825 3323 1949 3354 August„
1968 3321 1995 3347 ll.
2010 3321 2060 3354 Qq.
2075 3322 2156 3346 Evan-

1193 3366 1284 3399 gelior.
1302 3373 1328 3399 q.
1348 3366 1390 3392 29.

2015 3418 2042 3443 tl
