2476 3921
135 1173 209 1200 Quoad
223 1178 272 1193 cou-

143 1199 266 1220 troveniam

136 1226 180 1247 litis
197 1226 271 1246 adiun-

171 1254 226 1273 ctae.

141 1914 270 1936 Notandum.

281 287 346 319 290

281 373 384 416 quarti
410 373 526 414 Regum
552 371 654 413 primo
668 371 679 390 ¹
702 369 832 408 dicitur,
849 369 934 411 quod
955 381 971 397 α
984 368 1136 401 Ochozias
1152 367 1237 400 misit

281 427 408 460 nuntios
423 434 497 458 suos
512 424 635 457 dicens:
653 424 696 456 lte
719 426 750 456 et
766 422 919 456 consulite
936 421 1126 459 Beelzebub,
1141 421 1237 454 deum

282 481 417 512 Accaron
434 490 465 516 »3
488 480 520 510 et
544 476 624 509 Beda
645 476 677 509 in
712 475 836 508 Glossa:
872 487 887 503 α
904 474 1090 507 Asserebant
1115 473 1237 512 ludaei,

282 532 313 564 in
338 532 396 564 hoc
419 530 587 563 simulacro
618 528 790 570 principem
821 527 1058 560 daemoniorum
1083 526 1236 559 habitare.

283 586 340 617 Per
355 584 424 617 eius
436 586 619 626 potestatem
636 582 781 615 dicebant
794 581 894 614 lesum
906 580 1068 613 daemonia
1080 579 1193 612 eiicere
1205 590 1237 617 »;

282 642 313 671 et
335 637 404 670 ideo
428 637 458 669 in
484 639 575 669 textu
597 635 727 668 dicitur:
746 635 785 666 1η
798 633 950 676 principe
965 632 1218 665 demoniorum
1226 643 1238 669 ,-

283 692 348 725 sive
371 690 446 733 quia
468 698 581 722 nomen
606 688 703 721 huius
727 687 799 720 idoli
823 690 891 720 erat
915 686 1138 724 ridiculosum;
1155 685 1238 718 unde

284 748 405 777 tantum
431 746 520 776 sonat
544 740 740 779 Beelzebub,
765 743 918 782 quantum
942 739 997 771 vir
1020 747 1239 776 muscarum,-

283 807 347 840 quo
370 796 496 829 nomine
520 794 672 827 vocabant
694 802 767 826 eum
791 792 894 825 ludaei
918 791 1077 828 irrisorie,
1095 790 1177 823 sicut
1192 789 1239 822 di-

284 851 366 884 citur
379 850 410 882 in
423 849 530 881 Glossa
542 849 565 887 ²,
584 861 599 875 τι
612 850 741 889 propter
757 845 866 878 sordes
882 844 1023 882 cruoris,
1041 843 1094 885 qui
1112 843 1143 875 in
1161 846 1239 875 tem-

285 904 335 945 plo
358 903 426 935 eius
450 901 669 934 immolabatur
685 913 716 931 ».
741 898 827 931 Unde
850 898 895 930 sic
918 897 1143 937 blasphemiam
1168 904 1240 937 pro-

285 955 439 993 ferebant,
464 954 545 987 sicut
568 952 690 985 loannis
713 954 837 989 octavo,
861 950 914 983 ubi
939 950 1071 982 dicitur:
1102 961 1117 977 -x
1134 949 1241 980 Nonne

286 1009 365 1041 bene
387 1007 528 1039 dicimus·
544 1014 617 1044 nos,
641 1004 717 1046 quia
747 996 961 1036 Samaritanus
992 1011 1026 1034 es
1055 1005 1090 1034 tu
1114 1004 1146 1033 et
1168 1001 1241 1033 dae-

286 1060 425 1092 monium
450 1059 546 1091 habes
560 1061 596 1089 n?

375 1112 428 1144 ltl.
454 1111 555 1150 (Vers.
583 1110 658 1147 16.).
683 1108 788 1141 Tertio
819 1117 895 1140 vero
926 1109 1080 1149 quantum
1105 1105 1143 1137 ad
1166 1114 1242 1137 con—

287 1163 485 1197 troversiam
508 1162 575 1195 litis
598 1162 777 1194 adiunctae
800 1160 923 1193 subdit:
944 1160 982 1192 Et
1005 1158 1068 1191 alii
1083 1161 1242 1190 tentantes

285 1217 419 1259 signum
444 1216 482 1248 de
506 1215 593 1248 caelo
617 1213 820 1258 quaerebant
835 1213 876 1246 ab
900 1223 945 1245 eo.
963 1213 1027 1245 Non
1049 1211 1244 1254 quaerebant

287 1269 466 1303 huiusmodi
491 1269 614 1311 signum
639 1268 677 1300 ad
701 1267 892 1300 credendum
916 1271 952 1299 ut
981 1266 1105 1304 fideles,
1130 1265 1184 1298 sed
1208 1269 1244 1297 ut

286 1323 418 1356 rebelles
442 1321 478 1354 ad
503 1321 767 1363 impugnandum,
792 1319 964 1353 secundum
982 1319 1059 1352 illud
1076 1317 1244 1351 Salvatoris

287 1375 431 1409 Matthaei
457 1375 605 1417 vigesimo
629 1373 766 1407 secundo
779 1373 806 1405 ⁸:
837 1386 852 1401 a
868 1372 947 1414 Quid
965 1381 1015 1405 nie
1031 1372 1168 1411 tentatis,
1186 1372 1243 1413 hy—

287 1429 477 1472 pocritaen?
501 1431 532 1461 et
555 1428 585 1460 in
617 1427 752 1460 Psalmo:
783 1440 797 1455 «ι
815 1427 1029 1459 Tentaverunt
1059 1434 1110 1458 me
1139 1428 1244 1467 patres

287 1482 382 1515 vestri
400 1495 415 1511 n
444 1485 502 1514 etc.
527 1481 562 1513 Et
588 1481 646 1513 hoc
671 1480 805 1518 malum,
830 1479 912 1512 sicut
928 1478 1043 1511 dicitur
1068 1478 1187 1520 primae
1204 1477 1243 1510 ad

287 1535 464 1568 Corinthios
486 1534 624 1568 decimo:
646 1547 662 1562 «
679 1534 785 1575 Neque
802 1536 959 1565 tentemus
974 1532 1147 1570 Christum,
1163 1531 1245 1564 sicut

288 1589 414 1632 quidam
438 1597 548 1621 eorum
573 1590 775 1620 tentaverunt
802 1589 834 1619 et
864 1595 881 1617 a
913 1585 1112 1627 serpentibus
1144 1584 1245 1626 perie-

288 1646 410 1675 runt».
436 1641 582 1674 Petebant
605 1644 710 1673 autem
734 1640 870 1682 siqnum
893 1639 932 1671 de
955 1638 1061 1676 caeto,
1087 1638 1169 1670 sicut
1198 1642 1244 1669 to-

288 1696 442 1728 nitruum
474 1699 614 1736 tempore
646 1693 816 1731 Samuelis,
852 1692 946 1734 primi
979 1681 1096 1733 Regum
1128 1690 1246 1723 duode-

290 1749 414 1786 cimo4;
439 1751 495 1780 aut
517 1747 722 1779 emissionem
755 1745 843 1788 iynis
867 1749 1007 1786 tempore
1037 1743 1136 1782 Eliae‚
1161 1742 1246 1790 tertii

291 1802 406 1844 Regum
431 1801 552 1833 decimo
575 1803 685 1832 octavo
716 1802 747 1832 et
777 1798 881 1841 quarti
906 1799 1023 1840 Regum
1049 1797 1169 1839 primo;
1192 1799 1248 1828 aut

290 1855 372 1887 sicut
401 1854 664 1886 retrocessionem
687 1853 766 1885 sotis
790 1856 931 1894 tempore
955 1851 1116 1890 Ezechiae,
1141 1849 1246 1892 quarti

291 1907 408 1948 Regum
426 1906 584 1947 vigesimo.
599 1924 640 1929 —
654 1906 714 1937 Hoc
727 1908 832 1937 autern
845 1907 913 1937 erat
930 1904 1049 1936 ludaeis
1066 1902 1230 1945 proprium
1240 1928 1247 1941 ‚

291 1960 356 2000 sive
380 1969 436 2001 per
460 1958 734 2002 assuefactionem
745 1970 756 1996 ,·
773 1957 856 1990 unde
873 1957 993 2000 primae
1015 1957 1053 1989 ad
1070 1955 1249 1989 Corinthios

292 2013 436 2056 prim05:
468 2025 483 2041 «
500 2012 602 2045 ludaei
627 2012 715 2054 signa
737 2015 914 2054 quaerunt,
939 2014 971 2043 et
993 2010 1102 2043 Graeci
1126 2009 1248 2052 sapien-

293 2066 365 2098 tiam
380 2078 411 2105 »;
436 2070 467 2098 et
489 2065 557 2098 ideo
581 2066 692 2098 Petrus
717 2068 825 2107 potens
850 2064 880 2096 in
898 2064 994 2106 signis
1010 2063 1069 2096 fuit
1085 2063 1250 2105 Apostolus

292 2119 331 2152 ad
355 2119 500 2158 ludaeos,
524 2118 576 2152 sed
603 2119 717 2151 Paulus
741 2127 771 2150 iu
796 2117 965 2159 sapientia,
989 2117 1026 2149 ad
1044 2120 1166 2159 gentes;
1184 2115 1249 2148 sive

293 2173 385 2205 etiam
411 2176 539 2214 propter
574 2171 837 2204 incredulitatem
868 2173 900 2203 et
930 2170 1113 2208 duritiam,
1138 2178 1250 2202 secun-

294 2225 368 2257 dum
393 2225 476 2267 quod
499 2224 580 2257 dixit
596 2225 773 2266 Stephanus
789 2225 921 2256 Actuum
939 2222 1114 2264 septimo⁶z
1137 2234 1152 2250 «
1166 2222 1251 2253 Dura

295 2277 433 2315 cervice,
465 2280 496 2309 et
520 2276 747 2309 incircumcisis
774 2275 922 2308 cordibus
949 2278 981 2307 et
1012 2274 1163 2312 auribus,
1195 2281 1251 2306 vos

293 2338 418 2371 semper
441 2329 570 2371 Spiritui
595 2332 702 2362 sancto
726 2328 927 2361 restitistis».
952 2326 1039 2359 Unde
1066 2327 1250 2368 Chrysosto-

295 2383 446 2415 mus⁷mx
459 2383 588 2424 Semper
611 2382 736 2414 discere
759 2381 885 2422 signum
907 2383 954 2412 est
978 2388 1141 2421 nunquam
1161 2387 1252 2420 posse

297 2435 462 2477 proficere3
487 2436 531 2467 sic
555 2443 679 2476 semper
703 2433 922 2466 testimonium
946 2441 1105 2475 quaerere
1128 2431 1251 2473 signum

297 2492 344 2520 est
367 2496 528 2530 nunquam
552 2487 631 2520 velle
654 2486 782 2519 credere
799 2499 828 2517 ».
856 2486 890 2518 Et
914 2486 973 2517 hoc
997 2485 1124 2527 quidem
1142 2493 1250 2517 verum

370 2679 378 2693 ¹
399 2679 472 2705 Vers.
487 2680 512 2704 2.
526 2692 561 2698 —
574 2679 692 2712 Sequens
712 2678 800 2704 Glossa
819 2681 858 2704 est
876 2677 1018 2705 ordinaria
1032 2679 1057 2704 in
1076 2679 1138 2704 Luc.
1154 2679 1196 2709 ll,
1212 2679 1253 2705 15.

370 2721 382 2737 ²
401 2723 499 2755 Nempe
518 2722 660 2749 ordinaria
680 2722 705 2747 in
727 2722 788 2748 Luc.
816 2723 844 2747 Η
857 2741 864 2753 ,
885 2722 931 2748 Ἰὅε
949 2723 1031 2748 Ninus
1054 2729 1113 2754 rex,
1133 2722 1253 2747 conditor

300 2767 405 2798 Ninive,
419 2767 478 2792 Belo
491 2767 557 2799 patri
576 2773 624 2792 suo
643 2770 754 2792 statuam
775 2767 936 2792 consecravit
954 2766 1031 2799 eique
1050 2766 1155 2792 divinos
1174 2767 1253 2792 hono·

300 2818 342 2837 res
362 2811 482 2843 instituit,
501 2811 576 2837 cuius
588 2811 718 2837 simulacri
732 2811 929 2837 similitudinem
942 2811 1116 2842 suscipientes
1129 2809 1252 2836 Chaldaei

301 2854 348 2882 Bel
365 2855 507 2886 vocabant,
536 2855 669 2881 Palaestini
688 2855 859 2887 suscipientes
877 2854 947 2881 Baal
972 2854 1106 2885 dicebant,
1126 2853 1253 2880 Moabitae

301 2899 476 2933 Beelphegor,
495 2900 581 2925 ludaei
601 2905 701 2931 autem,
717 2899 794 2925 unius
813 2899 856 2924 Dei
876 2899 1002 2930 cultores,
1022 2902 1129 2931 propter
1148 2898 1254 2924 derisio-

302 2950 362 2968 nem
385 2943 519 2974 gentilium
548 2942 691 2969 Beelzebub
710 2943 902 2975 appellabant...
922 2943 947 2968 id
968 2946 1007 2968 est
1025 2943 1066 2968 vir
1086 2949 1253 2975 muscarum,

302 2987 359 3012 sive
378 2987 476 3013 habens
496 2994 614 3018 muscas,
634 2990 741 3019 propter
764 2987 855 3013 sordes
878 2987 978 3013 cruoris
997 2990 1047 3012 etc.
1066 2987 1118 3012 Cir.
1137 2987 1253 3019 Hieron„

303 3031 354 3056 Vll.
376 3030 401 3055 in
421 3032 511 3056 Ezech.
531 3032 580 3062 23,
600 3031 641 3056 tt.
660 3037 733 3064 seqq.
753 3034 779 3057 et
797 3031 813 3056 l.
833 3030 980 3057 Comment.
999 3031 1025 3056 in
1045 3031 1132 3056 Matth.
1151 3031 1197 3062 1¹0,
1211 3030 1254 3055 25.

304 3075 371 3100 Vide
383 3075 461 3100 etiam
476 3075 573 3107 isidor.,
589 3076 648 3100 Vlll.
662 3076 808 3107 Etymolog.
821 3082 845 3100 c.
859 3076 900 3100 Μ.
913 3082 939 3101 n.
953 3076 996 3100 23.
1009 3081 1096 3107 seqq„
1109 3077 1135 3100 et
1146 3074 1255 3106 Bedam,

304 3119 345 3145 lV.
366 3119 389 3143 in
409 3120 470 3145 Luc.
492 3120 538 3150 lt,
561 3119 600 3144 ⁴5.
621 3133 655 3137 —
674 3119 791 3145 Subinde
810 3120 935 3151 allegatur
955 3120 1023 3145 ioan.
1044 3120 1073 3151 8,
1094 3118 1137 3144 48.

373 3161 384 3177 ³
403 3164 476 3189 Vers.
491 3164 533 3188 ¹18.
545 3176 580 3182 —
593 3164 650 3189 Duo
663 3170 736 3197 seqq.
750 3164 799 3190 loci
811 3168 872 3189 sunt
886 3164 925 3190 Ps.
938 3163 981 3195 et,
995 3163 1021 3189 9.
1033 3166 1059 3189 et
1072 3164 1090 3189 Ι.
1101 3162 1160 3189 Cor.
1176 3163 1217 3193 ⁴0,
1231 3163 1255 3188 9.

374 3206 385 3221 ⁴
405 3209 477 3233 Vers.
499 3208 541 3233 18.
559 3221 595 3227 -
615 3209 763 3241 Sequuntur
783 3209 819 3234 ΙΙΙ.
839 3209 902 3240 Reg.
933 3209 978 3240 48,
999 3208 1042 3233 38.
1062 3208 1119 3240 (cfr.
1146 3214 1172 3233 v.
1200 3207 1254 3240 24.)

304 3254 330 3277 et
351 3251 391 3277 lV.
412 3252 477 3284 Reg.
499 3253 527 3284 l,
544 3252 584 3277 to.
599 3252 655 3285 (ct'r.
675 3259 702 3278 v.
726 3253 767 3278 ⁴2.
786 3255 811 3278 et
833 3252 896 3284 ¹4.);
916 3252 958 3278 lV.
978 3253 1043 3284 Reg.
1063 3252 1110 3283 20,
1130 3251 1171 3277 40.
1191 3258 1256 3284 seq.;

306 3297 351 3321 cfr.
371 3296 484 3327 Hierou.,
504 3297 530 3322 ll.
550 3296 694 3323 Cominent.
716 3297 739 3322 in
759 3297 844 3322 Matth.
866 3297 914 3329 ⁴2,
932 3297 973 3322 38.

372 3338 383 3353 ⁶
403 3341 475 3366 vers.
495 3342 537 3366 22.
551 3342 699 3367 Lectionem
714 3341 840 3373 Vulgatae
853 3341 914 3366 vide
926 3347 1005 3372 supra
1020 3347 1082 3372 pag.
1102 3340 1144 3372 ⁴7,
1158 3343 1217 3366 nota
1232 3340 1256 3365 9.

305 3399 340 3404 -
362 3385 468 3410 lnterius
488 3392 535 3417 pro
547 3387 640 3419 potens
659 3385 686 3412 in
699 3385 784 3419 siquis
800 3386 855 3411 Vat.
870 3384 996 3419 insignis,
1017 3391 1087 3418 quae
1099 3384 1177 3410 etiam
1198 3388 1258 3416 post

307 3429 409 3455 Paulus
428 3430 500 3455 addit
518 3430 618 3456 valens.

883 280 1076 313 COMMENr.
1101 280 1137 312 IN
1163 279 1399 312 EVANGELIUM
1423 278 1542 311 LUCAE
1565 277 1596 310 C.
1621 278 1669 310 xl.

1300 371 1365 406 est;
1389 366 1516 409 quando
1539 366 1623 399 enim
1646 365 1834 399 sufficientia
1857 365 2034 398 testimonia
2056 365 2213 399 habebant
2229 365 2262 398 in

1301 419 1412 457 terris,
1438 428 1499 451 non
1523 418 1689 460 oportebat
1711 427 1867 460 quaerere
1883 418 1971 460 signa
1986 418 2025 451 de
2041 418 2153 456 caelis;
2177 418 2261 451 unde
2285 434 2287 436 ·

1301 472 1422 505 loannis
1445 471 1609 504 decimo⁸z
1640 470 1788 513 «Opera,
1812 479 1894 513 quae
1910 479 1967 512 ego
1983 470 2062 503 facio
2078 470 2110 503 in
2134 470 2260 504 nomine

1301 525 1401 558 Patris
1424 524 1503 562 mei,
1528 524 1595 565 ipsa
1619 523 1796 557 testimonia
1819 523 1987 565 perhibent
2010 523 2048 556 de
2072 532 2123 556 me
2140 536 2169 555 n.

1389 578 1442 610 42.
1468 576 1697 620 Spiritualitcr
1712 580 1819 609 autem
1837 576 1989 609 Dominus
2009 576 2094 609 dedit
2109 576 2208 619 siyna
2225 576 2261 609 in

1302 631 1412 669 terris,
1437 630 1555 664 scilicet
1578 630 1666 672 signa
1690 628 1890 662 humilitatis
1913 633 1941 662 et
1962 629 2187 671 pauper-catix,
2211 638 2260 662 se-

1302 684 1440 717 cundum
1466 683 1543 716 illud
1567 692 1665 725 supra
1687 683 1869 716 secundo⁹z
1898 695 1914 711 ιι
1931 683 1992 715 Hoc
2010 682 2098 715 vobis
2120 682 2261 724 signum:

1301 737 1466 770 invenietis
1482 736 1631 769 infantem
1649 736 1760 778 pannis
1777 736 1953 768 involutum
1965 748 1994 767 n.
2010 735 2068 767 Sed
2081 735 2171 767 multi
2189 735 2264 768 huic

1302 790 1391 832 signo
1407 799 1469 822 non
1485 789 1634 828 credunt,
1651 793 1687 822 ut
1703 788 1830 831 superbi
1849 792 1880 821 et
1895 788 2070 827 ambitiosi,
2095 788 2150 830 qni
2167 796 2264 830 quae-

1303 846 1378 875 runt
1401 842 1562 875 Christum
1586 851 1647 875 non
1673 842 1703 874 in
1730 841 1907 874 humilitate
1931 841 2053 880 crucis,
2077 841 2131 874 sed
2155 841 2186 873 in
2210 850 2265 883 ap-

1303 896 1403 937 petitu
1427 896 1556 928 honoris
1586 899 1617 928 et
1646 894 1756 928 laudis.
1793 895 1828 927 Et
1853 898 1956 927 tamen
1980 894 2095 927 dicitur
2118 894 2264 935 Matthaei

1303 948 1453 990 vigesimo
1476 951 1604 990 quarto:
1635 961 1650 976 α
1667 949 1755 980 Tunc
1778 947 1943 990 apparebit
1966 948 2091 989 signum
2119 946 2184 979 Filii
2209 947 2266 979 bo-

1303 1001 1396 1033 minis
1420 1000 1450 1032 in
1474 1001 1560 1033 caelo
1576 1014 1592 1029 »
1620 1004 1679 1033 etc.
1704 1001 1780 1033 Huic
1815 1003 1921 1033 autem
1957 999 2177 1032 contradicunt
2212 1008 2266 1031 su-

1305 1053 1419 1097 perbi,
1445 1053 1618 1085 secundum
1653 1053 1731 1085 illud
1766 1062 1864 1094 supra
1887 1052 2082 1085 secundom:
2112 1065 2127 1080 ιι
2145 1051 2267 1084 Positus

1305 1109 1352 1138 est
1377 1105 1427 1137 hic
1464 1105 1495 1137 in
1530 1105 1671 1147 signum,
1695 1105 1745 1138 cui
1782 1105 2014 1138 contradicetur
2032 1118 2063 1144 n,
2091 1105 2167 1147 quia
2200 1113 2263 1136 non

1306 1158 1407 1199 placet
1430 1157 1475 1190 eis
1499 1161 1600 1190 status
1623 1158 1829 1196 humilitatis,
1853 1157 1907 1190 sed
1931 1157 2099 1199 dignitatis.
2124 1157 2210 1190 Unde
2234 1156 2265 1189 in

1307 1210 1443 1243 Psalmo:
1472 1223 1488 1238 «ι
1506 1210 1681 1243 Posueruiit
1705 1210 1792 1252 signa
1823 1219 1881 1242 sua
1912 1210 2000 1252 signa
2017 1223 2048 1248 n,
2073 1210 2190 1243 scilicet
2213 1218 2267 1242 su-

1307 1264 1434 1306 perbiae
1458 1267 1489 1296 et
1513 1264 1675 1303 lasciviae,
1700 1263 1873 1297 secundum
1907 1263 1984 1296 illud
2014 1263 2188 1305 Sapientiae
2219 1271 2268 1295 se-

1307 1316 1423 1349 cundo:
1442 1329 1458 1344 «1
1471 1316 1696 1358 Relinquamus
1712 1316 1831 1358 ubique
1847 1316 1935 1358 signa
1952 1316 2086 1349 laetitiae
2098 1319 2223 1348 nostrae
2236 1328 2267 1354 ιο,

1307 1371 1374 1403 sine
1397 1370 1514 1413 quibus
1549 1370 1646 1412 signis
1680 1370 1791 1403 nolunt
1815 1370 1922 1412 sequi;
1946 1369 2030 1402 unde
2062 1370 2094 1402 in
2129 1361 2267 1410 Psalmo:

1312 1437 1328 1452 «
1345 1424 1437 1466 Signa
1461 1427 1569 1456 nostra
1593 1433 1654 1456 non
1679 1423 1814 1456 vidimus
1830 1437 1845 1452 n
1875 1427 1934 1456 etc.

1398 1477 1450 1509 43.
1477 1477 1549 1519 lpse
1573 1482 1703 1516 autem,
1727 1481 1763 1508 ut
1793 1477 1877 1509 vidit
1901 1476 2113 1519 coqitationes
2136 1485 2263 1514 eorum,

1308 1529 1394 1562 dixit
1417 1530 1472 1561 eis.
1500 1530 1569 1562 Post
1592 1530 1828 1571 expressionem
1852 1529 1972 1562 fraudis
2000 1529 2141 1561 ludaicae
2161 1528 2268 1561 subdi-

1309 1586 1362 1615 tur
1387 1583 1438 1615 hic
1462 1582 1661 1625 improbatio
1684 1582 1823 1626 fraudis
1847 1592 2021 1625 eoepressae
2035 1584 2070 1614 1¹.
2096 1582 2192 1615 Habet
2216 1591 2269 1614 au-

1309 1640 1372 1669 tem
1397 1645 1471 1678 pars
1496 1636 1555 1668 ista
1578 1640 1652 1669 tres.
1670 1637 1702 1668 ln
1718 1646 1854 1678 quarum
1873 1636 1976 1678 prima
1991 1636 2120 1677 ponitur
2145 1635 2269 1677 impro-

1311 1689 1398 1721 batio
1421 1688 1604 1731 falsitatis;
1628 1689 1659 1721 in
1684 1689 1821 1722 secunda
1837 1698 1927 1727 vero,
1944 1688 2169 1730 comprobatio
2185 1687 2270 1720 veri-

1311 1742 1408 1780 tatis,
1434 1741 1475 1774 ibi
1491 1742 1534 1773 1²:
1561 1741 1644 1774 Cum
1666 1740 1767 1784 fortis
1791 1746 1947 1774 armatus
1970 1741 2113 1773 custodit
2136 1744 2213 1779 etc.;
2238 1740 2270 1773 in

1311 1796 1421 1834 tertia,
1446 1795 1633 1837 reprobatio
1650 1795 1852 1834 dolositatis,
1878 1795 1938 1827 ibi:
1965 1794 2050 1827 Cum
2073 1794 2269 1826 immundus

1311 1848 1454 1891 spiritus
1477 1848 1593 1880 eaeierit
1617 1848 1658 1880 ab
1683 1847 1812 1880 homine
1835 1851 1893 1880 etc.

2291 586 2399 612 Expositio

2280 612 2404 640 spiritualis.

2299 1484 2428 1516 Secundum,

2286 1517 2344 1560 2¹53.
2352 1517 2430 1559 latit

2303 1570 2415 1592 expressae

2301 1591 2417 1617 explicatur

2299 1618 2419 1645 tripliciter.

1401 1902 1433 1934 ln
1458 1901 1676 1943 improbando
1699 1900 1879 1944 falsitatem
1897 1900 2038 1942 procedit
2062 1900 2121 1933 hoc
2145 1899 2269 1932 ordine:
2307 1908 2432 1936 improbatio

2282 1936 2381 1957 falsitatis
2395 1941 2432 1963 per

1311 1955 1414 1998 primo
1437 1955 1564 1988 deducit
1586 1955 1624 1988 ad
1648 1955 1866 1997 manifest-um
1890 1954 2104 1997 impossibile,
2130 1953 2268 1986 secundo
2283 1963 2332 1984 tria.

1312 2008 1457 2050 perducit
1480 2008 1518 2040 ad
1543 2007 1669 2051 falsum
1701 2007 1936 2050 improbabile,
1963 2008 2054 2040 tertio
2085 2007 2209 2040 reducit
2231 2006 2268 2039 ad

1312 2072 1428 2094 verum
1454 2061 1637 2104 infallibile.

1402 2115 1456 2147 [tlt.
1473 2115 1575 2157 (Vers.
1597 2116 1646 2146 17.
1667 2115 1741 2155 18.).
1767 2114 1871 2146 Primo
1887 2114 1983 2156 igitur
1999 2113 2126 2146 deducit
2142 2114 2180 2146 ad
2198 2123 2272 2146 ma·

1313 2167 1473 2210 uifestum
1498 2167 1715 2210 impossibile,
1740 2176 1816 2199 cum
1837 2167 1929 2200 dicit:
1957 2167 2058 2199 Omne
2081 2176 2221 2209 reynum
2237 2166 2274 2199 in

1313 2230 1348 2253 se
1371 2220 1482 2262 ipsum
1506 2220 1652 2253 divisum
1677 2219 1899 2258 desolabitur;
1922 2219 1954 2252 in
1978 2229 2042 2261 quo
2065 2219 2195 2252 intendit
2214 2219 2274 2252 tale

1315 2276 1538 2315 argumentum
1562 2272 1682 2305 facere:
1707 2281 1799 2304 omne
1816 2281 1950 2314 regnum
1965 2272 2101 2304 divisum
2121 2272 2179 2304 hoc
2195 2272 2273 2313 ipso,

1315 2326 1398 2368 quod
1424 2325 1575 2358 dividitur
1611 2325 1641 2357 in
1674 2334 1723 2363 se,
1746 2325 1938 2364 destruitur3
1963 2324 2016 2357 sed
2046 2325 2071 2357 si
2096 2334 2180 2357 unus
2202 2325 2276 2357 dae-

2292 2121 2395 2143 Primum.

1317 2388 1389 2412 mon
1415 2379 1499 2412 eiicit
1522 2379 1637 2417 alium,
1662 2382 1786 2411 satanas
1810 2378 1841 2410 in
1873 2387 1906 2411 se
1935 2378 2038 2420 ipsum
2063 2378 2184 2411 divisus
2207 2382 2272 2411 est:
2296 2416 2299 2417 ⁷

1316 2441 1391 2474 ergo
1415 2441 1477 2464 non
1502 2435 1563 2464 stat
1585 2431 1654 2464 eius
1689 2440 1833 2473 regnum.
1867 2431 2017 2474 Sequitur
2050 2431 2164 2473 igitur,
2188 2431 2273 2473 quod

1317 2487 1441 2516 satanas
1465 2484 1531 2525 ipse
1554 2484 1697 2517 destruat
1727 2493 1821 2516 suum
1846 2493 1978 2526 regnum
2011 2488 2042 2516 et
2070 2484 2192 2517 auferat
2215 2483 2273 2516 sibi

1387 2676 1398 2691 ⁶
1420 2679 1493 2704 Vers.
1512 2678 1555 2709 51,
1575 2677 1621 2703 ubi
1635 2685 1683 2709 pro
1702 2676 1827 2703 cordibus
1847 2676 1988 2703 ACDFH
2007 2675 2087 2702 corde
2106 2676 2138 2708 (G
2158 2675 2219 2708 legit
2238 2675 2276 2701 in-

1317 2722 1471 2749 circumcisi
1489 2721 1588 2755 corde),
1608 2725 1634 2747 et
1652 2728 1700 2753 pro
1719 2720 1854 2747 restitistis
1877 2721 1985 2752 Vulgata
2006 2719 2139 2746 resistitis.

1388 2765 1398 2781 ⁷
1419 2767 1512 2793 Homil.
1532 2767 1575 2792 30.
1594 2767 1620 2791 in
1641 2767 1726 2791 Matth.
1748 2766 1795 2795 ⁴2,
1814 2765 1857 2790 31.
1872 2764 1933 2797 (Ορ.
1947 2764 2116 2796 impersect.):
2131 2764 2194 2789 Nam
2208 2764 2276 2790 sicut

1317 2818 1423 2843 semper
1441 2811 1543 2838 discere
1561 2811 1666 2842 signum
1685 2813 1724 2836 est
1752 2810 1815 2836 nihil
1835 2816 1913 2841 posse
1932 2809 2060 2841 proficere
2079 2807 2138 2841 [cir.
2158 2809 2185 2834 ll.
2205 2809 2274 2834 Tim.

1318 2857 1343 2886 3,
1362 2855 1526 2889 7:,Semper
1545 2855 1686 2886 discentes,
1709 2858 1733 2881 et
1762 2861 1904 2888 nunquam
1926 2852 1964 2879 αιί
1990 2852 2129 2879 scientiam
2153 2852 2275 2880 veritatis

1314 2899 1513 2933 pervenientes]
1522 2919 1528 2930 ,
1548 2900 1585 2925 sic
1598 2898 1709 2932 signum
1727 2905 1833 2930 semper
1847 2901 1949 2930 petere,
1963 2897 2140 2923 testimoninm
2154 2900 2193 2923 est
2211 2905 2274 2923 nun-

1317 2951 1397 2977 quam
1418 2944 1483 2969 velle
1503 2943 1617 2969 credere.
1637 2942 1687 2968 Pro
1706 2942 1818 2976 Semper
1832 2941 1934 2968 discere
1948 2941 1992 2973 (ita
2006 2940 2084 2966 etiam
2097 2940 2173 2967 Card.
2187 2941 2274 2974 Hugo)

1317 2988 1395 3014 codd.
1415 2991 1441 3013 et
1461 2988 1518 3013 Vat.
1538 2987 1649 3021 Semper
1667 2986 1825 3013 discredere.

1388 3030 1399 3046 ⁸
1419 3033 1493 3058 Vers.
1513 3032 1560 3064 25,
1579 3031 1624 3057 ubi
1643 3039 1692 3064 pro
1710 3031 1771 3065 ipsa
1798 3029 1950 3057 testimonia
1979 3029 2090 3061 Vulgata
2118 3029 2184 3056 haec
2202 3029 2274 3057 testi-

1319 3076 1452 3104 monium.

1389 3118 1400 3134 ⁹
1421 3121 1494 3146 Vers.
1516 3121 1557 3146 12.
1575 3120 1628 3147 Ctr.
1646 3127 1726 3152 supra
1746 3126 1770 3146 c.
1788 3120 1812 3144 2.
1842 3126 1867 3144 n.
1888 3119 1930 3144 26.
1949 3131 1984 3137 —
2013 3116 2130 3143 Subinde
2148 3118 2277 3150 allegatur

1319 3165 1408 3190 Matth.
1429 3164 1477 3195 24,
1496 3165 1538 3190 30.
1811 3169 1813 3172 ’

1391 3207 1413 3223 ¹⁰
1433 3209 1507 3235 Vers.
1526 3208 1569 3234 34.
1588 3222 1624 3228 —
1643 3209 1709 3234 Tres
1727 3216 1801 3242 seqq.
1820 3207 1869 3234 loci
1889 3210 1949 3233 sunt
1967 3207 2008 3232 Ps.
2026 3206 2076 3239 73,
2092 3206 2119 3237 45
2134 3207 2194 3239 Sap.
2212 3208 2237 3237 2,
2251 3207 2278 3232 9.

1320 3257 1345 3280 et
1365 3254 1404 3279 Ps.
1423 3253 1471 3285 73,
1492 3254 1516 3278 9.
1878 3269 1882 3271 ,

1392 3296 1412 3312 ¹¹
1432 3297 1484 3324 Ctr.
1503 3304 1582 3329 supra
1596 3304 1622 3323 n.
1642 3298 1684 3323 36.

1392 3340 1414 3356 ι’
1434 3342 1507 3367 Vers.
1528 3342 1576 3374 24;
1597 3342 1668 3367 tertia
1690 3349 1752 3374 pars
1764 3341 1855 3374 incipit
1873 3348 1899 3366 v.
1919 3340 1967 3372 24,
1987 3339 2033 3365 nbi
2054 3340 2164 3372 Vulgata
2183 3339 2216 3366 de
2234 3339 2278 3366 ho-

1320 3385 1392 3412 mine
1411 3392 1459 3417 pro
1478 3385 1512 3412 ab
1531 3385 1638 3412 homine
1657 3386 1701 3419 (ita
1726 3386 1804 3411 etiam
1832 3384 1909 3411 Card.
1930 3385 2021 3416 nugo,
2040 3384 2069 3409 B.
2088 3383 2185 3410 Albert.
2204 3388 2229 3410 et
2249 3385 2276 3409 S.

1322 3430 1425 3464 Trioni„
1445 3429 1500 3454 Cat.
1520 3435 1597 3455 aurea
1617 3430 1642 3455 in
1661 3431 1723 3456 Luc.
1744 3437 1766 3456 c.
1789 3430 1830 3455 lt.
1852 3436 1878 3455 n.
1896 3428 1946 3462 7.).
