2476 3921
20 893 46 916 Et
52 892 120 941 qffgssd
127 897 171 914 ma·

32 1424 64 1446 De
78 1423 169 1446 ereduli-

33 1453 76 1472 tate
90 1450 164 1478 populi

33 1479 165 1505 quatuorno-

33 1506 112 1526 tantur.

62 1743 164 1765 Primum.

36 2169 166 2191 Notandum.

781 206 974 240 COMMENT.
1002 206 1038 238 ΙΝ
1062 203 1301 237 EVANGELIUM
1326 203 1442 236 LUCAE
1467 203 1498 235 C.
1524 203 1571 235 lv.

182 300 254 334 boni
272 299 403 333 collatio.
430 299 560 341 Propter
577 297 661 340 quod
677 296 767 330 dicit:
786 295 992 328 Praedicare
1015 303 1145 326 annum

182 353 318 387 Domini
333 356 518 394 acceptum,
536 350 654 384 scilicet
669 349 774 389 bonis,
791 349 829 382 de
853 358 917 391 quo
938 348 969 381 in
987 347 1143 380 Psalm01:

188 419 204 434 «
219 405 385 439 Benedices
408 412 542 437 coronae
557 403 630 436 anni
654 402 854 444 benignitatis
878 405 950 434 tuae
966 414 982 430 a
1011 404 1069 434 etc.
1093 400 1146 433 Hic

183 462 229 491 est
253 467 366 490 annus
389 456 583 499 significatus
606 456 638 488 in
666 455 818 495 iubilaeo;
844 454 970 487 Levitici
995 453 1145 495 vigesimo

182 510 311 553 quinto:
351 523 367 539 α
395 510 481 542 Anno
516 508 643 542 iubilaei
678 517 788 541 omnes
820 507 969 540 redibunt
1000 506 1039 539 ad
1074 515 1145 548 pos-

183 564 336 598 sessiones
359 572 433 597 suas
445 576 476 603 ›1;
494 563 543 596 vel
567 562 660 595 etiam
685 562 716 594 in
737 561 884 604 septimo;
909 559 1144 594 Deuteronomii

182 617 302 650 decimo
326 616 454 659 quinto:
476 629 491 644 «
508 615 645 658 Septimo
661 624 743 647 anno
767 615 861 648 facies
883 614 1099 647 remissionem
1113 625 1144 645 »3

183 670 235 703 Hic
259 678 361 702 annus
392 673 521 711 superat
543 677 662 701 annum
693 668 813 707 meriti,
837 667 913 710 quia
943 676 1041 709 supra
1072 675 1147 700 con-

182 722 312 765 dignum
335 721 626 755 remunerabuntur
642 721 729 760 boni;
756 720 960 754 Ecclesiastici
985 720 1146 762 trigesimo

182 776 318 808 tertio2:
349 788 365 804 «
381 775 485 817 Quare
507 784 610 808 annus
633 783 751 807 annum
783 777 929 816 superat,
953 773 1020 806 dies
1046 773 1145 812 diem,

182 828 241 861 lux
266 828 367 861 lucem
385 837 404 860 a
427 828 491 861 sole
503 831 545 860 »t
562 846 604 851 —
622 828 654 860 ln
671 827 731 860 hoc
754 827 848 860 etiam
864 827 979 860 iudicio
995 826 1095 859 malis
1112 827 1147 859 fit

183 881 413 924 sempiternalis
431 881 603 920 damnatio;
621 881 690 914 ideo
713 881 857 913 additur:
885 881 923 913 Et
939 880 1025 913 diem
1049 880 1146 912 retri-

184 934 346 973 butionis,
363 934 395 967 in
412 943 476 977 quo
500 934 655 967 retribuet
671 933 843 976 unicuique
860 933 1034 966 secundum
1051 942 1147 975 opera

183 997 258 1027 sua3
287 988 381 1021 Isaiae
413 988 610 1030 sexagesimo
642 987 781 1020 tertio⁸:
811 1000 827 1016 «
853 987 923 1020 Dies
955 986 1083 1020 ultionis
1114 987 1145 1019 in

183 1041 277 1074 corde
292 1050 380 1081 me0,
404 1050 507 1074 annus
524 1040 742 1085 retributionis
759 1049 846 1073 meae
870 1040 1001 1073 venit».
1027 1041 1071 1074 De
1088 1041 1147 1073 hac

183 1095 232 1128 die
256 1095 372 1128 dicitur
388 1095 508 1137 primae
531 1094 570 1127 ad
586 1094 879 1127 Thessalonicenses
894 1094 1020 1137 quinto:
1043 1107 1057 1123 α
1075 1094 1147 1128 Dies

183 1148 322 1188 Domini,
347 1148 428 1181 sicut
451 1148 503 1180 fur
538 1148 570 1180 in
595 1150 703 1187 nocte,
738 1147 781 1180 ita
805 1147 925 1187 veniet;
954 1156 1027 1180 cum
1063 1147 1145 1180 enim

182 1201 339 1235 dixerint:
365 1202 429 1234 Pax
453 1205 484 1234 et
508 1201 660 1234 securitas
676 1214 692 1230 2>
721 1204 779 1233 etc.
804 1200 905 1239 Hanc,
930 1203 966 1233 ut
981 1200 1055 1233 dicit
1071 1200 1147 1234 Gre-

182 1255 291 1297 gorius
303 1255 327 1294 4,
350 1254 502 1287 debemus
526 1257 612 1287 tanto
635 1254 798 1287 sollicitius
818 1253 1004 1293 formidare,
1029 1257 1147 1296 quanto

183 1317 251 1341 eam
276 1317 338 1340 non
361 1317 531 1350 possumus
555 1307 749 1349 praevidere.

272 1360 324 1393 43.
351 1361 452 1401 (Vers.
478 1360 555 1401 20).
584 1361 623 1393 Et
645 1354 915 1402 cum'plicuisset
938 1359 1063 1392 librum
1086 1364 1144 1392 etc.

183 1414 236 1447 Hic
260 1417 375 1456 quarto
398 1414 483 1453 loco,
508 1417 675 1456 postquam
706 1413 863 1455 descripta
886 1416 933 1446 est
964 1413 1147 1455 congruitas

182 1467 214 1500 in
251 1467 449 1509 testimonio,
485 1470 613 1499 notatur
649 1466 831 1499 credulitas
867 1466 904 1499 in
933 1466 1066 1509 populo.
1103 1466 1146 1499 Ad

182 1530 277 1564 quam
296 1520 534 1562 exprimendam
551 1520 731 1553 insinuatur
751 1520 782 1552 in
800 1520 929 1553 docente
945 1520 1146 1559 maturitas,

183 1575 215 1607 in
235 1574 326 1617 plebe
349 1574 520 1607 assistente
536 1565 697 1607 audiendi
720 1574 885 1613 aviditaS,
910 1574 941 1607 in
963 1574 1148 1607 eruditione

184 1628 324 1666 veritas,
348 1628 380 1660 in
404 1627 545 1660 eruditis
569 1627 761 1660 credulitas,

273 1680 316 1713 Ad
332 1680 572 1722 exprimendam
596 1680 693 1722 igitur
709 1680 942 1713 maturitatem
966 1680 1002 1712 in
1018 1680 1149 1712 docente

184 1733 317 1767 dicitur:
337 1735 375 1766 Et
398 1743 475 1766 cum
488 1733 658 1776 plicuisset
674 1733 814 1772 librum,
832 1733 978 1766 reddidit
992 1733 1148 1765 ministro

184 1791 214 1820 et
234 1787 326 1820 sedit.
352 1786 442 1819 Prius
465 1790 552 1819 stans
575 1787 708 1828 legerat,
732 1785 912 1827 accipiendo
936 1786 1053 1818 librum
1075 1794 1147 1818 cum

184 1840 379 1880 humilitate;
408 1848 493 1872 nunc
517 1840 627 1872 reddit
656 1842 687 1872 et
717 1840 804 1872 sedet
835 1848 907 1872 cum
939 1839 1147 1878 auctoritate3

184 1894 295 1927 sedere
317 1893 400 1926 enim
425 1896 471 1926 est
495 1893 646 1925 indicium
669 1892 835 1926 doctorum
858 1896 889 1925 et
913 1901 1042 1935 regum;
1064 1891 1149 1925 unde

184 1947 331 1980 Matthaei
355 1947 506 1989 vigesimo
523 1946 657 1979 terti05:
689 1960 704 1976 «
720 1947 822 1989 Super
845 1946 1028 1980 cathedram
1052 1945 1148 1987 Moysi

185 2000 336 2034 sederunt
357 2000 478 2033 scribae
495 2003 526 2033 et
542 2000 699 2033 Pharisaei
716 2013 751 2040 »;
768 2003 800 2033 et
816 2000 868 2033 lob
884 2000 1035 2043 vigesimo
1050 2009 1147 2032 nono:

190 2067 206 2083 «
223 2053 252 2086 Si
277 2053 403 2096 quando
426 2053 569 2086 volebam
597 2053 644 2086 ire
674 2053 714 2086 ad
737 2062 808 2093 eos,
839 2053 984 2086 sedebam
1008 2053 1148 2095 primus;

185 2116 322 2150 cumque
346 2107 488 2140 sederem
517 2107 607 2149 quasi
630 2116 708 2147 rex,
737 2107 961 2140 circumstante
985 2107 1150 2145 exercitu,

186 2170 274 2194 eram
290 2164 394 2194 tamen
411 2160 621 2194 moerentium
637 2160 814 2193 consolator
830 2173 861 2192 ».
880 2178 921 2184 -
940 2160 975 2192 Et
990 2162 1081 2192 nota:
1099 2159 1151 2192 hic

186 2223 243 2257 per
262 2214 475 2257 plicationem
500 2214 579 2246 libri
600 2214 752 2247 debemus
775 2213 950 2255 intelligere
969 2213 1150 2245 divinorum

186 2267 411 2309 mysteriorum
445 2266 701 2305 occultationem,
738 2265 813 2308 quia
846 2275 909 2298 non
941 2265 1046 2298 omnia
1077 2268 1152 2298 sunt

186 2320 334 2353 omnibus
369 2319 553 2358 revelanda,
589 2319 764 2352 secundum
802 2318 887 2361 quod
917 2318 992 2351 dicit
1023 2318 1150 2351 Beda⁶z

194 2386 209 2402 «
223 2372 390 2405 Plicatum
407 2371 531 2405 librum
553 2371 707 2404 ministro
723 2371 846 2411 reddit,
871 2371 946 2414 quia
962 2380 1024 2404 non
1048 2371 1153 2404 omnia

261 2588 270 2602 ¹
291 2588 384 2614 Psalm.
404 2588 450 2620 64,
473 2588 515 2613 42.
533 2601 568 2607 ·-
588 2588 644 2613 Duo
674 2594 748 2620 seqq.
777 2588 827 2613 loci
855 2591 915 2614 sunt
943 2589 1006 2614 Lev.
1035 2587 1083 2619 25,
1109 2587 1150 2613 s13.

191 2634 247 2667 (cfr.
265 2640 291 2659 ν.
312 2633 362 2658 1οι
383 2631 614 2665 sanctificabisque
633 2639 732 2658 annum
758 2633 1010 2665 quinquagesimum
1029 2635 1054 2658 et
1073 2639 1153 2658 voca-

189 2677 231 2704 bis
248 2677 458 2703 remissionem...
479 2677 536 2710 ipse
554 2680 593 2703 est
612 2677 682 2702 enim
701 2676 837 2703 iubilaeus.
856 2677 1011 2703 Revertetur
1024 2678 1105 2703 homo
1117 2677 1151 2703 ad

190 2722 384 2755 possessionem
403 2728 479 2747 suam
498 2721 558 2754 etc.)
578 2724 604 2747 et
621 2722 697 2747 Deut.
720 2721 765 2754 15,
787 2722 811 2747 t.

261 2764 272 2780 ⁹
291 2766 367 2792 Vers.
385 2766 420 2791 7:
448 2765 540 2797 Quare
568 2765 623 2792 dies
642 2765 712 2792 diem
731 2767 857 2799 superat,
880 2767 904 2792 et
923 2764 1022 2792 iterum
1042 2765 1093 2792 luoe
1114 2765 1152 2792 ἰιι-

191 2817 262 2842 cem,
281 2811 306 2836 et
323 2816 413 2836 annus
432 2816 538 2836 annum
556 2816 574 2835 a
592 2809 670 2836 sole?
690 2810 739 2835 Pro
753 2808 803 2835 lucc
822 2808 909 2836 lucem
928 2816 945 2835 α
963 2809 1019 2836 sole
1038 2809 1056 2835 C
1068 2810 1119 2835 DG
1131 2810 1152 2835 H

191 2853 233 2880 sol
250 2853 341 2880 solem.
360 2867 396 2873 —
409 2854 536 2886 Superius
549 2861 598 2886 pro
611 2860 716 2880 annum
729 2852 820 2880 meriti
838 2854 859 2878 G
877 2860 983 2880 annum
997 2852 1151 2880 iubilaeum.

263 2895 274 2911 ⁸
294 2898 367 2923 Vers.
389 2898 418 2930 4,
438 2897 484 2923 ubi
502 2905 551 2930 pro
569 2897 754 2924 retributionis
769 2897 880 2930 Vulgata
893 2897 1094 2932 redemptionis.
1108 2899 1153 2923 Se-

192 2942 344 2974 ptuaginta:
363 2941 425 2968 Dies
443 2941 514 2968 enim
533 2941 718 2969 retributionis
737 2941 810 2968 venit
826 2941 878 2974 eis,
897 2944 922 2969 et
939 2949 1030 2969 annus
1052 2941 1153 2969 redem-

189 2985 290 3019 ptionis
309 2984 392 3012 adest.
410 2999 446 3005 —
465 2986 588 3019 Sequitur
607 2986 624 3012 1.
645 2986 737 3011 Thess.
756 2985 787 3016 5,
808 2986 830 3011 2.
852 2993 909 3019 seq.

265 3029 275 3043 ⁴²
295 3029 365 3056 Libr.
384 3030 435 3055 Vll.
456 3030 544 3056 litoral.
565 3037 588 3056 c.
607 3030 651 3056 30.
672 3037 697 3055 n.
719 3029 769 3055 45:
789 3030 873 3055 Tanto
893 3030 973 3062 igitur
986 3029 1065 3056 debet
1077 3030 1154 3063 quasi

194 3081 299 3106 semper
317 3074 425 3100 veniens
444 3074 539 3105 metui,
558 3077 655 3107 quanto
674 3081 690 3099 a
708 3073 784 3100 nobis
802 3081 855 3100 non
874 3075 943 3100 valet
955 3077 1065 3100 ventura
1078 3081 1154 3107 prae-

194 3119 262 3144 sciri.
281 3118 350 3144 Libr.
371 3119 389 3144 l.
408 3118 500 3144 Homil.
521 3118 546 3144 in
566 3119 665 3151 Evang.
689 3118 778 3144 homil.
799 3118 841 3144 ⁴2.
860 3126 886 3144 n.
906 3119 940 3144 6:
960 3119 1070 3151 Semper
1089 3125 1154 3151 ergo

194 3165 340 3188 extremum
359 3162 429 3188 diem
454 3161 584 3188 debemus
603 3165 736 3195 metuere,
755 3169 836 3195 quem
855 3169 992 3196 nunquam
1012 3170 1155 3195 possumus

195 3207 359 3239 praevidere.
718 3235 720 3238 ,

266 3248 277 3264 ⁶
298 3251 372 3276 Vers.
392 3251 422 3282 2,
441 3253 501 3283 post
519 3257 598 3283 quem
618 3251 663 3277 lob
683 3252 731 3284 29,
751 3251 802 3277 25:
822 3250 854 3278 Si
870 3250 1018 3278 voluissem
1037 3250 1076 3278 ire
1096 3254 1144 3278 etc.

267 3292 278 3309 ⁶
296 3294 367 3320 Libr.
388 3295 416 3320 ll.
435 3294 461 3320 in
473 3295 534 3321 Luc.
550 3294 579 3327 4,
594 3295 637 3321 20.
652 3294 739 3322 Verba
752 3295 838 3321 Bedae
851 3295 995 3327 allegantur
1007 3296 1154 3322 secundum

197 3338 315 3364 Glossam
335 3337 525 3365 ordinariam:
553 3348 567 3362 α
581 3338 705 3365 Plicatum
725 3339 843 3365 ministro
862 3338 991 3372 reddidit,
1016 3339 1078 3372 quia
1103 3346 1154 3365 non

198 3381 286 3407 omnia
311 3381 434 3408 omnibus
458 3382 583 3414 dicenda,
603 3382 649 3408 sed
668 3389 716 3412 pro
735 3383 877 3415 capacitate
896 3382 1059 3409 audientium
1085 3389 1155 3409 com-

2131 202 2171 233 99

1208 291 1355 324 omnibus
1379 291 1654 330 communicanda,
1687 291 1740 324 sed
1764 300 1822 333 pro
1853 293 1947 332 captu
1979 289 2173 322 audientium

1209 344 1376 378 committit
1407 344 1527 377 doctori
1555 344 1798 386 dispensandum
1827 344 2004 382 verbumn3
2037 343 2174 376 Danielis

1208 397 1411 430 duodecimo:
1430 410 1446 425 α
1462 397 1554 435 Vade,
1568 397 1686 436 Daniel,
1700 397 1775 439 quia
1791 397 1888 429 clausi
1906 400 1980 429 sunt
1997 396 2174 438 signatique

1210 459 1371 484 sermones
1391 459 1494 492 usque
1510 450 1548 482 ad
1566 453 1692 492 ternpus
1708 450 1909 492 praefinitum
1924 463 1953 482 n.
1973 468 2014 473 —-
2033 450 2087 482 Vel
2105 450 2173 482 ideo

1209 504 1360 546 plicatum
1385 503 1529 536 ministro
1554 502 1701 542 reddidit,
1719 503 1808 545 quia,
1833 502 2006 535 secundum
2024 503 2101 535 illud
2126 512 2174 535 se-

1210 557 1331 590 cundae
1354 556 1393 589 ad
1417 556 1595 589 Corinthios
1616 556 1709 589 tertio
1723 556 1750 595 ⁷,
1769 565 1899 598 «usque
1922 556 1954 588 in
1985 556 2173 588 hodiernum

1209 609 1308 649 diem,
1333 619 1406 643 cum
1432 609 1547 651 legitur
1572 610 1708 651 Moyses,
1733 609 1872 642 velamen
1897 612 1945 642 est
1968 610 2104 651 positum
2122 618 2175 642 su-

1210 671 1267 705 per
1291 671 1346 695 cor
1369 671 1481 695 eorum
1498 675 1529 694 n.

1299 716 1352 748 44.
1378 716 1421 748 Ad
1444 715 1684 758 exprimendam
1710 725 1784 749 vero
1809 716 1844 748 in
1865 716 1954 758 plebe
1982 716 2175 749 aviditatem

1210 769 1375 803 subditur:
1401 770 1442 801 Et
1464 769 1614 802 omnium
1638 769 1674 802 in
1697 779 1872 813 synayoya
1896 770 1984 802 oculi
2006 774 2102 802 erant
2124 770 2174 802 in-

1210 823 1372 856 tendentes
1396 823 1432 855 in
1463 832 1558 862 eum,
1587 823 1676 865 quasi
1709 823 1922 856 desiderantes
1958 831 2031 855 eum
2065 823 2175 857 audire

1210 877 1292 910 sicut
1326 876 1516 919 sapientem;
1552 877 1726 919 Sapientiae
1750 876 1885 909 octavo⁸
1919 876 1994 909 dicit
2029 877 2174 919 sapiens:

1216 943 1231 958 a
1248 929 1282 962 In
1304 933 1475 971 conspectu
1506 929 1685 972 principum
1709 929 1902 962 admirabilis
1925 939 1995 968 er0;
2021 933 2173 963 tacentem

1209 992 1261 1016 me
1296 983 1497 1016 sustinebunt
1528 986 1560 1015 et
1591 983 1770 1025 loquentem
1803 992 1853 1016 me
1886 983 2054 1025 respicient
2078 996 2119 1022 »;
2145 987 2176 1016 et

1211 1037 1263 1069 lob
1294 1036 1446 1078 vigesimo
1477 1045 1577 1069 nono:
1608 1049 1623 1065 α
1644 1036 1703 1078 Qui
1727 1045 1778 1069 me
1808 1036 1977 1069 audiebant
2011 1041 2175 1079 exspecta-

1210 1091 1286 1123 bant
1309 1090 1495 1123 sententiam
1519 1099 1622 1123 meam
1651 1093 1682 1123 et
1705 1089 1815 1122 intenti
1843 1090 1987 1122 tacebant
2010 1090 2049 1122 ad
2074 1090 2174 1123 consi-

1210 1145 1289 1177 lium
1313 1153 1418 1177 meum
1436 1156 1471 1183 »;
1504 1144 1592 1186 quia,
1617 1144 1699 1176 sicut
1726 1143 1842 1176 dicitur
1875 1143 2079 1177 Ecclesiastici
2112 1148 2174 1177 ter-

1211 1198 1271 1237 tio,
1301 1198 1420 1230 «auris
1452 1197 1534 1230 bona
1564 1197 1671 1230 audiet
1702 1206 1775 1230 cum
1805 1197 1889 1230 omni
1923 1198 2173 1239 concupiscentia

1211 1251 1396 1293 sapientiam
1414 1264 1445 1282 υ.
1501 1274 1505 1278 ,

1299 1304 1352 1336 45.
1378 1303 1479 1345 (Vers.
1505 1304 1582 1344 21).
1608 1303 1650 1336 Ad
1667 1303 1891 1336 insinuandam
1906 1313 1981 1337 vero
2004 1305 2175 1338 veritatem

1210 1356 1276 1389 sive
1300 1356 1481 1388 firmitatem
1512 1355 1684 1388 doctrinae
1707 1355 1868 1388 subditur:
1902 1357 1942 1388 Et
1965 1357 2092 1399 coepit⁹
2124 1358 2174 1390 (li-

1210 1419 1281 1442 cere
1304 1409 1350 1441 ad
1381 1408 1475 1441 illos:
1513 1408 1602 1449 Quia
1633 1407 1727 1440 bodie
1762 1408 1895 1451 impleta
1920 1414 1967 1441 est
1994 1410 2174 1452 Scriptura

1211 1462 1290 1495 baec
1314 1463 1350 1495 iu
1373 1461 1517 1495 auribus
1534 1461 1661 1494 vestris.
1687 1461 1756 1494 Ideo
1783 1462 1899 1494 dicitur
1924 1463 2057 1505 impleta
2086 1464 2175 1496 Scri-

1207 1521 1315 1560 ptura
1332 1516 1392 1549 illa
1408 1519 1483 1548 tunc
1500 1515 1614 1554 fuisse,
1639 1515 1728 1558 quia,
1753 1524 1825 1548 curn
1843 1516 1940 1549 verba
1964 1517 2016 1549 illa
2032 1517 2070 1549 ad
2086 1517 2176 1550 Chri-

1212 1574 1296 1604 stum
1320 1570 1534 1612 pertinerent,
1558 1569 1666 1602 nullus
1690 1569 1721 1602 in
1746 1570 1875 1612 propria
1898 1579 2032 1611 persona
2054 1574 2178 1612 poterat

1212 1624 1345 1657 verbum
1369 1622 1578 1665 praemissum
1612 1631 1685 1655 vere
1709 1622 1813 1656 dicere
1845 1623 1903 1656 nisi
1927 1624 2089 1663 Christus,
2122 1625 2176 1667 qui

1212 1686 1280 1710 eam
1305 1676 1379 1718 legit
1403 1676 1439 1708 in
1463 1675 1608 1708 auribus
1631 1685 1768 1714 eorum;
1785 1676 1866 1709 infra
1883 1677 1994 1709 ultimo
2008 1678 2047 1709 ¹⁰:
2070 1690 2085 1706 (ι
2099 1678 2178 1710 Haec

1212 1732 1288 1763 sunt
1311 1729 1423 1768 verba,
1447 1737 1529 1771 quae
1552 1729 1694 1762 dicebam
1719 1729 1824 1769 vobis,
1849 1739 1921 1763 cum
1946 1730 2050 1763 adhuc
2078 1739 2177 1763 esseni

1212 1783 1391 1821 vobiscum,
1416 1782 1566 1824 quoniam
1590 1791 1717 1816 necesse
1740 1786 1787 1815 est
1811 1783 1934 1825 impleri
1958 1784 2080 1823 omnia,
2097 1793 2178 1826 quae

1212 1836 1330 1878 scripta
1353 1838 1428 1868 sunt
1443 1835 1476 1868 in
1500 1836 1579 1877 Lege
1596 1838 1627 1868 et
1651 1836 1814 1878 Prophetis
1831 1839 1862 1869 et
1886 1836 2015 1870 Psalmis
2030 1837 2069 1870 de
2085 1846 2134 1870 me
2147 1851 2177 1869 n.

1211 1889 1299 1922 Unde
1314 1888 1459 1922 Christus
1482 1888 1663 1930 adimplevit
1686 1898 1814 1921 omnem
1835 1889 2000 1922 iustitiam
2025 1894 2178 1932 quantum

2193 455 2269 477 Aliter.

2196 721 2326 743 Secu-ndum.

2194 1307 2287 1329 Tertium
2292 1323 2297 1328 .

2198 1892 2295 1913 Christus
2306 1891 2345 1913 im·

2201 1919 2251 1940 levit
2259 1924 2343 1941 omnem

1212 1943 1251 1976 ad
1274 1951 1401 1975 morum
1418 1943 1628 1980 honestatem,
1646 1941 1821 1975 secundum
1844 1942 1922 1974 illud
1949 1943 2095 1976 Matthaei
2116 1946 2297 1976 teramum·
2326 1971 2328 1973 ,

1213 1997 1256 2030 tio
1270 1997 1313 2028 ¹¹:
1332 2008 1347 2024 «ι
1361 1995 1410 2028 Sic
1425 1994 1515 2028 decet
1537 2003 1594 2027 nos
1617 1994 1749 2036 implere
1763 2003 1887 2028 omnem
1908 1995 2058 2028 iustitiam
2071 2009 2102 2028 »,
2120 1996 2179 2028 lm-

1214 2050 1311 2093 plevit
1333 2049 1428 2082 etiam
1445 2058 1572 2081 omnem
1590 2048 1802 2091 Scripturam
1818 2048 1976 2082 fundendo
1992 2048 2048 2082 Dei
2065 2050 2343 2082 verita-1am.0mn0m

1215 2107 1295 2143 tem,
1312 2103 1394 2136 sicut
1410 2102 1556 2135 Matthaei
1572 2102 1696 2144 quinto:
1720 2115 1735 2130 «
1751 2102 1861 2141 Putas,
1878 2102 1953 2145 quia
1968 2102 2039 2135 veni
2056 2103 2177 2136 solvere

1214 2158 1342 2199 Legem,
1366 2159 1422 2188 aut
1446 2155 1645 2197 Prophetas?
1668 2155 1734 2187 Non
1751 2154 1821 2188 veni
1846 2155 1985 2194 solvere,
2009 2155 2063 2188 sed
2079 2155 2176 2188 adim·-

1215 2211 1303 2253 plere
1319 2223 1349 2242 n.
1375 2209 1411 2241 Et
1441 2208 1510 2241 ideo
1533 2208 1650 2241 dicitur
1673 2208 1711 2241 ad
1743 2208 1892 2250 Ephesios
1916 2209 2036 2251 primo:
2067 2222 2082 2237 α
2099 2209 2178 2251 Quia

1215 2263 1321 2297 omnia
1336 2263 1368 2295 in
1391 2262 1539 2295 omnibus
1562 2262 1743 2304 adimplevit
1759 2275 1789 2294 ι».
1807 2262 1893 2295 Unde
1908 2262 2007 2295 verba
2026 2266 2057 2295 et
2078 2263 2178 2306 siqua

1216 2316 1332 2350 veteris
1344 2316 1421 2358 legis
1434 2324 1533 2348 vacua
1548 2315 1690 2357 implevit
1704 2316 1841 2348 veritate
1856 2319 1887 2348 et
1897 2316 2023 2359 9ratia.
2038 2316 2070 2348 In
2087 2317 2178 2349 cuius

1218 2369 1342 2412 signum
1374 2368 1496 2401 Ioannis
1525 2367 1662 2401 secundo
1684 2368 1709 2387 ¹²
1742 2368 1773 2401 in
1798 2368 1900 2410 primo
1924 2369 2012 2411 signo
2044 2369 2176 2402 dicitur:

1215 2585 1293 2612 mittit
1321 2584 1421 2611 doctori
1446 2583 1654 2616 dispensandum
1673 2582 1786 2609 verbum
1802 2591 1824 2608 u.
1845 2583 1902 2609 Vnt.
1923 2590 1983 2608 cuin
2003 2583 2073 2609 Beda
2099 2583 2177 2608 tinem

1215 2630 1361 2657 verborum
1380 2630 1417 2655 sic
1436 2627 1556 2655 exhibet:
1577 2635 1625 2660 pro
1651 2630 1728 2660 captu
1755 2627 1917 2653 audientium
1936 2627 2050 2653 verbum
2078 2628 2178 2653 doctori

1216 2674 1424 2707 dispensandum
1434 2680 1483 2699 suo
1493 2671 1684 2705 praemonebat
1696 2672 1825 2704 exemplo,
1837 2679 1898 2698 cum
1913 2673 1948 2698 ait
1961 2671 2043 2705 [ioan.
2055 2672 2096 2704 46,
2109 2671 2178 2706 42.]:

1216 2719 1304 2747 Multa
1323 2717 1405 2745 habeo
1425 2717 1498 2744 cobis
1518 2716 1619 2749 dicere,
1638 2715 1685 2743 scd
1703 2723 1758 2743 non
1773 2716 1884 2750 potestis
1903 2716 1952 2743 illa
1962 2718 2077 2750 portare
2091 2716 2178 2743 modo.

1217 2777 1252 2782 —
1271 2763 1394 2796 Sequitur
1413 2763 1477 2787 Dan.
1499 2762 1546 2793 ⁴2,
1567 2762 1591 2787 9.

1288 2805 1298 2820 ⁷
1319 2807 1393 2832 Vers.
1413 2807 1455 2832 45.

1288 2849 1300 2865 ⁸
1318 2852 1394 2877 Vers.
1414 2851 1455 2876 Η.
1474 2853 1499 2876 et
1518 2850 1560 2875 42.
1584 2864 1614 2868 —
1634 2849 1751 2876 Subinde
1775 2850 1920 2881 allegantur
1945 2848 1990 2874 Iob
2016 2849 2064 2879 29,
2085 2849 2128 2874 21,
2155 2852 2180 2874 et

1219 2896 1294 2922 Eccli.
1315 2896 1345 2926 3,
1364 2895 1406 2920 31.
1425 2908 1460 2913 -
1480 2894 1606 2926 Superius
1625 2897 1685 2926 post
1702 2892 1857 2920 aviditatem
1877 2893 1935 2918 Vnt.
1960 2893 2033 2918 addit
2052 2892 2182 2919 audiendi

1217 2939 1337 2967 verbum.

1289 2982 1301 2997 ⁹
1319 2983 1431 3015 Vulgata
1452 2982 1542 3016 Coepit
1560 2984 1659 3009 autem.

1290 3027 1312 3042 ¹⁰
1331 3028 1407 3054 Vers.
1427 3027 1469 3053 44.
1489 3041 1524 3046 —
1543 3027 1670 3059 Superius
1695 3033 1744 3059 pro
1769 3026 1817 3060 qui
1834 3033 1894 3052 cam
1913 3024 2100 3059 [scripturam]
2121 3026 2179 3050 Vat.

1219 3072 1273 3108 qui·
1284 3072 1366 3105 illud,
1386 3073 1408 3098 ΙΙ
1428 3071 1476 3106 qui
1493 3071 1594 3098 omnia.

1290 3116 1311 3131 ¹¹
1331 3117 1408 3142 Vers.
1430 3116 1472 3141 45.
1492 3129 1526 3135 —
1546 3117 1696 3149 Sequuntur
1716 3116 1801 3141 Matth.
1822 3115 1852 3145 5,
1881 3115 1929 3140 ¹7:
1957 3113 2045 3141 Nolite
2061 3116 2176 3147 putare,

1219 3161 1347 3196 quoniam
1366 3160 1428 3186 veni
1445 3163 1507 3192 etc.,
1532 3163 1558 3186 et
1583 3160 1647 3191 Eph.
1668 3160 1692 3190 t,
1711 3160 1754 3185 23.
1776 3173 1811 3178 —
1830 3159 1938 3185 interius
1966 3165 2015 3190 pro
2043 3157 2179 3191 fundendo

1219 3206 1277 3232 Vat.
1297 3204 1457 3239 ea‘plicando
1477 3203 1686 3238 etssoeponendo.

1291 3247 1313 3264 ²²
1332 3249 1407 3275 Vei-s.
1426 3248 1452 3274 7.
1470 3262 1506 3267 —
1525 3249 1648 3280 August,
1668 3248 1693 3273 in
1721 3248 1790 3274 toan.
1815 3247 1914 3279 Evang.
1933 3250 1964 3272 tr.
1984 3247 2007 3271 9.
2027 3253 2054 3272 n.
2073 3246 2106 3271 6:
2133 3246 2181 3271 Sex

1219 3301 1284 3326 ergo
1302 3294 1361 3319 illae
1380 3293 1489 3325 hydriae
1507 3299 1552 3319 sex
1579 3295 1676 3318 aetates
1704 3292 1863 3324 significant,
1892 3290 1990 3324 quibus
2017 3297 2068 3316 non
2098 3290 2181 3316 defuit

1218 3337 1365 3371 prophetia.
1383 3338 1425 3363 llla
1445 3344 1509 3369 ergo
1528 3340 1648 3369 tempora
1662 3343 1720 3369 sex,
1734 3336 1809 3369 quasi
1823 3336 1937 3362 articulis
1951 3334 2088 3360 distributa
2103 3338 2181 3366 atque

1218 3382 1353 3413 distincta,
1372 3381 1446 3415 quasi
1467 3388 1529 3407 vasa
1549 3384 1636 3407 essent
1654 3380 1755 3413 inania,
1775 3380 1823 3406 nisi
1842 3387 1857 3405 a
1876 3379 1977 3406 Christo
2002 3379 2179 3410 implerentur.

2197 2079 2336 2106 Scripturam.
