2476 3921
14 712 15 722 l
28 698 152 721 Notandum.

6 1547 39 1569 -De
46 1547 155 1574 poeniten-

42 1574 70 1594 tia
86 1574 123 1594 tilii

13 1601 93 1627 prodigi
106 1600 153 1621 tria.

47 1813 148 1835 Primum.

9 1920 109 1951 Coutritip
123 1921 153 1942 sa-

9 1949 36 1968 cit
48 1952 156 1974 respicere

36 1973 63 1995 ad
78 1974 126 1996 tria.

767 229 961 262 COMMENT.
987 230 1024 262 IN
1050 229 1288 263 EVANGELIUM
1313 231 1430 264 LUCAE
1455 232 1486 264 C.
1512 232 1574 264 XV.

175 321 252 353 illas.
288 320 374 353 Unde
398 320 477 353 Osee
513 319 676 352 secundo¹
710 318 786 351 dicit
817 318 922 351 anima
955 318 1135 360 peccatrix:

179 388 194 402 ιι
212 373 328 407 Vadam
352 376 422 416 post
445 376 602 406 amatores
626 381 730 411 meos,
755 372 809 414 qui
834 371 910 404 dant
934 380 1031 413 panes
1059 371 1136 404 mihi

176 431 207 461 et
235 435 335 469 aquas
359 435 445 459 meas
477 429 508 459 et
539 425 641 458 lanam
673 434 774 458 meam
798 428 830 457 et
854 424 953 457 linum
977 433 1084 457 meum
1107 428 1139 458 et

174 480 278 513 oleum
310 489 416 513 meum
449 482 480 512 et
515 482 626 521 potum
661 487 777 511 meum.
805 478 936 519 Propter
964 478 1022 510 hoc
1047 486 1136 517 ecce,

173 543 230 576 ego
254 533 370 575 sepiam
396 533 478 565 viam
496 534 582 564 tuam
600 531 699 573 spinis
722 534 754 564 et
769 531 886 573 sepiam
903 540 972 564 eam
989 531 1135 570 maceria,

172 591 204 620 et
227 586 354 620 semitas
385 595 459 619 suas
490 594 551 617 non
584 584 770 623 inveniet»;
794 587 826 617 et
857 587 944 626 post:
975 583 1136 617 «Cessare

172 639 281 672 faciam
306 647 398 671 omne
432 637 583 680 gaudium
619 637 688 670 eius
716 641 747 670 et
779 636 976 670 neomeniam
1005 637 1073 669 eius
1105 640 1136 669 et

173 692 307 725 Sabbata
330 691 399 724 eius
422 694 454 724 et
468 691 573 723 omnia
596 690 675 723 festa
691 690 760 723 eius
773 703 802 722 n.
822 690 857 722 Et
874 690 933 723 hoc
950 690 1023 722 facit
1052 690 1136 722 Deus

172 745 255 784 ideo,
280 747 317 777 ut
340 746 520 786 peccatores
540 753 559 776 a
583 752 616 776 se
638 752 766 776 aversos
782 752 839 785 per
855 742 1076 776 delectationes
1097 742 1135 775 ad

172 807 205 831 se
229 800 355 830 revocet
378 806 435 839 per
459 797 652 830 afflictiones.
678 796 764 829 Unde
788 796 983 838 Augustinus
998 796 1030 828 in
1054 795 1136 828 libro

171 851 407 884 confessionum
421 851 451 883 2:
482 864 496 880 «
513 850 648 890 Omnes,
673 850 794 893 inquit,
811 849 1033 883 delectationes
1050 858 1135 882 meas

170 905 435 938 amaritudinibus
467 904 663 946 respersisti,
689 904 819 937 Domine
851 904 953 942 Deus,
978 906 1015 935 ut
1038 912 1135 945 quae-

171 967 274 991 rerem
292 957 358 991 sine
374 957 545 990 offensione
569 957 678 990 laetari
703 961 733 990 et
750 965 811 990 non
830 956 1003 992 invenirem
1025 956 1084 989 nisi
1102 956 1134 988 in

172 1014 202 1044 te
217 1024 247 1042 ».
273 1010 375 1043 Nemo
399 1010 496 1052 igitur
520 1010 579 1043 slat
600 1011 639 1043 cte
662 1010 736 1043 istis
752 1010 903 1053 siliquis,
921 1009 1047 1051 quando
1063 1018 1134 1051 pec-

170 1064 267 1097 catori
292 1064 494 1096 subtrahitur
525 1064 695 1097 consolatio
719 1063 871 1102 carnalis,
897 1066 933 1095 ut
956 1062 1000 1095 sic
1024 1062 1133 1095 saltem

171 1120 351 1150 revertatur
374 1117 413 1150 ad
437 1117 646 1159 cognitionem
682 1117 737 1149 Dei
762 1120 793 1149 et
816 1116 883 1155 sui;
909 1119 940 1148 et
963 1116 1046 1149 sicut
1069 1115 1134 1148 ine-

170 1171 292 1204 briatus
315 1173 362 1203 est
386 1179 442 1212 per
466 1170 722 1208 delectationem,
747 1170 791 1202 sic
815 1169 940 1211 evigilet
959 1177 1015 1211 per
1032 1168 1133 1201 tribu-

170 1224 334 1262 lationem,
360 1222 533 1255 secundun}
564 1223 642 1255 illud
674 1223 769 1255 Isaiae
805 1222 954 1264 vigesimo
978 1221 1132 1254 octavo³z

173 1289 189 1304 «t
207 1275 435 1308 Tantummodo
468 1275 595 1308 vexatio
619 1275 814 1308 intellectum
845 1275 931 1308 dabit
955 1274 1076 1307 auditui
1096 1287 1132 1313 »;

169 1329 252 1362 unde
276 1331 307 1362 et
330 1329 457 1362 Levitici
493 1329 643 1371 vigesimo
675 1332 783 1361 sexto:
814 1342 829 1357 «
847 1328 1012 1361 Immittam
1038 1328 1133 1370 pesti-

169 1382 296 1414 lentiam
328 1381 359 1414 in
391 1381 494 1414 medio
530 1382 645 1420 vestri,
670 1385 701 1414 et
733 1381 898 1414 trademini
937 1381 967 1413 in
992 1381 1132 1414 hostium

168 1435 315 1468 manibus
331 1448 360 1467 ».
392 1448 407 1463 a
426 1435 460 1467 Et
484 1435 653 1468 comedetis
676 1438 708 1468 et
730 1444 792 1467 non
818 1435 1037 1468 saturabimini
1055 1448 1086 1466 n.

259 1489 311 1520 29.
337 1489 438 1530 (Vers.
467 1488 541 1528 17.).
570 1488 642 1530 lpse
677 1492 789 1520 autem
826 1488 861 1520 in
884 1497 918 1519 se
942 1497 1096 1519 reuersus
1108 1488 1131 1519 4.

171 1542 242 1574 Post
265 1541 454 1583 descriptam
478 1541 533 1574 filii
558 1541 679 1583 prodigi
705 1541 901 1574 insolentiam
927 1544 958 1573 et
974 1540 1133 1573 miseriam

169 1594 319 1627 describit
334 1594 386 1627 hic
410 1594 503 1627 tertio
519 1594 592 1627 eius
604 1593 840 1636 poenitentiam
853 1594 878 1632 ⁵,
896 1603 991 1636 quam
1016 1593 1134 1626 descri-

169 1646 214 1679 bit
238 1646 327 1679 valde
351 1646 577 1686 sufficientem,
602 1646 721 1679 scilicet
744 1650 898 1688 quantum
917 1645 955 1678 ad
972 1645 1133 1678 humilita-

169 1704 232 1733 tem
256 1700 482 1739 contritionis,
507 1699 725 1743 confessionis
747 1703 779 1732 et
801 1698 1055 1742 satisfactionis.

256 1754 359 1787 Primo
376 1754 472 1796 igitur
489 1757 646 1796 quantum
669 1753 709 1786 ad
725 1752 944 1785 humilitatem
961 1752 1132 1785 contritio-

168 1807 221 1840 nis
244 1807 335 1840 dicit:
361 1808 435 1849 Ipse
458 1812 569 1840 autem
586 1807 622 1839 in
637 1816 672 1839 se
688 1815 858 1844 reversus,
875 1806 994 1839 scilicet
1009 1814 1067 1848 per
1084 1814 1134 1838 re-

168 1860 376 1903 cognitionem
401 1860 549 1902 propriae
573 1859 758 1902 iniquitatis,
782 1859 858 1902 quia
873 1858 962 1892 dolor
980 1867 1132 1900 compun-

169 1913 281 1952 ctionis
302 1913 377 1946 facit
400 1913 656 1956 circumspicere
679 1913 848 1946 internam
877 1912 1133 1950 conscienciam

168 1969 298 2009 propter
322 1966 408 2008 quod
430 1966 519 1999 dicit:
544 1966 585 1998 1η
608 1976 642 1998 se
664 1975 838 2004 reversus,
863 1965 1038 1999 secundum
1054 1964 1133 1997 illud

170 2019 265 2052 isaiae
276 2017 517 2062 quadragesimo
529 2019 663 2052 sexto⁶:
686 2032 702 2049 α
721 2019 836 2058 Redite,
853 2018 1132 2061 praevaricatores,

167 2072 208 2105 ad
227 2081 286 2105 cor
303 2086 333 2104 n.
359 2091 401 2096 —
426 2072 509 2105 Facit
532 2072 626 2105 etiam
657 2072 747 2105 dolor
781 2071 1033 2114 compunctionis
1067 2071 1133 2104 cir-

168 2126 371 2168 cumspicere
393 2124 584 2169 felicitatem
607 2126 792 2164 amissam,·
816 2128 946 2168 propter
970 2124 1056 2167 quod
1079 2124 1134 2157 ad-

167 2179 227 2212 dit:
254 2179 367 2212 Dixit.-
394 2179 522 2220 Qttanti
545 2179 748 2212 mercenarii
771 2179 807 2211 in
830 2179 927 2211 domo
939 2177 1054 2220 patris
1070 2177 1135 2210 mei

168 2232 345 2266 abundant
363 2232 534 2275 panibus!
557 2233 589 2266 id
613 2236 675 2273 est,
700 2233 732 2265 in
756 2232 851 2265 domo
874 2231 931 2265 Dei
955 2231 1087 2264 feliciter
1103 2233 1135 2263 et

239 2378 249 2393 ¹
270 2380 344 2405 Vers.
364 2379 390 2405 ὃ.
409 2386 464 2412 seq.
484 2382 510 2405 et
528 2380 624 2406 deinde
643 2387 669 2406 ν.
690 2380 733 2406 il.

239 2422 250 2438 ²
269 2423 338 2449 Libr.
359 2425 386 2449 ll.
404 2431 426 2449 c.
456 2425 481 2449 2.
504 2431 531 2450 ιι.
552 2423 581 2449 4:
607 2424 647 2450 Tu
675 2431 781 2456 semper
800 2425 907 2457 aderas,
928 2423 1132 2450 misericorditer

169 2468 288 2494 saeviens
306 2471 331 2494 et
350 2468 522 2494 amarissimis
541 2475 684 2501 aspergens
712 2468 901 2494 offensionibus
921 2476 1014 2494 omnes
1033 2468 1133 2494 illicitas

169 2513 342 2538 iucunditates
361 2520 447 2545 meas,
466 2516 495 2539 ut
513 2513 547 2539 ita
566 2520 722 2546 quaererem
736 2514 791 2539 sine
814 2513 959 2539 offensione
979 2513 1132 2544 iucundari,

168 2561 194 2582 et
213 2556 257 2582 ubi
278 2558 327 2582 hoe
346 2564 467 2589 possem,
487 2565 539 2583 non
561 2557 706 2583 invenirem
730 2558 878 2591 quidquam
903 2561 1007 2590 praeter
1027 2561 1065 2589 te,
1085 2558 1133 2583 Do-

169 2601 238 2627 mine
257 2605 306 2627 etc.
320 2602 368 2627 Pro
381 2601 612 2629 amaritudinibus
631 2601 785 2636 respersisti
797 2602 827 2635 (B
841 2601 998 2636 aspersisti,
1017 2602 1133 2628 nonnulli

168 2646 246 2672 codd.
266 2645 421 2680 respeoeisti)
443 2647 500 2672 Vat.
521 2654 590 2680 quas
609 2645 752 2679 amabam,
771 2647 924 2681 respeoeisti.

240 2689 251 2704 ³
271 2691 345 2716 Vers.
367 2692 413 2721 ²19,
434 2694 492 2723 post
511 2699 591 2724 quem
611 2692 674 2717 Lev.
694 2692 743 2724 26,
763 2692 805 2717 25.
825 2695 850 2718 et
870 2693 914 2717 26.

240 2733 251 2747 ⁴
270 2734 322 2760 Cfr.
344 2742 422 2767 supra
443 2742 504 2767 pag.
525 2736 585 2768 389,
605 2739 665 2761 nota
690 2737 729 2762 ll.

240 2776 251 2790 ⁵
272 2778 338 2803 Vide
357 2785 436 2810 supra
458 2785 485 2803 ιι.
505 2779 548 2804 21.

240 2820 251 2834 ⁶
272 2822 346 2847 Vers.
365 2823 390 2847 8.
419 2835 454 2842 —
476 2823 567 2848 Glossa
588 2822 771 2850 interlinearis
795 2825 834 2857 (ex
864 2824 997 2857 Ambros..
1027 2826 1077 2851 Vll.
1108 2826 1133 2851 in

169 2866 230 2890 Luc.
243 2872 267 2890 c.
282 2865 324 2890 l5.
338 2873 361 2891 ιι.
376 2866 461 2898 220.):
476 2867 508 2892 Ινι
520 2873 548 2893 se
560 2869 652 2893 autem
664 2875 804 2901 reversus,
822 2868 890 2895 bene
903 2870 928 2895 in
942 2877 971 2896 se
984 2870 1133 2903 revertitur,

169 2909 231 2941 quia
250 2916 265 2934 a
278 2916 313 2935 —se
332 2910 448 2935 recessit.

240 2950 250 2966 '¹
273 2954 347 2979 vers.
366 2954 409 2979 ⁴3.
427 2967 462 2973 —
483 2954 539 2981 Duo
568 2963 643 2989 seqq.
661 2956 711 2982 loci
740 2961 800 2983 sunt
829 2958 916 2984 Matth.
936 2959 967 2990 6,
987 2960 1012 2984 2.
1032 2962 1058 2985 et
1076 2959 1134 2985 isai.

171 2997 219 3028 55,
239 2998 263 3023 2.
283 2998 372 3024 Glossa
397 2997 580 3026 interlinearis
599 3000 641 3032 (ex
669 3001 784 3033 Hieron„
810 3003 889 3034 Epist.
911 3003 954 3029 21.
979 3004 1043 3029 alias
1072 3003 1134 3030 ⁴46.

170 3049 196 3067 ιι.
220 3042 262 3074 14;
275 3043 320 3068 err.
334 3041 465 3074 Ambros„
486 3043 535 3069 loc.
549 3044 619 3077 cit.):
635 3043 738 3076 Quanti
749 3046 927 3079 mercenarii,
941 3047 968 3073 id
981 3051 1029 3080 est,
1042 3048 1133 3081 quanti

170 3094 200 3112 ex
220 3086 322 3112 ludaeis
339 3085 375 3112 ob
395 3087 540 3118 praesentia
568 3087 636 3114 bona
657 3092 757 3115 tantum
777 3091 875 3131 hegem
896 3092 1062 3124 custodiunt,
1081 3100 1134 3119 non

171 3137 202 3156 cx
221 3130 374 3156 dilectione!

242 3172 253 3188 ⁸
272 3174 348 3201 vers.
370 3174 412 3200 tt.
432 3178 458 3201 et
478 3175 523 3206 ⁴5,
545 3176 569 3202 in
588 3177 664 3203 cuius
683 3178 733 3203 tine
753 3178 811 3204 Vnt.
825 3186 886 3205 cum
907 3180 1018 3212 Vulgata
1044 3181 1135 3208 hume-

171 3225 236 3244 rum
248 3225 340 3245 suam.
352 3232 388 3239 -—
399 3219 489 3245 Glossa
503 3219 647 3247 ordinaria
666 3221 707 3254 (ex
721 3222 818 3256 Beda):
838 3223 941 3255 Quanti
958 3225 1133 3258 mercenarii,

171 3263 216 3295 qui
238 3264 338 3288 suturae
357 3263 489 3289 mercedis
508 3264 602 3290 intuitu
623 3265 702 3298 digna
722 3267 827 3298 operari
846 3271 982 3300 satagunt,
1007 3270 1135 3302 quotidia-

172 3306 212 3332 nis
230 3313 361 3339 supernae
380 3307 480 3339 gratiae
499 3308 653 3335 reficiuntur
672 3310 814 3342 alimentim
843 3311 890 3337 sed
908 3312 981 3345 fame
995 3313 1067 3346 perit
1088 3314 1133 3347 qui

172 3354 242 3377 extra
261 3351 370 3377 domum
391 3351 486 3385 patris,
506 3352 533 3378 id
552 3356 591 3379 est
610 3354 666 3379 sine
684 3354 737 3380 side
756 3355 862 3388 vivens,
883 3356 964 3382 vitam
984 3356 1087 3383 beatam
1107 3358 1134 3384 in

173 3395 242 3421 inani
262 3395 426 3429 philosophia
447 3396 563 3430 inquirit.

280 3448 311 3475 S.
330 3449 434 3476 Bonav.
445 3463 481 3469 —
495 3450 574 3477 Tom.
588 3452 642 3481 Vll.

2103 236 2166 269 393

1202 319 1342 351 suaviter
1366 319 1485 352 vivunt.
1504 339 1546 343 -—
1565 321 1600 353 Et
1617 324 1706 361 nota,
1724 323 1806 364 quod
1834 323 1960 364 quidam
1988 328 2062 356 suut
2085 334 2166 358 iner-
2187 333 2312 380 Mercefani

1201 371 1317 403 cenarii
1342 372 1444 410 mali,
1468 372 1507 405 de
1531 374 1648 414 quibus
1673 374 1794 407 loannis
1819 375 1982 407 dccimo⁷z
2018 390 2033 404 «
2050 378 2165 410 Merce-

1201 424 1311 456 narius
1334 428 1440 457 autem
1465 425 1562 467 sugit,
1587 426 1662 468 quia
1679 428 1896 461 mercenarius
1912 432 1959 461 cst
1973 444 2001 461 ι».
2022 430 2090 468 lsti,
2108 432 2163 463 etsi

1201 477 1363 510 abundant
1389 478 1558 520 aliquando
1583 479 1612 511 in
1644 479 1736 512 domo
1760 482 1874 513 summi
1910 482 2008 515 Patris
2033 484 2165 524 panibus

1200 530 1431 569 materialibus,
1455 540 1516 563 non
1543 536 1646 564 tamen
1672 533 1906 574 spiritualibus;
1932 540 2060 577 propter
2082 538 2163 578 quod

1201 583 1346 616 Matthaei
1364 587 1473 616 sexto:
1504 597 1518 612 «
1536 585 1630 617 Anien
1655 585 1724 618 dico
1742 586 1845 618 vobis:
1873 588 2066 629 Reccperunt
2084 599 2165 622 incr-

1201 636 1307 669 cedem
1332 646 1421 669 suam
1440 650 1469 669 ».
1497 637 1532 669 Et
1565 638 1680 670 talibus
1703 638 1819 671 dicitur
1852 640 1945 672 ls‘tiae
1969 642 2165 684 quinquage-

1201 689 1280 722 simo
1312 690 1440 731 quinto:
1471 691 1608 731 «Quare
1638 692 1813 733 appenditis
1841 697 2005 734 argentum
2040 704 2099 727 non
2134 697 2162 728 ιιι

1200 743 1335 785 panibus
1351 757 1366 772 »
1395 747 1453 776 etc.
1480 744 1533 776 λιιι
1553 748 1627 777 sunt
1650 746 1851 778 mercenarii
1869 746 1959 786 boni,
1985 748 2023 780 dc
2047 750 2164 790 quibus
2187 755 2312 802 ”ffiss;‘'¹¹'

1200 796 1327 829 Genesis
1351 797 1568 838 penultimossz
1599 811 1614 825 «
1638 798 1791 837 issachar,
1817 800 1925 832 asinus
1957 801 2063 840 sortis,
2090 803 2164 835 vidit

1200 849 1360 891 requiem,
1385 850 1469 892 quod
1493 851 1696 890 esset-bona,
1723 855 1754 884 et
1772 856 1905 892 terram,
1931 854 2014 895 quod
2031 856 2163 897 optima,

1200 905 1231 935 et
1254 903 1420 945 supposuit
1445 903 1595 937 humeros
1627 914 1700 937 suos
1717 919 1747 937 ».
1775 906 1809 938 Et
1841 907 1890 939 isti
1916 912 1990 940 sunt
2018 909 2070 950 qui
2098 919 2163 942 ser-

1200 956 1290 988 viunt
1306 966 1364 998 pro
1380 957 1524 990 mercede
1541 962 1683 998 aeterna,
1700 963 1731 992 et
1748 960 1824 993 tales
1843 961 2005 994 abundant
2021 963 2164 1005 frequen—

1200 1012 1247 1041 ter
1272 1009 1405 1051 panibus
1429 1010 1518 1049 fidei,
1543 1012 1607 1053 spei
1633 1015 1665 1044 et
1688 1013 1841 1052 caritatis,
1866 1014 1904 1047 de
1925 1015 2042 1057 quibus
2066 1026 2163 1058 supra

1200 1062 1408 1095 undecim092
1440 1077 1454 1091 α
1473 1064 1589 1103 Amice,
1622 1066 1786 1102 commoda
1810 1067 1884 1099 mihi
1921 1072 1984 1101 tres
2015 1079 2161 1111 panes12;

1198 1120 1229 1148 et
1252 1115 1290 1148 de
1323 1116 1440 1158 quibus
1465 1117 1495 1149 in
1529 1118 1667 1151 Psalmo:
1698 1133 1713 1147 «
1731 1120 1886 1162 Pauperes
1918 1122 1986 1154 eius
2015 1124 2163 1156 saturalm

1198 1169 1332 1211 panibus
1350 1184 1379 1202 n.
1404 1189 1449 1194 —-
1476 1171 1560 1204 Facit
1583 1172 1789 1206 nihilominus
1812 1176 2012 1216 compunctio
2036 1178 2163 1219 conspi-

1198 1233 1269 1256 cere
1292 1223 1517 1257 calamitatem
1538 1226 1741 1268 prop.riam,·
1766 1228 1849 1261 unde
1873 1228 1975 1261 addit:
2003 1231 2069 1272 Eyo
2101 1241 2162 1263 au-

1198 1280 1259 1308 tem
1284 1275 1337 1309 liic
1367 1275 1459 1320 fame
1480 1287 1593 1320 pereo,
1626 1279 1744 1312 scilicet
1775 1281 1815 1313 ob
1846 1281 2002 1314 desectum
2036 1283 2159 1316 divinae

1197 1329 1315 1371 gratiae
1339 1333 1370 1362 et
1401 1330 1579 1371 doctrinae;
1612 1335 1643 1365 et
1667 1333 1743 1366 haec
1767 1338 1814 1366 est
1846 1343 1957 1376 magna
1985 1337 2161 1375 calamitas;

1198 1383 1397 1415 Threnorum
1435 1388 1549 1426 quarto
1568 1385 1610 1417 ¹⁰:
1649 1399 1663 1414 «
1689 1387 1798 1419 Melius
1822 1387 1881 1419 suit
1915 1389 2025 1421 occisis
2059 1390 2159 1431 gladio

1197 1444 1292 1477 quam
1325 1435 1498 1469 intersectis
1529 1437 1627 1477 same,
1661 1440 1809 1480 quoniam
1842 1440 1891 1472 isti
1929 1442 2161 1482 extabuerunt,

1198 1488 1352 1520 consumti
1386 1498 1405 1520 a
1428 1490 1592 1523 sterilitate
1624 1495 1728 1524 terrae
1746 1504 1776 1531 »;
1801 1497 1832 1525 et
1864 1502 1921 1534 pro
1954 1494 2020 1526 istis
2047 1495 2162 1527 dicitur

1197 1541 1396 1573 Threnorum
1422 1543 1577 1575 secundo:
1605 1557 1620 1572 «
1635 1545 1716 1577 Leva
1740 1554 1853 1578 manus
1878 1551 1948 1579 tuas
1964 1557 2022 1589 pro
2045 1549 2162 1581 anima-

1197 1594 1257 1627 bus
1282 1595 1489 1635 parvulorum
1515 1599 1660 1636 tuorum,
1685 1598 1739 1639 qui
1764 1598 1948 1632 defecerunt
1971 1601 2002 1632 in
2027 1601 2108 1634 same
2131 1602 2161 1634 in

1198 1647 1298 1689 capite
1326 1649 1467 1681 omnium
1501 1650 1712 1695 compitorum
1729 1665 1759 1684 ι),
1786 1652 1832 1684 Ex
1865 1653 1923 1686 hac
1947 1658 2052 1687 autem
2085 1655 2163 1687 alili—

1197 1701 1299 1734 ctione
1323 1703 1574 1744 compunctionis
1606 1704 1736 1746 spiritus
1760 1710 1952 1747 provocatur
1983 1711 2015 1740 et
2046 1709 2163 1741 excita-

1198 1757 1272 1793 tur;
1306 1759 1435 1797 propter
1460 1756 1545 1798 quod
1570 1757 1600 1790 in
1625 1758 1746 1791 Psalmo
1761 1760 1804 1790 ¹²:
1835 1772 1851 1787 «
1868 1760 2008 1793 Afflictus
2039 1768 2110 1794 sum
2134 1766 2163 1794 et

1197 1807 1384 1841 humiliatus
1414 1818 1485 1842 sum
1518 1810 1631 1849 nimis,
1665 1812 1828 1853 rugiebam
1860 1822 1879 1845 a
1909 1814 2028 1855 gemitu
2061 1814 2164 1847 cordis

1196 1861 1257 1893 mei
1272 1873 1308 1900 »;
1333 1864 1365 1894 et
1388 1862 1553 1904 sequitur:
1582 1877 1597 1892 «
1614 1864 1768 1905 Quoniam
1793 1874 1850 1907 ego
1871 1866 1901 1898 in
1928 1867 2049 1909 flagella
2073 1877 2163 1909 para-

1198 1917 1250 1946 tus
1277 1923 1348 1947 sum
1367 1928 1398 1946 ».

1288 1966 1340 1999 30.
1358 1967 1460 2009 (Vers.
1482 1969 1555 2009 18.).
1581 1970 1724 2003 Secundo
1748 1974 1901 2013 quantum
1930 1972 1968 2005 ad
1993 1971 2163 2006 ltumilita-
2185 1980 2313 2002 secundum-

1198 2023 1260 2052 tem
1285 2019 1502 2063 confessionis
1526 2021 1649 2055 subdit:
1675 2023 1824 2066 Suryam
1841 2028 1870 2056 et
1893 2024 1945 2057 ibo
1962 2026 2008 2058 acl
2028 2030 2161 2068 patrem

1197 2081 1308 2105 meum
1331 2076 1361 2105 et
1383 2073 1495 2106 dicam
1518 2074 1569 2107 illi
1582 2075 1627 2107 ¹³:
1653 2076 1768 2116 Pater,
1790 2078 1926 2119 peccavi
1949 2079 1985 2111 in
2009 2079 2137 2113 caelum
2150 2093 2162 2119 ,-

1198 2125 1229 2158 in
1253 2135 1318 2168 quo
1341 2127 1525 2167 confitetur,
1543 2137 1576 2161 se
1600 2137 1744 2171 peccasse
1761 2130 1792 2163 in
1816 2131 2070 2166 ecclesiasticam
2087 2135 2162 2167 uni-
2177 2139 2327 2194 dffssiiesiffssssa

2223 2193 2274 2215 enti.

1198 2182 1312 2218 tatem,
1337 2189 1418 2222 quae
1447 2180 1633 2224 intelligitur
1657 2184 1782 2217 nomine
1813 2185 1905 2217 caeli.
1931 2186 2006 2219 Nam
2039 2187 2071 2220 in
2103 2188 2161 2221 hac

1199 2230 1319 2264 habitat
1342 2232 1444 2273 Deus;
1470 2233 1564 2267 Isaiae
1589 2235 1700 2268 ultimo
1715 2236 1759 2269 1³³:
1788 2250 1804 2265 α
1821 2237 1948 2271 Caelum
1973 2239 2049 2272 mihi
2075 2241 2163 2274 sedes

1268 2378 1280 2393 ⁹
1299 2381 1374 2407 Vers.
1394 2381 1419 2407 5.
1444 2381 1500 2414 (cfr.
1526 2390 1605 2416 supra
1632 2392 1694 2417 pag.
1714 2385 1779 2417 284,
1805 2390 1865 2412 nota
1891 2387 1926 2420 8.)
1947 2391 1972 2413 ct
1997 2387 2092 2413 deiude
2122 2388 2161 2413 Ps.

1198 2423 1262 2455 431,
1286 2424 1325 2450 15.

1269 2467 1291 2482 ¹⁰
1311 2469 1384 2495 Vers.
1405 2471 1432 2496 9.
1463 2472 1511 2497 Pro
1539 2473 1676 2499 consumti
1692 2480 1710 2499 a
1728 2473 1868 2500 sterilitate
1889 2475 1908 2499 A
1920 2474 1939 2500 C
1951 2475 1999 2500 DF
2010 2476 2031 2500 G
2056 2477 2082 2501 et
2100 2482 2162 2502 con-

1196 2512 1281 2539 sumti
1296 2516 1362 2541 simt
1378 2514 1479 2549 absque
1497 2516 1646 2543 sterilitate.
1662 2532 1694 2536 —
1714 2519 1838 2551 Sequitur
1853 2519 1949 2545 Thren.
1964 2520 1993 2549 2,
2012 2520 2054 2550 19,
2069 2520 2094 2545 ιιι
2108 2528 2161 2553 quo

1197 2564 1246 2589 pro
1258 2558 1403 2586 animabus
1423 2560 1468 2593 (ita
1487 2561 1565 2587 etiam
1586 2562 1659 2588 card.
1677 2563 1763 2595 nugo)
1779 2563 1837 2589 Vat.
1851 2571 1911 2589 rum
1927 2564 2036 2596 Vulgata
2056 2564 2158 2595 (mima,

1197 2606 1222 2627 et
1235 2610 1284 2635 pro
1297 2603 1450 2638 defecerunt
1463 2605 1491 2632 in
1502 2606 1576 2639 same
1594 2607 1672 2633 codd.
1691 2607 1763 2641 same
1782 2610 1807 2634 et
1827 2608 1873 2634 siti
1890 2610 2010 2641 pereunt.
2024 2622 2060 2628 --
2072 2610 2160 2634 Glossa

1196 2646 1396 2676 interlinearis:
1409 2650 1493 2676 Fame
1503 2657 1597 2684 pereo,
1611 2652 1638 2677 in
1653 2652 1796 2678 idololatria
1811 2653 1882 2678 omni
1897 2653 2006 2679 veritate
2025 2653 2159 2679 destituor.

1269 2691 1290 2706 ¹¹
1311 2693 1405 2719 Psalm.
1425 2694 1468 2726 37,
1487 2695 1513 2720 9.
1533 2698 1558 2720 et
1579 2696 1620 2721 48.

1269 2735 1291 2751 ¹²
1310 2738 1345 2764 lta
1365 2738 1443 2764 etiam
1466 2739 1585 2771 Hieron.,
1606 2740 1684 2772 Epist.
1708 2741 1750 2766 21.
1775 2741 1848 2772 (alias
1877 2741 1945 2774 ¹46.)
1965 2749 1990 2767 n.
2014 2742 2056 2772 16,
2077 2742 2158 2772 Beda,

1197 2781 1239 2807 lv.
1259 2782 1284 2808 ιιι
1304 2783 1366 2808 Luc.
1387 2783 1431 2816 ⁴5,
1453 2784 1501 2815 48,
1523 2783 1600 2809 Card.
1629 2785 1706 2816 nugo
1730 2789 1755 2810 et
1781 2786 1911 2817 Lyranus,
1941 2786 1987 2811 sed
2018 2786 2073 2811 Vat.
2100 2794 2160 2812 cum

1198 2827 1309 2859 Vulgata
1327 2826 1360 2853 ei.

1268 2870 1291 2886 ¹⁸
1310 2872 1385 2897 Vers.
1407 2873 1434 2903 t,
1454 2876 1514 2904 post
1526 2880 1605 2906 quem
1627 2874 1666 2899 Ps.
1687 2874 1733 2905 ⁴0,
1752 2874 1777 2900 5.
1790 2887 1827 2893 ·-
1839 2875 1962 2906 August,
1978 2875 2004 2900 ll.
2019 2876 2067 2907 Qq.
2083 2875 2162 2900 Evan-

1197 2917 1288 2948 gelior.
1307 2924 1334 2949 q.
1354 2917 1396 2943 33.
1416 2924 1441 2942 n.
1461 2917 1491 2943 3:
1510 2917 1611 2944 Deinde
1629 2918 1680 2944 ait:
1699 2917 1836 2952 Surgam,
1855 2919 1916 2951 quia
1934 2919 2047 2951 iacebat,
2067 2921 2092 2945 et
2105 2919 2158 2951 ibo,

1196 2961 1258 2993 quia
1278 2961 1356 2993 longe
1374 2961 1479 2993 aberat,
1497 2960 1535 2987 ad
1549 2963 1658 2995 patrem
1676 2969 1781 2993 ineam,
1794 2963 1857 2995 quia
1869 2962 1920 2988 sub
1934 2963 2052 2994 principe
2072 2970 2162 2995 porco-

1197 3011 1257 3030 rum
1275 3009 1339 3031 ιιι-ει,
1359 3004 1449 3031 Cetera
1469 3005 1551 3031 verba
1571 3009 1631 3032 sunt
1649 3007 1835 3038 poenitentiam
1856 3007 2005 3033 meditantis
2019 3008 2042 3032 in
2063 3009 2162 3034 contes-

1197 3049 1270 3075 sione
1289 3050 1401 3081 peccati,
1421 3050 1539 3075 nondum
1559 3054 1646 3076 tamen
1665 3051 1782 3082 agentis,
1803 3058 1854 3077 non
1874 3052 1943 3076 enim
1964 3052 2014 3077 iam
2035 3053 2098 3078 dicit
2119 3060 2161 3084 pa-

1198 3093 1244 3124 tri,
1263 3094 1309 3120 sed
1332 3094 1464 3119 dicturum
1484 3100 1512 3119 se
1536 3101 1595 3120 esse
1614 3095 1753 3125 promittit,
1771 3101 1832 3120 cnm
1853 3095 1980 3121 venerit...
1999 3096 2069 3128 Quid
2095 3103 2161 3127 ergo

1198 3138 1266 3171 patri
1284 3138 1416 3164 dicturum
1436 3145 1464 3163 se
1488 3138 1570 3163 dicit?
1597 3138 1686 3168 Pater,
1705 3137 1839 3171 peccavi...
1860 3139 1951 3164 Utrum
1971 3141 2021 3164 hoc
2046 3144 2085 3165 est
2100 3146 2161 3172 pec-

1198 3182 1260 3209 cavi
1275 3182 1303 3208 in
1328 3181 1448 3213 caelum,
1468 3182 1541 3215 quod
1565 3185 1605 3207 est
1623 3188 1717 3208 coram
1745 3184 1783 3214 te,
1810 3186 1837 3207 ut
1863 3183 1964 3208 caelum
1990 3184 2160 3215 appellaverit

1198 3227 1282 3258 ipsam
1303 3226 1479 3252 summitatem
1500 3226 1594 3257 Patris;
1614 3226 1684 3252 unde
1703 3229 1743 3251 est
1761 3226 1839 3251 etiam
1859 3226 1920 3251 illud
1941 3227 1967 3251 iu
1986 3227 2087 3252 Psalmo
2102 3227 2158 3259 [⁴8.

1198 3270 1248 3304 7.]:
1268 3272 1289 3297 Α
1309 3276 1416 3296 summo
1436 3269 1509 3296 cacto
1528 3269 1645 3303 egressio
1663 3269 1736 3301 einis,
1756 3276 1816 3295 cum
1842 3269 1876 3295 ab
1899 3271 1956 3302 ipso
1982 3271 2056 3296 Patre
2083 3272 2158 3296 rellct

1198 3315 1325 3346 intelligi?
1345 3321 1376 3339 an
1397 3314 1483 3345 potius
1500 3313 1610 3346 pecwvi
1628 3313 1656 3339 in.
1680 3313 1798 3344 eaelum,
1822 3320 1910 3339 eoram
1937 3315 2032 3341 sanctis
2050 3315 2158 3345 animis,

1199 3359 1224 3384 in
1243 3358 1341 3391 quibus
1360 3361 1399 3383 est
1423 3358 1500 3382 sedes
1519 3357 1580 3388 Dei,
1605 3363 1699 3383 coram
1724 3359 1748 3383 te
1773 3361 1875 3390 autem,
1902 3358 1926 3384 in
1952 3359 2010 3390 ipso
2035 3359 2158 3391 penetrali

1200 3403 1322 3434 interiore
1338 3401 1511 3428 conscientiae
1523 3403 1534 3426 ἱ)

2018 3455 2051 3480 50
