2476 3921
743 200 939 234 COMMENT.
964 199 1001 233 IN
1026 199 1265 233 EVANGELIUM
1289 200 1407 233 LUCAE
1431 200 1464 233 C.
1490 199 1552 233 XX.

152 295 283 330 credent
306 293 337 326 in
362 301 455 332 eum,
480 295 512 326 et
535 291 662 325 venient
677 290 807 324 Romani
831 293 863 323 et
887 289 997 322 tollent
1012 289 1117 322 locum

153 351 299 382 nostrum
315 350 346 381 et
362 349 487 389 gentem
502 359 534 378 n.
559 345 646 378 Unde
661 343 746 378 istud
764 342 963 386 propositum
980 351 1117 385 nequam

131 412 133 415 ⁴
153 400 306 444 originem
329 399 430 433 traxit
446 407 488 432 ex
509 397 681 435 avaritia,
706 396 806 429 traxit
828 396 921 429 etiam
946 398 1052 428 ortum
1077 403 1118 428 ex

154 453 307 492 invidia‚·
330 452 414 486 unde
438 451 613 494 Sapientiae
636 449 823 484 secundo¹:
852 462 868 478 α
885 448 1120 482 Circumvenia-

154 516 227 540 mus
250 506 355 540 virum
378 506 515 544 iustum,
532 496 685 546 'quoniam
711 502 891 536 contrarius
906 504 954 535 est
969 501 1120 544 operibus

153 556 271 594 nostris
293 563 325 593 et
348 559 542 601 improperat
566 557 598 590 in
622 566 680 590 nos
697 559 824 599 peccata
840 556 917 598 legis
933 559 965 588 et
979 555 1120 588 diffamat

154 613 187 646 in
220 622 279 646 nos
313 614 442 655 peccata
475 610 658 653 disciplinae
693 612 821 652 nostrae
836 621 868 648 »ς
901 611 933 642 et
964 609 1118 642 inferius:

152 658 175 696 ἀ
191 667 291 699 Morte
314 664 498 707 turpissima
521 663 768 697 condemnemus
790 671 874 696 eum.
900 663 980 696 Haec
1003 662 1120 705 cogita-

155 722 271 752 verunt
294 721 325 751 et
348 720 557 756 erraverunt,
589 716 772 750 excaecavit
802 716 886 749 enim
917 724 971 749 eos
1002 715 1121 748 malitia

154 780 266 806 eorum
290 784 322 811 »3
355 770 504 814 quoniam
541 769 693 803 «invidia
723 769 838 802 diaboli
871 778 959 802 mors
991 769 1121 801 intravit

50 835 136 863 mura.
154 825 187 859 in
209 825 320 858 orbem
343 828 503 857 terrarum
521 837 551 856 n.
577 823 677 856 Huius
700 823 804 866 figura
824 822 995 865 praecessit
1018 821 1050 854 in
1075 821 1120 854 lo-

155 878 254 923 seph;
286 877 415 911 Genesis
447 877 609 920 trigesimo
641 876 819 919 septimo2:
855 888 872 904 «
896 875 1122 917 cogitaverunt

155 932 271 966 fratres
293 932 363 965 eius
385 931 529 965 occidere
552 940 626 964 eum
666 933 827 963 etmutuo
843 929 1057 971 loquebantur
1073 927 1120 960 (11-

155 989 282 1020 centes:
315 985 410 1025 Ecce,
442 985 615 1018 somniator
649 983 753 1022 venit;
786 982 908 1022 venite,
940 981 1121 1015 occidamus

155 1047 229 1073 eum
253 1043 284 1073 et
306 1039 470 1075 mittamus
493 1038 525 1071 in
549 1038 716 1071 cisternam
734 1039 875 1070 veterem
891 1035 1119 1078 dicemusque:

8 1101 136 1125 notandum-
155 1093 232 1126 Fera
256 1093 392 1136 pessima
414 1091 577 1125 devoravit
600 1099 674 1124 eum
692 1103 708 1119 ιο
736 1093 795 1123 etc.
821 1107 863 1114 —
888 1088 959 1122 Ideo
985 1088 1121 1130 Evange-

155 1147 234 1180 lium
258 1146 343 1180 istud
366 1146 483 1189 legitur
506 1145 601 1179 simul
625 1153 699 1177 cum
724 1143 856 1177 historia
883 1143 994 1185 Ioseph
1019 1142 1122 1175 immi-

157 1203 252 1234 nente
274 1200 419 1243 passione
431 1199 455 1232 ³.
781 1228 783 1231 .

246 1255 298 1288 20.
324 1254 426 1300 (Vers.
447 1253 522 1293 15.).
548 1251 653 1285 Tertio
677 1254 832 1293 quantum
849 1250 889 1283 ad
907 1248 1044 1293 sactum
1059 1248 1122 1292 sla-

7 1315 93 1338 Factum
106 1314 139 1336 lu·
155 1308 315 1352 yitiosum
332 1306 555 1349 subiungitur:
571 1306 611 1338 Et
622 1304 759 1337 eiectum
772 1303 867 1337 illum
880 1308 978 1337 extra
990 1303 1123 1336 vineam

20 1341 121 1364 ‹laem-um

5 1368 138 1396 flagitiosum·
158 1361 368 1399 occiderunt,
392 1360 424 1392 id
447 1362 495 1393 est
518 1362 613 1393 extra
637 1357 828 1397 Ierusalem,
852 1357 928 1400 quia
943 1356 1060 1390 dicitur
1084 1356 1123 1389 ad

157 1414 314 1448 Hebraeos
337 1413 496 1447 ultimoss:
526 1425 543 1441 «
559 1412 659 1445 Extra
688 1415 813 1454 portam
841 1410 987 1444 Christus
1011 1418 1123 1453 passus

156 1471 214 1501 est.
247 1467 405 1500 Exeamus
435 1467 511 1509 e'rgo
542 1465 581 1499 ad
604 1475 677 1499 eum
702 1468 796 1499 extra
819 1468 940 1504 castra,
964 1464 1124 1506 imprope-

157 1521 242 1555 rium
265 1521 335 1554 eius
358 1523 520 1563 portantes
536 1533 567 1553 n.
595 1519 796 1553 Occiderant
818 1522 944 1558 autem,
965 1518 1041 1553 dum
1060 1521 1123 1551 tra-

157 1574 307 1609 diderunt
342 1583 416 1608 eum
447 1574 545 1607 Pilato
572 1574 611 1607 ad
642 1573 850 1607 occidendum
882 1576 914 1606 et
944 1572 1122 1615 petierunt,

157 1627 242 1671 quod
266 1627 525 1670 crucifigeretur;
550 1627 635 1661 unde
659 1628 794 1661 Actuum
811 1626 949 1661 tertio⁶:
971 1639 987 1654 «
1004 1626 1123 1665 Iesum,

104 1721 107 1725 ¹
156 1681 269 1715 Filium
293 1681 349 1714 Dei
374 1681 546 1714 tradidistis
565 1684 601 1714 et
624 1680 761 1723 negastis
784 1683 857 1713 ante
884 1679 995 1712 faciem
1019 1678 1123 1718 Pilati,

157 1733 315 1768 iudicante
338 1734 392 1767 illo
415 1733 540 1766 dimitti.
564 1733 627 1766 Vos
650 1736 757 1766 autem
782 1731 920 1775 petistis,
945 1731 1050 1765 virum
1067 1731 1124 1764 ho-

156 1787 302 1821 micidam
325 1787 435 1821 donari
462 1787 567 1827 vobis,
590 1790 752 1820 auctorem
777 1795 855 1819 vero
886 1786 968 1819 vitae
995 1785 1124 1819 interfe-

158 1841 244 1875 cistis
259 1843 290 1874 15.
316 1841 352 1874 Ε1
375 1841 420 1875 sic
447 1841 614 1884 impletum
641 1833 694 1874 ‘est
725 1839 803 1873 illud
827 1839 922 1873 Isaiae
950 1839 1062 1882 quinto
1085 1838 1124 1872 de

158 1894 250 1927 vinea
272 1894 459 1937 plantata‘3:
488 1907 504 1923 «
523 1894 727 1937 Exspectavi,
751 1897 788 1927 ut
811 1893 928 1927 faceret
953 1892 1123 1932 iudicium,

158 1950 197 1980 etv
212 1956 302 1987 ecce,
326 1947 498 1990 iniquitas;
530 1950 562 1981 et
589 1946 760 1986 iustitiam,
784 1949 816 1980 et
839 1954 929 1985 ecce,
953 1945 1074 1979 clamor
1091 1956 1123 1983 »;

159 2000 286 2034 clamor
320 2001 439 2034 scilicet
469 2001 509 2034 ad
540 2000 701 2034 Christum
733 1999 957 2038 occidendum,
990 1998 1029 2031 de
1060 2007 1124 2043 quo

158 2054 254 2088 Marci
276 2054 399 2088 decimo
427 2055 559 2097 quinto:
589 2053 821 2087 «Clamabantz
851 2051 1007 2094 Crucifige
1037 2059 1122 2084 euni.

159 2107 277 2141 Pilatus
299 2117 376 2141 vero
399 2108 523 2141 dicebat
546 2107 629 2140 illis:
653 2106 735 2149 Quid
758 2105 842 2139 enim
865 2104 938 2138 mali
962 2103 1060 2137 fecit?
1087 2103 1124 2136 At

159 2160 204 2194 illi
227 2161 327 2204 magis
349 2161 548 2195 clamabant:
573 2159 729 2202 crucifige
752 2168 826 2192 eum
842 2171 874 2199 γ’.
899 2157 986 2191 Unde
1009 2157 1048 2190 de
1064 2157 1124 2189 bac

159 2214 251 2248 vinea
283 2224 345 2248 non
376 2214 477 2248 exivit
508 2213 636 2252 vinum,
668 2212 723 2246 sed
753 2212 812 2252 fel,
845 2211 1020 2245 secundum
1045 2209 1123 2243 illud

160 2267 396 2302 Deuteronomii
420 2266 583 2311 trigesimo
606 2265 791 2299 secundo'1:
821 2278 837 2295 «
853 2265 899 2299 De
923 2265 1014 2298 vinea
1029 2263 1124 2297 Sodo-

160 2330 287 2355 morum
303 2321 394 2354 vinea
410 2328 521 2353 eorum
537 2322 569 2353 et
584 2319 623 2353 de
639 2318 831 2352 suburbanis
844 2318 1048 2358 Gomorrhae‚
1062 2326 1125 2350 uva

160 2383 271 2409 eorum
287 2384 351 2408 uva
366 2373 446 2407 fellis
462 2376 494 2407 et
509 2373 621 2407 botrus
635 2372 865 2407 amarissimus.
882 2372 934 2406 Fel
949 2372 1123 2406 draconum

0 2424 269 2473 Te,210‚„,e,vinum
294 2437 405 2461 eorum
429 2430 461 2461 et
483 2436 640 2461 venenum
664 2426 808 2469 aspidum
834 2426 1004 2460 insanabile
1021 2439 1051 2458 ι».
1105 2457 1108 2460 Δ

0 2473 51 2496 ritae
65 2473 152 2496 ultionis

8 2499 91 2522 divinae
106 2501 144 2523 de-

26 2527 126 2549 εει-11111111·

18 2553 139 2581 tripliciter.

251 2481 302 2514 21.
313 2480 414 2523 (Vers.
428 2481 478 2513 15.
492 2480 566 2522 16.).
583 2479 671 2522 Quid
682 2490 761 2523 erqo
773 2479 874 2523 faciet
885 2479 952 2513 illis
965 2483 1024 2514 etc.
1038 2479 1124 2512 Post-

162 2543 257 2578 quam
280 2534 446 2577 descripsit
477 2533 656 2577 parabolice
678 2533 903 2576 benignitatem
927 2532 1125 2566 liberalitatis

234 2713 244 2729 ¹
263 2714 339 2751 Vers.
365 2715 409 2746 ¹25
428 2714 526 2741 deinde
545 2721 572 2740 v.
592 2714 635 2740 20.
654 2720 711 2747 seq.
730 2717 756 2740 et
775 2713 826 2740 24:
846 2713 951 2740 Invidia
964 2715 1055 2740 autem
1068 2712 1126 2739 dia-

164 2757 219 2785 boli
236 2761 284 2785 etc.

236 2802 246 2818 ⁹
265 2803 341 2829 Vers.
362 2803 451 2829 ⁴8-20.

235 2846 246 2862 ³
265 2848 377 2876 Historia
395 2848 490 2880 Ioseph
510 2847 534 2873 in
554 2846 672 2873 Breviar.
691 2848 809 2873 Romano
829 2847 924 2879 legitur
942 2846 1077 2873 Dominica
1101 2846 1125 2872 3.

165 2893 342 2925 Quadrages.,
371 2892 395 2918 in
420 2899 473 2925 qua
493 2895 580 2918 tamen
599 2892 787 2924 Evangeliuin,
811 2892 846 2918 de
873 2898 928 2924 quo
957 2891 998 2917 hic
1023 2897 1126 2923 sermo,

164 2944 218 2963 non
236 2936 430 2963 occurrit.-Cfr.
448 2940 535 2962 tamen
556 2936 618 2962 teria
638 2936 663 2962 6.
682 2937 748 2962 infra
777 2937 801 2962 2.
831 2935 957 2962 hebdom.
978 2935 1126 2969 Quadrag.,

165 2980 211 3006 ubi
231 2980 301 3007 idern
320 2980 493 3013 Evangelium
513 2987 543 3006 ex
562 2980 650 3005 Matth.
669 2980 712 3011 2¹,
732 2980 775 3006 33.
798 2979 919 3006 habetur.
947 2979 1065 3005 Vocibus
1089 2978 1126 3005 1ιί-

165 3023 251 3050 storia
269 3023 363 3058 Ioseph
382 3025 403 3050 G
424 3023 554 3052 interserit
573 3022 612 3049 de.

236 3067 248 3082 ⁴
267 3068 343 3094 Vers.
366 3069 407 3094 42.
428 3072 453 3095 et
475 3069 514 3094 13.
534 3082 569 3088 -
588 3068 679 3094 Glossa
698 3067 882 3095 interlinearis
903 3068 943 3102 (ex
963 3068 1034 3094 Beda
1045 3078 1052 3099 ;
1079 3068 1125 3093 611.

167 3111 286 3144 Ilieron.,
306 3112 343 3138 ΙΙΙ.
362 3112 509 3139 Commeat.
522 3113 548 3138 in
561 3113 649 3139 Matth.
662 3113 706 3144 21,
720 3111 789 3145 39.):
803 3110 838 3138 Et
850 3111 962 3139 eiectum
975 3111 1054 3139 illum
1067 3115 1126 3143 etc„

167 3156 227 3189 quia
248 3155 375 3181 Dominus
392 3159 462 3182 extra
482 3160 571 3189 portas
589 3163 684 3189 passus
702 3159 755 3189 est,
774 3157 816 3182 vel
835 3156 898 3189 quie
917 3156 991 3188 prius
1010 3163 1024 3182 a
1043 3155 1127 3182 cordi-

166 3199 218 3225 bus
236 3198 392 3225 Iudaeorum
411 3202 451 3225 est
468 3200 571 3228 eiectus
585 3203 615 3231 et
629 3200 725 3229 deinde
743 3200 815 3226 cruci
833 3202 874 3225 est
891 3199 1020 3226 addictus.

239 3241 250 3257 ⁶
269 3243 345 3269 Vers.
366 3243 454 3270 13-15.

237 3286 249 3302 ⁶
266 3288 344 3314 Vere.
361 3287 394 3319 7,
412 3288 454 3314 cui
473 3287 644 3320 subiungitur
660 3289 737 3315 Marc.
758 3289 804 3322 ⁴5,
825 3289 867 3315 13.
886 3295 941 3322 seq.

238 3330 248 3346 ⁷
268 3332 343 3358 Vers.
366 3332 408 3358 32.
428 3334 453 3357 61
472 3332 519 3364 33,
540 3331 586 3358 ubi
605 3339 654 3364 pro
673 3334 698 3359 et
720 3331 815 3360 botrus
842 3330 1035 3359 amarissimus
1064 3331 1125 3356 Vui-

169 3380 229 3408 gata
249 3377 274 3403 et
292 3375 363 3403 botri
379 3375 561 3409 amarissimi,
581 3376 751 3409 Septuaginta
765 3376 858 3404 botrus
873 3374 1066 3403 amaritudinis
1079 3374 1125 3401 cis.

2081 200 2144 231 507

1183 289 1306 322 divinae
1338 293 1370 322 et
1404 289 1644 332 perversitatem
1677 288 1879 332 malignitatis
1903 288 2062 328 Iudaicae,
2096 287 2147 320 hic

1184 341 1245 374 iam
1260 342 1376 375 tertio⁸
1389 342 1539 376 describit
1554 343 1761 375 severitatem
1778 342 1916 375 ultionis
1933 342 2146 374 iudiciariae.

1184 395 1274 428 Circa
1296 405 1391 438 quam
1417 396 1478 429 tria
1502 396 1723 435 insinuantur,
1741 396 1860 429 scilieet
1874 395 2033 428 severitas
2050 395 2149 428 ultio-

1183 449 1239 482 nis
1262 449 1414 489 divinae,
1439 449 1659 482 incredulitas
1682 448 1866 482 rebellionis
1891 449 2071 488 Iudaicae,
2087 448 2148 492 fir:

1183 502 1286 535 mita-5·
1308 503 1530 536 attestationis
1555 503 1762 545 Scripturae.

1275 556 1379 589 Primo
1403 557 1500 599 igitur
1523 560 1678 599 quantum
1709 556 1748 589 ad
1779 556 1983 589 severitatem
2013 557 2151 590 ultionis¹

1184 609 1319 642 divinae
1341 610 1437 643 dicit:
1472 610 1560 651 Quid
1588 620 1666 652 erqo
1688 609 1791 652 saciet
1812 610 1880 643 illis
1911 611 2069 643 dominus
2100 611 2148 644 vi-

1184 661 1292 694 neae?
1316 662 1377 695 Hoc
1405 663 1530 705 quaerit
1554 672 1616 695 non
1640 665 1677 695 ut
1699 662 1866 701 dubitans,
1891 663 1943 696 sed
1969 667 2005 695 ut
2029 663 2148 697 excitet

1184 715 1223 748 ad
1247 715 1483 757 intelligentiam
1502 716 1674 749 sententiae
1687 716 1715 755 ⁹,
1732 719 1887 758 quantum
1904 716 1942 749 ad
1959 726 2055 759 quam
2072 718 2147 751 sub-

1184 768 1250 800 dit:
1283 768 1389 801 Veniet
1411 773 1440 801 et
1460 769 1575 811 perdet
1598 769 1728 802 colonos
1751 769 1832 802 istos
1855 773 1885 801 et
1903 769 2037 802 vineam
2053 770 2152 803 dabit.

1185 821 1287 859 aliis,-
1311 821 1343 854 in
1367 831 1431 864 quo
1454 822 1549 854 datur
1572 822 1727 855 sententia
1757 822 1988 864 reprobationis
2020 823 2146 857 Iudaeo-

1186 884 1259 907 rum
1290 878 1321 907 et
1351 875 1511 908 electionis
1542 876 1704 918 gentium3
1729 879 1760 909 et
1783 876 1861 909 haec
1885 876 1946 909 sub
1969 876 2073 919 figura
2101 878 2147 910 vi-

1185 936 1261 960 neae
1285 931 1316 961 et
1340 928 1529 968 vinitorum,
1553 929 1591 962 de
1616 938 1680 972 qua
1703 929 1798 962 Isaiae
1822 929 1933 972 quinto
1947 930 1994 962 ¹⁰:
2025 943 2042 959 α
2057 931 2146 964 Ν11116

1184 981 1345 1014 ostendam
1370 981 1476 1021 vobis,
1500 982 1576 1024 quid
1600 982 1710 1016 faciam
1735 983 1845 1016 vineae
1867 992 1976 1016 meae:
2005 984 2146 1017 auferam

1185 1043 1291 1076 sepem
1315 1034 1400 1074 eius,
1425 1038 1456 1068 et
1480 1036 1540 1068 erit
1569 1036 1600 1068 in
1632 1036 1857 1078 direptionem;
1889 1037 2014 1070 diruam
2045 1047 2147 1071 mace-

1185 1088 1265 1121 riam
1290 1088 1376 1128 eius,
1400 1092 1431 1122 et
1454 1089 1515 1122 erit
1538 1089 1568 1122 in
1593 1090 1871 1123 conculcationem.
1896 1090 1931 1123 Et
1947 1100 2060 1133 ponam
2078 1100 2146 1124 eam

1185 1141 1359 1182 desertam,
1384 1152 1446 1176 non
1475 1143 1640 1185 putabitur
1664 1147 1695 1177 et
1718 1153 1781 1176 non
1806 1143 1961 1183 fodietur,
1985 1148 2017 1177 et
2039 1154 2147 1178 ascen-

1185 1195 1261 1228 dent
1284 1205 1380 1238 super
1404 1205 1471 1229 eam
1496 1205 1609 1239 vepres
1632 1200 1663 1230 et
1687 1197 1811 1239 spinae;
1837 1201 1868 1230 et
1892 1197 2032 1230 nubibus
2060 1207 2147 1231 man-

1185 1248 1284 1289 dabo,
1308 1259 1348 1296 ne
1372 1250 1482 1292 pluant
1505 1259 1602 1293 super
1625 1259 1693 1284 eam
1719 1250 1852 1284 imbrem
1870 1265 1901 1283 ι».
1927 1252 2009 1284 Hanc
2033 1262 2146 1295 repro-

1187 1302 1350 1336 bationem
1375 1303 1493 1346 plangit
1514 1304 1669 1346 Propheta
1693 1304 1725 1336 in
1748 1304 1868 1337 Psalmo
1881 1306 1908 1324 ¹¹
1932 1304 2055 1338 dicens:
2079 1319 2093 1334 ιι
2110 1306 2148 1339 Ut

1187 1356 1263 1398 quid
1286 1356 1471 1390 destruxisti
1496 1358 1662 1390 maceriam
1688 1357 1773 1397 eius,
1798 1361 1830 1391 et
1854 1358 2045 1392 vindemiant
2077 1368 2144 1392 eam

1186 1419 1313 1450 omnes,
1343 1410 1398 1453 qui
1430 1411 1745 1453 praetergrediuntur
1777 1411 1886 1444 viam?
1918 1412 2147 1446 Exterminavit

1187 1473 1256 1497 eam
1279 1473 1355 1506 aper
1379 1464 1417 1497 de
1440 1464 1536 1504 silva,
1560 1468 1591 1497 et
1614 1465 1784 1507 singularis
1806 1465 1894 1498 ferus
1925 1465 2074 1508 depastus
2098 1471 2145 1500 est

1187 1526 1255 1550 eam
1273 1531 1303 1549 n.
1329 1513 1384 1550 De'
1394 1517 1543 1550 electione
1566 1527 1642 1551 vero
1664 1518 1812 1560 yencz'um
1833 1518 1951 1551 dicitur
1973 1519 2013 1552 ad
2036 1520 2147 1552 Roma-

1187 1578 1245 1603 nos
1260 1569 1426 1603 undecimo
1439 1571 1484 1602 ¹²:
1506 1583 1521 1599 <t
1538 1570 1675 1604 Caecitas
1691 1579 1732 1603 ex
1750 1575 1839 1613 parte
1851 1571 1981 1614 contigit
1993 1571 2025 1604 in
2038 1571 2146 1612 Israel,

1188 1625 1224 1655 ut
1256 1622 1417 1664 plenitudo
1449 1623 1589 1665 gentium
1621 1623 1864 1663 subintraret»;
1894 1624 1987 1657 etde
2018 1624 2079 1658 hoc
2110 1625 2149 1658 ad

1188 1676 1342 1709 Romanos
1365 1685 1467 1721 nono:
1497 1689 1513 1705 «
1530 1677 1653 1710 Vocabo
1676 1686 1738 1709 non
1762 1676 1886 1719 plebem
1910 1686 2011 1710 meam
2028 1678 2150 1720 plebem

1188 1738 1311 1769 meam;
1336 1732 1367 1763 et
1390 1739 1452 1762 non
1476 1729 1722 1763 misericordiam
1746 1734 1947 1764 consecutam
1973 1731 2151 1765 misericor-

1187 1782 1270 1815 diam
1287 1786 1486 1816 consecutam
1502 1795 1534 1822 »3
1552 1783 1636 1825 quod
1653 1786 1795 1816 sumtum
1811 1787 1858 1817 est
1881 1784 1920 1817 de
1943 1784 2022 1818 Osee
2039 1794 2151 1818 secun-

1188 1836 1228 1869 do
1242 1836 1278 1868 ¹³.
1296 1836 1333 1869 Et
1347 1836 1386 1869 de
1402 1836 1462 1869 hoc
1478 1836 1623 1869 Matthaei
1641 1836 1791 1879 vigesimo
1807 1837 1929 1879 primo:
1951 1850 1967 1866 α
1983 1838 2151 1871 Auferetur

1188 1899 1207 1922 a
1222 1889 1311 1923 vobis
1328 1895 1460 1932 regnum
1485 1888 1539 1922 Dei
1564 1892 1595 1922 et
1618 1889 1745 1922 dabitur
1770 1890 1854 1932 genti
1878 1890 2002 1923 facienti
2026 1890 2150 1923 fructus

1188 1943 1257 1976 eius
1273 1956 1303 1975 ».

1278 1997 1330 2028 2⁶2.
1355 1994 1497 2028 Secundo
1520 1998 1675 2037 quantum
1699 1995 1738 2028 ad
1761 1995 2025 2028 incredulitatem
2050 1995 2149 2029 rebel-

1188 2048 1286 2082 lionis
1311 2048 1471 2081 Iudaicae
1494 2047 1620 2080 subdit:
1648 2048 1719 2089 Quo
1743 2048 1879 2087 audito,
1904 2039 2063 2081 dixerunt
2080 2049 2147 2082 illi:

1189 2101 1302 2140 Absit,
1327 2100 1417 2143 quasi
1440 2100 1566 2134 dicant.-
1590 2110 1653 2134 non
1677 2101 1720 2134 ita
1743 2095 1884 2137 eveniet.
1901 2105 1937 2134 111
1953 2102 2071 2135 dixisti.
2090 2103 2148 2136 Sed

1187 2154 1382 2188 contrarium
1399 2154 1495 2187 huius
1509 2154 1634 2187 videtur
1651 2154 1796 2188 Matthaei
1813 2154 1962 2197 vigesimo
1987 2156 2091 2198 primo
2105 2157 2148 2196 ¹⁴,

1187 2208 1373 2241 ubidicitur
1389 2208 1450 2241 sic:
1473 2207 1580 2240 «Cum
1605 2208 1726 2241 venerit
1749 2208 1896 2242 dominus
1920 2209 2048 2249 vineae,
2073 2210 2149 2252 quid

1188 2261 1281 2295 faciet
1303 2261 1447 2304 agricolis
1471 2260 1560 2294 illis?
1583 2261 1677 2294 Aiunt
1708 2261 1770 2294 illi:
1801 2261 1897 2295 Malos
1926 2262 2008 2295 male
2039 2262 2149 2304 perdet

1188 2319 1219 2349 et
1243 2316 1365 2349 vineam
1390 2324 1479 2348 suam
1503 2315 1617 2348 locabit
1640 2315 1708 2348 aliis
1738 2315 1901 2358 agricolis,
1933 2316 1988 2358 qui
2017 2315 2149 2349 reddent

1188 2369 1215 2402 ei
1248 2369 1388 2402 fructum
1420 2368 1616 2411 temporibus
1646 2369 1712 2402 suis
1729 2382 1758 2400 n.
1791 2367 1845 2402 Hic
1876 2374 1983 2402 autem
2012 2368 2145 2408 dicitur,

1189 2417 1274 2466 quod
1297 2422 1568 2456 contradixerunt.
1595 2441 1636 2445 ——-
1660 2422 1719 2455 Sed
1743 2422 1824 2455 hanc
1848 2425 2050 2464 apparentem
2074 2431 2147 2455 con-

1189 2477 1384 2510 trarietatem
1407 2475 1548 2509 dissolvit
1575 2475 1768 2518 Augustinus
1791 2475 1823 2508 in
1847 2475 1928 2508 libro
1951 2475 1990 2508 de
2013 2475 2147 2509 Concor—

1188 2531 1240 2564 dia
1269 2529 1537 2572 Evangelistarum
1551 2528 1595 2568 ¹⁶,
1619 2528 1674 2562 ubi
1697 2528 1772 2562 dicit
1795 2528 1861 2561 sic:
1892 2541 1908 2557 α
1925 2528 2147 2571 Intelligimus,

1189 2711 1274 2738 Codd.
1293 2710 1406 2737 ACDG
1425 2709 1547 2735 omittunt
1565 2714 1620 2734 uva
1639 2714 1735 2734 eorum
1753 2714 1807 2733 uva
1826 2706 1896 2740 fellis¹
1915 2708 1940 2733 ct
1959 2706 2053 2734 botrus
2072 2715 2148 2734 (ιηια-

1190 2755 1331 2788 risst'mus,
1353 2761 1368 2780 a
1388 2753 1485 2787 quibus
1513 2751 1603 2778 verbis
1630 2752 1651 2777 H
1681 2752 1750 2777 bunc
1779 2751 1866 2776 lv‘dm
1886 2751 1990 2783 incipit,
2015 2751 2149 2784 prioribus

1190 2800 1302 2827 omissis.

1261 2843 1272 2858 ⁸
1291 2844 1342 2871 Cfr.
1361 2849 1441 2875 supra
1460 2849 1486 2868 n.
1507 2842 1548 2866 40.

1261 2887 1273 2902 ⁹
1291 2888 1412 2918 Hieron.,
1431 2887 1469 2912 lli.
1488 2885 1633 2911 Comment.
1663 2884 1688 2909 in
1717 2884 1804 2909 Metili.
1824 2884 1867 2914 21,
1887 2883 1930 2909 40.
1949 2890 2023 2916 seq.:
2041 2884 2149 2910 interro·

1191 2936 1235 2966 get
1253 2939 1299 2959 eos
1317 2931 1458 2960 Dominus,
1477 2936 1528 2955 non
1547 2928 1618 2961 quod
1640 2928 1753 2960 ignoret,
1767 2927 1832 2960 quid
1846 2927 1999 2959 responsuri
2017 2927 2082 2959 sint,
2101 2928 2148 2954 sed

1191 2981 1219 3004 ut
1237 2976 1344 3009 propria
1362 2974 1532 3006 responsione
1550 2972 1716 2998 damnentur.
1736 2985 1771 2991 —
1791 2971 1849 2997 Vnt.
1877 2970 1915 2997 ad
1941 2970 2146 3005 intelligendum

1190 3020 1338 3048 scient-iam.

1263 3063 1286 3078 ¹⁰
1305 3063 1381 3088 Vers.
1400 3062 1425 3087 5.
1445 3068 1499 3094 seq.
1507 3074 1548 3085 ,-
1562 3060 1688 3092 Superius
1707 3066 1756 3092 pro
1775 3060 1801 3086 et
1818 3058 1967 3086 vinitorum
1986 3059 2044 3085 vat.
2064 3061 2088 3086 et
2102 3059 2148 3086 ini·

1190 3108 1334 3135 micorum.

1262 3150 1282 3165 ¹¹
1303 3150 1396 3176 Psalm.
1417 3149 1466 3181 79,
1489 3149 1529 3174 13.
1548 3151 1573 3174 61
1595 3147 1635 3174 14.

1262 3193 1284 3209 ¹⁹
1304 3195 1378 3220 Vers.
1399 3193 1441 3219 25.
1461 3196 1486 3218 et
1505 3192 1601 3218 deinde
1621 3193 1651 3223 9,
1671 3192 1715 3217 25.

1262 3238 1284 3254 ¹⁸
1304 3239 1378 3264 VerS.
1399 3237 1446 3269 et,
1467 3240 1525 3269 post
1544 3243 1623 3270 quem
1644 3236 1730 3262 Mattb.
1751 3236 1794 3268 21,
1814 3235 1857 3262 43.

1263 3283 1285 3298 ¹⁴
1305 3283 1380 3309 Vers.
1401 3282 1442 3308 40.
1461 3285 1487 3307 et
1506 3281 1549 3307 4⁴.
1568 3281 1618 3307 Pro
1637 3279 1749 3307 reddent
1766 3280 1879 3312 Vulgata
1898 3279 2021 3306 reddam.

1262 3326 1285 3342 ¹⁶
1305 3327 1375 3353 Libr.
1397 3327 1424 3352 11.
1446 3332 1469 3352 c.
1487 3325 1531 3351 70.
1550 3332 1577 3350 n.
1598 3325 1766 3350 436:Restat
1779 3330 1853 3356 ergo,
1869 3328 1898 3350 ut
1915 3324 2104 3356 intelligamus,
2123 3324 2148 3350 in

1193 3372 1281 3405 plebe,
1301 3378 1369 3404 quae
1388 3370 1525 3402 audiebat,
1550 3368 1680 3402 quosdam
1709 3368 1877 3400 respondisse
1904 3367 1978 3401 quod
2006 3368 2148 3394 Matthaeus

2167 563 2275 585 severim
2285 563 2316 585 ul-

2181 590 2245 611 tionis
2262 590 2315 611 divi-

2181 622 2228 638 nae.

2164 1256 2193 1277 Re
2211 1256 2314 1278 robantur

2204 1283 2275 1305 udaei.

2166 1523 2278 1549 Eliguntar

2181 1551 2263 1576 gentes.

2169 2001 2310 2032 incredulitas

2171 2028 2304 2076 ιὲῧὲἓῖἒᾷἓὲ.

2180 2427 2291 2456 Animam

2168 2455 2308 2474 contrarietas

2171 2479 2259 2503 solvitur
2273 2479 2300 2500 ab

2174 2506 2300 2533 Augustino.
