2427 3872
407 255 470 282 ΑΡΟ

118 299 205 326 010013
226 299 277 326 463
297 299 330 325 34
349 314 385 318 -
404 302 523 332 tempore
549 300 682 326 missionis
706 300 761 332 Spi-

116 345 182 370 ritus
201 344 282 370 sancti
301 345 388 377 palam
408 347 591 376 cognoverunt
609 345 694 370 Deum
708 344 759 370 464

117 389 161 421 39,
181 388 214 415 40
233 403 268 408 -
281 389 392 415 docente
411 389 509 421 Spiritu
522 393 611 415 sancto
631 395 761 422 cognove-

116 436 178 459 runt
196 433 336 466 praeterita
355 436 380 459 et
400 435 485 459 futura
506 433 557 459 459
577 434 610 460 20
629 448 664 453 -—
683 434 760 466 plene

111 480 300 510 cognoverunt
318 485 366 510 per
385 478 511 510 Spiritum
524 481 646 504 sanctum
665 478 760 504 verita-

117 525 170 549 tem
189 522 363 549 necessariam
383 523 417 549 ad
436 523 560 554 salutem,
579 530 648 556 quae
664 526 703 549 est
722 530 760 549 se-

116 567 234 593 cundum
255 567 378 599 pietatem
404 567 454 593 460
475 568 508 593 25
528 567 557 593 2*
581 582 611 586 —-
629 574 760 600 cognove-

116 614 178 638 runt
195 612 333 638 veritatem
347 611 496 643 doetrinae,
515 612 585 637 vitae
604 614 629 637 et
648 612 760 638 iustitiae

116 655 179 683 ibid.
197 670 233 676 —
251 657 286 682 Ex
305 663 417 682 numero
429 656 610 688 superantium
630 658 760 689 fragmen-

116 704 203 727 torum
223 708 322 734 panum
350 701 500 733 intelligitur
524 701 642 727 doctrIna
661 701 760 728 duode-

116 746 167 771 cim
186 745 372 778 Apostolorum
392 746 438 771 321
464 746 511 776 48,
536 746 579 771 49.
599 746 650 771 322
671 747 704 772 23
724 760 760 765 -

113 790 228 817 invicem
252 789 421 816 conserebant
445 790 616 822 Evangelium
649 790 692 816 vu
725 791 759 816 69

118 835 168 860 409
187 848 223 854 -
242 834 362 860 Doctrina
377 832 562 866 Apostolorum
582 838 642 867 post
660 835 760 861 adven-

116 882 172 906 tum
193 879 304 912 Spiritus
323 879 404 905 sancti
424 882 480 905 erat
504 879 633 906 mirabilis
655 881 705 906 405
725 880 758 906 67

168 939 204 942 —
223 927 283 950 sunt
302 924 328 950 in
347 924 449 951 Christo
469 927 497 950 ut
515 925 635 957 palmites
655 926 688 951 Vi
709 924 760 951 447

116 969 133 995 5
150 983 186 987 —
205 972 342 994 manentes
361 969 386 994 in
410 968 512 995 Christo
537 969 680 1002 plurimum
710 971 760 995 fru-

115 1016 188 1039 ctum
201 1014 342 1039 attulerunt
359 1014 539 1040 convertendo
559 1014 680 1040 homines
701 1021 761 1040 ver—

115 1057 151 1084 bo
170 1061 196 1084 et
214 1059 334 1090 exemplo
353 1058 387 1084 ad
407 1058 539 1084 Christum
560 1058 610 1084 448
631 1059 646 1084 9

169 1118 205 1121 -
223 1103 279 1129 31115
298 1106 359 1129 sunt
371 1103 396 1128 in
410 1103 505 1134 vitam,
526 1103 582 1129 aliis
601 1103 627 1128 in
647 1106 758 1129 mortem

116 1148 159 1173 Vll
179 1148 208 1173 61
232 1148 265 1173 77
284 1161 321 1167 -
339 1150 484 1174 sustentant
502 1149 649 1173 humanum
675 1155 759 1180 genus

115 1192 214 1218 virtute
233 1192 321 1218 dix-ina
342 1192 374 1218 Vl
397 1191 448 1218 444
468 1191 485 1217 b
504 1199 544 1225 sq.

169 1252 205 1255 —
218 1237 355 1263 Orationes
373 1236 560 1269 Apostolorum
573 1236 691 1262 exaudiri
707 1243 758 1261 me-

116 1284 207 1308 rentur
226 1281 278 1307 464
300 1281 342 1307 44.
362 1281 413 1307 470
433 1281 475 1306 45.
490 1281 536 1306 474
563 1281 608 1313 47,
630 1281 662 1306 49
676 1295 710 1299 -—-
723 1281 759 1306 di-

115 1329 211 1352 cuntur
231 1326 290 1352 maii
310 1325 508 1358 comparatione
527 1325 633 1351 divinae
658 1325 759 1351 bouita-

116 1371 163 1402 tis,
183 1371 224 1396 vel
248 1373 357 1403 propter
381 1373 488 1402 peccata
514 1370 624 1395 venialia
646 1370 687 1395 Vll
707 1370 758 1395 287

116 1415 150 1441 34
169 1429 205 1434 -
224 1415 351 1447 gerebant
370 1422 510 1447 personam
531 1415 757 1446 praedicatorum,

115 1460 234 1486 virorum
249 1461 424 1492 perfectorum
436 1462 461 1485 et
471 1460 648 1491 praelatorum
660 1459 710 1484 243
726 1459 758 1485 85

168 1519 204 1524 —
223 1504 297 1529 electi
316 1504 350 1529 ad
369 1502 570 1537 praedicandum
598 1504 640 1529 Vll
667 1504 717 1529 489
744 1505 758 1529 2

116 1563 151 1568 -
173 1548 304 1581 Apostoiis
335 1548 487 1580 impositum
519 1550 558 1573 est
588 1549 703 1574 officium
735 1551 760 1574 et

116 1594 175 1620 data
196 1593 337 1619 auctoritas
356 1593 498 1625 praecipua
518 1593 686 1625 praedicandi
708 1593 758 1618 142

117 1639 161 1664 30.
179 1638 229 1664 247
251 1639 265 1663 3
287 1652 320 1656 -
340 1638 411 1664 101551
426 1638 533 1663 suntad
551 1638 758 1670 praedicandum

117 1683 142 1708 in
156 1683 286 1709 muudum
301 1683 334 1708 ad
355 1690 415 1708 eum
430 1682 638 1708 conver-tendum
661 1683 710 1708 488
727 1682 759 1708 45

117 1742 152 1746 -—-
177 1727 250 1753 eiecti
277 1730 338 1753 sunt
362 1727 396 1753 ad
422 1728 532 1753 aliorum
557 1728 759 1753 conversionem

116 1780 164 1806 per
188 1772 411 1805 praedicationem
435 1771 509 1798 verbi
529 1772 574 1798 Dei
596 1773 627 1798 Vl
655 1772 700 1797 451
726 1773 759 1797 23

169 1832 205 1836 -
233 1817 331 1843 debent
358 1824 466 1849 pascere
494 1824 604 1849 gregem
633 1819 758 1849 tanquam

117 1862 224 1894 praelati
244 1862 287 1887 Vii
307 1862 358 1887 222
379 1862 411 1887 22
433 1875 466 1879 -
485 1860 583 1887 debent
601 1864 691 1893 aperta
715 1861 759 1887 do-

115 1907 199 1933 ctrina
226 1906 363 1932 credentes
382 1906 529 1932 illuminare
557 1906 589 1931 ad
620 1906 759 1938 intelligen-

117 1952 180 1977 tiam
210 1951 260 1977 496
286 1951 320 1977 24
338 1965 374 1970 -
392 1951 449 1976 31115
468 1950 567 1976 debent
589 1950 693 1976 tradere
715 1951 759 1976 do-

117 1996 226 2022 01110310
245 1996 362 2022 auditam
384 1995 433 2021 497
455 1994 488 2021 27
501 2008 536 2014 -
550 1994 647 2020 debent
662 1995 758 2021 doctri-

117 2048 178 2066 nam
198 2041 394 2066 communicare
416 2039 466 2065 495
486 2040 529 2065 23.
544 2040 595 2065 ’197
616 2041 648 2065 29
668 2054 703 2059 —-
717 2041 759 2066 de-

87 2098 91 2103 «
117 2084 216 2111 bebant
229 2085 382 2117 praedicare
395 2084 519 2110 omnibus
529 2084 666 2110 veritatem
680 2092 759 2110 evan—

116 2130 227 2162 gelicam
247 2130 293 2156 504
319 2130 334 2155 2
353 2144 388 2147 -
407 2129 559 2161 praedicant
571 2136 684 2161 regnum
713 2130 758 2155 Dei

117 2175 169 2200 217
190 2175 205 2200 3
225 2188 260 2193 -
279 2174 468 2200 circumeundo
481 2181 542 2199 cum
562 2173 665 2200 Christo
684 2175 760 2200 colla·

117 2218 247 2245 borabant
266 2219 290 2244 in
303 2218 445 2250 Evangelio
465 2219 516 2243 489
536 2219 551 2243 2
570 2232 606 2238 -
624 2219 760 2251 praedica-

65 2281 67 2284 -
117 2258 212 2290 verunt
230 2263 330 2297 ubique
350 2264 381 2289 Vi
401 2263 453 2289 584
474 2263 488 2288 4
508 2277 544 2282 ——
563 2263 663 2297 ubique
688 2271 761 2297 prae-

117 2309 242 2336 dicabant
260 2311 285 2334 et
297 2307 436 2341 curabant,
450 2309 591 2335 excitantes
604 2309 637 2335 ad
655 2309 761 2335 audien-

117 2354 183 2380 dum
202 2353 289 2380 studio
307 2356 333 2379 et
351 2352 435 2379 verbo
454 2356 480 2379 et
497 2353 573 2386 signo
594 2355 636 2380 Vll
654 2354 704 2380 220
727 2355 759 2379 ’10

171 2411 208 2417 -
225 2400 285 2424 51101
310 2404 439 2424 messores
463 2398 490 2423 in
515 2401 634 2431 tempore
661 2399 761 2431 gratiae

119 2443 153 2469 Vi
173 2442 224 2469 300
249 2443 282 2468 68
311 2456 346 2462 -
371 2445 432 2468 sunt
457 2442 629 2468 seminatores
652 2443 760 2474 messis,

118 2494 189 2521 quae
206 2487 255 2513 erit
274 2487 299 2513 in
313 2489 432 2519 tempore
445 2487 544 2519 gloriae
564 2486 626 2514 ibid.
644 2501 680 2507 —-
693 2495 762 2513 mes-

118 2534 228 2558 suerunt
240 2532 313 2565 quod
326 2531 526 2557 seminaverunt
539 2532 698 2564 Prophetae,
713 2532 761 2558 Do-

118 2576 184 2602 mini
202 2575 331 2602 beneflcio
351 2579 378 2602 et
395 2576 507 2608 imperio
527 2577 559 2603 Vi
581 2577 631 2602 298
652 2576 701 2608 57,
717 2577 760 2603 58.

119 2621 170 2646 300
191 2620 224 2646 68
239 2634 273 2639 -
288 2620 362 2646 101551
381 2622 485 2647 ruerunt
504 2621 538 2647 ad
557 2621 698 2647 Ecclesiam
714 2621 761 2647 Dei

119 2664 282 2691 fundandam
301 2664 345 2691 Vll
365 2664 416 2691 442
437 2666 470 2691 30

172 2723 207 2729 -
225 2709 325 2736 Utilitas
347 2709 550 2742 praedicationis
574 2710 761 2743 Apostolorum

119 2753 163 2780 Vll
192 2754 243 2779 219
273 2754 306 2779 40
327 2768 360 2772 -
380 2755 488 2787 Propter
513 2761 605 2780 eorum
635 2755 760 2781 miracula

117 2804 211 2824 omnes
229 2797 353 2824 volebant
372 2805 463 2824 eorum
483 2798 630 2825 doctrinam
654 2799 760 2830 audire,

118 2842 178 2868 iicet
195 2849 248 2868 non
272 2849 366 2869 omnes
390 2846 514 2875 caperent
533 2842 594 2870 ibid.
615 2856 651 2863 —
669 2843 761 2869 fideles

119 2888 224 2912 fuerunt
248 2887 443 2919 praedicatores
462 2887 594 2914 immunes
613 2887 647 2913 ab
672 2885 761 2913 otiosi-

119 2933 185 2962 tate,
205 2930 239 2956 ab
257 2931 376 2963 elatione,
396 2939 410 2957 a
430 2932 581 2964 nugacitate
598 2935 624 2959 et
640 2938 654 2958 a
673 2938 762 2964 perso·

118 2981 213 3001 narum
240 2975 391 3008 acceptione
414 2976 466 3002 220
492 2976 525 3002 40
544 2991 580 2995 -
599 2983 691 3002 eorum
714 2976 761 3002 do-

117 3019 202 3045 ctrina
223 3020 288 3046 facta
308 3022 348 3046 est
366 3020 514 3047 authentica
532 3027 599 3047 voce
611 3020 712 3053 prolata
726 3019 761 3046 de

118 3064 191 3090 eaelo
217 3064 268 3090 238
293 3064 326 3090 66
345 3077 381 3084 -
399 3065 427 3090 10
446 3064 641 3097 praedicatione
666 3064 762 3097 glorifi-

118 3111 246 3134 caverunt
264 3107 397 3135 Christum
420 3108 556 3135 evidenter
575 3109 609 3135 vl
627 3108 675 3135 644
702 3109 725 3142 4,
745 3109 761 3135 3

117 3167 154 3171 -
171 3152 356 3185 Apostolorum
383 3152 493 3185 piscatio
519 3155 558 3180 est
582 3153 760 3186 praelatorum

119 3196 280 3229 praedicatio
299 3196 333 3223 Vi
352 3196 405 3223 624
424 3197 440 3223 6

172 3255 208 3259 -
217 3240 292 3267 010011
303 3243 365 3267 sunt
377 3241 524 3274 simplices,
536 3243 564 3267 ut
577 3243 660 3268 totum
668 3260 675 3273 ‚
688 3241 762 3275 quod

120 3290 168 3317 per
187 3291 233 3311 eos
253 3285 349 3311 factum
369 3288 421 3316 est,
440 3284 623 3312 ostenderetur
642 3292 699 3312 esse
712 3286 762 3311 vir-

119 3328 182 3354 tutis
200 3328 319 3362 divinae,
331 3336 384 3355 non
404 3330 535 3356 humanae
552 3329 708 3362 prudentiae
727 3329 761 3356 Vi

119 3372 171 3398 268
191 3372 237 3398 404
261 3387 297 3392 —-
312 3372 451 3406 Discipulis
464 3372 558 3401 Christi
576 3374 761 3407 sapientissimi

795 212 832 244 IN
855 211 1147 259 CQMMENTARIOS
1171 214 1200 246 S.
1226 214 1451 248 SCRH'TURAE

798 307 850 327 non
871 304 992 333 poterant
1004 301 1124 327 resistere
1144 302 1186 328 vll
1201 303 1251 328 360
1267 303 1299 328 40
1311 317 1345 322 —-
1358 304 1439 329 Nemo

797 345 919 371 resistere
938 349 1024 378 potest
1043 346 1192 378 discipulis,
1212 354 1292 380 quem
1316 354 1367 373 non
1387 349 1440 374 vin-

798 393 857 415 cant
867 393 975 422 propter
987 390 1102 417 veritatis
1112 392 1335 417 annuntiationem
1347 392 1398 418 528
1407 394 1440 418 22

851 449 886 452 -
906 435 1037 466 Apostolis
1057 435 1116 461 (1313
1136 438 1252 467 potestas
1265 436 1298 461 ad
1313 435 1440 462 miracula

798 479 930 511 facienda,
945 479 977 505 ad
991 480 1198 506 confirmandam
1219 481 1439 513 praedicationem

797 523 889 549 divino
910 524 1060 550 testimonio
1075 525 1116 550 Vll
1136 525 1188 550 217
1210 525 1234 556 4,
1254 526 1268 550 3
1283 540 1318 544 --
1333 526 1440 557 Aposto-

798 568 828 594 lis
857 569 944 601 primo
977 572 1016 594 est
1043 569 1185 595 auctoritas
1215 570 1355 596 commissa
1386 574 1440 595 tan—

797 619 878 646 quam
898 613 1073 645 praecedens,
1097 614 1193 639 deinde
1213 615 1334 640 honestas
1359 614 1441 639 iniun-

797 660 837 683 cta
863 661 989 690 tanquam
1019 658 1212 691 concomitans,
1241 659 1316 684 tertio
1345 659 1440 684 utilitas

798 702 919 728 adiuncta
935 705 1061 735 tanquam
1075 710 1241 736 consequens
1254 702 1287 729 ib.
1303 704 1312 727 4
1328 718 1363 722 —
1376 704 1439 729 Data

798 749 837 772 est
860 747 991 779 Apostolis
1016 747 1100 773 virtus
1118 751 1239 779 respectu
1264 748 1439 780 spiritualium

797 791 918 817 eiiciendi
932 792 1070 817 daemonia
1084 795 1109 817 et
1123 795 1238 824 potestas
1251 796 1372 824 respectu
1386 799 1440 818 cor·

798 837 929 868 paralium
950 837 1060 862 curandi
1074 837 1192 863 infirmos
1205 836 1239 863 ib.
1256 838 1270 863 2
1284 852 1319 855 -
1333 837 1366 862 ad
1379 844 1440 863 con-

798 880 972 906 firmationem
993 881 1109 907 veritatis
1129 882 1295 913 praedicatae
1314 881 1441 907 curabant

798 925 918 951 infirmos
937 924 970 951 ib.
985 926 1000 950 3
1015 940 1049 944 —
1063 926 1088 951 in
1102 926 1208 951 nomine
1225 925 1319 952 Christi
1335 926 1440 951 daemo-

797 970 840 995 nia
860 969 999 996 eiiciebant
1018 971 1070 996 205
1089 970 1133 996 57.
1147 971 1192 996 291
1212 970 1245 996 45
1260 985 1294 988 -
1308 970 1439 996 miraculis

797 1018 948 1041 attestantes
975 1015 1099 1041 virtutem
1127 1014 1220 1041 Christi
1247 1018 1439 1047 superaverunt

798 1060 947 1085 resistentes
967 1059 1066 1091 gratiae
1087 1059 1137 1084 490
1158 1059 1191 1084 50
1205 1074 1240 1077 —
1254 1059 1381 1085 Dominus
1397 1059 1438 1085 de·

797 1104 835 1130 dit
854 1104 989 1135 discipulis
1009 1104 1042 1129 de
1055 1111 1084 1129 se
1097 1103 1295 1129 testificantibus
1314 1104 1437 1129 virtutem

798 1148 983 1174 miraculorum
1006 1148 1037 1173 Vi
1057 1147 1107 1173 394
1128 1148 1161 1173 57
1181 1163 1216 1166 -
1236 1148 1309 1179 plura
1324 1149 1439 1173 fecerunt

797 1194 923 1218 miracula
947 1199 1027 1225 quam
1053 1191 1171 1218 Christus
1199 1199 1246 1224 per
1271 1199 1313 1223 se,
1338 1196 1363 1218 et
1383 1199 1438 1217 ma-

798 1238 851 1263 iora
871 1240 999 1270 quantum
1020 1237 1053 1262 ad
1073 1237 1181 1263 modum
1203 1237 1311 1262 faciendi
1333 1237 1384 1262 440
1404 1238 1432 1262 21

797 1296 832 1301 -
862 1289 914 1307 nou
946 1281 1074 1307 faciebant
1104 1282 1229 1307 miracula
1263 1281 1296 1307 ad
1326 1281 1437 1313 gloriam

797 1333 886 1356 suam,
906 1326 952 1351 sed
972 1325 1067 1351 Christi
1086 1324 1147 1352 ibid.

851 1385 885 1388 —
905 1372 1063 1402 acceperunt
1081 1377 1095 1395 a
1116 1369 1217 1395 Christo
1237 1370 1380 1395 claritatem
1395 1377 1438 1402 po-

798 1415 891 1440 tentiae
912 1415 936 1439 in
957 1414 1073 1440 faciendo
1093 1414 1231 1445 miracula,
1250 1415 1392 1446 sapientiae
1412 1415 1436 1439 in

797 1459 976 1485 annuntiando
989 1459 1160 1491 documenta,
1175 1462 1199 1484 et
1210 1458 1331 1484 bonitatis
1345 1459 1369 1484 in
1385 1459 1438 1484 uni-

797 1508 849 1530 tate
868 1505 981 1529 caritatis
996 1505 1026 1529 Vi
1049 1504 1098 1529 474
1118 1505 1166 1534 38,
1184 1504 1216 1529 39
1231 1518 1264 1521 ——
1279 1503 1438 1529 excellebant

797 1549 909 1575 filiorum
923 1549 1096 1581 spiritualium
1111 1548 1291 1580 procreatione
1310 1548 1436 1573 virtutum

798 1594 937 1626 varietate,
956 1593 1120 1626 praelationis
1133 1592 1304 1623 sublimitate,
1325 1596 1438 1618 contem-

797 1639 921 1671 platione,
935 1638 1078 1670 sapientiae
1097 1638 1286 1670 profunditate,
1301 1637 1361 1663 fidei
1381 1639 1438 1663 fun-

797 1684 916 1714 datione,
930 1682 1133 1715 praedicationis
1146 1682 1340 1713 exercitatione,
1354 1689 1438 1708 exem-

798 1729 901 1760 plorum
921 1729 1067 1758 honestate,
1089 1727 1167 1752 totius
1181 1727 1310 1752 Ecclesiae
1328 1733 1439 1759 suppor-

798 1774 893 1799 tatione
913 1773 955 1798 Vll
978 1772 1023 1798 444
1049 1772 1082 1797 29

851 1832 885 1836 —
905 1818 1002 1843 virtute
1022 1817 1083 1842 fidei
1106 1816 1328 1849 praedicationem
1353 1816 1439 1842 crucis

797 1869 811 1887 a
831 1862 932 1888 ludaeis
951 1862 984 1887 ad
1008 1862 1148 1887 Ecclesiam
1169 1861 1286 1893 gentium
1307 1861 1439 1886 transtule-

797 1910 857 1933 runt
876 1907 996 1932 docendo
1009 1910 1034 1932 ct
1054 1907 1178 1931 miracula
1194 1905 1313 1931 faciendo
1329 1905 1372 1930 Vll
1387 1905 1433 1930 434

799 1952 830 1977 17
850 1966 885 1969 -
905 1958 956 1976 nou
977 1952 1070 1976 frustra
1095 1950 1314 1982 praedicaverunt
1340 1949 1439 1975 iudaeis

798 1997 848 2022 482
878 1997 910 2022 28
942 2010 977 2014 -
1006 1996 1063 2021 Duo
1095 1995 1227 2027 principes
1254 1995 1437 2026 Apostolorum

797 2044 920 2073 tanquam
942 2040 1076 2072 praecipui
1096 2039 1291 2071 praedicatores
1314 2041 1340 2063 et
1358 2038 1439 2064 duces

797 2085 869 2111 missi
882 2088 943 2110 sunt
956 2085 988 2111 ad
1003 2084 1208 2115 praedicandum
1224 2083 1325 2108 ludaeis
1339 2085 1364 2108 et
1377 2089 1438 2113 gen-

797 2130 867 2156 tibus
886 2130 937 2155 483
957 2129 986 2154 31
1010 2143 1045 2147 -
1064 2130 1249 2154 converterunt
1267 2127 1436 2159 gentiles469

798 2174 831 2200 47
849 2189 884 2193 —
904 2175 1136 2204 congregaverunt
1160 2178 1252 2197 omnes
1271 2174 1363 2203 gentes
1385 2170 1437 2196 353

797 2219 825 2245 61
850 2233 885 2237 -
904 2219 1058 2244 invenerunt
1083 2217 1208 2248 gentilem
1228 2216 1356 2248 populum
1376 2215 1437 2241 otio-

797 2271 857 2289 sum
876 2266 901 2289 et
921 2270 967 2295 per
986 2262 1105 2288 diversas
1126 2261 1182 2286 vias
1195 2263 1221 2286 et
1233 2263 1317 2286 sectas
1330 2260 1438 2285 idolola-

797 2311 907 2335 trantem
929 2307 978 2333 490
1000 2307 1032 2331 48
1052 2321 1086 2324 -
1105 2306 1209 2331 solvunt
1233 2308 1324 2337 gentes
1348 2307 1374 2330 et
1393 2304 1438 2330 ad-

798 2353 897 2379 ducunt
915 2352 947 2377 ad
969 2352 1052 2377 lesum
1074 2350 1123 2376 489
1145 2350 1177 2375 46
1198 2364 1230 2368 ·—
1250 2350 1381 2376 duxerunt
1404 2349 1437 2375 ad

797 2397 928 2424 Christum
954 2396 1069 2428 pullum,
1098 2395 1210 2427 flgurani
1240 2395 1358 2426 gentium
1387 2394 1433 2419 494

798 2443 846 2474 51,
874 2441 907 2467 5-2
936 2455 970 2459 —-
998 2440 1129 2472 Apostolis
1158 2438 1306 2465 volentibus
1335 2439 1438 2464 solvere

798 2489 889 2519 gentes
918 2485 1041 2511 resistunt
1068 2484 1210 2510 daemones
1231 2487 1257 2509 ct
1285 2486 1392 2515 peccata
1414 2486 1439 2509 et

798 2530 894 2558 diaboli
914 2529 1032 2555 membra
1048 2528 1098 2554 490
1113 2529 1146 2554 50
1160 2543 1195 2547 —-
1209 2535 1256 2560 per
1270 2527 1339 2554 bona
1354 2535 1438 2554 exem·

798 2576 840 2608 pla
866 2576 1055 2601 converterunt
1080 2575 1186 2605 gentem
1212 2572 1257 2598 494
1283 2573 1311 2598 54
1335 2587 1371 2590 -
1396 2579 1440 2598 511-

798 2627 845 2653 per
863 2619 972 2645 asellum
1001 2621 1147 2650 posuerunt
1166 2617 1320 2643 vestimenta
1346 2624 1393 2643 sua
1413 2617 1439 2642 in

798 2664 910 2697 figuram
931 2663 1150 2689 documentorum
1166 2661 1289 2694 gentibus
1308 2661 1440 2693 imposito-

798 2716 857 2735 rum
878 2708 929 2734 492
955 2707 989 2733 54
1008 2721 1043 2726 -
1062 2707 1224 2733 Vestimenta
1253 2707 1438 2739 Apostolorum

798 2755 859 2780 sunt
878 2752 998 2784 exempla
1017 2752 1146 2777 virtutum
1167 2751 1213 2777 491
1238 2751 1271 2776 52

852 2812 886 2816 -
899 2804 951 2823 000
961 2799 1082 2828 poterant
1100 2796 1193 2822 eiicere
1203 2796 1359 2822 daemonem
1379 2802 1441 2827 pro-

798 2845 855 2874 pter
874 2841 1083 2867 incredulitatem
1103 2841 1147 2866 Vll
1166 2841 1216 2866 239
1235 2840 1279 2866 72.
1299 2840 1351 2866 240
1370 2839 1405 2865 75

851 2901 886 2905 -
905 2887 932 2911 in
945 2886 1048 2912 deserto
1061 2885 1233 2911 consulebant
1245 2885 1375 2910 dimittere
1387 2887 1440 2910 tur-

797 2930 846 2957 bas
864 2937 917 2957 non
936 2930 1099 2956 detrahendo
1112 2929 1218 2956 divinae
1237 2929 1379 2961 potentiae,
1392 2928 1439 2953 sed

797 2975 958 3002 consulendo
973 2976 1103 3001 humanae
1117 2973 1274 3006 indigentiae
1285 2973 1328 2998 Vii
1342 2972 1392 2998 222
1406 2972 1434 2997 21

797 3033 833 3038 -
851 3020 878 3045 10
897 3019 1001 3046 deserto
1020 3022 1130 3052 apparet
1146 3017 1330 3050 Apostolorum
1351 3015 1438 3048 inopia

798 3064 832 3090 ad
845 3064 1015 3090 reficiendam
1030 3063 1133 3090 turbam
1149 3062 1182 3089 ib.
1203 3063 1235 3088 22

851 3123 887 3128 —
901 3109 1060 3141 principales
1079 3109 1183 3134 suerunt
1204 3107 1308 3138 Petrus,
1332 3104 1440 3131 lacobus

797 3156 824 3179 et
839 3154 962 3184 ioannes,
982 3153 1027 3186 qui
1041 3152 1150 3179 assumti
1164 3154 1223 3177 sunt
1236 3150 1260 3176 in
1275 3149 1440 3181 transfigura-

798 3198 867 3224 tione
886 3200 912 3223 et
931 3197 957 3223 in
970 3197 1136 3224 suscitatione
1153 3195 1254 3228 puellae
1273 3194 1315 3220 Vll
1330 3193 1381 3220 214
1396 3193 1438 3219 90.

799 3242 851 3268 230
871 3241 913 3267 45.
933 3241 985 3268 524
1007 3242 1038 3267 42
1058 3254 1093 3260 -
1111 3239 1229 3266 Christus
1242 3239 1309 3264 inter
1328 3238 1441 3270 discipu-

799 3287 837 3312 los
857 3286 936 3318 elegit
959 3285 1152 3315 familiariores,
1176 3289 1266 3310 coram
1291 3281 1389 3315 quibus
1414 3281 1440 3307 10

799 3333 889 3356 monte
917 3330 1116 3362 transfiguratus
1141 3331 1192 3358 051,
1211 3331 1239 3353 ut
1264 3329 1350 3353 essent
1369 3331 1440 3358 prae-

798 3377 886 3401 sentes
905 3374 1015 3400 oratloni
1035 3374 1060 3399 in
1081 3374 1155 3399 horto
1175 3371 1226 3398 556
1246 3372 1275 3397 51

2057 221 2118 253 669

1773 263 1834 288 Apo

1532 319 1565 323 —
1585 306 1638 331 duo
1658 307 1761 332 fuerunt
1775 308 1861 339 primo
1875 308 1945 334 missi
1960 309 1992 334 ad
2013 316 2120 334 convcr-

1478 350 1586 376 tendum
1601 351 1729 376 mundum
1749 355 1775 377 et
1789 353 1901 378 maxime
1915 354 2042 384 populum
2058 361 2119 386 gen-

1479 394 1542 419 tium
1564 395 1605 420 vu
1625 395 1675 420 488
1697 395 1729 420 45
1749 411 1783 414 -
1803 397 1856 422 (1110
1876 398 1980 422 fuerunt
1994 398 2065 423 missi
2085 398 2117 423 ad

1478 439 1719 465 commendandum
1743 447 1838 466 nexum
1861 441 1985 474 caritatis,
2007 442 2118 474 1011110-

1478 486 1535 515 pter
1555 484 1688 515 duplicem
1699 485 1818 510 ordinem
1840 486 2059 517 praedicantium,
2079 494 2118 512 se-

1477 528 1595 553 cundum
1616 529 1746 560 duplicem
1762 530 1888 561 populum
1909 532 2116 557 convertendum

1478 571 1538 598 ibid.
1561 587 1591 590 —
1611 573 1665 598 duo
1685 574 1756 599 missi
1777 578 1836 599 sunt
1855 574 1888 600 ad
1910 575 2116 606 praedicandum

1478 620 1585 648 propter
1613 617 1747 643 scientiam
1778 619 1893 644 veritatis
1917 623 1941 644 ct
1961 620 2115 645 munditiam

1478 661 1566 692 operis
1584 665 1610 687 et
1623 665 1730 694 propter
1744 663 1863 694 geminae
1877 664 2021 689 dilectionis
2034 671 2116 689 sacra-

1480 709 1597 731 mentum
1619 709 1671 731 toto
1691 706 1755 732 01110
1775 708 1982 739 praedicandum
2003 707 2062 734 ibid.

1531 764 1566 769 —
1585 751 1686 776 excitati
1705 755 1765 776 sunt
1783 759 1797 777 a
1819 752 1930 778 Domino
1946 753 1979 778 ad
1999 758 2116 784 peccato-

1478 801 1533 819 rem
1553 795 1732 821 suscitandum
1753 795 1785 821 vl
1806 795 1856 821 400
1876 796 1910 822 30

1531 853 1565 857 -
1594 839 1760 871 baptizabant
1786 840 1929 866 ministerio
1955 845 1980 866 et
2005 842 2116 867 exterius

1479 883 1510 908 Vi
1530 884 1580 908 286
1602 883 1647 916 45,
1669 884 1700 908 48
1720 899 1754 902 -
1774 883 1891 910 Christus
1910 885 1983 910 dedit
2007 886 2045 911 eis
2073 886 2117 912 do-

1477 935 1540 953 num
1556 928 1667 959 Spiritus
1679 929 1759 954 sancti
1780 929 1813 954 ad
1826 929 1980 955 remittenda
1996 935 2115 962 peccata,

1476 973 1611 998 conserens
1630 976 1785 1004 potestatem
1799 974 1912 999 clavium
1933 974 1984 1000 513
2006 975 2053 1006 42,
2075 976 2115 1007 43,

1478 1016 1511 1042 44
1525 1030 1560 1036 -
1573 1016 1702 1043 Omnibus
1721 1018 1852 1050 Apostolis
1871 1018 1930 1044 data
1944 1023 1983 1044 est
2002 1024 2116 1050 potestas

1476 1061 1624 1087 dimittendi
1638 1062 1694 1087 sive
1708 1062 1825 1088 solvendi
1840 1062 1891 1088 544
1905 1063 1933 1088 54
1943 1083 1948 1088 .
1959 1063 2001 1089 Vll
2021 1064 2067 1089 170
2086 1065 2114 1090 18

1476 1120 1509 1124 -
1524 1105 1641 1131 Christus
1663 1106 1728 1132 dans
1750 1106 1879 1138 Apostolis
1898 1111 2066 1139 potestatem,
2088 1114 2114 1134 ut

1478 1150 1571 1175 saciant
1593 1150 1665 1183 quod
1690 1154 1715 1176 et
1744 1151 1798 1183 ipse
1827 1152 1899 1182 fecit,
1927 1153 2114 1179 sacerdotalem

1476 1194 1595 1220 ordinem
1615 1195 1652 1221 eis
1672 1195 1778 1221 tradidit
1798 1196 1839 1221 Vll
1859 1196 1911 1222 547
1931 1196 1963 1222 27

1528 1253 1562 1257 -
1581 1238 1771 1271 spernebantur
1795 1247 1809 1265 a
1830 1240 1972 1266 Pharisaeis
1991 1245 2114 1274 tanquam

1475 1283 1610 1309 discordes
1628 1290 1642 1309 a
1657 1284 1733 1316 legali
1752 1287 1778 1310 et
1791 1285 1910 1316 populari
1932 1284 2115 1311 observatione

1476 1328 1518 1353 Vll
1539 1328 1590 1353 432
1613 1328 1646 1353 80
1665 1343 1700 1346 -
1719 1335 1770 1354 11011
1797 1329 1939 1355 ieiunantes
1964 1337 2017 1355 non
2043 1335 2115 1355 erant

1475 1372 1615 1404 spernendi
1635 1371 1695 1398 ibid.
1710 1387 1744 1391 -
1758 1380 1809 1398 non
1828 1377 1939 1405 possunt
1951 1381 1999 1400 nec
2019 1374 2115 1400 debent

1476 1416 1590 1442 ieiunare
1614 1417 1739 1442 ieiunium
1764 1418 1893 1443 moeroris
1915 1422 1940 1444 et
1964 1419 2117 1449 afflictionis,

1474 1460 1601 1493 quamdiu
1621 1468 1682 1487 cum
1703 1461 1751 1487 illis
1770 1465 1808 1487 est
1827 1462 1946 1493 Sponsus
1968 1463 2017 1488 433
2032 1463 2059 1488 81
2080 1478 2114 1481 -

1474 1505 1634 1531 conveniens
1646 1508 1685 1531 est
1697 1506 1736 1531 eis
1757 1506 1898 1531 consolatio
1920 1513 1950 1532 ex
1970 1507 2115 1538 praesentia

1474 1549 1568 1581 Sponsi
1593 1549 1660 1575 sicut
1678 1553 1704 1575 et
1731 1550 1856 1576 desolatio
1884 1557 1914 1576 ex
1942 1550 2058 1576 absentia
2083 1551 2117 1578 ib.

1475 1594 1508 1619 82
1527 1608 1563 1612 -
1584 1594 1691 1627 quando
1711 1593 1813 1620 ablatus
1839 1595 1886 1620 suit
1913 1595 1951 1620 eis
1976 1595 2118 1626 Dominus,

1475 1638 1658 1664 ieiunaverunt
1681 1637 1743 1665 ibid.
1768 1654 1803 1657 —
1828 1646 1879 1665 non
1904 1643 1977 1665 erant
2000 1640 2117 1666 arctandi

1475 1683 1508 1708 ad
1531 1683 1659 1708 ieiunium
1684 1690 1714 1709 ex
1742 1682 1826 1709 tribus
1850 1683 1995 1710 rationibus
2020 1683 2055 1710 ib.
2074 1685 2117 1710 83.

1478 1727 1528 1753 434
1549 1728 1582 1753 85

1529 1787 1563 1790 -
1582 1776 1610 1798 ut
1623 1772 1719 1798 infirmi
1738 1772 1903 1798 consolantur
1920 1780 1934 1798 a
1953 1772 2055 1799 Christo
2070 1780 2117 1805 per

1475 1817 1696 1849 dispensationem
1717 1820 1917 1849 praeceptorum
1936 1818 2059 1849 legalium
2074 1818 2116 1843 Vll

1477 1862 1528 1887 432
1546 1861 1580 1886 79
1600 1876 1634 1880 -
1654 1861 1800 1895 Antequam
1820 1862 1857 1888 eis
1870 1862 2012 1894 spiritualia
2032 1862 2114 1888 iniun-

1476 1909 1613 1938 gerentur,
1627 1912 1734 1932 necesse
1747 1909 1815 1938 erat,
1835 1909 1863 1932 ut
1876 1906 1956 1932 corda
1970 1913 2062 1932 eorum
2077 1913 2116 1932 re—

1475 1953 1636 1976 novarentur
1655 1950 1707 1975 434
1726 1950 1759 1976 84
1779 1965 1814 1969 —
1833 1954 1905 1976 erant
1931 1950 2044 1982 benigne
2070 1955 2117 1976 tra-

1476 1994 1562 2020 ctandi
1588 1997 1696 2026 propter
1717 2001 1811 2020 eorum
1835 1995 1974 2020 ruditatem
2004 1998 2059 2019 tum
2085 2001 2115 2020 ex

1475 2042 1550 2071 parte
1568 2039 1788 2069 conversationis,
1807 2042 1863 2064 tum
1877 2045 1908 2064 ex
1927 2041 2000 2070 parte
2017 2039 2114 2068 carnis,

1475 2086 1531 2109 tum
1550 2090 1580 2109 ex
1604 2086 1680 2115 parte
1698 2083 1792 2108 mentis
1811 2081 1845 2108 ib.
1864 2082 1897 2108 85
1917 2097 1951 2100 —
1970 2087 2043 2108 erant
2062 2083 2116 2108 dis-

1475 2127 1576 2160 pensati
1593 2126 1628 2153 ab
1646 2127 1830 2153 observatione
1849 2125 1956 2152 Sabbati
1977 2127 2026 2152 437
2047 2127 2062 2152 9

1527 2186 1562 2190 -
1580 2170 1616 2197 ob
1635 2171 1813 2197 necessitatem
1833 2170 1963 2196 vellebant
1981 2171 2067 2202 spicas
2088 2171 2113 2196 in

1475 2215 1596 2242 sabbatis
1614 2215 1658 2241 Vll
1674 2214 1723 2240 134
1743 2216 1758 2240 2
1772 2229 1806 2233 -
1819 2215 1947 2240 vellerunt
1965 2215 2066 2247 spicas,
2081 2216 2114 2240 fa-

1476 2260 1525 2286 mis
1544 2260 1699 2286 necessitate
1716 2259 1846 2292 compulsi
1867 2259 1917 2284 435
1937 2259 1962 2290 3,
1976 2259 1991 2284 4
2010 2274 2045 2277 -
2064 2266 2116 2285 non

1475 2307 1547 2330 erant
1562 2303 1772 2336 reprehendendi
1785 2303 1819 2330 de
1833 2304 2038 2335 transgressione
2055 2303 2116 2329 8311-

1476 2349 1542 2382 11311,
1566 2349 1629 2382 quia
1654 2355 1701 2381 per
1728 2348 1908 2374 necessitatem
1939 2348 2014 2374 famis
2043 2353 2116 2374 erant

1475 2394 1589 2420 excusati
1618 2393 1668 2419 437
1698 2393 1712 2418 8
1732 2408 1767 2411 -
1786 2396 1859 2418 erant
1881 2393 1987 2425 inopes,
2016 2396 2042 2418 ut
2070 2400 2116 2419 nec

1475 2438 1632 2465 sufficienter
1652 2437 1778 2463 haberent
1797 2444 1893 2470 panem
1912 2437 1954 2463 vu
1976 2437 2026 2463 435
2047 2437 2061 2463 4
2082 2451 2116 2456 -

1477 2483 1575 2509 fortiter
1594 2482 1669 2508 illecti
1685 2488 1699 2508 a
1713 2481 1802 2507 verbis
1821 2481 1915 2508 Christi
1929 2481 2116 2508 oblivisceban-

1476 2531 1517 2554 tur
1537 2526 1698 2553 manducare
1716 2525 1779 2552 ibid.

1529 2586 1564 2591 -
1581 2571 1734 2598 auctoritate
1758 2570 1851 2597 Christi
1875 2570 2044 2604 requirebant
2073 2571 2116 2596 ho-

1476 2617 1582 2649 spitium
1602 2622 1617 2642 a
1634 2615 1804 2642 Samaritanis
1823 2615 1865 2641 Vll
1885 2615 1935 2640 247
1956 2615 1990 2640 96
2009 2629 2044 2633 -
2063 2621 2116 2640 0011

1476 2661 1608 2688 (1011011301
1626 2660 1664 2686 ire
1676 2660 1710 2686 ad
1729 2660 1905 2686 Samaritanos
1918 2659 1952 2685 ad
1966 2659 2116 2691 praedican-

1477 2706 1541 2732 dum
1561 2704 1627 2732 ibid:
1641 2718 1676 2723 —
1695 2705 1750 2730 zelo
1769 2703 1967 2736 reprehensibili
1989 2703 2116 2735 indignati

1477 2753 1537 2776 sunt
1559 2752 1648 2776 contra
1674 2749 1850 2774 samaritanos
1874 2751 1899 2773 et
1924 2746 2046 2773 volebant
2071 2754 2117 2773 eos

1477 2794 1587 2828 perdere
1606 2793 1639 2820 de
1658 2796 1725 2819 terra
1739 2795 1846 2824 propter
1865 2794 2046 2823 contemptum
2064 2798 2115 2816 ma-

1477 2838 1574 2865 iestatis
1592 2837 1685 2864 Christi
1705 2835 1738 2863 ib.
1757 2836 1790 2861 98
1810 2850 1844 2854 —
1863 2835 1916 2861 duo
1936 2834 2059 2860 volebant
2083 2835 2117 2860 ul-

1462 2878 1539 2909 'cisci
1563 2883 1596 2908 de
1621 2880 1790 2907 samaritanis
1815 2878 2020 2911 despicientibus
2045 2879 2115 2905 Clu-i-

1477 2926 1635 2958 stum,sicut
1645 2926 1740 2951 fecerat
1752 2924 1819 2950 Elias
1833 2923 1883 2949 248
1903 2924 1937 2949 98
1950 2938 1984 2942 -—
1999 2930 2051 2949 non
2064 2930 2118 2950 mo-

1477 2970 1606 2996 vebantur
1633 2976 1648 2994 a
1671 2968 1764 3001 spiritu
1792 2967 1967 3000 rectitudinis,
1992 2967 2039 2994 sed
2063 2968 2117 2993 zelo

1477 3013 1658 3041 amaritudinis
1677 3012 1708 3039 ib.
1730 3013 1763 3038 99

1530 3073 1564 3077 —
1584 3057 1716 3084 debebant
1735 3056 1833 3083 habere
1851 3057 1973 3089 spiritum
1998 3063 2118 3082 mansue-

1477 3103 1573 3130 tudinis
1595 3105 1720 3135 tanquam
1738 3100 1801 3127 boni
1826 3101 1945 3133 discipuli
1968 3104 1994 3127 et
2010 3101 2118 3126 imitato-

1477 3154 1520 3174 res
1538 3146 1632 3173 Christi
1652 3146 1693 3171 Vll
1713 3145 1764 3171 248
1785 3145 1834 3177 99,
1854 3146 1900 3171 401
1925 3159 1960 3164 -
1979 3145 2118 3177 Discipulis

1477 3190 1651 3225 persuadetur
1670 3190 1754 3222 pietas
1773 3191 1888 3216 humana
1909 3189 1959 3215 402
1981 3189 2005 3214 4.
2023 3189 2072 3214 403
2093 3189 2119 3214 2.

1479 3236 1530 3262 407
1551 3236 1583 3261 43

1530 3293 1566 3299 —
1585 3282 1658 3305 erant
1677 3278 1762 3305 timidi
1782 3278 1814 3304 Vl
1835 3279 1886 3305 398
1901 3278 1933 3303 47
1947 3291 1982 3297 -
1994 3277 2119 3303 Dominus

1478 3324 1616 3351 confirmat
1635 3323 1779 3356 discipulos
1808 3326 1897 3349 contra
1927 3320 2121 3348 tribulationem

1481 3368 1533 3395 424
1555 3369 1562 3394 1
