2476 3921
7 1836 38 1861 na
52 1840 119 1871 361135

8 1873 42 1888 «nu
51 1869 110 1888 itum.

7 1904 9 1918 1

7 1921 9 1933 1

720 251 913 284 COMMENT.
939 251 976 284 ΙΝ
1000 250 1239 283 EVANGELIUM
1265 250 1382 282 LUCAE
1406 250 1438 282 C.
1464 251 1562 283 xxm.

142 342 316 375 orationem
329 350 428 375 suam.
445 341 531 374 Unde
547 340 681 373 Actuum
698 339 836 373 secundo
850 340 861 358 ¹
877 339 1004 381 legitur,
1021 339 1105 381 quod

143 393 287 428 conversi
311 398 386 426 sunt
420 402 485 426 uno
519 393 568 425 die
600 392 661 425 tria
684 391 799 431 millia,
824 394 855 424 et
879 391 939 423 alio
964 384 1105 433 quintine

142 448 259 486 millia,
283 448 416 480 Actuum
440 449 573 489 quarto,
598 446 690 488 quia,
708 448 745 478 ut
760 444 877 477 dicitur
894 444 932 476 ad
950 445 1106 477 Hebraeos

142 499 272 542 quinto,
301 512 316 528 α
333 498 505 532 exauditus
536 502 583 531 est
615 498 647 530 in
679 497 827 530 omnibus
851 506 909 539 pro
934 506 992 530 sua
1016 506 1105 530 reve-

142 552 245 585 rentia
260 565 290 584 ».
316 552 402 585 Unde
425 551 519 584 etiam
544 552 574 583 in
593 551 653 584 hoc
669 550 835 593 apparuit,
852 541 936 592 duod
952 550 1012 582 fuit
1028 559 1105 592 pon-

141 605 220 638 tifex
244 605 317 647 pius
340 607 371 638 et
394 604 589 643 misericors,
606 603 766 636 offerendo
782 612 815 636 se
832 606 863 635 et
878 603 1106 645 interpellando

141 667 200 700 pro
224 658 332 700 populi
357 658 466 691 salute.
494 657 529 690 Et
552 660 682 699 propter
718 657 777 689 1106
801 657 901 704 Lucas
924 657 1025 695 solus,
1050 656 1105 698 qui

141 711 317 753 specialiter
341 711 405 753 agit
427 711 466 744 de
489 710 604 743 Christi
622 710 815 749 sacerdotio,
833 710 914 743 hanc
930 710 1104 742 orationem

141 764 290 797 describit
312 767 343 797 et
367 766 493 808 narrat;
526 763 610 796 unde
642 763 766 797 Beda2:
796 776 812 792 «
829 763 909 805 Quia
933 763 1032 796 Lucas
1057 772 1105 796 53-

141 817 317 850 cerdotium
342 817 459 850 Christi
483 816 663 850 describere
694 816 866 859 disposuit,
892 819 977 849 recte
1000 816 1106 848 Domi-

139 879 201 904 nus
224 870 308 913 apud
333 879 407 903 eum
432 880 491 913 pro
507 870 765 913 persecutoribus
781 870 852 903 iure
869 869 1040 903 sacerdotis
1057 869 1104 902 in-

139 924 317 957 tercedit».
343 924 379 957 Ε1
403 924 463 957 1106
486 923 723 966 praefiguratur
747 924 959 957 Numerorum
983 923 1105 956 decimo

140 977 257 1010 sextoss
282 977 313 1010 in
338 977 457 1017 Aaron,
482 980 593 1010 orante
617 986 675 1019 pro
699 977 816 1019 populo
832 977 1015 1019 insurgente
1031 986 1105 1010 con-

138 1033 189 1064 tra
211 1030 333 1073 ipsum;
358 1031 397 1064 de
420 1040 485 1073 quo
509 1031 624 1064 ibidem
648 1030 783 1070 dicitur,
807 1031 892 1073 quod
915 1044 930 1059 «
946 1034 1033 1064 stans
1049 1030 1104 1063 Aa·

139 1094 198 1117 ron
229 1084 312 1117 inter
335 1087 479 1117 mortuos
511 1088 542 1118 et
573 1084 733 1124 viventes,
759 1094 816 1126 pro
840 1085 957 1126 populo
992 1084 1104 1126 depre-

138 1141 228 1171 catus
256 1141 318 1178 est,
354 1141 386 1171 et
418 1138 509 1181 plaga
543 1138 719 1171 cessavit».
745 1138 831 1171 Unde
863 1141 894 1171 et
928 1138 1104 1180 Sapientiae

137 1190 260 1224 decimo
283 1192 436 1224 octav04:
467 1204 482 1220 «
500 1192 675 1233 Properans
699 1191 793 1224 homo
818 1191 885 1224 sine
904 1191 1034 1233 querela
1050 1190 1104 1223 de-

138 1244 262 1286 precari
280 1250 338 1286 pro
354 1245 482 1287 populo,
507 1244 672 1287 proferens
696 1244 859 1277 servitutis
883 1253 959 1277 suae
976 1247 1103 1276 scutum

137 1297 329 1337 orationem,
354 1300 385 1330 et
408 1307 465 1340 per
489 1298 652 1331 incensum
677 1297 929 1340 deprecationem
955 1297 1103 1339 allegans

137 1350 254 1383 restitit
276 1350 342 1383 irae
358 1363 389 1382 2».
414 1350 450 1382 Et
475 1353 604 1392 propter
629 1350 688 1382 1106
718 1349 864 1383 Christus
886 1349 972 1382 dedit
995 1358 1104 1382 exem-

137 1403 225 1445 plum
249 1403 396 1436 omnibus
419 1404 622 1446 pontificibus
649 1406 681 1436 et
711 1403 804 1436 etiam
842 1403 989 1435 omnibus
1013 1403 1104 1435 Chri-

137 1456 263 1496 stianis,
288 1457 343 1499 qui
367 1460 442 1490 sunt
463 1470 479 1486 α
496 1457 601 1499 regale
618 1456 828 1489 sacerdotium
842 1456 855 1476 ⁵
869 1470 900 1495 »,
918 1459 948 1489 et
965 1456 1104 1489 maxime

136 1509 284 1552 perfectis
306 1519 399 1543 orare
424 1520 481 1553 pro
517 1510 801 1553 persequentibus,
826 1509 1002 1543 secundum
1026 1509 1104 1542 illud

136 1564 282 1597 Matthaei
308 1564 437 1606 quinto:
467 1578 483 1593 «
499 1564 595 1597 Orate
619 1573 678 1606 pro
708 1563 975 1606 persequentibus
998 1566 1030 1596 et
1053 1572 1104 1596 63-

136 1617 365 1650 10010130111105
389 1627 445 1651 vos
461 1631 492 1657 1»,
517 1617 599 1650 51601
622 1617 696 1650 fecit
710 1617 856 1650 Christus
872 1620 903 1650 et
927 1620 1104 1658 protomar-

136 1673 188 1712 tyr
223 1670 418 1712 Stephanus;
443 1671 576 1704 Actuum
613 1670 764 1713 septimo:
794 1683 810 1699 «
827 1670 870 1703 Ne
894 1673 1014 1703 statuas
1043 1670 1104 1703 illis

136 1723 196 1756 hoc
220 1727 393 1766 peccatum.
420 1724 456 1756 Et
479 1733 553 1757 cum
578 1723 638 1756 hoc
661 1723 812 1763 dixisset,
838 1723 1072 1756 obdormivit».

226 1778 279 1810 [12.
305 1778 425 1819 Quarto
448 1781 603 1820 quantum
639 1777 678 1810 ad
710 1778 934 1820 rapacitatem
958 1777 1104 1810 militum

137 1830 406 1873 crucifiyentiuin
433 1831 636 1873 adiungitur:
670 1831 859 1863 Dividentes
895 1840 971 1863 vero
1006 1831 1103 1863 vesti-

136 1888 247 1916 menta
269 1883 360 1923 eius,
385 1884 549 1917 miserunt
571 1884 722 1922 sortes⁶;
747 1884 830 1926 quod
848 1884 1034 1926 expressius
1057 1884 1103 1916 di-

136 1936 220 1969 citur
244 1937 366 1970 Ioannis
397 1937 520 1970 decimo
551 1946 651 1970 nono:
681 1952 697 1966 «κ
714 1937 843 1976 Milites,
869 1946 942 1970 cum
975 1937 1102 1970 crucifi-

136 1989 258 2022 xissent
281 1998 367 2028 eum,
391 1993 582 2032 acceperunt
605 1990 792 2023 vestimenta
812 1990 881 2022 eius
904 1992 936 2022 et
959 1989 1103 2022 fecerunt

136 2045 274 2085 quatuor
298 2046 422 2085 partes,
446 2043 620 2086 unicuique
641 2043 777 2076 militum
802 2046 936 2085 partem,
960 2046 991 2075 et
1015 2043 1100 2075 tuni-

136 2104 205 2128 cam
222 2108 253 2135 »;
278 2099 309 2128 et
332 2100 403 2138 post
426 2096 574 2129 subditur
598 2097 637 2130 de
660 2097 768 2129 tunica
791 2096 991 2136 inconsutili,
1016 2096 1101 2138 quod

137 2151 253 2182 sortem
277 2149 452 2189 miserunt,
477 2150 570 2183 cuius
593 2153 684 2183 esset.
702 2150 764 2183 Hoc
781 2153 887 2183 autem
904 2150 1024 2183 factum
1042 2154 1100 2190 est,

135 2205 172 2235 ut
195 2202 270 2236 dicit
290 2203 420 2236 Ioannes
432 2204 455 2243 ⁷,
473 2203 511 2236 ad
529 2204 793 2246 complementum
811 2204 1010 2245 prophetiae;
1028 2213 1101 2237 nam

135 2256 291 2299 Propheta
324 2257 424 2290 David
458 2257 490 2290 in
523 2257 645 2290 Psalmo
676 2257 769 2290 dicit:
799 2270 815 2285 «
833 2257 1015 2290 Diviserunt.
1040 2257 1098 2290 sibi

135 2310 323 2343 vestimenta
357 2319 427 2343 mea
458 2314 489 2344 et
524 2320 621 2353 super
657 2314 777 2345 vestem
813 2319 915 2343 meam
944 2310 1102 2343 miserunt

136 2365 296 2395 sortem».
322 2363 358 2396 Et
382 2364 414 2397 in
437 2364 497 2397 hoc
521 2364 670 2406 apparuit
693 2363 849 2406 rapacitas
872 2363 1020 2402 militum,
1045 2363 1100 2405 qui

137 2415 299 2448 Christum
334 2425 393 2458 pro
428 2425 485 2450 sua
520 2416 691 2459 rapacitate
723 2416 935 2449 nudaverunt.
973 2416 1009 2448 Et
1032 2416 1102 2449 ideo

207 2580 217 2595 ²
237 2581 312 2607 Vers.
332 2581 378 2613 41,
393 2585 453 2613 post
466 2589 546 2615 quem
560 2583 615 2608 Act.
630 2583 660 2614 4,
675 2583 697 2608 4.
712 2586 738 2608 et
751 2583 830 2609 Hebr.
844 2583 873 2614 5,
887 2583 912 2608 7.
927 2597 960 2602 -—
975 2584 1102 2615 Superius

136 2632 185 2657 pro
206 2624 300 2652 Oratio
328 2627 420 2652 autem
449 2626 607 2653 huiusmodi
624 2626 706 2653 ACH
727 2627 760 2660 (D
788 2627 920 2660 primitus)
950 2627 1026 2654 Ratio
1055 2635 1102 2654 au-

136 2671 188 2696 tem
208 2669 298 2696 huius.

208 2714 218 2728 ²
237 2713 307 2740 Libr.
328 2715 370 2740 Vl.
390 2714 415 2740 in
435 2716 497 2740 Luc.
517 2715 565 2746 23⁷
585 2714 619 2740 34
631 2734 638 2745 ‚
657 2722 689 2740 ex
707 2722 762 2748 ([οο
781 2718 820 2741 651
839 2716 928 2742 Glossa
949 2715 1101 2742 orditur-la.

207 2757 218 2772 ³
238 2759 313 2785 Vers.
333 2759 374 2784 4¹.
394 2766 468 2792 seqq.
488 2762 513 2785 et
532 2758 644 2785 subinde
663 2767 689 2785 v.
709 2759 751 2785 48.

208 2802 219 2817 ⁴
240 2803 313 2829 Vers.
340 2804 383 2829 21.
403 2804 471 2829 Vide
490 2804 516 2829 S.
538 2804 636 2829 Bonav.
656 2803 802 2829 Comment.
823 2804 847 2829 in
868 2805 938 2830 hunc
957 2805 1005 2830 loc.

175 2857 180 2861 ·
208 2846 219 2861 ⁵
238 2848 318 2879 Epist.
338 2848 355 2873 1.
375 2849 440 2873 Petr.
461 2848 492 2879 2,
512 2848 537 2873 9.
556 2861 591 2866 -
610 2847 667 2873 Duo
697 2854 771 2880 seqq.
801 2848 850 2874 loci
878 2851 939 2873 sunt
963 2849 1050 2873 lllatth.
1070 2848 1101 2878 5,

138 2891 180 2917 41.
199 2894 224 2917 61
243 2894 298 2917 Α61.
318 2892 348 2925 7,
369 2892 411 2917 60.

208 2934 219 2949 ⁰
238 2935 322 2962 Codd.
350 2936 432 2962 CDG
456 2938 575 2969 sortem,·
604 2937 649 2961 cfr.
674 2937 762 2961 Maltli.
790 2936 839 2968 27,
865 2936 907 2961 35.
927 2950 963 2955 —
983 2935 1101 2961 Subinde

136 2980 281 3012 allegantur
300 2981 370 3006 loan.
390 2981 437 3012 49,
458 2981 501 3006 23.
520 2984 545 3007 et
563 2980 611 3006 24:
631 2981 687 3006 Non
716 2981 869 3006 scindamus
888 2987 961 3012 eam,
982 2980 1028 3005 sed
1048 2987 1101 3005 sor-

135 3024 232 3050 tiamur
250 3024 284 3050 de
302 3025 358 3056 illa,
378 3025 453 3051 cuius
472 3025 513 3051 sit.

209 3067 218 3083 '¹
238 3068 301 3101 Cap.
324 3069 369 3100 19,
389 3069 438 3095 24;
458 3070 490 3095 Ut
509 3070 644 3102 Scriptura
673 3069 826 3102 impleretur
851 3069 902 3103 [Ps.
922 3070 970 3102 21,
995 3068 1044 3103 19.]
1065 3068 1101 3095 di-

137 3119 213 3138 cens:
232 3113 320 3138 Partiti
339 3115 401 3139 sunt
418 3113 575 3139 vestimenta
595 3121 653 3139 mea
673 3113 724 3139 sibi
743 3114 808 3140 etin
829 3118 929 3139 vestem
950 3120 1036 3138 meam
1057 3113 1103 3138 1111·

136 3159 226 3182 serunt
243 3159 351 3183 sortem.

208 3199 219 3214 ⁸
239 3201 314 3226 Vers.
335 3202 378 3227 2l.
397 3201 448 3228 Cfr.
469 3202 589 3234 August„
608 3203 660 3228 xn.
680 3206 770 3229 contra
789 3204 924 3235 Faustum,
945 3209 966 3228 c.
993 3203 1035 3234 13,
1057 3201 1102 3228 ubi

138 3244 217 3270 huius
236 3245 286 3271 loci
306 3245 400 3271 eadem
420 3246 557 3272 exhibetur
576 3247 711 3279 ex,ositio,
728 3247 782 3273 5611.
807 3247 840 3273 de
859 3247 980 3279 passione
1000 3246 1102 3273 Christi.

209 3287 220 3301 ⁰
239 3288 309 3315 Libr.
330 3289 371 3315 Vl.
392 3289 417 3315 in
442 3290 504 3316 Luc.
525 3291 573 3322 23,
593 3290 635 3316 34.
664 3291 735 3316 idem
764 3291 860 3317 dicitur
878 3291 906 3316 in
925 3291 1015 3316 Glossa
1035 3289 1104 3316 ordi-

139 3331 231 3358 naria.
250 3333 311 3358 Post
328 3332 456 3367 diffusam
477 3334 535 3360 Vnt.
565 3341 626 3361 cum
652 3338 722 3361 textu
746 3335 868 3367 originali
886 3334 959 3361 addit
977 3336 1003 3361 et
1020 3333 1103 3360 omni-

140 3374 188 3402 bus
208 3375 306 3402 eisdem
321 3376 449 3410 partibus
467 3377 624 3411 aequaliter,
647 3378 675 3405 id
687 3380 725 3405 est
738 3378 909 3405 concorditer
922 3377 1103 3405 distributam.

211 3419 234 3434 ¹⁰
253 3420 328 3446 Vers.
348 3422 396 3452 33,
416 3425 476 3453 post
495 3429 575 3455 quem
595 3423 650 3448 Act.
680 3423 709 3455 t,
729 3423 774 3449 24.
793 3427 818 3449 61
838 3424 880 3449 26.
899 3437 935 3442 —
954 3423 1045 3449 Glossa
1059 3429 1103 3449 01·-

246 3473 277 3499 S.
293 3474 397 3500 Βονιαυ.
408 3488 444 3493 -
457 3475 534 3500 Tom.
548 3475 601 3501 vn.

2071 253 2134 284 577

1170 338 1272 380 passio
1295 338 1409 371 Christi
1436 339 1595 381 signanter
1619 339 1814 381 significatur
1840 349 1895 382 per
1919 340 1996 379 Noe,
2014 340 2051 372 de
2069 349 2132 382 quo

1169 390 1296 424 Genesis
1320 391 1428 423 00110Β
1451 392 1581 431 dicitur,
1606 392 1689 434 quod
1712 406 1727 421 α
1744 393 1854 425 11111605
1872 393 1978 425 vinum
1998 393 2131 425 inebria-

1170 446 1223 476 tus
1246 448 1293 477 est
1317 448 1347 477 et
1371 444 1509 477 nudatus
1533 445 1563 477 in
1598 446 1800 478 tabernaculo
1836 455 1893 479 suo
1910 460 1940 478 ».
1967 447 2024 479 Per
2048 446 2131 478 divi-

1168 497 1294 529 sionem
1317 500 1423 530 autem
1448 498 1530 530 hanc
1565 498 1699 531 vestium
1733 499 1763 531 in
1792 503 1930 541 quatuor
1956 503 2061 541 partes
2086 500 2131 532 in-

1169 549 1321 591 telligitur
1345 550 1470 583 diffusio
1495 551 1648 584 Ecclesiae
1671 552 1701 583 in
1728 556 1865 594 quatuor
1883 557 1987 594 partes
2005 553 2130 591 mundi;

1170 603 1254 635 unde
1278 603 1358 636 Beda
1372 603 1399 635 ⁹:
1421 616 1437 631 α
1452 604 1713 646 Quadripertita
1729 606 1825 637 vestis
1847 606 1947 647 signat
1966 607 2129 639 Ecclesiam

1169 656 1202 688 in
1226 659 1291 689 1010
1314 656 1409 696 orbe,
1426 657 1480 699 qui
1499 662 1636 699 quatuor
1661 658 1804 699 partibus
1828 662 1959 698 constat,
1975 659 2129 692 diffusam.

1178 710 1307 742 Tunica
1330 710 1451 743 sortita
1485 711 1625 743 omnium
1663 712 1799 753 partium
1837 712 1937 754 signat
1962 713 2130 751 unitatem,

1170 772 1251 805 quae
1275 763 1414 796 caritatis
1449 764 1575 797 vinculo
1610 765 1789 798 continetur
1806 779 1835 797 ι).
1863 766 1919 798 Per
1942 766 2132 798 missionem

1170 820 1277 849 autem
1302 817 1405 849 sortis
1437 817 1622 859 intelligitur
1654 818 1777 850 collatio
1808 819 1940 860 gratiae,
1966 828 2046 861 quae
2071 829 2130 851 non

1169 879 1228 912 pro
1252 870 1393 903 humana
1415 870 1653 910 distributione,
1678 871 1731 904 scd
1757 872 1860 913 potius
1877 881 1934 913 pro
1951 872 2132 905 (1111031115-

1170 923 1322 965 positione
1346 924 1458 963 datnr,
1482 924 1572 966 quia,
1592 925 1833 957 Proverbiorum
1854 925 1974 958 decimo
1991 926 2131 965 56111010,

1175 990 1190 1005 «
1203 980 1304 1009 sortes
1328 977 1499 1010 mittuntur
1516 978 1547 1010 in
1565 978 1685 1017 sinum,
1703 978 1756 1011 sed
1773 988 1791 1010 a
1807 979 1938 1011 Domino
1956 983 2133 1021 temperan-

1170 1033 1271 1070 1111»;
1297 1034 1328 1063 et
1351 1031 1484 1063 Actuum
1519 1031 1638 1073 primo:
1668 1044 1683 1059 «
1701 1032 1763 1071 Tu,
1788 1032 1935 1071 Domine,
1961 1033 2014 1074 qui
2039 1033 2132 1065 corda

1168 1083 1249 1116 nosti
1274 1084 1434 1123 omnium,
1459 1084 1601 1124 ostende,
1627 1094 1722 1127 quem
1746 1085 1877 1127 elegeris
1894 1099 1924 1117 ».
1956 1098 1970 1115 «
1988 1086 2023 1118 Et
2040 1086 2132 1119 dede-

1169 1140 1245 1169 runt
1269 1140 1370 1170 sortes
1394 1137 1456 1176 eis,
1481 1141 1511 1170 et
1536 1138 1647 1170 cecidit
1670 1147 1739 1171 sors
1763 1147 1859 1180 super
1877 1139 2021 1171 Mathiam
2040 1153 2069 1170 ».

2153 349 2238 375 Figura.

2151 455 2230 485 Sensus
2245 461 2288 482 my-

2178 485 2251 503 sucus.

1258 1189 1311 1222 43.
1337 1190 1437 1231 (Vers.
1468 1190 1545 1232 35).
1571 1191 1687 1232 Quinto
1712 1195 1867 1233 quantum
1884 1192 1922 1224 ad
1940 1192 2131 1234 matiynz'ta-
2152 1199 2270 1229 ”alirunas

1169 1247 1232 1275 tem
1252 1243 1450 1285 principum
1482 1244 1720 1277 insultantium
1752 1245 1932 1287 subiungit:
1960 1246 1999 1277 Et
2021 1245 2131 1278 Stabat

1165 1296 1312 1338 populus
1335 1302 1526 1338 exspectaww
1539 1298 1578 1336 1¹,
1603 1301 1631 1329 et
1655 1297 1847 1330 deridebant
1870 1308 1945 1330 eum
1961 1299 2131 1340 principe-s·

1168 1359 1245 1381 cum
1269 1350 1333 1388 eis,
1358 1353 1389 1382 et
1414 1350 1458 1382 516
1482 1350 1645 1392 impletum
1670 1354 1717 1383 est
1734 1351 1811 1383 illud
1829 1351 1957 1383 Psalmi:
1987 1351 2132 1384 «Omnes

1168 1402 1310 1435 videntes
1333 1412 1383 1436 me
1407 1403 1587 1436 deriserunt
1611 1412 1676 1443 me,
1702 1404 1797 1436 locuti
1822 1407 1897 1437 sunt
1914 1404 2002 1437 labiis
2019 1409 2050 1437 et
2065 1414 2131 1437 mo-

1168 1459 1285 1488 verunt
1308 1459 1403 1497 caput
1420 1468 1450 1495 »;
1476 1459 1507 1489 61
1531 1456 1583 1489 Iob
1606 1456 1808 1489 duodecimo:
1839 1470 1854 1485 «
1872 1457 2040 1490 Deridetur
2057 1458 2129 1490 iusti

1168 1508 1362 1550 simplicitas.
1388 1509 1519 1551 Lampas
1543 1513 1721 1551 contempta
1753 1510 1836 1551 apud
1861 1511 2063 1552 cogitationes
2086 1511 2132 1543 di-

1169 1561 1269 1594 vitum
1286 1574 1317 1600 »,
1342 1562 1461 1595 scilicet
1477 1562 1657 1604 principum
1674 1563 1883 1596 sacerdotum.
1902 1564 2001 1596 Huius
2029 1564 2132 1606 figura

1168 1615 1338 1657 praecessit
1361 1615 1394 1648 in
1417 1615 1533 1655 Cham3
1558 1616 1686 1649 Genesis
1709 1618 1851 1649 nono¹2:
1873 1630 1888 1645 «
1906 1617 1982 1649 Cum
2005 1617 2134 1650 vidisset

1168 1667 1285 1707 Cham,
1310 1671 1399 1710 pater
1431 1669 1596 1709 Chanaan,
1622 1670 1759 1703 verenda
1782 1670 1882 1712 patris
1905 1679 1973 1703 esse
1998 1671 2133 1710 nudata,

1169 1722 1327 1754 nuntiavit
1361 1722 1488 1755 duobus
1517 1723 1670 1756 fratribus
1695 1724 1761 1756 suis
1785 1724 1869 1757 foras
1885 1737 1915 1756 ».
1942 1724 1991 1757 Sic
2027 1728 2058 1757 et
2082 1724 2132 1757 isti

1168 1775 1310 1808 videntes
1334 1776 1450 1809 Christi
1474 1776 1690 1810 infirmitatem
1714 1778 1916 1810 insultabant.
1936 1796 1977 1801 —
2001 1778 2088 1811 Unde
2104 1782 2134 1811 et

1168 1829 1335 1862 subditur:
1361 1830 1529 1863 Dicentes:
1554 1831 1648 1863 Alios
1681 1831 1792 1863 salvos
1823 1830 1918 1873 fecit,
1942 1841 1976 1864 se
2000 1832 2132 1864 salvum

1167 1881 1294 1926 faciat,
1318 1883 1351 1916 si
1373 1882 1426 1916 liic
1457 1888 1504 1916 est
1537 1882 1691 1917 Christus
1716 1884 1776 1917 Dei
1806 1884 1932 1917 electus.
1958 1885 2133 1927 Sapientiae

1168 1937 1307 1969 secundo
1321 1937 1365 1969 1⁸:
1388 1950 1403 1966 «
1421 1938 1590 1971 Τ60161005
1607 1947 1688 1980 quae
1705 1942 1839 1971 ventura
1852 1942 1927 1971 sunt
1939 1938 1992 1971 illi.
2008 1939 2037 1971 Si
2051 1938 2134 1971 enim

1168 1993 1216 2023 est
1240 1999 1336 2023 verus
1360 1991 1456 2023 Filius
1479 1991 1553 2029 Dei,
1585 1991 1735 2033 suscipiet
1758 1991 1846 2023 illum
1872 1995 1902 2024 et
1927 1991 2073 2024 liberabit
2097 1991 2133 2023 11-

1168 2043 1235 2076 11101
1260 2043 1298 2076 de
1329 2053 1426 2077 manu
1458 2044 1691 2077 contrariorum
1708 2057 1738 2076 n.
1764 2044 1824 2076 Nec
1850 2044 1951 2077 solum
1984 2044 2061 2077 haec
2084 2044 2131 2076 di-

1168 2096 1290 2136 cebant,
1308 2097 1404 2131 immo
1420 2097 1636 2139 multipliciter
1654 2097 1863 2136 insultabant3
1882 2097 1966 2130 unde
1982 2097 2129 2130 Matthaei

1167 2149 1319 2192 vigesimo
1355 2150 1488 2192 septimo
1500 2151 1545 2182 l4:
1575 2163 1591 2179 α
1608 2150 1847 2183 Praetereuntes
1871 2150 2130 2193 blasphemabant

1167 2212 1260 2242 eum,
1292 2206 1454 2236 moventes
1489 2203 1591 2245 capita
1626 2212 1684 2236 sua
1711 2206 1742 2236 et
1773 2204 1928 2237 dicentes:
1962 2204 2043 2236 Vah!
2077 2204 2130 2246 qui

1146 2256 1305 2289 'destruis
1328 2257 1482 2299 templum
1507 2257 1561 2290 Dei
1593 2260 1624 2290 et
1656 2257 1687 2289 in
1720 2257 1823 2290 tribus
1846 2257 1958 2291 diebus
1990 2257 2133 2291 reaedifi-

1168 2318 1237 2348 cas;
1262 2310 1348 2342 salva
1371 2313 1402 2342 te
1426 2310 1578 2352 ipsum».
1604 2310 1666 2343 Hoc
1697 2310 1842 2343 dicebant
1866 2311 2053 2353 populares,
2079 2311 2132 2344 sed

1169 2363 1327 2405 principes
1349 2362 1454 2396 adhuc
1478 2363 1682 2402 malitiosius;
1707 2363 1792 2396 unde
1816 2364 1962 2397 Matthaei
1980 2364 2131 2406 vigesimo

1169 2416 1301 2458 septimo
1316 2416 1359 2448 ¹⁵:
1390 2429 1406 2445 α
1422 2416 1503 2450 Alios
1527 2417 1629 2450 salvos
1653 2416 1742 2456 fecit,
1768 2426 1800 2450 se
1824 2417 1928 2460 ipsum
1946 2427 2007 2450 non
2029 2421 2131 2460 potest

1163 2582 1277 2618 ,dinaria
1298 2583 1339 2616 (ex
1358 2582 1439 2615 Beda)
1460 2582 1485 2608 in
1506 2584 1568 2609 Luc.
1588 2583 1637 2614 23,
1657 2583 1705 2608 34:
1726 2584 1751 2608 111
1779 2584 1852 2609 sorte
1877 2583 1924 2608 Dei
1954 2583 2036 2615 gratia
2063 2590 2134 2608 coin-

1167 2627 1288 2653 mendata
1309 2630 1355 2653 est.
1377 2628 1418 2653 Sic
1438 2627 1538 2660 quippe
1556 2627 1582 2652 in
1603 2634 1655 2653 uno
1675 2625 1709 2653 a‘d
1729 2634 1821 2653 omnes
1840 2628 1973 2659 pervenit,
1994 2635 2054 2653 cuin
2077 2635 2134 2653 sors

1167 2672 1292 2698 omnibus
1311 2672 1423 2704 placuit,
1442 2672 1504 2705 quia
1524 2674 1549 2697 et
1568 2672 1615 2697 Dei
1635 2672 1717 2703 gratia
1737 2672 1762 2697 in
1791 2672 1888 2697 unitate
1907 2672 1941 2698 ad
1966 2679 2059 2698 omncs
2079 2679 2134 2703 per-

1166 2717 1251 2747 venit,
1270 2720 1296 2742 et
1315 2723 1376 2742 cum
1396 2723 1453 2742 sors
1473 2716 1596 2747 mittitur,
1615 2723 1667 2741 non
1687 2723 1816 2748 personae
1841 2717 1998 2749 cuiusquam
2018 2717 2059 2741 vel
2080 2722 2131 2741 me-

1166 2761 1235 2792 ritis,
1255 2761 1301 2787 sed
1321 2761 1423 2787 occulto
1444 2761 1488 2786 Dei
1510 2760 1606 2786 iudicio
1626 2760 1750 2786 creditur.
1763 2774 1799 2779 —
1812 2760 1864 2786 Csr.
1885 2762 1911 2786 S.
1930 2761 2040 2791 Bonav„
2060 2759 2134 2786 Com-

1167 2808 1248 2830 ment.
1268 2805 1294 2830 in
1314 2805 1384 2830 toan.
1403 2811 1425 2830 c.
1447 2805 1489 2829 19.
1508 2812 1534 2829 n.
1554 2804 1596 2829 35.
1616 2810 1671 2836 seq.
1691 2807 1716 2829 et
1737 2804 1779 2829 43.

1239 2848 1259 2863 ¹¹
1281 2850 1315 2874 lta
1335 2849 1413 2874 etiam
1433 2849 1473 2874 3111
1494 2848 1659 2879 Scholastici,
1679 2847 1756 2874 Card.
1784 2848 1877 2879 nugo,
1897 2848 1926 2873 B.
1951 2847 2049 2873 Albert.
2069 2852 2132 2878 etc.;

1167 2893 1279 2925 Vulgata
1297 2894 1421 2926 spectans
1442 2890 1573 2925 (θεωρῶν).
1593 2905 1628 2911 -
1648 2892 1704 2917 Duo
1723 2898 1798 2924 sequ.
1818 2892 1868 2917 loci
1887 2895 1948 2917 sunt
1976 2893 2016 2917 Ps.
2036 2893 2065 2917 2l
2079 2913 2085 2924 ,
2106 2892 2130 2916 8.

1165 2940 1191 2962 et
1210 2936 1255 2962 lob
1276 2937 1322 2967 12,
1345 2937 1367 2961 4.
1388 2944 1442 2968 seq.

1238 2979 1260 2994 ¹2
1281 2980 1354 3005 Vers.
1375 2981 1418 3005 22.
1431 2994 1466 2999 —
1481 2980 1679 3011 Tneopnylact„
1700 2979 1723 3004 in
1738 2980 1799 3004 Luc.
1820 2980 1868 3010 23,
1889 2980 1981 3005 32-38:
1995 2979 2045 3004 Ubi
2059 2979 2129 3004 enim

1164 3025 1188 3050 61
1209 3024 1288 3058 [16511]
1309 3024 1440 3056 principes
1459 3023 1669 3053 subsannabant,
1698 3023 1761 3056 quid
1792 3030 1845 3048 non
1868 3023 1901 3049 de
1930 3023 2032 3056 reliquo
2050 3024 2131 3055 vulgo

1166 3068 1356 3100 cogitandum?
1845 3066 1868 3081 ¹⁸
1888 3068 1962 3093 Yers.
1987 3068 2025 3092 17.
2045 3070 2071 3093 61
2094 3068 2131 3093 18.

1240 3112 1261 3126 ¹¹
1283 3113 1356 3137 Vers.
1377 3112 1418 3137 39.
1439 3115 1464 3137 61
1485 3112 1532 3143 40,
1553 3111 1598 3137 ubi
1618 3111 1723 3136 Hieron.
1742 3111 1790 3136 ait:
1806 3110 2047 3145 Btasphemabant,
2070 3112 2130 3144 qnia

1168 3155 1461 3189 praetergrediebantur
1480 3156 1550 3180 viam
1571 3158 1597 3180 et
1616 3155 1641 3180 in
1661 3162 1725 3180 vero
1746 3155 1837 3181 itinere
1866 3155 2060 3187 Scripturarum
2080 3162 2133 3180 am-

1168 3201 1260 3227 bulare
1279 3200 1410 3226 nolebant.
1431 3198 1572 3226 Mei-ebant
1590 3198 1679 3233 capita
1698 3206 1764 3231 sua,
1784 3199 1846 3232 quia
1866 3200 1918 3225 iam
1948 3204 2022 3225 antea
2042 3206 2134 3225 move—

1168 3248 1226 3271 rant
1245 3244 1326 3276 pedes
1345 3248 1371 3270 et
1389 3251 1441 3270 non
1461 3243 1565 3269 stabant
1585 3250 1665 3275 super
1684 3247 1794 3275 petram.

1241 3288 1263 3303 ¹⁶
1283 3289 1358 3314 Vers.
1381 3288 1427 3319 42,
1447 3288 1474 3313 in
1493 3294 1573 3320 quem
1594 3288 1712 3314 Hieron:
1737 3288 1821 3314 Etiam
1841 3288 1959 3314 nolentes
1978 3288 2133 3314 confitentur

1169 3333 1272 3359 scribae
1291 3336 1316 3358 et
1334 3332 1478 3364 Pharisaei,
1497 3332 1570 3365 quod
1594 3332 1657 3358 alios
1685 3333 1773 3358 salvos
1797 3333 1893 3359 fecerit.
1914 3333 2004 3366 ltaque
2023 3340 2072 3359 vos
2092 3340 2133 3359 re·

1169 3381 1221 3404 stra
1240 3377 1400 3403 condemnat
1418 3376 1559 3407 sententia;
1578 3377 1625 3410 qui
1644 3377 1714 3403 enim
1728 3378 1792 3404 alios
1805 3378 1892 3403 salvos
1906 3378 1980 3409 fecit,
1994 3378 2098 3411 utique,
2112 3378 2133 3403 si

1169 3422 1260 3453 vellet,
1280 3429 1308 3447 se
1327 3422 1415 3454 ipsum
1436 3421 1537 3447 salvare
1556 3425 1666 3453 poterat.

1991 3475 2024 3501 73

2147 1227 2275 1253 principum.

2153 1572 2236 1598 Figura.

2154 2319 2284 2341 Notandum.
