2476 3921
147 745 275 766 Notandum.

160 1325 276 1351 Indignatio

191 1353 235 1373 [1111.

151 1800 280 1823 Notandum.

292 277 357 309 [⁸00

293 368 325 398 et
347 364 484 397 maxime
508 363 618 395 Petrus
642 364 672 393 et
695 360 827 398 Paulus,
852 359 906 401 qui
925 367 986 390 non
1004 360 1126 390 tantum
1145 356 1252 394 verbo,

293 427 405 451 verum
429 417 522 449 etiam
557 414 704 456 exemplo
736 412 929 449 clamabant,
966 410 1139 443 secundum
1175 408 1253 441 illud

294 471 413 514 primae
437 470 475 502 ad
499 468 697 501 Timotheum
716 467 817 508 primo
832 467 860 497 ¹:
890 478 905 493 «
922 464 1066 496 Christus
1092 463 1177 495 Iesus
1200 470 1253 494 ve-

294 525 340 558 nit
364 524 394 556 in
419 524 503 556 hunc
529 521 700 558 mundum,
724 522 903 562 peccatores
926 518 1028 550 salvos
1044 516 1162 554 facere,
1179 524 1254 557 quo-

295 587 367 611 111111
392 577 515 618 primus
537 584 595 617 ego
619 583 699 607 511111.
725 573 784 605 Sed
817 572 885 604 ideo
910 569 1154 603 misericordiam
1180 577 1254 600 con-

295 633 422 664 secutus
444 638 532 668 sum,
564 632 600 661 ut
631 627 662 660 in
687 636 737 659 me
769 626 872 668 primo
901 624 1078 657 ostenderet
1109 622 1256 655 Christus

297 685 382 717 lesus
404 691 527 715 omnem
563 680 762 723 patientiam,
787 679 824 711 ad
860 677 1111 710 informationem
1143 684 1255 708 eorum

297 737 351 778 qui
376 735 526 768 credituri
562 736 635 766 sunt
670 732 713 764 illi
746 732 776 763 in
808 731 904 763 vitam
935 733 1142 762 aeternam».
1169 727 1254 761 Unde

296 793 327 823 et
350 793 479 831 propter
511 790 689 829 peccatores
720 784 860 822 dicebat,
884 782 1026 815 vitalum
1059 781 1255 823 sayinatum

296 853 363 875 esse
395 842 558 879 occisum,
584 848 655 872 cum
688 837 811 870 dicebat
844 836 882 868 ad
915 836 1068 867 Romanos
1099 834 1254 876 quinto2:

302 910 316 924 «
333 894 534 928 Commendat
558 896 663 925 autem
688 891 850 924 caritatem
876 898 964 921 suam
989 888 1073 920 Deus
1098 887 1128 919 in
1153 886 1254 925 nobis,

296 949 458 991 quoniam,
484 955 556 979 cum
583 945 687 977 adbuc
716 946 896 985 peccatores
928 949 1085 979 essemus,
1110 940 1256 973 Christus

296 1011 353 1043 pro
377 1000 466 1033 nobis
491 1002 637 1031 mortuus
661 999 716 1029 est.
736 995 832 1028 Multo
856 995 952 1036 igitur
976 994 1075 1035 magis
1091 1001 1190 1031 nunc,
1208 992 1255 1024 111-

296 1054 418 1087 stificati
443 1053 473 1085 in
499 1050 650 1093 sanguine
674 1049 790 1091 ipsius,
816 1048 891 1080 salvi
917 1046 1036 1080 erimus
1059 1046 1099 1078 ab
1127 1046 1175 1078 ira
1198 1054 1255 1087 per

296 1108 398 1149 ipsum
416 1118 445 1144 »;
471 1109 501 1138 et
525 1104 619 1146 paulo
650 1105 737 1144 post:
768 1114 783 1129 a
800 1101 856 1133 Ubi
889 1099 1060 1133 abundavit
1088 1099 1285 1149 delictumsl

295 1157 564 1201 superabundavit
587 1159 618 1189 et
641 1155 758 1198 gratia3
784 1157 838 1192 ut,
864 1154 946 1186 sicut
969 1152 1112 1194 regnavit
1146 1160 1256 1193 pecca-

296 1216 363 1245 tum
388 1212 419 1244 111
444 1213 594 1248 mortem,
619 1209 662 1241 ita
685 1208 787 1251 gratia
810 1210 921 1249 regnet
944 1215 1000 1248 per
1025 1205 1222 1237 iustitiam».

383 1265 436 1296 47.
462 1263 562 1304 (Vers.
588 1262 665 1302 ἃᾶ).
692 1261 727 1293 Et
751 1260 826 1302 quia
850 1260 967 1297 iustus,
984 1258 1022 1290 de
1046 1257 1112 1290 suis
1136 1256 1256 1289 meritis

296 1324 517 1360 praesumens,
542 1315 622 1347 hano
646 1313 795 1346 iustitiam
821 1321 881 1344 non
907 1314 1065 1352 acceptat,
1090 1310 1185 1342 immo
1202 1318 1256 1351 po-

297 1371 359 1403 tius
384 1370 563 1412 indignatur
587 1371 697 1401 contra
722 1365 968 1399 inisericordiam
994 1364 1067 1403 Dei,
1084 1363 1172 1405 quasi
1198 1362 1257 1395 ini-

295 1433 357 1466 que
373 1426 444 1465 agat
461 1421 618 1455 reddendo
634 1421 716 1466 bona
733 1429 790 1461 pro
809 1418 915 1457 malis;
940 1417 1009 1450 ideo
1026 1416 1146 1449 subdit:
1164 1415 1257 1448 Indi-

293 1481 418 1519 ynam-s
434 1480 478 1508 esc
503 1479 614 1507 autem
637 1478 666 1506 ec
685 1472 813 1505 nolebat
830 1471 978 1504 introire.
1004 1470 1062 1511 Qui
1088 1470 1170 1502 enim
1194 1478 1256 1501 non

297 1533 437 1571 acceptat
461 1527 653 1560 affluentiam
678 1525 911 1559 misericordiae
935 1524 1001 1562 Dei,
1026 1523 1079 1556 sed
1096 1522 1255 1555 sufficien-

298 1583 371 1614 tiam
396 1582 531 1614 iustitiae
556 1589 650 1619 suae,
674 1589 737 1612 non
762 1582 863 1621 potest
895 1577 1026 1610 introire
1058 1576 1096 1609 ad
1128 1575 1258 1608 unitatis

297 1635 522 1668 ecclesiasticae
547 1634 726 1671 caritatem;
750 1636 782 1664 et
806 1633 864 1664 boc
889 1634 953 1669 est,
978 1629 1062 1672 quod
1087 1629 1203 1661 dicitur
1219 1628 1258 1660 ad

298 1689 450 1720 Romanos
484 1687 629 1719 decim0³
653 1686 692 1718 de
724 1685 855 1718 talibus:
885 1684 1099 1725 «Ignorantes
1130 1682 1184 1714 Dei
1210 1682 1258 1714 iu-

300 1742 415 1774 stitiam
440 1744 471 1773 et
494 1749 583 1772 suam
608 1739 748 1771 volentes
773 1741 929 1775 statuere,
955 1736 1092 1769 iustitiae
1116 1735 1170 1768 Dei
1196 1744 1258 1767 non

300 1797 373 1827 sunt
397 1793 574 1825 subiecti».
600 1792 686 1825 Unde
709 1795 740 1824 et
772 1791 830 1823 bac
854 1790 892 1823 de
924 1799 1017 1823 causa
1049 1789 1186 1831 populus
1210 1788 1258 1820 Iu-

298 1846 406 1879 daicus
429 1855 489 1877 non
516 1845 583 1877 vult
607 1844 738 1877 introire
763 1844 793 1876 in
823 1843 1062 1876 ecclesiasticam
1095 1841 1258 1879 unitatem,

299 1899 387 1941 quia,
413 1898 597 1940 superbiens
613 1897 651 1930 de
668 1907 725 1930 sua
749 1896 877 1935 iustitia,
904 1905 963 1928 non
987 1898 1127 1937 acceptat
1143 1894 1259 1927 summi

299 1953 398 1985 Patris
422 1951 666 1984 misericordiam
691 1950 908 1992 peccatoribus
932 1949 1115 1990 impensam.
1134 1948 1170 1980 Et
1185 1956 1259 1980 con-

299 2009 347 2037 tra
379 2005 456 2038 tales
490 2004 605 2037 dicitur
637 2004 675 2036 ad
712 2004 864 2036 Romanos
897 2002 1032 2035 terti0⁴z
1069 2000 1258 2033 «lustificati

297 2058 395 2100 gratis
423 2067 479 2099 per
507 2057 639 2099 gratiam
674 2056 787 2098 ipsius,
813 2065 868 2098 per
900 2055 1146 2096 redemptionem
1177 2062 1259 2096 quae

298 2115 345 2146 est
369 2111 399 2143 111
423 2111 548 2143 Christo
572 2110 658 2148 lesu,
682 2119 776 2152 quem
801 2109 965 2151 proposuit
1000 2108 1084 2140 Deus
1108 2106 1258 2149 propitia-

298 2169 398 2196 torem
423 2172 479 2205 per
503 2163 596 2207 sidem
621 2162 652 2195 in
677 2162 828 2204 sanguine
860 2162 1006 2203 ipsius»,
1036 2174 1051 2189 «
1068 2165 1104 2194 ut
1129 2161 1169 2193 sit
1192 2160 1258 2202 ipse

299 2216 401 2249 iustus
424 2219 454 2248 et
478 2215 651 2248 iustificans
673 2224 747 2248 eum
770 2215 824 2257 qui
850 2217 897 2247 est
920 2223 961 2247 ex
988 2214 1047 2246 fide
1073 2214 1141 2246 Iesu
1167 2213 1257 2246 Chri-

299 2269 348 2302 sti.
373 2269 428 2301 Ubi
453 2272 500 2301 est
523 2277 597 2310 ergo
620 2269 763 2310 gloriatio
787 2272 892 2301 tuan?
916 2272 947 2300 et
971 2268 1133 2309 sequitur:
1163 2281 1179 2296 «
1197 2267 1258 2299 Ex-

300 2322 388 2355 clusa
411 2324 458 2354 est
474 2333 504 2352 n.
533 2333 550 2349 α
566 2320 763 2353 Arbitramur
787 2320 885 2359 enim,
910 2319 1073 2353 iustificari
1097 2319 1257 2352 hominem

300 2383 357 2417 per
381 2374 473 2407 fidem
498 2374 565 2406 sine
595 2373 745 2415 operibus
776 2373 865 2415 Legis
881 2386 911 2405 ιο.
937 2373 996 2406 Iste
1027 2373 1142 2415 igitur,
1166 2381 1259 2415 prae-

300 2436 429 2461 sumens
451 2427 490 2459 de
513 2426 632 2459 iustitia
654 2429 686 2459 et
709 2425 874 2468 indignans
889 2435 948 2467 pro
964 2425 1179 2458 misericordia
1194 2425 1258 2458 fra-

300 2481 341 2513 tri
365 2480 522 2522 impensa,
547 2479 772 2513 nonambulat
801 2478 974 2511 secundum
1006 2478 1172 2517 iustitiam,
1204 2478 1258 2511 sed

300 2525 473 2567 secundum
498 2531 699 2570 iniustitiam,
724 2531 816 2573 quia,
841 2531 1082 2564 Proverbiorum
1107 2531 1258 2573 vigesimo

300 2595 383 2619 nono
394 2586 418 2625 ⁵,
448 2599 463 2614 «
480 2585 534 2628 qui
557 2585 596 2618 ad
620 2584 845 2627 indignandum
869 2584 967 2617 facilis
983 2588 1030 2617 est
1046 2584 1106 2617 erit
1129 2584 1168 2616 ad
1185 2593 1256 2626 pec-

301 2643 369 2672 cata
393 2633 604 2681 proclivior».

878 269 1071 301 COMMENT.
1097 268 1134 300 IN
1160 266 1397 300 EVANGELIUM
1422 265 1538 298 LUCAE
1562 265 1593 297 C.
1618 265 1680 297 XV.

2438 327 2439 339 1

1407 355 1459 386 [18.
1486 354 1588 386 Pater
1616 362 1694 395 erqo
1727 352 1818 385 illius
1849 361 2001 394 egressas
2034 354 2092 384 etc.
2127 352 2197 384 Post
2227 351 2280 384 de·
2293 353 2440 416 gggjuffiffig]

1318 408 1466 450 scriptam
1492 406 1718 448 impatientiam
1752 405 1806 437 filii
1839 404 1877 437 ad
1908 404 2152 446 indignationem
2177 413 2442 448 conci-trispiacamii,

1318 461 1461 503 piendam
1495 460 1547 492 hic
1583 459 1745 492 secund0⁶
1770 457 1947 491 ostenditur
1976 457 2148 490 clemencia
2170 441 2342 500 pacrisma‘
2440 450 2442 499 ξ

1318 514 1364 547 ad
1387 513 1649 556 indiynationem
1672 511 1894 554 placandam,
1918 510 1972 543 ubi
1997 510 2059 543 tria
2076 510 2282 543 introducun-
2441 510 2442 524 ¹

1319 571 1381 600 tur.
1409 567 1512 599 Primo
1536 566 1618 599 enim
1644 565 1859 608 praemittitur
1890 573 1932 597 ex
1966 568 2055 606 parte
2079 564 2177 605 patris
2201 563 2282 596 allo-

1319 620 1406 653 cutio
1427 620 1488 662 pia
1497 631 1509 658 ‚·
1533 619 1671 652 secundo
1682 645 1689 658 ,
1706 628 1725 651 a
1740 621 1830 660 parte
1846 617 1901 650 filii
1919 616 2088 659 responsio
2102 620 2261 659 proterva
2271 628 2282 655 ;

1320 674 1413 707 tertio
1437 673 1641 715 subiungitur
1661 672 1840 715 persuasio
1861 670 2043 714 placativa.

1409 727 1514 759 Primo
1538 726 1634 767 igitur
1670 729 1824 768 quantum
1859 725 1898 757 ad
1930 724 2029 766 patris
2060 723 2281 756 allocutionem
2314 731 2418 763 :⁴¹¹0euti9

1320 780 1490 822 piissimam
1515 779 1603 811 dicit:
1629 779 1732 811 Pater
1763 787 1840 821 eryo
1872 777 1964 810 illias
1999 786 2152 820 egressus
2180 777 2282 819 coepit
2302 764 2338 784 ⁹¹³
2357 760 2429 785 'mm'

1321 843 1443 876 royare
1466 842 1540 865 eum
1554 833 1576 864 ⁷.
1605 831 1784 874 Eqreclittir
1807 834 1912 863 autem
1944 833 2034 872 pater
2058 830 2098 863 ad
2121 829 2283 863 exteriora

1319 896 1377 928 per
1402 885 1710 923 condescensionem,
1741 883 1915 917 secundum
1948 883 2026 916 illud
2051 883 2194 916 Habacuc
2218 886 2282 926 ter-

1321 938 1409 970 tioss:
1438 950 1453 966 «
1472 938 1622 979 Egressus
1646 946 1680 970 es
1704 937 1735 969 in
1760 937 1892 969 salutem
1919 937 2026 978 populi
2052 936 2097 969 tui
2123 939 2154 969 et
2178 936 2209 969 in
2234 945 2283 969 sa-

1320 991 1418 1023 lutem
1443 999 1515 1023 cum
1540 990 1665 1023 Christo
1690 993 1744 1022 tuo
1762 1002 1791 1029 n;
1810 999 1958 1032 egressus
1990 989 2107 1022 scilicet
2134 989 2192 1022 iste
2219 998 2282 1022 non
2301 996 2358 1024 Quid
2372 1003 2438 1024 egres»
2465 1012 2476 1028 1

1320 1048 1367 1077 est
1390 1043 1476 1076 aliud
1500 1043 1559 1076 nisi
1583 1043 1783 1075 manifestare
1799 1051 1833 1075 se
1849 1042 1994 1075 exterius
2010 1042 2040 1074 in
2058 1051 2170 1082 carne;
2188 1042 2283 1075 Isaiae
2348 1030 2393 1045 Μ’
2452 1034 2476 1084 l}

1320 1097 1516 1140 sexagesimo
1540 1096 1696 1129 secundo:
1727 1109 1742 1125 «
1760 1097 1905 1138 Propter-
1921 1096 1993 1128 Sion
2025 1105 2087 1128 non
2113 1096 2221 1129 tacebo
2252 1099 2284 1128 et

1320 1154 1449 1193 propter
1474 1150 1643 1183 Ierusalem
1675 1159 1737 1182 non
1769 1149 1947 1192 quiescam,
1972 1149 2070 1182 donec
2102 1149 2283 1191 egrediatur

1321 1207 1357 1236 ut
1380 1203 1527 1245 splendor
1552 1203 1656 1236 iustus
1680 1203 1748 1236 eius
1765 1217 1780 1232 »
1810 1207 1868 1236 etc.
1887 1221 1929 1226 —
1954 1203 1990 1235 Et
2012 1202 2088 1244 quia
2112 1202 2162 1235 hic
2179 1211 2283 1245 egres-

1321 1266 1375 1290 sus
1399 1257 1458 1289 fuit
1482 1266 1523 1290 ex
1548 1266 1661 1299 magna
1684 1257 1799 1299 pietate
1823 1256 1861 1289 ad
1897 1256 2058 1288 hominem
2082 1255 2282 1295 salvandum,

1320 1310 1389 1343 ideo
1412 1310 1500 1343 dicit:
1527 1310 1637 1352 Coepit
1660 1319 1782 1352 roqare
1805 1319 1900 1347 emm
1924 1309 1963 1342 ad
1987 1309 2143 1342 Hebraeos
2166 1308 2284 1342 duode-›

1320 1364 1444 1397 cimo⁹:
1475 1377 1490 1392 «
1508 1364 1668 1406 Tanquam
1693 1363 1822 1396 finisse
1845 1363 1938 1396 offert
1962 1363 2050 1395 vobis
2072 1363 2200 1395 Deus».
2226 1363 2284 1395 Ro-

1321 1421 1373 1458 gat
1394 1425 1484 1459 ergo,
1509 1417 1534 1449 si
1567 1421 1678 1449 contra
1713 1416 1816 1458 ipsum
1852 1416 2077 1459 dedignamur,
2108 1416 2284 1449 secundum

1321 1469 1398 1502 illud
1423 1470 1516 1502 Isaiae
1534 1470 1717 1512 trigesimo:
1748 1483 1764 1498 «κ
1781 1469 1893 1503 Audies
1911 1467 2043 1502 verbum
2062 1473 2132 1512 post
2156 1473 2281 1512 tergum

1322 1522 1496 1555 monentis:
1522 1523 1600 1555 Haec
1623 1526 1671 1555 est
1688 1522 1737 1555 via
1752 1522 1852 1561 bona,
1869 1523 2029 1555 ambulate
2046 1523 2076 1555 in
2094 1532 2131 1556 ea
2147 1536 2177 1555 ».
2196 1522 2282 1555 Unde
2304 1528 2435 1550 Notandum-

1322 1575 1388 1616 ipse
1412 1575 1495 1607 Deus
1519 1575 1608 1608 Pater
1633 1579 1742 1608 contra
1766 1575 1870 1617 ipsum
1888 1575 1988 1608 filium
2005 1575 2200 1618 indignatum
2219 1584 2281 1608 non

1322 1627 1522 1669 indignatur,
1547 1628 1600 1660 sed
1625 1628 1729 1669 potius
1753 1637 1827 1661 eum
1852 1631 1942 1670 rogat
1965 1632 1996 1661 et
2019 1628 2218 1667 consolatur,
2247 1632 2284 1661 ut

1322 1681 1490 1723 impleatur
1503 1680 1580 1713 illud
1595 1681 1689 1713 Isaiae
1705 1681 1902 1723 sexagesimo
1919 1685 2010 1714 sexto
2024 1682 2067 1713 ¹⁰:
2090 1694 2105 1710 α
2117 1681 2281 1723 Quomodo

1323 1734 1348 1767 si
1373 1734 1423 1767 cui
1448 1737 1549 1766 mater
1579 1733 1777 1772 blandiatur,
1802 1735 1845 1766 ita
1879 1744 1936 1777 ego
1971 1735 2156 1768 consolabor
2180 1733 2238 1768 vos
2252 1748 2283 1773 »;

1323 1796 1380 1820 nec
1403 1787 1575 1826 immerito,
1592 1787 1681 1829 quia,
1699 1787 1780 1819 sIcut
1803 1787 1919 1820 dicitur
1943 1788 2098 1820 secundae
2114 1787 2153 1820 ad
2176 1788 2284 1820 Corin-

1323 1840 1406 1873 thios
1441 1839 1562 1882 primo,
1602 1839 1701 1881 «ipse
1732 1842 1780 1872 est
1811 1842 1899 1881 pater
1931 1839 2220 1872 misericordiarum
2253 1844 2285 1873 et

1323 1895 1407 1926 Deus
1431 1892 1527 1925 totius
1551 1892 1785 1931 consolationis,
1803 1893 1857 1934 qui
1875 1893 2055 1926 consolatur
2072 1902 2129 1926 nos
2151 1893 2182 1926 in
2199 1894 2284 1926 omni

1325 1946 1526 1980 tribulatione
1550 1948 1658 1978 nostra
1673 1958 1703 1977 ».
1728 1945 1814 1978 Unde
1839 1945 1985 1979 Ieremiae
2010 1946 2104 1979 tertio
2119 1948 2143 1966 ¹1
2167 1946 2283 1980 dicitur

1322 2001 1360 2033 de
1384 2001 1444 2033 hac
1467 1999 1672 2032 allocutione:
1703 2012 1718 2027 «
1737 1999 1815 2041 Ergo
1839 1999 1950 2032 saltem
1973 2000 2086 2033 amodo
2115 2009 2191 2034 voca
2214 2010 2283 2034 me:

1323 2054 1413 2086 Pater
1436 2061 1544 2091 meus,
1568 2052 1636 2085 dux
1665 2051 1853 2094 virginitatis
1884 2062 1971 2086 meae
2008 2055 2043 2086 tu
2068 2062 2101 2098 es
2119 2067 2133 2083 n
2164 2056 2222 2087 etc.
2248 2054 2284 2087 Et

1323 2107 1367 2140 sic
1392 2107 1541 2148 impletur
1564 2104 1642 2138 illud
1667 2105 1719 2138 Iob
1741 2105 1862 2138 decimo
1886 2115 1982 2139 nono:
2014 2120 2029 2135 «
2046 2106 2183 2140 Orabam
2204 2108 2284 2141 tilios

1322 2160 1404 2193 uteri
1430 2159 1490 2191 inei
1508 2173 1538 2190 ».

1412 2213 1464 2245 49,
1491 2212 1591 2253 (Vers.
1616 2211 1693 2253 29).
1720 2211 1862 2244 Secundo
1893 2215 2047 2253 quantum
2079 2213 2118 2245 ad
2148 2212 2213 2255 filii
2235 2223 2285 2246 re-
2311 2220 2439 2251 ffisponsiq,
2474 2242 2476 2246 .

1321 2266 1528 2309 sponsionem
1559 2268 1753 2307 protervam
1785 2264 1905 2297 subdit:
1931 2266 1975 2297 Ac
2006 2265 2059 2297 ille
2082 2266 2283 2308 respondeas
2298 2248 2448 2273 ‘'menam''

1322 2320 1408 2352 dixit
1427 2319 1525 2361 patri
1546 2328 1624 2351 suo:
1658 2319 1756 2357 Eece,
1781 2321 1826 2350 lot
1860 2318 1961 2350 annis
1992 2318 2100 2351 servio
2125 2319 2185 2352 tibi
2193 2331 2204 2358 ;
2228 2317 2299 2353 ubi'

1322 2376 1470 2414 proterve
1494 2371 1676 2413 respondet,
1693 2374 1724 2403 et
1740 2370 1815 2413 quia
1830 2380 1864 2403 se
1880 2371 1992 2413 ipsam
2009 2371 2115 2404 iactat
2129 2371 2168 2405 de
2187 2372 2283 2406 iusti-

1323 2425 1382 2465 tia,
1406 2424 1531 2464 dicens,
1555 2424 1641 2467 quod
1664 2424 1756 2467 longo
1781 2426 1922 2466 tempore
1946 2424 2076 2457 servivit
2091 2425 2183 2467 patri,
2208 2435 2281 2459 cum

1323 2481 1426 2512 tamen
1450 2478 1517 2520 ipse
1541 2478 1630 2510 Pater
1654 2477 1806 2519 obsequio
1840 2480 1949 2510 nostro
1972 2486 2034 2510 non
2057 2478 2211 2521 indigeat,
2235 2489 2284 2513 se-

1322 2531 1461 2565 cundum
1485 2530 1563 2564 illud
1587 2531 1699 2564 Psalmi
1712 2531 1757 2563 ¹2:
1787 2543 1803 2560 «t
1820 2530 1892 2563 Dixi
1910 2530 2059 2564 Domino:
2084 2531 2168 2565 Deus
2192 2541 2282 2566 meus

1323 2593 1356 2617 es
1380 2588 1433 2624 tu,
1465 2584 1613 2627 quoniam
1646 2584 1803 2617 bonorum
1837 2593 1981 2617 meorum
2014 2594 2077 2618 non
2108 2594 2180 2627 eges
2196 2598 2227 2624 »;
2252 2591 2284 2619 et

1323 2637 1375 2670 Iob
1399 2636 1558 2679 trigesimo
1582 2637 1708 2679 quinto:
1740 2650 1755 2666 «
1772 2637 1886 2676 Porro,
1911 2637 1936 2670 si
1962 2638 2043 2671 iuste
2066 2638 2183 2681 egeris,
2208 2639 2282 2681 quid

373 2807 380 2821 ¹
403 2808 476 2833 Vers.
500 2808 538 2832 15.
558 2811 583 2832 et
605 2808 645 2832 16.

371 2850 382 2865 ²
403 2853 477 2877 Vers.
497 2853 521 2876 8.
541 2859 595 2884 seq.
616 2855 641 2876 ot
661 2851 756 2877 ‹leinde
776 2859 800 2876 v.
823 2852 866 2876 20.
885 2854 910 2876 et
931 2852 973 2876 21.

372 2894 382 2909 ³
404 2896 475 2921 Vers.
496 2897 519 2921 3.
539 2910 572 2914 -
592 2896 706 2926 Hieron„
726 2896 804 2927 Epist.
825 2896 867 2921 21.
897 2895 970 2926 (alias
992 2896 1060 2927 116.)
1082 2902 1107 2920 11.
1126 2896 1169 2920 31.
1189 2903 1258 2928 ,ει-(μ

301 2940 384 2966 Causa
396 2940 518 2970 laetitiae,
529 2940 600 2972 quod
612 2939 668 2971 pari
683 2940 706 2964 in
720 2940 765 2964 Dei
778 2940 869 2965 laudes
883 2943 935 2965 toto
949 2939 1013 2965 orbe
1024 2947 1089 2965 voce
1104 2940 1258 2971 concinitur,

302 2985 371 3009 5111115
389 2987 428 3009 est
442 2984 572 3015 gentium,
586 2984 656 3009 salus
670 2986 708 3009 est
722 2986 905 3015 peccatorum3
919 2984 1046 3009 laetantur
1059 2984 1159 3015 Angeli,
1173 2984 1259 3009 omnis

302 3027 327 3053 in
347 3028 473 3059 gaudium
493 3030 610 3053 creatura
630 3028 770 3058 consentit,
790 3031 815 3053 et
834 3028 867 3053 de
879 3028 934 3053 solo
948 3028 1042 3053 (licitur
1056 3029 1146 3053 lsrael:
1167 3029 1258 3053 Iratus

301 3073 391 3098 antem
410 3071 496 3098 noluit
522 3071 633 3098 intrare.
663 3072 794 3104 Irascitur,
815 3079 843 3098 se
870 3072 991 3103 absente,
1018 3074 1121 3098 tratrem
1142 3078 1200 3098 esse
1218 3079 1259 3098 su·

302 3119 449 3148 sceptum...
468 3119 493 3142 et
511 3123 581 3142 nunc
600 3116 661 3142 toris
680 3119 730 3142 stat
749 3117 824 3142 Israel
845 3120 894 3142 etc.

372 3160 384 3175 ⁴
404 3160 478 3186 Vers.
500 3161 596 3192 24-28,
615 3161 735 3193 pluribus
754 3164 840 3187 tamen
858 3161 970 3187 omissis.
993 3162 1056 3187 Fere
1075 3168 1167 3187 omnes
1180 3161 1258 3186 codd.

303 3206 405 3236 legunt:
426 3204 555 3231 lustitlcatl
575 3205 656 3236 gratis
676 3212 722 3236 per
747 3204 858 3237 gratiam
884 3203 920 3231 ad
946 3205 1030 3231 Deam
1049 3207 1074 3231 et
1092 3212 1139 3237 per
1159 3205 1259 3230 redem-

302 3249 417 3281 ptionem
438 3248 536 3282 ipsius,
556 3256 624 3282 quae
643 3252 682 3275 est
702 3249 727 3274 in
747 3248 864 3280 Christo,
883 3249 911 3275 in
924 3256 1003 3284 quem
1014 3249 1106 3283 posuit
1119 3249 1188 3275 Deus
1196 3256 1260 3283 pro·

298 3292 466 3326 pitiationem
485 3300 532 3325 per
552 3294 660 3319 fldem...
680 3297 707 3319 ut
736 3293 768 3319 sit
797 3294 853 3326 ipse
872 3293 969 3325 iustus,
989 3294 1145 3324 iustificans,
1165 3294 1210 3326 qui
1230 3301 1259 3319 ex

302 3338 354 3363 side
372 3341 411 3363 est
429 3338 485 3364 Iesu
504 3337 626 3364 Clu-isti...
645 3337 809 3364 arbitramur
821 3338 905 3371 enim,
919 3338 1053 3364 hominem
1073 3338 1205 3364 iustificari
1225 3345 1260 3364 ear

300 3380 353 3415 fide
372 3381 427 3407 slne
446 3381 580 3413 operibus.

373 3423 384 3438 ⁶
403 3424 476 3451 Vei-s.
496 3426 539 3451 22.
971 3423 983 3440 ⁶
1001 3425 1052 3452 Cir.
1073 3433 1151 3459 supra
1171 3433 1197 3452 n.
1218 3426 1261 3452 42.

1393 2805 1403 2820 ⁷
1424 2809 1458 2832 lta
1478 2808 1556 2832 etiam
1577 2808 1690 2838 Hieron„
1711 2808 1789 2840 Epist.
1819 2809 1861 2833 21.
1881 2809 1955 2839 (1111115
1985 2809 2052 2841 146.)
2073 2817 2098 2835 11.
2120 2811 2167 2840 33;
2187 2811 2234 2836 cfr.
2256 2811 2282 2835 B.

1323 2850 1417 2876 Albert.
1438 2854 1462 2876 et
1482 2852 1507 2876 S.
1528 2851 1621 2876 Tuom.
1642 2851 1705 2883 (Cat.
1726 2859 1804 2877 aurea
1825 2852 1850 2877 iu
1875 2853 1937 2878 Luc.
1967 2853 2004 2878 1’5.
2025 2861 2052 2878 11.
2072 2854 2123 2885 5.);
2144 2855 2200 2879 Vat.
2221 2861 2282 2880 cum

1324 2895 1435 2927 Vulgata
1456 2895 1543 2921 illum.

1393 2938 1403 2953 ⁸
1424 2940 1497 2965 Vers.
1519 2941 1558 2965 13.
1578 2954 1614 2959 -
1633 2940 1750 2967 Subinde
1778 2942 1904 2973 allegatur
1930 2943 1986 2968 lsai.
2013 2944 2060 2974 62,
2086 2944 2104 2968 1.
2125 2957 2160 2962 -
2188 2944 2277 2969 6105511

1322 2983 1503 3010 inanimem&
1517 2984 1556 3017 (ex
1572 2984 1701 3016 Ambros.‚
1718 2986 1767 3011 VII.
1782 2986 1806 3011 111
1820 2987 1881 3012 Luc.
1892 2993 1914 3012 c.
1933 2987 1972 3012 15.
1986 2995 2010 3012 11.
2025 2987 2110 3019 241.>;
2125 2988 2204 3014 Pater
2217 2994 2282 3021 erqo

1323 3027 1396 3053 illias
1415 3035 1539 3061 eqressas
1559 3032 1619 3060 etc„
1638 3030 1716 3055 etlam
1736 3031 1806 3056 hunc
1825 3030 1911 3056 11011115
1930 3035 2004 3062 pater
2018 3032 2120 3057 salvare
2135 3031 2217 3063 cupit.
2230 3031 2283 3057 Crr.

1323 3072 1439 3103 Hieron,
1454 3073 1500 3097 loc.
1515 3073 1570 3098 cit.:
1585 3074 1668 3106 Quam
1684 3073 1814 3106 benignus
1827 3078 1852 3100 et
1864 3076 1979 3101 clemens
1993 3078 2082 3107 pater!
2101 3079 2178 3107 rogat
2190 3076 2281 3108 tilium,

1323 3119 1351 3142 ut
1370 3116 1481 3142 laetitiae
1499 3117 1595 3143 domus
1615 3118 1745 3151 particeps
1765 3119 1809 3145 ilat
1828 3122 1878 3145 etc.

1394 3159 1404 3174 ⁹
1424 3161 1497 3186 Vers.
1516 3162 1541 3187 7.
1560 3176 1595 3182 —
1616 3163 1738 3196 Sequitur
1757 3163 1812 3189 lsai.
1833 3164 1881 3194 30,
1901 3164 1943 3189 21.

1395 3203 1417 3218 ¹⁰
1437 3205 1511 3231 Vers.
1534 3207 1578 3237 13,
1598 3206 1642 3232 11111
1662 3208 1753 3233 codd.:
1775 3207 1910 3240 Quoniam
1929 3207 2009 3234 sicuti
2021 3209 2108 3234 mater
2122 3206 2282 3233 blandiatur

1323 3248 1378 3283 filio
1397 3256 1461 3281 suo,
1482 3250 1519 3276 ita
1544 3252 1569 3277 et
1596 3259 1643 3285 eqo
1667 3251 1826 3279 consolabor
1856 3259 1919 3284 vos‚·
1948 3253 1994 3278 cfr.
2020 3259 2099 3283 supra
2130 3258 2191 3283 pag.
2212 3251 2279 3284 385,

1324 3298 1382 3320 nota
1408 3295 1445 3321 15.
1467 3308 1501 3314 -
1521 3296 1638 3322 Subinde
1657 3297 1782 3328 allegatur
1803 3298 1829 3322 II.
1849 3296 1908 3323 Cor.
1930 3297 1959 3329 1,
1979 3297 2003 3322 3.
2024 3304 2079 3329 seq.

1395 3338 1413 3353 ¹¹
1439 3340 1510 3366 Vers.
1531 3339 1555 3366 ⁴.
1574 3344 1600 3366 et
1618 3341 1714 3367 deinde
1734 3341 1778 3367 Iob
1799 3342 1844 3373 19,
1865 3341 1907 3366 17.

1396 3381 1417 3397 ¹²
1436 3384 1530 3409 I‘saIm.
1551 3384 1598 3417 15,
1618 3385 1648 3415 2,
1668 3388 1727 3417 post
1745 3392 1825 3418 quem
1845 3385 1889 3411 Iob
1910 3386 1958 3415 35,
1977 3385 2001 3410 7.
2023 3399 2056 3404 -
2078 3384 2203 3416 Superius
2222 3387 2282 3410 ante

1325 3426 1389 3460 quia
1413 3434 1441 3461 se
1465 3427 1553 3461 ipsum
1579 3428 1660 3455 iactat
1687 3429 1742 3454 Vnt.
1768 3429 1863 3455 omittit
1887 3430 1925 3462 el,
1950 3421 2023 3462 quod
2047 3430 2200 3462 explicatur,
2219 3429 2281 3462 quin
