2476 3921
763 190 957 223 COMMENT.
984 190 1019 222 {N
1045 188 1283 221 EVANGELIUM
1309 189 1426 221 LUCAE
1450 190 1482 221 C.
1508 190 1568 222 Vll.

173 285 205 315 et
229 281 323 320 mihi;
351 281 390 313 de
413 289 464 313 me
484 280 536 313 ille
559 280 702 321 scripsit;
727 279 752 312 si
780 282 886 312 autem
912 278 996 310 illius
1027 277 1139 310 litteris

173 343 234 367 non
260 333 404 373 creditis,
430 333 506 366 mihi
531 333 688 375 quomodo
711 332 845 366 credetis
862 335 904 364 u?

266 388 316 420 15.
353 387 411 420 Sed
446 386 604 429 quomodo
627 389 730 428 potest
763 385 841 418 illud
876 384 1029 426 intelligi?
1063 392 1136 416 cum

37 448 155 479 Difficultas
174 441 265 475 beata
288 441 384 483 Virgo
408 440 446 473 de
471 440 565 473 lsrael
593 439 704 478 fuerit,
729 439 779 472 cui
804 438 921 471 dicitur
953 446 1051 479 supra
1075 437 1138 479 pri-

46 475 141 497 ⁸⁰¹v¹⁸¹¹''
174 496 268 527 m01:
291 494 426 533 «Beata,
443 502 525 536 quae
549 492 752 531 credidisti»;
777 495 808 525 et
823 492 916 524 etiam
935 491 1079 536 Apostoli.
1095 509 1137 514 —

175 547 234 581 Sed
258 548 318 580 hoc
341 547 473 586 dicitur,
497 556 559 579 non
576 546 651 588 quia
674 545 774 578 maior
791 545 831 578 sit
853 537 1136 587 simpliciter-{sed

174 605 323 644 respectu
347 600 455 633 habito
478 599 516 632 ad
541 608 717 641 personam.
742 598 829 631 Unde
851 598 1095 639 Chrysostomus
1108 597 1135 628 ²:

179 667 195 683 α
212 654 244 687 ln
269 653 392 687 modico
415 661 562 686 sermone
586 652 756 694 sapientiae
775 652 848 694 plus
868 650 1016 684 laudatur
1040 650 1137 683 rusti-

174 715 232 740 cus
254 715 349 749 quam
380 706 411 738 in
437 714 550 748 magno
581 704 806 746 philosophus;
831 707 862 736 et
885 711 984 745 puer,
1005 702 1029 735 si
1055 702 1138 735 dicat

174 759 293 802 aliquid
316 758 485 801 sapienter,
510 757 668 797 laudatur,
693 756 747 789 ubi
772 756 940 798 perfectior
962 765 1024 788 non
1049 755 1137 788 audi-

77 818 154 840 Aliter·
174 816 229 846 tur
246 826 275 845 n.
301 812 350 845 Sic
374 816 405 845 et
429 812 461 844 in
485 811 646 853 proposito
671 809 907 852 intelligendum
932 812 988 842 est.
1014 828 1058 832 —
1081 808 1137 841 Vel

174 869 277 909 potest
299 865 378 904 dici,
402 864 487 907 quod
511 863 656 905 intelligit
683 866 837 905 quantum
861 862 899 895 ad
929 861 1136 895 reverentiam

174 919 319 953 exterius
349 917 576 956 exhibendam;
609 917 658 950 vel
682 916 766 959 quod
799 916 830 949 in
860 916 919 949 hoc
951 915 1137 958 intelligitur

174 973 252 1006 fides
275 972 417 1015 gentium
430 972 453 1004 ³.
885 990 887 993 >

268 1027 317 1059 16.
342 1025 445 1068 (Vers.
466 1025 541 1065 10.).
559 1024 720 1066 Quantum
735 1023 774 1056 ad
791 1023 987 1056 celeritatem
1006 1026 1138 1065 optatae

11 1084 163 1133 ‘7325aess
174 1078 362 1113 curationis
393 1078 615 1120 subiungitur:
643 1078 682 1110 Et
715 1077 841 1109 reversi
862 1077 922 1120 qui
945 1076 1041 1108 missi
1066 1074 1138 1118 fue-

30 1137 127 1159 rationiss-
174 1136 256 1165 rant
270 1132 295 1171 ⁴,
319 1132 409 1174 quasi
438 1140 493 1173 spe
524 1131 562 1164 de
586 1131 687 1163 salute
719 1130 885 1172 impetrata
916 1138 972 1171 per
1004 1129 1137 1162 verbum

163 1185 308 1224 GhristL
337 1184 421 1227 quod
452 1184 535 1217 dixit
565 1184 650 1226 quod
678 1183 830 1225 exprimit
853 1183 1042 1221 Matthaeus,
1067 1183 1138 1215 licet

175 1238 273 1270 Lucas
298 1239 411 1270 taceat:
442 1250 458 1265 «ι
474 1237 560 1269 Sicut
585 1235 758 1274 credidisti,
783 1235 838 1268 fiat
861 1235 926 1268 tibi.
952 1235 987 1267 Et
1011 1237 1139 1268 sanatus

174 1294 222 1324 est
245 1299 374 1332 puer»;
398 1289 481 1332 quod
509 1292 589 1322 tacet
613 1289 725 1327 Lucas,
749 1288 824 1330 quia
847 1288 922 1321 satis
950 1291 1052 1329 potest
1075 1288 1138 1320 col-

174 1343 226 1386 ligi
251 1352 292 1376 ex
324 1342 510 1385 praedictis,
534 1342 626 1384 quia,
650 1345 687 1374 ut
717 1341 792 1375 dicit
823 1341 904 1373 Beda
915 1340 939 1379 ⁶,
968 1353 984 1369 «
1001 1349 1068 1373 mos
1091 1344 1139 1373 est

174 1396 255 1430 beati
273 1397 374 1429 Lucae
389 1395 428 1428 ab
444 1395 513 1428 aliis
530 1395 621 1437 plene
637 1394 780 1436 exposita
797 1394 957 1433 breviare,
974 1393 1024 1426 vel
1044 1394 1137 1426 etiam

173 1449 212 1483 de
243 1449 399 1482 industria
431 1448 621 1491 praeterire;
654 1457 735 1490 quae
766 1451 871 1480 autem
906 1447 1034 1480 brevius
1057 1447 1139 1480 dicta

174 1503 214 1536 ab
237 1503 306 1535 aliis
330 1503 379 1536 vel
410 1497 716 1544 omissa-sollicitius
747 1501 920 1534 dilucidare
941 1514 972 1532 ».
1006 1501 1042 1533 Et
1070 1500 1139 1533 ideo

175 1560 256 1590 tacet
272 1555 406 1589 verbum
431 1555 570 1594 Domini,
587 1554 671 1597 quod
695 1554 746 1587 alii
771 1554 895 1593 dicunt,
912 1558 943 1587 et
967 1554 1042 1587 dicit
1057 1563 1139 1586 nun—

175 1609 292 1642 tiorum
317 1609 547 1647 reversionem,
572 1611 608 1641 ut
639 1608 798 1650 exprimat
820 1608 964 1641 miraculi
997 1607 1139 1641 celerita-

176 1666 253 1702 tem,
277 1671 372 1705 quam
398 1662 554 1700 insinuat,
571 1670 644 1694 cum
669 1661 828 1703 adiungit:
846 1662 1048 1694 Invenerunt
1070 1671 1139 1694 ser-

175 1725 271 1754 vum,
308 1716 368 1759 qui
402 1715 596 1758 languerat,
619 1724 753 1747 sanum.
786 1715 863 1747 Ante
886 1723 962 1757 ergo
997 1715 1140 1757 pervenit

176 1769 303 1802 virtutis
333 1768 475 1811 operatio
498 1777 592 1810 quam
625 1768 811 1800 nuntiorum
841 1768 995 1807 reversio,
1027 1771 1064 1800 ut
1094 1768 1139 1801 sic

176 1830 288 1855 verum
312 1830 380 1854 esse
404 1821 628 1863 comprobetur
657 1820 742 1863 quod
778 1820 809 1853 in
836 1820 980 1853 Psalmo⁶
1004 1820 1138 1854 dicitur:

181 1888 197 1904 a
214 1875 368 1908 Velociter
399 1875 501 1907 currit
525 1883 629 1907 sermo
660 1874 729 1907 eius
749 1887 779 1906 n.
812 1874 873 1907 Nec
904 1874 1040 1914 mirum,
1064 1874 1136 1917 quia

176 1938 238 1962 non
270 1928 367 1961 refert
397 1927 481 1970 apud
513 1936 586 1960 eum
610 1927 717 1959 dicere
740 1930 771 1960 et
793 1926 920 1970 facere,
953 1927 1035 1960 sicut
1066 1936 1138 1961 cen-

177 1981 260 2015 turio
292 1981 425 2014 fideliter
449 1980 580 2013 credidit
614 1984 645 2013 et
678 1989 734 2013 ore
766 1981 927 2014 confessus
961 1984 1028 2020 est3
1064 1982 1140 2024 quia

182 2047 197 2063 «ι
214 2033 308 2067 corde
331 2033 473 2066 creditur
497 2033 535 2066 ad
560 2033 727 2073 iustitiam,
751 2042 807 2066 ore
830 2037 936 2067 autem
960 2034 996 2066 fit
1019 2034 1139 2067 confes-

177 2086 222 2119 sio
245 2086 284 2119 ad
319 2087 452 2119 salutem
469 2099 499 2118 2).
526 2086 562 2118 Et
596 2086 666 2119 ideo
700 2086 857 2119 credendo
880 2090 912 2119 et
946 2086 1139 2127 confitendo,

177 2138 261 2181 quod
285 2139 390 2172 subito
426 2139 491 2173 solo
516 2139 612 2172 verbo
647 2142 752 2181 posset
787 2139 907 2178 facere,
933 2139 993 2172 hoc
1026 2140 1140 2172 merito

177 2192 247 2225 fidei
272 2192 471 2234 impetravit,
494 2196 531 2225 ut
555 2192 599 2225 sic
622 2193 750 2234 impleta
772 2191 956 2225 ostendatur
984 2192 1140 2225 dominica

177 2246 359 2288 promissio,
376 2246 548 2279 secundum
565 2245 642 2278 illud
667 2245 811 2278 Matthaei
829 2245 979 2286 vigesimo
995 2245 1098 2287 primo
1111 2245 1138 2277 ⁷:

182 2312 198 2327 ιτ
214 2299 373 2341 Quidquid
404 2302 531 2332 orantes
554 2298 676 2340 petitis,
701 2298 836 2337 credite,
860 2298 936 2340 quia
966 2298 1139 2340 accipietis,

177 2355 208 2385 et
231 2352 285 2385 flet
309 2351 398 2385 vobis
414 2365 444 2383 ».
462 2370 506 2374 —
522 2351 558 2383 Et
581 2351 625 2384 sic
649 2351 842 2384 sufficienter
859 2351 1017 2392 expressit
1042 2351 1140 2383 Evan-

177 2404 286 2446 gelista
311 2404 487 2436 mirabilem
512 2403 706 2436 curationem
732 2403 825 2436 servi.

269 2458 318 2489 17.
344 2456 573 2498 spiritualiter
597 2456 648 2489 hic
672 2456 846 2489 secundum
870 2456 1066 2499 allegoriam
1093 2457 1141 2490 in-

179 2510 330 2552 telligitur
354 2509 487 2543 curatio
508 2509 626 2553 populi
646 2510 793 2553 yentilis,
818 2510 902 2553 quod
919 2510 1076 2553 colligitur
1099 2520 1141 2544 ex

13 2476 121 2503 Expositio
131 2481 163 2497 se-

26 2502 118 2524 eundum
134 2502 164 2523 al-

26 2529 136 2555 leget-inm.

250 2728 259 2743 ¹
282 2730 354 2755 Vers.
374 2729 417 2755 45.

250 2771 260 2787 ²
280 2773 373 2798 Homil.
402 2774 445 2799 22.
474 2774 499 2798 in
519 2774 605 2799 Mattli.
627 2770 697 2805 (Ops
714 2774 878 2806 imperfect).
900 2775 959 2800 Post
982 2774 1102 2801 rusticus
1121 2775 1141 2800 A

179 2817 261 2843 CDll
281 2818 382 2844 addunt
401 2817 430 2843 in
445 2824 549 2851 parvo,
569 2818 642 2850 quod
661 2818 685 2843 in
707 2821 776 2844 textu
795 2819 915 2850 originali
941 2826 992 2844 non
1017 2819 1141 2851 habetur,

179 2862 224 2895 qui
244 2866 332 2887 tumen
351 2862 426 2894 plura
446 2862 495 2887 ntia
515 2862 654 2887 interserit.

251 2904 261 2919 ⁸
280 2906 369 2931 Glossa
390 2905 532 2932 ordinaria
552 2906 576 2931 in
591 2906 653 2931 Luc.
673 2906 704 2937 7,
724 2907 753 2931 9:
777 2916 788 2930 ιι
803 2907 886 2933 Etiam
901 2907 925 2932 in
939 2907 989 2933 isto
1009 2914 1062 2933 uno
1075 2907 1141 2933 fides

180 2950 297 2982 gentium
317 2951 462 2982 praefertur
481 2950 566 2975 israeli
579 2960 604 2975 n.
625 2950 707 2982 Beda,
727 2951 752 2976 in
773 2951 887 2977 eundem
911 2951 1012 2977 locum:
1033 2952 1087 2977 Non
1108 2952 1142 2977 de

180 2993 303 3020 omnibus
323 2997 391 3019 retro
411 2994 566 3020 Patriarcliis
584 2997 610 3020 et
629 2995 779 3026 Prophetis,
798 2995 845 3021 sed
865 2996 898 3021 de
917 2996 1063 3027 praesentis
1081 2996 1142 3022 aevi

181 3038 296 3071 loquitur
321 3037 481 3063 horninibus.
500 3037 602 3071 Quibus
628 3038 686 3064 ideo
709 3039 869 3065 centurionis
893 3039 959 3065 sides
986 3041 1140 3072 antefertur,

181 3082 243 3115 quia
262 3082 296 3107 illi
316 3082 398 3113 Legis
412 3083 655 3115 Prophetarumque
678 3082 781 3108 monitis
800 3082 900 3113 edocti,
920 3083 962 3108 hic
980 3088 1084 3114 antem,
1098 3090 1141 3109 ne-

182 3126 252 3151 mine
270 3126 393 3156 docente,
413 3129 508 3158 sponte
524 3127 643 3152 credidit.

251 3168 394 3201 *irrugata
422 3172 448 3195 et
476 3170 497 3195 H
526 3170 627 3196 addunt
655 3169 775 3197 domum.
803 3184 838 3190 —
867 3170 984 3197 Subinde
1015 3171 1142 3203 allegatur

184 3214 271 3240 Matth.
290 3214 317 3246 8,
339 3214 380 3239 13.

254 3256 264 3271 ⁶
284 3257 352 3283 Libr.
371 3258 398 3283 ll.
413 3257 438 3282 in
452 3258 515 3283 Luc.
527 3258 557 3288 7,
581 3258 620 3287 l,0.
634 3258 700 3284 Vide
714 3259 832 3285 Glossam
849 3258 1022 3285 ordinariam
1041 3259 1066 3284 in
1080 3266 1141 3285 eun-

183 3301 244 3326 dem
266 3301 362 3327 locum.

254 3343 266 3358 ⁰
285 3345 377 3370 psalm.
402 3344 463 3375 147,
484 3345 525 3370 15.
540 3344 602 3377 (vel.
621 3345 667 3378 4.).
685 3359 720 3365 -
739 3346 862 3379 Sequitur
882 3347 958 3371 Rom.
978 3346 1025 3377 40,
1046 3346 1088 3371 10.
1107 3359 1142 3365 -

292 3396 321 3423 S.
336 3397 438 3423 Bonav.
449 3411 485 3416 —
498 3398 572 3423 Tom.
587 3398 639 3424 Vll.

2098 192 2159 224 169

1199 286 1346 318 persona
1369 282 1560 319 aeyrotartte
1583 283 1614 310 et
1637 287 1679 311 ex
1700 289 1845 321 persona
1877 280 2105 312 interveniente
2132 284 2163 313 et

1203 339 1244 363 ex
1268 330 1455 363 curationis
1478 331 1602 363 ordine.
1632 351 1675 363 .-
1703 332 1854 365 Persona
1878 342 2014 374 namque
2049 343 2164 376 aegyro-

1204 387 1280 416 tans
1303 386 1371 416 erat
1394 383 1517 416 servilis
1540 383 1742 423 conditionis;
1768 385 1811 417 sic
1834 388 1866 418 et
1882 386 2018 427 populus
2041 386 2164 428 gentilis

1202 440 1274 469 ante
1296 436 1466 469 adventum
1491 436 1622 476 Christi,
1646 438 1721 479 quia
1737 438 1893 470 serviebat
1916 443 2100 480 peccato—
2116 448 2163 472 se-

1202 490 1342 523 cundum
1367 490 1445 523 illud
1462 491 1583 523 Ioannis
1606 491 1759 524 octavo82
1790 505 1804 520 α
1821 492 1879 533 Qui
1906 492 1977 525 facit
2001 496 2162 534 peccatum

1202 552 1314 576 servus
1338 546 1385 576 est
1408 544 1575 585 peccati»,
1599 547 1630 576 et
1654 544 1733 576 ratio
1758 544 1854 577 huius
1869 545 1986 577 dicitur
2010 546 2164 578 secundae

1203 596 1283 629 Petri
1308 596 1463 629 secundo:
1487 610 1502 626 α
1518 598 1540 629 Α
1565 606 1628 639 quo
1652 597 1723 639 quis
1754 601 1923 639 superatus
1947 602 2010 637 est,
2035 599 2103 631 eius
2135 603 2166 632 et

1203 659 1315 683 servus
1338 654 1417 683 est»
1441 670 1480 673 —
1498 654 1529 683 et
1552 654 1682 692 propter
1706 654 1868 692 peccatum
1899 652 2075 692 specialiter
2101 651 2164 685 ido-

1202 703 1361 742 lolatriae,
1386 706 1516 745 propter
1540 702 1624 745 quod
1656 707 1746 736 erant
1770 704 1851 736 servi
1884 704 2082 737 infirmarum
2116 714 2164 738 re-

1203 765 1293 795 rum;
1317 756 1355 789 ad
1379 756 1502 789 Galatas
1525 756 1682 798 quarto¹³:
1712 769 1727 784 α
1745 756 1822 789 Cum
1848 765 1990 790 essemus
2022 759 2164 799 parvuli,

1203 810 1263 842 sub
1286 810 1448 843 elementis
1479 809 1588 842 mundi
1611 818 1738 843 eramus
1770 809 1942 842 servientes
1959 822 1994 849 »;
2019 815 2050 843 et
2074 816 2163 853 post:

1208 876 1223 891 α
1240 862 1402 904 Quomodo
1427 862 1619 895 revertimini
1636 862 1675 894 ad
1692 862 1817 895 infirma
1841 866 1871 895 et
1888 871 1986 905 egena
2002 864 2164 904 elementa,

1203 916 1320 958 quibus
1342 915 1447 949 denuo
1471 915 1590 948 servire
1614 915 1710 948 vultis
1734 919 1774 947 »2³
1798 915 1836 948 ad
1859 915 1982 949 Galatas
2014 917 2165 959 loquitur,

1203 970 1257 1013 qui
1281 969 1407 1002 fuerant
1429 969 1569 1012 gentiles.
1599 988 1642 994 —
1671 969 1716 1001 Ex
1737 978 1884 1012 persona
1917 970 2164 1011 interveniente,

1203 1022 1256 1064 qui
1281 1022 1412 1055 suerunt
1434 1022 1573 1055 seniores
1590 1022 1792 1061 ludaeorum,
1813 1031 1869 1064 per
1886 1032 1966 1065 quos
1987 1023 2164 1066 intelligun-

1203 1079 1257 1108 tur
1281 1076 1431 1118 Apostoli,
1456 1075 1628 1109 secundum
1654 1075 1731 1108 illud
1748 1076 1842 1109 lsaiae
1859 1077 1951 1109 tertio
1969 1077 2008 1109 ¹⁰:
2031 1078 2165 1110 «Domi-

1203 1138 1264 1162 nus
1279 1129 1318 1162 ad
1335 1129 1485 1162 iudicium
1502 1129 1606 1162 veniet
1628 1138 1700 1162 cum
1719 1129 1895 1162 senioribus
1913 1133 2015 1163 terrae
2032 1134 2063 1163 et
2079 1131 2177 1173 prin-·

1203 1181 1326 1224 cipibus
1359 1183 1511 1225 populi».
1536 1182 1587 1215 lsti
1623 1186 1697 1215 sunt
1720 1182 1874 1224 Apostoli,
1898 1183 2015 1225 quihus
2048 1184 2164 1217 dicitur

1203 1235 1347 1268 Matthaei
1373 1235 1495 1268 decimo
1519 1244 1618 1267 nono:
1648 1248 1663 1264 α
1681 1235 1833 1269 Sedebitis
1856 1239 1887 1269 et
1911 1245 1966 1269 vos
1990 1246 2086 1279 super
2117 1246 2164 1270 se—

1203 1287 1258 1320 des
1273 1280 1437 1320 duodecim
1448 1313 1456 1327 ‚
1473 1287 1646 1320 iudicantes
1661 1288 1825 1322 duodecim
1843 1289 1945 1322 tribus
1963 1289 2084 1323 lsrael»
2105 1296 2162 1324 etc.

1204 1341 1320 1373 Horum
1339 1341 1567 1374 interventione
1590 1341 1714 1383 gentilis
1729 1342 1865 1384 populus
1881 1346 1929 1376 est
1948 1348 2092 1382 curatus,
2117 1353 2164 1377 se-

1203 1393 1342 1426 cundum
1360 1393 1437 1426 illud
1454 1394 1598 1427 Matthaei
1624 1394 1736 1428 ultimo
1750 1396 1791 1427 ¹¹:
1821 1408 1836 1423 α
1854 1395 1911 1434 lte,
1928 1395 2036 1429 docete
2057 1406 2164 1430 omnes

1204 1449 1312 1489 gentes
1329 1459 1360 1486 »;
1384 1450 1415 1480 et
1435 1455 1492 1489 per
1516 1447 1576 1480 hoc
1592 1448 1733 1481 conversi
1759 1451 1834 1481 sunt
1848 1448 1886 1481 ad
1911 1449 2017 1482 lumen
2034 1449 2163 1489 Christi,

1204 1508 1261 1541 per
1289 1499 1373 1541 quod
1398 1499 1565 1532 illuminati
1588 1503 1620 1533 et
1643 1500 1752 1533 salvati
1777 1504 1865 1540 sunt,
1890 1501 2062 1534 secundum
2088 1502 2164 1535 illud

1205 1545 1299 1585 Isaiae
1323 1552 1563 1595 quadragesimo
1587 1562 1687 1586 nono:
1717 1567 1733 1583 (ι
1749 1554 1862 1587 Parum
1879 1558 1941 1593 est,
1967 1559 2002 1587 ut
2026 1555 2068 1588 sis
2088 1555 2163 1588 mihi

1204 1614 1317 1639 servus
1340 1605 1379 1638 ad
1411 1605 1607 1639 suscitandas
1638 1606 1741 1640 tribus
1773 1607 1862 1640 Iacob
1893 1610 1924 1640 et
1947 1607 2048 1641 faeces
2072 1609 2164 1641 lsrael

1205 1659 1450 1699 convertendas;
1482 1659 1552 1693 dedi
1577 1663 1608 1693 te
1639 1661 1671 1693 in
1695 1661 1797 1694 lucem
1822 1660 1963 1703 gentium
1988 1674 2019 1693 n.
2048 1680 2092 1685 —-
2121 1662 2163 1694 Ex

1204 1713 1392 1745 curationis
1426 1713 1557 1752 ordine,
1593 1713 1669 1756 quia
1703 1723 1760 1756 per
1795 1714 1864 1747 fidei
1901 1715 2165 1757 magnitudinem,

1204 1776 1286 1809 quae
1310 1766 1490 1808 praefertur
1513 1766 1585 1800 fidei
1611 1767 1811 1805 lsraeliticae;
1836 1767 1874 1800 ad
1899 1768 2052 1801 Romanos
2070 1768 2167 1801 unde-

1204 1819 1285 1852 cimo
1299 1819 1343 1851 1²³.-
1373 1832 1389 1848 a
1406 1819 1451 1851 Ex
1469 1823 1559 1861 parte
1575 1820 1708 1854 caecitas
1731 1821 1860 1863 contigit
1880 1821 1911 1854 in
1936 1822 2045 1860 Israel,
2069 1822 2165 1855 donec

1205 1872 1366 1915 plenitudo
1390 1873 1532 1915 gentium
1556 1873 1708 1912 intraret,
1733 1877 1764 1906 et
1787 1874 1832 1907 sic
1855 1875 1957 1907 omnis
1990 1875 2083 1908 Israel
2108 1875 2166 1908 sal-

1206 1934 1264 1959 vus
1288 1926 1379 1958 fieret
1402 1938 1436 1965 »3
1462 1926 1595 1959 Actuum
1626 1926 1747 1960 decimo
1771 1927 1898 1970 quinto:
1929 1941 1944 1957 α
1963 1928 2059 1970 Elegit
2084 1929 2166 1961 Deus

1205 1988 1261 2021 per
1285 1989 1320 2012 os
1352 1988 1473 2019 meum,
1496 1980 1571 2013 dicit
1603 1980 1726 2019 Petrus,
1751 1985 1859 2023 gentes
1889 1981 2000 2014 audire
2032 1981 2164 2014 verbum

1205 2033 1362 2076 Evangelii
1386 2037 1417 2066 et
1440 2033 1569 2067 credere
1586 2045 1621 2072 »;
1651 2046 1667 2062 «ι
1683 2036 1714 2066 et
1737 2033 1815 2066 nihil
1838 2033 1987 2067 discrevit
2003 2034 2084 2067 inter
2109 2043 2165 2071 nos

1204 2090 1235 2119 et
1260 2086 1345 2125 illos,
1370 2086 1431 2119 fide
1462 2086 1634 2128 purificans
1665 2086 1760 2119 corda
1790 2095 1901 2120 eorum
1924 2099 1959 2125 »3
1984 2086 2022 2119 ad
2055 2087 2164 2119 Roma-

1205 2148 1262 2172 nos
1282 2139 1420 2172 decimo:
1449 2152 1466 2167 α
1482 2139 1548 2172 Non
1572 2143 1619 2173 est
1641 2139 1798 2173 distinctio
1823 2140 1925 2173 Iudaei
1949 2144 1981 2173 et
2003 2140 2110 2173 Graeci
2129 2153 2163 2179 »;

1210 2205 1226 2221 α
1241 2192 1343 2224 omnis
1358 2192 1441 2225 enim
1451 2218 1458 2230 ,
1475 2192 1669 2235 quicumque
1685 2193 1877 2226 invocaverit
1892 2202 2005 2227 nomen
2027 2193 2164 2232 Domini,

1205 2245 1311 2278 salvus
1335 2245 1442 2277 erit».

1297 2298 1346 2329 18.
1373 2297 1603 2339 Spiritaaliter
1625 2301 1731 2331 autem
1748 2298 1921 2331 secundum
1947 2299 2165 2342 tropoloyiam

1204 2350 1387 2392 designatur
1419 2350 1469 2383 hic
1505 2350 1638 2383 curatio
1669 2350 1738 2383 viri
1764 2352 1962 2393 peccatoris,
1998 2351 2037 2384 ad
2068 2361 2163 2394 quam

1205 2404 1266 2436 tria
1297 2407 1508 2443 concurrunt,
1533 2404 1615 2437 sicut
1646 2404 1706 2437 hic.
1740 2404 1879 2437 Primum
1912 2409 1959 2438 est
1987 2406 2165 2448 recoynitio

1206 2457 1414 2499 infirmitatis
1447 2457 1623 2500 propriae,
1660 2457 1735 2500 quia
1766 2458 1868 2500 primo
1903 2458 2097 2501 requiritur,
2130 2463 2166 2491 ut

1206 2511 1302 2543 homo
1318 2514 1484 2553 cognoscat
1507 2511 1676 2551 delictum;
1693 2511 1732 2544 ad
1748 2511 1832 2554 quod
1850 2512 1995 2544 hortatur
2021 2512 2166 2544 ieremiae

1206 2732 1255 2757 Pro
1275 2731 1453 2764 propositione
1472 2737 1526 2756 non
1539 2729 1623 2763 refert
1642 2729 1668 2763 [i.
1689 2736 1711 2755 e.
1726 2737 1778 2755 non
1797 2728 1896 2763 differt]
1909 2729 1985 2762 apud
1997 2737 2057 2755 eum
2079 2730 2166 2756 dicere

1206 2776 1230 2800 et
1249 2775 1332 2800 facere
1352 2776 1378 2800 S.
1398 2775 1509 2804 Bonav.,
1531 2774 1545 2798 Ι.
1566 2775 1638 2799 Sent.
1657 2773 1682 2799 d.
1702 2773 1745 2799 27.
1768 2780 1794 2805 p.
1815 2774 1839 2798 tl.
1860 2780 1885 2805 q.
1907 2774 1931 2798 2.
1953 2773 2069 2799 fundam.
2094 2774 2114 2804 l,
2135 2774 2167 2799 al-

1205 2818 1274 2850 legat
1293 2819 1332 2844 Ps.
1352 2818 1401 2849 32,
1421 2819 1450 2843 9:
1471 2817 1560 2849 Dtm’t,
1580 2819 1606 2843 et
1623 2817 1696 2851 [licta
1714 2819 1787 2844 sunl.

1276 2860 1286 2876 ⁷
1307 2862 1381 2888 Vers.
1402 2863 1449 2893 22,
1469 2861 1513 2887 ubi
1534 2861 1645 2888 habetur
1663 2862 1751 2894 quoad
1766 2869 1887 2891 sensum,
1909 2861 1997 2894 quoad
2018 2861 2098 2886 verba
2119 2862 2166 2886 rsr.

1206 2907 1282 2932 Marc.
1306 2907 1331 2941 ll
1345 2926 1351 2937 ,
1371 2906 1413 2931 24.
1435 2906 1501 2931 Vide
1520 2905 1656 2936 Ambros.,
1676 2906 1707 2931 V.
1728 2906 1753 2930 in
1773 2907 1834 2931 Luc.
1854 2913 1880 2931 n.
1901 2906 1942 2930 88.

1276 2949 1287 2964 ⁸
1307 2951 1381 2976 Vers.
1402 2950 1448 2980 34,
1473 2952 1532 2982 post
1556 2956 1636 2982 quem
1663 2950 1690 2975 tt.
1716 2950 1783 2975 Petr.
1810 2951 1838 2981 2,
1864 2951 1901 2975 19.
1922 2964 1956 2968 -
1976 2950 2024 2975 Ριό
2050 2951 2074 2976 el
2094 2949 2166 2976 ratio

1205 2993 1287 3020 huius
1306 2993 1404 3020 dicitur
1424 2995 1443 3020 A
1455 2993 1473 3019 C
1486 2994 1536 3019 DG
1555 2995 1581 3019 et
1598 2992 1656 3019 ideo
1675 2993 1746 3020 ratio
1766 2993 1847 3019 huius
1867 2995 1918 3024 est,
1942 2993 2013 3027 qnia.

1276 3036 1288 3051 ⁹
1310 3039 1382 3063 Vers.
1402 3038 1427 3063 3.
1447 3040 1472 3063 et
1491 3038 1521 3068 9,
1548 3036 1593 3062 ubi
1617 3044 1664 3069 pro
1690 3037 1858 3063 revertimini
1881 3038 1990 3069 Vulgata
2016 3042 2041 3063 et
2067 3039 2086 3063 Η
2107 3044 2166 3063 con-

1205 3081 1343 3108 vertimini
1359 3081 1468 3107 ilerum.

1277 3123 1299 3139 ¹⁰
1321 3126 1394 3151 Vers.
1414 3125 1456 3151 14.
1475 3139 1510 3145 -
1529 3125 1653 3157 Sequitur
1672 3125 1759 3151 Matth.
1780 3125 1825 3156 19,
1846 3125 1889 3150 28.

1277 3168 1298 3183 ¹¹
1320 3169 1396 3195 Vers.
1416 3170 1457 3194 19.
1478 3183 1513 3188 -
1535 3168 1652 3194 Subinde
1671 3169 1798 3200 allegatur
1818 3169 1872 3194 lsai.
1895 3168 1941 3199 49,
1961 3169 1986 3194 6.
2005 3182 2040 3187 -
2060 3169 2166 3194 Inferius

1205 3217 1265 3246 post
1283 3215 1307 3240 el
1322 3220 1373 3246 per
1394 3213 1449 3238 Vat„
1476 3213 1644 3245 prosequitur
1662 3212 1710 3239 hos
1730 3212 1777 3247 [ita
1797 3216 1822 3238 et
1843 3212 1876 3246 Η]
1897 3212 2021 3238 conversi
2043 3214 2108 3239 sunt
2130 3211 2167 3238 ad

1204 3257 1285 3292 fidem
1304 3256 1417 3289 Christi,
1434 3264 1485 3290 per
1503 3263 1582 3290 quem
1601 3255 1698 3290 [ACD
1717 3256 1799 3290 quos]
1819 3256 1968 3282 illuminati
1984 3260 2033 3282 etc.

1277 3299 1299 3315 ¹⁹
1320 3301 1393 3326 Vers.
1415 3301 1456 3326 25.
1477 3304 1502 3326 et
1521 3301 1568 3331 26,
1589 3304 1648 3332 post
1660 3307 1728 3333 quos
1741 3302 1795 3326 Act.
1820 3300 1864 3332 15,
1884 3300 1910 3325 7.
1929 3304 1954 3325 et
1973 3301 2003 3332 9;
2023 3301 2098 3326 Rom.
2121 3301 2164 3330 t0,

1208 3346 1250 3371 12.
1270 3348 1296 3370 et
1316 3345 1358 3370 13.

2025 3397 2058 3421 ‘22

2185 339 2246 360 Ratio
2261 339 2280 360 1.

2186 974 2247 996 Ratio
2263 974 2281 994 Ξ,

2187 1665 2248 1686 Ratio
2263 1665 2283 1686 3.

2181 2302 2288 2329 Expositi«,
2298 2308 2330 2323 te-

2186 2328 2278 2349 eundum
2289 2331 2330 2349 tro-

2186 2355 2298 2382 potogiam.

2185 2408 2283 2430 conditio
2298 2408 2317 2428 t.
