2476 3921
2 350 29 372 ut
36 347 150 375 triumplia-

53 377 94 397 tor.

18 829 97 855 Tertio,
112 829 139 860 de

25 862 132 885 praeconii

27 886 132 913 tempera-

9 911 80 933 mento
94 911 143 931 tria.

44 1360 146 1382 Primum.

4 1840 73 1868 Quare
87 1845 149 1867 prae-

5 1867 100 1888 mittatur
111 1867 147 1889 be-

6 1893 108 1915 nedictio.

24 1999 72 2021 Alia
86 1999 148 2021 ratio.

69 2159 148 2181 Tertia.

20 2424 149 2447 secundum.

763 248 956 280 COMMENT.
982 247 1018 279 ΙΝ
1043 246 1280 280 EVANGELIUM
1306 248 1422 280 LUCAE
1446 249 1477 280 C.
1504 249 1535 281 ll.

164 340 245 373 sacta
267 342 315 372 est
338 337 467 372 scientia
492 340 546 370 tua
562 346 604 370 ex
620 346 670 369 me
687 350 718 368 ».
736 354 778 360 —-
796 335 992 368 Admirabilis
1008 344 1120 368 secun-

163 393 238 426 dum
263 391 348 435 quod
372 389 598 433 triumphator
621 390 652 422 in
670 389 822 431 potentia,
847 388 1021 421 secundum
1045 388 1122 420 illud

163 445 296 479 Psalmi:
333 458 349 474 <x
371 444 520 477 Mirabilis
554 444 585 476 in
620 443 692 476 altis
723 443 874 475 Dominus
899 454 929 480 »;
959 445 990 474 et
1025 441 1122 474 Exodi

161 498 283 532 decimo
306 497 434 540 quinto:
465 496 573 538 «Quis
596 496 706 528 similis
742 495 787 528 tui
823 495 854 527 in
885 495 1037 533 sortium,
1063 494 1123 526 Do-

163 552 266 585 mine?
289 551 366 592 Quis
382 550 492 583 similis
514 549 579 588 tui,
603 548 788 590 magnificus
813 548 843 580 in
861 547 1041 586 sanctitate,
1059 550 1122 579 ter-

163 605 263 638 ribilis
297 607 392 646 atque
427 601 609 640 laudabilis,
641 601 757 634 faciens
789 600 944 633 mirabilia
960 603 996 631 »5²
1019 618 1063 622 —
1087 599 1123 631 Et

163 657 232 691 ideo
256 666 318 690 non
349 659 396 689 est
427 655 562 694 mirum,
588 655 613 688 si
645 657 735 697 pater
770 654 932 696 putativus
966 656 997 685 et
1021 656 1123 685 mater

156 722 238 747 'vera
262 711 459 744 mirabantur
483 717 579 750 super
603 707 653 740 his
676 716 757 750 quae
780 707 975 740 dicebantur.

253 766 305 797 75.
333 765 372 797 Et
395 761 556 796 benedixit
579 760 645 794 illis
670 760 800 793 Simeon
824 762 882 793 etc.
918 760 989 792 Post
1012 759 1122 792 testifi-

162 819 262 852 cantis
285 817 433 850 meritum
457 820 488 849 et
512 814 737 848 testificationis
760 813 963 855 praeconium
992 812 1124 846 subiun-

162 872 247 915 gitur
270 871 322 903 bic
345 869 438 902 tertio
451 867 626 911 praeconii
641 870 933 909 temperamentum
955 866 1125 899 humilians

163 925 202 958 ad
225 922 495 966 compatiendum,
519 920 603 954 unde
627 921 657 952 in
682 919 897 961 compassione
921 919 1126 958 terminatum

164 978 304 1011 Psalmus
319 978 346 1008 1:
376 989 392 1004 «
409 975 488 1017 Quia
511 974 594 1007 calix
619 974 649 1006 in
674 982 770 1006 manu
794 973 916 1005 Domini
946 973 1008 1005 vini
1046 972 1124 1005 meri

164 1031 277 1074 plenus
292 1030 384 1062 misto
397 1041 428 1068 »;
453 1028 522 1061 ideo
538 1031 608 1070 post
623 1027 740 1060 Christi
763 1026 946 1069 dignitatem
962 1026 1126 1069 subiungit

164 1083 388 1117 infirmitatem.
429 1082 461 1114 ln
503 1082 561 1113 hoc
597 1083 703 1113 autem
740 1083 988 1122 temperamento
1023 1079 1126 1121 primo

164 1136 378 1179 praemittitur
417 1133 630 1177 propheticae
674 1133 905 1166 benedictionis
942 1132 1102 1165 solatium
1115 1145 1126 1171 ;

164 1189 275 1222 deinde
298 1189 424 1221 additur
441 1187 627 1220 dominicae
641 1186 811 1229 passionis
826 1186 1044 1229 mysterium;
1061 1190 1124 1218 ter-

165 1243 208 1275 tio
231 1242 435 1284 subiungitur
458 1245 630 1274 maternae
652 1239 893 1282 compassionis
908 1239 1125 1282 martyrium.

256 1296 307 1327 76.
333 1295 434 1335 (Vers.
461 1294 538 1335 34).
563 1294 723 1335 Quantum
747 1293 786 1325 ad
816 1292 974 1325 solatium
1000 1292 1127 1325 bencdi-

165 1349 283 1382 ctionis
303 1347 514 1391 propheticae
546 1346 778 1389 praemittitur:
804 1347 844 1378 Et
875 1346 1037 1378 benedixit
1061 1346 1127 1379 iltis

167 1402 315 1440 Simeon,
340 1401 370 1433 id
394 1403 458 1439 est,
482 1400 661 1432 benedictos
686 1399 876 1441 praedicavit
899 1399 1037 1438 Mariam,
1054 1399 1129 1441 quia

166 1455 325 1497 concepit,
349 1457 379 1487 et
403 1454 530 1495 loseph,
555 1453 630 1495 quia
653 1452 814 1491 educavit;
840 1452 923 1485 unde
940 1455 1063 1494 poterat
1083 1452 1128 1485 eis

165 1507 269 1541 dicere
293 1507 370 1540 illud
394 1506 577 1540 Davidicum
593 1507 622 1538 ²:
646 1519 661 1534 α
675 1506 829 1538 Benedicti
847 1514 903 1538 vos
919 1515 937 1537 a
952 1505 1085 1538 Domino
1097 1519 1127 1537 ».

167 1561 398 1595 Benedicuntur
422 1560 506 1594 enim
531 1562 676 1602 parentes
700 1559 730 1591 in
756 1559 820 1591 tilio
844 1563 875 1591 et
900 1568 957 1600 pro
981 1558 1060 1597 tilio,
1085 1568 1130 1592 se-

166 1612 305 1648 cundum
329 1614 432 1657 quod,
464 1614 557 1656 primi
590 1614 708 1656 Regum
745 1613 901 1652 secundo,
936 1606 1130 1646 &benedixit

167 1669 211 1702 Eli
236 1669 365 1702 Elcanae
396 1671 428 1701 et
461 1667 556 1701 uxori
588 1667 657 1700 eius
674 1681 704 1706 υ,
729 1666 846 1699 scilicet
878 1675 937 1708 pro
968 1666 1130 1705 Samuele,

167 1723 284 1766 optimo
308 1731 417 1765 puero.

256 1777 350 1815 Nota,
374 1775 458 1818 quod
482 1774 696 1817 praemittitur
721 1774 771 1807 hic
795 1774 970 1807 benedictio
994 1778 1060 1806 tum
1091 1773 1127 1806 ad

167 1829 440 1867 consolationem,
454 1832 521 1861 tum
534 1827 571 1860 ad
586 1826 878 1870 confortationem,
896 1831 964 1859 tum
981 1827 1075 1859 etiam
1091 1826 1130 1858 ad

168 1883 496 1920 commendationem,
521 1890 560 1914 ne
583 1881 686 1923 passio
710 1880 916 1922 praedicenda
940 1879 1065 1919 turbet,
1090 1888 1129 1912 ne

169 1940 304 1975 terreat,
329 1945 368 1968 ne
391 1935 540 1968 credatur
575 1934 667 1976 culpa
702 1933 923 1976 proximorum
961 1937 1128 1975 parentum

168 1999 236 2023 esse
260 1989 291 2022 in
315 1997 418 2022 causa.
437 2007 477 2011 -—
496 1987 551 2021 Vel
575 1987 644 2020 ideo
667 1987 846 2026 benedixit,
870 1990 906 2019 ut
929 1986 1129 2029 significaret,

168 2042 252 2085 quod
277 2042 308 2075 in
332 2042 385 2074 illo
409 2041 555 2084 impletae
571 2044 646 2074 sunt
669 2041 900 2074 benedictiones
916 2041 1059 2079 Patrum;
1077 2040 1130 2073 Ge-

168 2096 252 2129 nesis
287 2095 437 2138 vigesimo
472 2094 653 2128 secundo-³:
691 2094 913 2127 «Benedicens
948 2093 1129 2126 benedicam

168 2150 253 2183 tibi»
282 2153 340 2183 etc.
366 2168 408 2173 —
433 2149 486 2182 Vel
512 2148 595 2188 ideo,
624 2151 661 2181 ut
693 2148 847 2187 insinuet,
873 2156 928 2190 per
952 2147 1128 2189 passionem

168 2203 282 2237 Christi
307 2212 364 2236 nos
387 2203 426 2236 ab
450 2202 534 2235 omni
557 2201 774 2235 maledictione
798 2201 963 2240 liberatos;
981 2200 1019 2233 ad
1042 2200 1132 2233 Gala-

169 2261 217 2291 tas
240 2257 351 2290 tertio:
381 2270 397 2285 «
413 2256 558 2289 Christus
581 2264 638 2288 nos
670 2255 803 2288 redemit
826 2254 864 2287 de
888 2254 1053 2287 maledicto
1077 2254 1132 2286 Le-

169 2311 234 2353 gis,
259 2310 359 2342 sactus
383 2318 441 2351 pro
465 2308 554 2341 nobis
577 2307 778 2341 maledictum
797 2321 828 2339 ».

260 2365 311 2395 77.
325 2364 484 2404 Quantum
498 2362 536 2394 ad
550 2361 747 2405 mysterium
763 2360 950 2393 dominicae
961 2360 1133 2402 passionis

169 2416 312 2450 additur:
339 2417 379 2448 Et
400 2415 487 2448 diaez'c
502 2415 548 2447 ad
564 2414 729 2453 Mariam,
753 2419 894 2447 matrem
918 2414 1009 2446 ez‘ns:
1035 2414 1131 2452 Ecce,

167 2469 298 2512 positus
332 2472 378 2501 est
413 2467 466 2501 liic
498 2468 549 2501 in.
565 2468 704 2500 ruinam
732 2472 761 2499 et
792 2467 828 2499 in
856 2466 1131 2499 resurrectionem.

2104 253 2140 284 61

1186 335 1368 368 multorum
1393 337 1428 368 in
1453 337 1577 374 lsraet;
1602 341 1632 369 et
1662 338 1718 370 lioc
1743 338 1848 370 divino
1873 339 2004 377 iudicio3
2028 340 2148 372 loannis

1187 397 1269 422 nono
1282 389 1313 420 ⁴:
1343 402 1358 416 α
1377 389 1408 421 ln
1434 389 1585 422 iudicium
1610 399 1667 432 ego
1685 391 1752 423 veni
1772 391 1802 423 in
1821 392 1905 424 hunc
1923 392 2094 429 mundum,
2113 398 2145 425 nt

1187 441 1241 483 qui
1266 451 1327 474 non
1352 442 1457 474 vident
1490 443 1631 481 videant,
1656 446 1687 475 et
1710 444 1763 485 qui
1789 444 1895 476 vident
1918 445 1999 478 caeci
2026 444 2100 477 flant
2118 458 2147 478 »z

1187 498 1218 527 et
1242 494 1336 527 Isaiae
1359 499 1483 527 octavo:
1513 508 1528 523 <c
1546 495 1611 527 Erit
1636 496 1723 528 vobis
1748 497 1898 529 Dominus
1923 498 1952 529 in
1978 499 2149 531 sanctitica-

1187 547 1320 585 tionem;
1346 547 1375 579 in
1402 547 1533 589 lapidem
1558 552 1662 581 autem
1692 549 1871 582 offensionis
1903 554 1934 582 et
1967 551 1995 582 in
2027 555 2146 592 peti-am

1187 600 1323 633 scandali
1355 600 1478 633 duabus
1506 601 1653 634 domibus
1679 602 1790 641 lsrael,
1816 603 1845 634 in
1877 603 2022 645 laqueum
2056 608 2086 635 et
2119 604 2147 635 in

1187 654 1312 687 ruinam
1337 654 1552 687 habitantibus
1576 655 1742 688 ierusalem
1757 670 1786 687 ».
1813 656 1848 687 Et
1872 656 1939 688 ideo
1963 657 2077 688 dicitur
2092 667 2149 698 po-

1187 707 1289 745 sitas,
1313 706 1430 739 scilicet
1454 706 1559 748 divino
1583 707 1715 747 iudicio;
1741 709 1860 750 primae
1879 710 1957 741 l’etri
1976 709 2148 741 Secundo⁵:

1193 772 1209 788 α
1226 760 1320 792 Vobis
1358 760 1458 792 honor
1493 760 1712 800 credentibus,
1753 770 1814 793 non
1855 762 2055 794 credentibus
2095 772 2150 794 au-

1188 817 1250 846 tem
1287 813 1386 855 lapis,
1423 823 1516 856 quem
1554 815 1808 856 reprobaverunt
1842 815 2063 853 aedificantes,
2101 816 2149 848 liic

1189 866 1291 899 sactus
1321 870 1367 899 est
1405 867 1483 908 lapis
1514 867 1693 900 offensionis
1732 871 1763 900 et
1799 872 1887 909 petra
1923 869 2057 900 scandali
2104 869 2151 901 liis·

1189 920 1245 962 qui
1279 920 1442 952 offendunt
1475 920 1572 953 verbo
1589 933 1619 959 »;
1644 925 1675 954 et
1700 921 1758 954 hoc
1790 930 1847 964 pro
1883 922 1974 963 culpa
1999 922 2149 963 ipsorum.

1190 974 1350 1007 Secundae
1374 974 1413 1006 ad
1445 974 1623 1006 Corinthios
1659 974 1796 1007 secundo
1827 975 1928 1007 simile
1963 975 2078 1007 dicitur
2113 975 2150 1007 de

1190 1027 1365 1069 Apostolis:
1396 1040 1411 1055 «
1432 1027 1546 1060 Christi
1580 1028 1682 1060 bonus
1716 1028 1793 1060 odor
1825 1038 1935 1061 sumus
1967 1029 2047 1066 Deo,
2084 1029 2152 1061 :iliis

1191 1080 1318 1123 quidem
1354 1081 1432 1113 odor
1467 1081 1577 1113 mortis
1602 1081 1631 1113 in
1668 1085 1819 1120 mortem,
1844 1081 1912 1114 aliis
1946 1086 2050 1114 autem
2075 1082 2151 1113 odor

1192 1135 1272 1167 vitae
1297 1134 1327 1166 in
1359 1134 1502 1166 vitam».
1535 1153 1579 1158 —
1611 1135 1646 1166 Et
1678 1135 1757 1167 ratio
1790 1135 1886 1167 liuius
1917 1139 1963 1167 est
1995 1135 2151 1167 contradi-

1191 1188 1253 1221 ctio
1276 1187 1412 1226 erroris;
1438 1191 1567 1229 propter
1592 1188 1675 1230 quod
1701 1188 1840 1220 additur:
1871 1189 1909 1220 Et
1938 1189 1972 1220 in
1997 1189 2150 1231 siqnnm,

1192 1242 1249 1274 cui
1278 1241 1545 1278 contradicetnr;
1578 1241 1776 1274 Threnorum
1812 1242 1943 1274 tei-150⁶:
1979 1242 2150 1276 «Tetendit

1192 1304 1302 1328 arcum
1326 1304 1419 1328 suum
1445 1299 1475 1327 et
1500 1295 1604 1336 posuit
1628 1304 1678 1327 me
1710 1296 1798 1337 quasi
1833 1295 1955 1337 signum
1988 1295 2026 1327 ad
2058 1296 2151 1336 sagit-

1192 1352 1254 1381 tam
1272 1360 1303 1387 »;
1329 1349 1387 1380 hoc
1422 1348 1538 1380 dicitur
1574 1351 1701 1389 propter
1737 1348 2000 1386 contradicentes;
2033 1349 2070 1380 ad
2096 1348 2150 1380 lle-

1192 1402 1304 1433 braeos
1327 1400 1528 1433 duodecimo:
1559 1413 1574 1428 a
1592 1401 1766 1442 Recogitate
1798 1410 1870 1433 eum
1896 1401 1948 1442 qni
1975 1401 2065 1433 talem
2098 1401 2151 1432 ad-

1192 1463 1303 1487 versus
1334 1453 1537 1495 semetipsum
1569 1462 1588 1485 a
1622 1454 1839 1495 peccatoribus
1874 1453 2149 1486 contradictionem

1193 1507 1389 1540 sustinuit».
1408 1507 1443 1538 Et
1459 1507 1518 1539 ista
1541 1507 1745 1539 contradictio
1769 1507 1828 1539 fuit
1850 1507 1971 1539 occasio
1995 1507 2105 1539 ruinae
2122 1511 2152 1539 et

1193 1569 1287 1593 causa
1303 1560 1334 1592 in
1351 1560 1477 1598 multis;
1503 1560 1596 1592 Isaiae
1621 1560 1861 1602 quadragesimo
1887 1560 2027 1602 primo⁷:
2051 1574 2066 1588 a
2081 1561 2151 1593 Per-

1194 1614 1285 1647 ibunt
1310 1613 1385 1652 viri,
1410 1613 1463 1655 qui
1489 1612 1708 1645 contradicunt
1741 1613 1795 1645 tibi
1813 1625 1843 1651 »;
1876 1617 1906 1646 et
1939 1613 2007 1646 ideo
2039 1614 2153 1646 dicitur

1195 1666 1398 1700 Ecclesiastici
1423 1670 1556 1708 quarto:
1586 1679 1602 1695 «
1618 1666 1682 1698 Non
1700 1666 1894 1699 contradicas
1919 1666 2015 1699 verbo
2040 1667 2154 1699 verita-

1194 1721 1234 1753 tis
1258 1721 1323 1753 ullo
1347 1720 1482 1752 modo».

1284 1774 1336 1805 78.
1361 1773 1463 1814 (Vers.
1489 1772 1565 1813 351).
1590 1773 1749 1814 Quantum
1775 1772 1814 1805 ad
1837 1774 2043 1816 martyrium
2069 1783 2154 1805 com-

1190 1826 1362 1869 passionis
1393 1829 1564 1858 maternae
1592 1825 1726 1858 dicitur:
1760 1827 1799 1858 Et
1831 1829 1925 1858 tuam
1949 1826 2057 1868 ipsius
2080 1826 2154 1858 ani-

1193 1889 1284 1912 mam
1307 1878 1526 1921 pertransibit
1547 1878 1695 1920 pladius,
1713 1878 1742 1910 id
1759 1882 1806 1911 est
1823 1879 1867 1911 tui
1887 1879 2003 1920 ipsius,
2019 1880 2155 1921 placitus

1194 1932 1436 1975 compassionis;
1454 1931 1537 1964 unde
1554 1931 1612 1964 sibi
1629 1932 1778 1973 competit
1790 1931 1867 1964 illud
1881 1932 1990 1964 Psalmi
2005 1932 2033 1964 ³.-
2056 1946 2070 1961 «ι
2084 1933 2155 1965 Fer-

1194 1994 1266 2020 rum
1291 1985 1494 2029 pertransivit
1517 1985 1652 2017 animam
1676 1985 1744 2017 eius
1758 1998 1787 2016 n.
1812 1985 2040 2018 Damascenus:
2063 1999 2078 2014 α
2095 1986 2155 2018 Do-

1194 2041 1291 2079 lores,
1315 2048 1394 2082 quos
1418 2038 1543 2081 pariens
1567 2038 1690 2080 effugit,
1716 2041 1857 2080 tempore
1881 2038 2033 2080 passionis
2061 2039 2155 2072 susti-

1194 2094 1307 2127 nuit».
1325 2093 1361 2125 Et
1385 2092 1606 2126 Bernardus⁰2
1636 2092 1745 2124 «Dum
1771 2092 1949 2134 perforatur
1975 2092 2081 2124 lancea
2104 2092 2154 2125 ille

1196 2152 1271 2180 tuus
1294 2147 1398 2185 lesus,
1426 2146 1569 2179 omnium
1600 2145 1746 2188 quidem,
1771 2145 1825 2178 sed
1849 2145 2024 2187 specialiter
2057 2150 2154 2183 tuus,-

1196 2200 1296 2242 ipsius
1327 2200 1463 2232 animam
1496 2208 1558 2232 non
1591 2198 1713 2241 gladius
1744 2198 1964 2241 pertransivit,
1997 2198 2071 2240 quia
2094 2199 2155 2231 iam

1196 2253 1247 2285 ille
1279 2252 1516 2294 exspiraverat,
1547 2251 1603 2297 sed
1633 2255 1742 2290 tuam,
1778 2251 1862 2284 unde
1894 2254 1923 2284 te
1954 2251 2026 2293 plus
2060 2260 2155 2293 quam

1196 2307 1365 2348 Martyrem
1397 2305 1617 2348 praedicamus
1634 2318 1663 2337 ».
1695 2305 1730 2337 Et
1754 2305 1959 2346 Hieronymus
1973 2305 2016 2336 l⁰:
2046 2318 2060 2332 α
2077 2305 2156 2346 Quia

1196 2363 1301 2392 mente
1325 2368 1416 2401 passa
1439 2362 1496 2398 est,
1514 2359 1586 2401 plus
1603 2368 1697 2401 quam
1716 2359 1832 2399 Martyr
1850 2359 1908 2391 suit
1921 2371 1951 2390 ».
1971 2358 2065 2395 Unde,
2082 2358 2155 2400 quia

1196 2413 1264 2455 ipsa
1287 2413 1442 2445 verae-iter
1465 2412 1629 2454 diligebat,
1654 2421 1695 2444 ex
1719 2412 1832 2444 atl'ectu
1858 2411 1966 2444 intimo
1990 2412 2156 2444 vehemen-

1196 2469 1245 2498 ter
1269 2465 1528 2507 compatiebatur.
1555 2484 1595 2488 —
1625 2465 1679 2497 Alii
1704 2474 1797 2503 vero,
1822 2465 1875 2507 qui
1908 2465 1938 2496 in
1971 2464 2063 2497 corde
2095 2473 2155 2496 non

244 2671 253 2686 ²
275 2669 370 2697 Psalm.
387 2671 436 2704 74,
456 2672 481 2696 9.
500 2672 584 2704 Supra
603 2670 717 2697 verbum
736 2670 884 2697 humilians
904 2670 945 2696 hic
963 2671 1042 2696 estin
1054 2670 1132 2697 codd.

172 2720 197 2742 et
215 2716 286 2747 Vat.,
307 2723 355 2748 pro
374 2723 429 2749 quo
448 2722 528 2748 supra
548 2723 572 2741 n.
593 2715 636 2741 58.
655 2715 798 2742 inclinans.
889 2709 891 2711 ’

243 2758 254 2774 ²
274 2761 368 2786 Psalm.
388 2760 455 2791 443,
475 2759 516 2786 45.
537 2774 570 2778 —
591 2760 713 2793 Sequitur
732 2759 749 2785 Ι.
763 2760 827 2792 Reg.
847 2760 877 2791 2,
897 2760 941 2785 20.

243 2803 254 2819 ⁸
274 2805 348 2831 Vers.
370 2804 412 2831 47.
431 2812 487 2838 seq.
506 2804 557 2832 Ctr.
577 2811 656 2837 supra
677 2811 738 2837 pag.
759 2805 808 2837 33,
827 2808 888 2830 nota
910 2805 951 2829 40.
971 2808 996 2830 et
1009 2811 1070 2836 pag.
1091 2803 1132 2835 40,

172 2853 232 2876 nota
252 2850 277 2875 6.
297 2850 353 2875 Vat.
373 2850 466 2881 allegat
484 2850 549 2875 Gen.
570 2849 616 2881 ⁴12,
636 2850 666 2874 3:
681 2848 838 2875 Benedicam
853 2848 1065 2876 benedicentibus
1079 2847 1131 2875 tibi.

171 2908 208 2914 —
227 2894 344 2920 Subinde
363 2894 489 2926 allegatur
508 2894 563 2920 Gal.
582 2894 606 2926 3,
627 2894 669 2919 43.

243 2937 255 2952 ⁴
275 2939 351 2964 Vers.
370 2938 412 2971 39,
431 2941 490 2970 post
507 2945 588 2971 quem
607 2938 664 2964 lsai.
684 2939 718 2969 8,.
734 2938 777 2964 44.

244 2981 255 2997 ⁸
275 2981 394 3010 Vers..7.
412 2989 468 3015 seq.
486 2995 522 3001 —
541 2981 659 3008 Subinde
678 2983 804 3015 allegatur
822 2983 849 3009 ll.
868 2982 928 3009 Cor.
949 2983 978 3014 2,
999 2982 1040 3008 115.
1059 2989 1114 3015 seq.

245 3025 256 3040 ⁰
275 3026 351 3052 Vers.
371 3027 412 3051 42.
431 3039 467 3045 -
485 3026 609 3059 Sequitur
627 3026 706 3052 Hebr.
726 3028 773 3057 42,
793 3027 817 3052 3.

246 3069 256 3085 ⁷
277 3071 351 3097 Vers.
372 3071 413 3102 44,
432 3071 475 3097 cui
494 3070 663 3103 subiungitur
683 3071 759 3097 Eccli.
780 3071 809 3103 4,
829 3072 872 3097 30.

247 3113 258 3128 ⁸
277 3115 360 3141 Psalm
382 3114 447 3146 404,
469 3115 511 3140 48.
538 3128 573 3134 —
601 3115 730 3141 Sententia
760 3116 913 3141 Damusceni
943 3115 1012 3148 (Vat.
1041 3116 1135 3141 omittit

175 3161 372 3192 Damascenus)
392 3159 503 3186 habetur
523 3160 563 3186 lV.
584 3160 617 3185 de
635 3160 698 3186 Fide
716 3160 820 3186 orthod.
840 3167 863 3186 c.
885 3160 927 3186 44.
947 3161 971 3186 in
992 3160 1051 3186 tine.

245 3203 257 3218 ⁹
276 3206 360 3230 Serm.
380 3204 405 3230 in
424 3204 560 3230 Dominica
579 3204 645 3230 intra
664 3207 784 3230 octavam
799 3205 972 3231 Assumtionis
985 3205 1013 3231 B.
1033 3206 1066 3231 V.
1085 3206 1136 3231 Ma—

176 3249 243 3281 riae,
263 3256 289 3274 n.
310 3248 358 3274 44ε
377 3249 446 3274 Vere
465 3251 552 3280 tuam,
571 3255 587 3274 o
606 3247 680 3274 beata
702 3249 795 3280 Mater.
821 3249 935 3274 animam
955 3249 1058 3281 gladius
1077 3256 1136 3281 per-

176 3293 324 3319 transivit...
352 3294 381 3318 Ει
407 3293 515 3326 quidem
544 3296 716 3326 posteaquam
743 3293 830 3319 emisit
857 3293 977 3325 spiritu-in
1007 3296 1068 3319 tuus
1096 3294 1136 3319 ille

176 3338 262 3370 lesus,
281 3337 400 3363 bmnium
419 3337 542 3370 quidem,
562 3337 608 3363 sed
628 3337 774 3370 specialiter
794 3340 867 3369 tuus,
887 3337 970 3370 ipsius
989 3337 1065 3370 plane
1084 3345 1135 3364 non

171 3380 262 3413 'attigit
279 3381 393 3407 animam
413 3381 526 3407 crudelis
544 3382 633 3407 lancea
645 3401 651 3413 ‚
679 3388 747 3415 quae
766 3381 863 3414 ipsius,
882 3387 931 3408 nec
956 3384 1060 3408 mortuo
1080 3388 1136 3414 par-

177 3431 253 3458 cens,
272 3425 314 3451 cui
334 3432 428 3451 nocere
456 3432 508 3451 non
537 3429 637 3458 posset,
656 3426 759 3458 aperuit
786 3426 867 3457 latus,
887 3426 933 3452 sed
954 3429 1024 3452 tuam
1045 3426 1137 3459 utique

1199 2669 1314 2695 animam
1335 2668 1513 2701 pertransivit.
1532 2667 1615 2699 ipsius
1635 2666 1758 2692 nimirum
1785 2666 1870 2691 anima
1890 2665 1941 2690 iam
1961 2665 1997 2690 ibi
2017 2672 2067 2690 non
2087 2669 2154 2696 erat,

1198 2714 1245 2740 scd
1265 2717 1308 2739 tua
1322 2714 1398 2746 plane
1417 2712 1477 2738 inde
1496 2710 1620 2744 nequibat
1639 2710 1723 2736 avelli.
1744 2710 1829 2735 Tuam
1843 2716 1907 2741 ergo
1922 2709 2088 2741 pertransivit
2103 2709 2157 2734 ani-

1197 2766 1268 2784 mam
1288 2758 1329 2783 vis
1349 2757 1461 2788 doloris,
1481 2760 1509 2782 ut
1528 2757 1586 2788 plus
1604 2762 1683 2788 quam
1704 2755 1842 2786 Martyrem
1863 2761 1915 2779 uon
1935 2753 2064 2778 immerito
2084 2760 2155 2784 prae-

1196 2803 1330 2833 dicemus,
1350 2802 1375 2827 in
1394 2808 1445 2834 qua
1466 2800 1589 2826 nimirum
1609 2805 1751 2831 corporeae
1770 2804 1875 2823 sensum
1895 2797 2024 2829 passionis
2043 2804 2157 2823 excesse-

1197 2847 1229 2873 rit
1248 2847 1438 2879 eompassionIS
1456 2846 1572 2871 affectus.
1584 2857 1619 2863 —
1632 2844 1680 2869 Pro
1700 2842 1783 2876 ipsius
1802 2840 1921 2867 animam
1941 2847 1995 2867 non
2010 2841 2066 2866 Vnt.
2081 2842 2156 2867 tuum

1197 2890 1282 2925 ipsius
1300 2890 1423 2919 animam
1441 2888 1581 2916 mundam.

1269 2934 1291 2950 ¹⁰
1311 2935 1392 2968 Epist.
1411 2936 1434 2961 9.
1449 2935 1483 2961 ad
1497 2934 1602 2960 Paulam
1623 2937 1647 2958 et
1661 2931 1843 2961 Eustochium,
1857 2930 1890 2955 de
1904 2930 2069 2955 assumtione
2083 2930 2111 2954 B.
2125 2930 2155 2954 V.

1199 2981 1292 3007 Mai-lae
1313 2981 1391 3014 (inter
1409 2987 1489 3012 opero
1509 2978 1641 3011 Hieron),
1658 2984 1686 3002 n.
1707 2976 1758 3002 ⁴¹5:
1776 2975 1823 3001 Alii
1852 2981 1967 3007 namque
1986 2974 2087 3004 Sancti,
2107 2974 2154 2999 etsi

1199 3026 1271 3058 passi
1289 3029 1350 3051 sunt
1368 3032 1417 3057 pro
1436 3024 1538 3050 Christo
1557 3023 1584 3048 iu
1604 3028 1695 3052 carne,
1715 3024 1801 3046 tamen
1815 3020 1839 3045 in
1853 3019 1956 3049 anima,
1968 3018 2029 3051 qnia
2049 3018 2157 3043 immor-

1200 3070 1257 3096 talis
1275 3073 1329 3101 est,
1349 3069 1401 3102 pati
1421 3076 1472 3094 non
1492 3070 1640 3100 potuerunt.
1660 3066 1736 3091 Beata
1757 3071 1820 3089 vero
1840 3063 1885 3089 Dei
1904 3063 2031 3093 Gema-ix,
2050 3063 2110 3095 qnia
2131 3062 2157 3088 in

1199 3122 1231 3140 eu
1257 3117 1332 3146 parte
1356 3121 1433 3146 passa
1461 3116 1514 3144 est,
1534 3118 1602 3145 quae
1630 3109 1797 3142 impassibilis
1825 3107 1951 3137 nabetur,
1976 3107 2050 3138 ideo,
2076 3111 2103 3132 ut
2124 3107 2156 3132 ita

1200 3162 1293 3192 fatear,
1313 3159 1374 3192 quia
1393 3157 1560 3190 spiritualiter
1578 3160 1602 3181 et
1622 3162 1682 3181 caro
1702 3154 1757 3179 eius
1777 3159 1852 3185 passa
1872 3155 1910 3178 est
1929 3152 2017 3184 gladio
2031 3152 2157 3184 pa§ionis

1200 3203 1308 3234 Christi,
1326 3204 1386 3235 plus
1405 3209 1484 3235 quum
1504 3202 1600 3232 Martyr
1619 3199 1673 3225 tuit.
1693 3198 1765 3224 Unde
1783 3200 1896 3228 constat,
1915 3196 1976 3229 quia
2001 3196 2059 3228 plus
2078 3197 2158 3221 omni-

1200 3248 1252 3275 bus
1270 3248 1371 3278 dilexit,
1392 3249 1530 3278 propterea
1559 3248 1584 3270 et
1612 3244 1670 3276 plus
1699 3241 1794 3273 doluit,
1817 3241 1843 3266 in
1863 3244 1977 3271 tantum,
1997 3244 2025 3266 ut
2043 3240 2157 3265 animani

1199 3293 1257 3319 eius
1275 3295 1354 3318 totam
1376 3290 1543 3323 pertransiret
1561 3292 1587 3314 et
1606 3287 1750 3320 possideret
1768 3285 1809 3310 vis
1821 3285 1918 3311 doloris
1932 3285 1965 3310 ad
1980 3284 2157 3310 testimonium

1202 3336 1312 3363 eximiae
1336 3334 1490 3361 dilectionis.
1518 3334 1590 3366 Quae
1614 3332 1676 3365 quin
1705 3334 1791 3357 mente
1819 3336 1896 3362 passa
1921 3333 1975 3360 est,
2000 3329 2058 3360 plus
2077 3335 2157 3361 quam

1202 3382 1297 3412 Martyr
1316 3380 1370 3405 t'uit.
1391 3379 1518 3405 Nimirum
1537 3377 1609 3410 quod
1630 3377 1685 3402 eius
1714 3374 1815 3401 dilectio
1839 3374 1951 3406 amplius
1976 3373 2047 3398 tortis
2077 3379 2157 3405 quam

1202 3432 1273 3451 mors
1293 3424 1352 3455 suit,
1372 3423 1432 3456 quia
1453 3425 1564 3448 mortem
1583 3420 1678 3447 Christi
1697 3426 1771 3445 suam
1793 3419 1859 3444 tecit.

2172 1143 2240 1164 natio.

2172 1784 2275 1806 Tertium.

2194 1890 2288 1917 Virginis

2174 1917 2301 1944 compassio.

2175 2103 2248 2124 Matris
2254 2130 2257 2133 ι
2264 2108 2320 2124 eom-

2203 2135 2281 2156 passio.

2175 2449 2270 2470 Aliorum
2285 2454 2321 2470 ex-

2197 2476 2290 2497 satiatio.
