2427 3872
287 305 350 337 670

572 345 634 371 APO

345 408 373 412 -—
390 393 623 418 transfretaverunt
635 395 697 415 cum
710 387 825 417 Christo,
839 389 867 412 ut
880 386 926 411 mi-

286 439 373 465 racula
392 438 448 463 eius
467 436 585 461 viderent
599 434 640 459 Vll
662 433 710 458 499
733 432 765 457 36
778 445 814 450 -
827 430 926 462 pericli-

287 486 373 509 tantur
392 482 417 507 in
438 481 501 506 mari
521 482 628 511 propter
653 476 827 509 praesentiam
847 474 925 500 ludae

287 527 320 554 ib.
341 527 374 552 37
394 540 427 544 -—
447 525 638 550 suscitaverunt
657 520 799 546 Dominum
823 525 877 544 non
895 525 925 544 ex

287 572 365 597 animi
386 569 507 600 audacia,
526 567 573 593 sed
592 574 622 592 ex
640 564 798 596 indigentia,
826 566 854 588 ut
878 569 926 595 per

287 617 343 642 eius
361 614 477 646 vigiliam
497 611 643 638 obtinerent
667 608 814 634 remedium
832 606 867 633 ib.
892 607 925 631 38

286 675 320 678 -
340 658 515 685 ascenderunt
534 656 559 681 in
579 654 668 680 navim
699 652 809 684 imperio
831 650 926 677 Christi

287 705 319 729 Vl
340 702 391 728 324
412 702 444 727 35
458 716 491 719 -—
505 702 579 725 erant
598 699 622 723 in
643 697 770 729 periculo,
789 695 852 728 quia
867 695 926 720 dee-

287 751 327 773 rat
345 747 440 772 ductor
466 745 516 770 323
536 742 569 769 27
588 757 623 761 —
642 742 788 767 timuerunt
805 739 926 765 videntes

288 791 418 818 Christum
438 787 616 814 ambulantem
645 792 725 817 super
747 790 820 810 mare
838 782 873 809 ib.
892 783 925 808 29

287 851 321 854 —
341 835 518 860 intellexerunt
536 831 666 857 Christum
692 828 834 861 praeterire
861 827 927 852 velie

287 887 344 912 eos,
364 879 424 912 quia
444 878 468 903 in
488 877 622 902 diversum
642 874 696 899 ibat
714 873 757 898 Vll
777 872 828 898 596
849 871 882 897 35

340 938 374 942 -
398 929 445 954 per
473 921 534 947 fidei
558 919 708 945 firmitatem
732 915 927 949 cognoscebant

288 968 405 995 divinam
430 965 644 995 immensitatem,
668 963 693 988 in
718 968 799 995 quam
819 960 928 986 excede-

287 1013 350 1038 bant
368 1018 415 1043 per
433 1009 635 1036 admirationem
652 1007 695 1032 Vll
715 1006 767 1032 200
787 1005 814 1030 41
833 1019 868 1023 -
881 1004 927 1030 mi-

287 1056 411 1083 rabantur
430 1053 525 1080 Christi
539 1054 705 1084 'potestatem
731 1049 793 1076 ibid.
813 1063 848 1067 -—
867 1047 927 1074 obe-

287 1100 384 1127 diendo
397 1098 499 1126 Christo
518 1097 683 1122 manifestant
695 1094 753 1120 eius
771 1096 927 1126 potestatem

286 1146 386 1177 regiam
412 1143 462 1169 489
488 1142 520 1168 48
540 1156 575 1160 -m
593 1140 777 1169 ostenderunt,
794 1137 926 1164 Christum

286 1197 343 1216 esse
361 1195 452 1220 regem
471 1186 633 1219 promissum
653 1184 699 1210 491
723 1183 752 1209 51

339 1249 373 1252 -
393 1236 445 1258 tres
464 1231 587 1257 viderunt
604 1220 698 1256 Christi
718 1227 880 1254 maiestatem
903 1228 928 1251 et

287 1278 473 1308 humilitatem,
493 1274 660 1306 intelligendo
680 1272 827 1304 Scripturas
845 1270 927 1302 Moysi

287 1327 312 1349 et
330 1323 519 1354 Prophetarum
539 1319 583 1345 Vll
603 1318 655 1344 235
675 1317 754 1343 59-—
767 1316 801 1348 ad
814 1318 927 1341 contem-

286 1367 409 1400 plandam
420 1365 531 1398 gloriam
542 1363 637 1390 Christi
652 1362 857 1389 demonstratam
868 1366 928 1392 gra-

287 1414 382 1436 vantur
401 1416 494 1435 somno
513 1415 543 1434 ex
563 1407 711 1433 infirmitate
730 1408 868 1445 1131313οῃ
880 1404 926 1430 sed

287 1456 410 1481 iuvantur
429 1454 512 1486 gratia
531 1452 657 1478 excitante
668 1450 701 1477 ib.
715 1450 758 1481 57,
771 1450 804 1476 58
818 1464 853 1467 -
866 1455 928 1474 0011-

286 1501 441 1532 templantes
454 1498 564 1531 gloriam
574 1495 668 1523 Christi
681 1495 716 1521 de
727 1501 758 1520 ea
769 1494 835 1520 miro
847 1493 927 1519 modo

288 1545 404 1577 gaudent
417 1546 442 1569 et
455 1541 658 1568 continuandam
673 1539 823 1566 desiderant
835 1537 869 1564 ib.
884 1538 927 1569 60,

288 1590 316 1615 61
335 1604 369 1607 -
382 1586 572 1619 Contemplatio
586 1585 685 1618 gloriae
699 1584 795 1610 Christi
806 1590 927 1609 consum-

287 1636 373 1659 matur
392 1633 419 1658 in
432 1631 579 1657 ostensione
592 1629 735 1655 maiestatis
749 1627 872 1654 terribilis
884 1627 926 1653 Vli

287 1678 338 1703 237
367 1678 400 1702 63
426 1691 460 1694 -
486 1674 632 1701 sentiebant
658 1674 775 1699 divinam
802 1672 926 1697 virtutem

287 1724 450 1754 praesentem
471 1721 495 1745 in
523 1719 594 1745 nube
613 1717 674 1744 ibid.
693 1733 727 1736 ——
748 1717 849 1743 visione
874 1716 928 1748 gio-

288 1767 342 1792 riae
361 1765 454 1792 Christi
478 1764 558 1790 territi
582 1766 607 1789 et
629 1762 767 1795 stupefacti
791 1764 866 1793 sunt,
886 1760 928 1786 de·

288 1811 349 1836 inde
368 1809 498 1841 delectati,
518 1808 592 1833 tertio
607 1807 641 1833 ad
665 1805 873 1839 praedicandum
893 1805 927 1830 111-

289 1855 415 1880 flammati
435 1854 466 1878 Vi
487 1853 533 1878 631
560 1853 592 1877 16
605 1867 640 1870 -
654 1855 706 1877 tres
724 1851 864 1882 designant
879 1852 928 1875 sta-

288 1902 343 1924 tum
364 1897 628 1929 contemplativorum
648 1896 691 1921 Vii
712 1895 762 1920 472
783 1895 811 1920 31

337 1958 370 1961 -—
382 1942 525 1974 prudenter
538 1941 734 1966 occultaverunt
744 1938 837 1965 Christi
848 1941 928 1963 trans-

290 1987 472 2018 figurationem
482 2005 489 2015 ,
508 1992 559 2010 non
572 1992 603 2010 ex
622 1983 743 2014 avaritia,
766 1982 812 2008 sed
825 1989 856 2008 ex
868 1981 929 2007 obe-

289 2031 384 2057 dientia
406 2030 448 2056 Vll
468 2030 519 2055 238
544 2029 587 2054 68.
613 2028 663 2053 239
685 2028 718 2052 69
737 2042 772 2046 —
791 2028 929 2052 tacuerunt

291 2076 323 2101 (ie
342 2073 571 2105 transfiguratione
595 2071 688 2098 Christi
709 2078 792 2104 usque
814 2071 847 2096 ad
867 2074 929 2096 tem-

291 2127 340 2152 pus
359 2121 539 2151 opportunum
559 2117 592 2142 69
614 2117 664 2142 409

342 2179 376 2182 -—
396 2162 546 2189 columbina
568 2161 733 2194 simplicitate
751 2160 875 2193 praediti,
894 2160 927 2185 ad

288 2208 420 2234 Christum
445 2207 562 2233 celeriter
589 2206 688 2231 reversi
717 2208 776 2231 sunt
803 2208 927 2237 tanquam

288 2253 378 2279 fideles
406 2252 489 2277 nuntii
518 2251 559 2277 Vil
579 2251 626 2276 221
652 2251 684 2276 16
705 2264 738 2268 --
757 2251 929 2275 narraverunt

288 2297 398 2323 Domino
418 2302 603 2330 quaecumque
621 2296 750 2326 fecerunt,
763 2301 815 2320 non
829 2297 857 2319 ut
869 2301 928 2319 eru—

287 2341 372 2367 ‹iirent
391 2348 466 2373 eum,
485 2341 531 2366 sed
557 2343 586 2366 ut
604 2339 785 2370 ostenderent,
810 2345 837 2364 se
862 2338 928 2363 nolle

288 2387 367 2412 latere
386 2385 446 2412 ibid.
466 2400 501 2403 —
514 2387 699 2416 narraverunt,
714 2386 742 2409 ut
755 2383 789 2409 de
804 2383 880 2409 bonis
894 2384 929 2408 fa-

288 2431 334 2456 ctis
347 2437 398 2455 non
408 2432 566 2463 quaererent
578 2428 627 2454 sibi
642 2428 766 2460 gloriam,
780 2427 827 2453 sed
840 2428 927 2453 omnia

287 2475 413 2500 referrent
432 2474 458 2499 in
478 2474 562 2499 Deum
586 2472 647 2499 ibid.
672 2487 707 2490 —
734 2471 929 2504 cognoscebant

287 2525 362 2544 suam
382 2518 550 2550 parvitatem,
570 2517 597 2542 in
615 2524 696 2550 quam
714 2515 863 2542 resiliebant
881 2523 928 2548 per

288 2563 409 2588 timorem
429 2562 480 2587 200
502 2561 529 2587 44
747 2578 752 2582 -

341 2621 374 2624 —
394 2605 511 2632 Christus
530 2606 608 2631 docet
633 2605 776 2637 discipulos
795 2605 928 2631 humiliter

288 2657 381 2682 sapere
400 2651 432 2675 Vi
460 2650 511 2675 465
538 2649 571 2675 45
590 2664 625 2668 ——
644 2649 762 2675 Christus
787 2650 929 2681 persuadet

289 2694 438 2726 discipulis,
466 2701 499 2719 ne
527 2693 644 2719 ambiant
672 2700 729 2719 esse
757 2694 861 2725 magni,
880 2694 927 2719 sed

288 2739 410 2764 studeant
433 2745 491 2763 esse
514 2738 616 2770 parvuli
642 2738 685 2763 Vii
710 2737 762 2763 244
791 2738 823 2762 88
843 2752 878 2756 —
897 2745 927 2763 ex

289 2783 455 2814 corruptione
474 2782 580 2815 antiqua
593 2780 708 2814 superbe
726 2780 876 2813 cogitabant
894 2782 928 2807 de

288 2826 490 2858 praeeminentia
505 2826 555 2852 243
570 2826 604 2851 86
617 2840 652 2845 —
664 2825 706 2851 alii
720 2825 844 2851 volebant
860 2826 928 2851 ioan-

289 2877 349 2895 nem
368 2870 442 2895 Petro
462 2870 612 2902 parificare,
625 2870 666 2895 aiii
681 2869 804 2895 volebant
824 2870 927 2895 Petrum

288 2915 419 2946 praeferre
438 2913 497 2940 ibid.
512 2929 546 2932 —
560 2921 652 2940 eorum
665 2914 789 2946 cogitatio
808 2918 863 2939 erat
884 2914 926 2939 via

289 2958 322 2984 ad
350 2958 486 2991 morbum,
514 2962 539 2984 01
563 2958 586 2984 01
612 2959 752 2990 apponitur
780 2959 927 2984 remedium

290 3002 341 3028 244
370 3003 402 3028 87
422 3017 457 3021 -
477 3004 556 3028 Amor
584 3003 748 3029 excellentiae
766 3005 792 3028 et
819 3003 927 3029 dominii

289 3046 406 3072 nondum
417 3050 472 3072 erat
484 3046 624 3073 exstinctus
639 3047 662 3072 in
676 3047 806 3079 Apostoiis
816 3050 875 3072 ante
885 3047 928 3072 ad-

290 3093 397 3116 ventum
417 3091 529 3122 Spiritus
554 3091 636 3116 sancti
662 3091 713 3117 550
740 3090 773 3117 35
792 3105 827 3110 —
846 3091 928 3117 immi-

290 3137 367 3160 nente
380 3135 501 3166 passione
513 3134 617 3165 Christi,
630 3135 821 3160 contenderunt
832 3135 866 3161 de
879 3135 928 3167 pri-

291 3181 362 3203 matu
382 3177 442 3204 ibid.
463 3192 497 3196 —
515 3178 541 3203 in
561 3179 726 3204 contentione
754 3178 872 3210 figuram,
887 3186 928 3211 ge-

290 3225 350 3247 runt
369 3221 568 3248 ambitiosorum
589 3222 639 3248 458
660 3223 693 3247 28

344 3279 379 3284 -
397 3265 533 3297 nolebant,
551 3266 682 3292 Christum
698 3267 801 3298 fatigari
820 3267 862 3292 Vii
877 3267 927 3292 458

292 3310 324 3334 28
343 3324 377 3327 —
397 3314 511 3346 propterx
524 3311 639 3343 quietem
666 3311 780 3343 Magistri
804 3311 928 3343 impedie-

292 3352 354 3378 bant
373 3361 440 3385 opus
466 3354 564 3379 alienae
582 3355 672 3381 salutis
690 3354 751 3381 ibid.
771 3370 805 3373 —
825 3355 929 3380 carnali-

292 3399 329 3421 ter
349 3397 526 3423 afficiebantur
551 3399 618 3424 circa
642 3400 734 3431 populi
753 3399 794 3425 sui
818 3400 927 3425 salutem

291 3439 354 3465 ibid.
369 3456 400 3458 —
415 3431 584 3473 increpabant
604 3444 741 3469 offerentes
759 3444 885 3475 parvulos
897 3451 927 3469 ex

1154 295 1268 328 INDEX
1293 294 1421 328 RERUM

963 385 1059 411 carnali
1077 385 1172 410 affectu
1192 387 1217 410 et
1236 383 1393 416 negligentia
1412 383 1503 420 salutis
1520 382 1607 415 proxi-

963 436 1068 455 morum
1087 428 1150 456 ibid.
1177 443 1211 447 --
1236 429 1262 453 in
1290 427 1454 460 increpando
1477 426 1606 460 gerebant

963 476 1056 506 typum
1086 473 1229 499 carnalium
1255 472 1423 498 sacerdotum
1453 475 1478 498 et
1503 471 1606 504 pontifl-

963 524 1024 543 cum
1044 516 1107 543 ibid.

1016 575 1051 580 —-
1070 561 1265 594 Discipulorum
1286 560 1419 593 vigilantia
1439 563 1465 586 et
1482 559 1607 586 obedien-

963 606 997 631 tia
1016 606 1217 632 commendatur
1236 606 1279 631 Vii
1299 605 1350 631 544
1372 605 1404 630 47

1015 663 1051 669 —-
1070 650 1142 676 missi
1167 653 1241 675 erant
1263 650 1330 675 inter
1348 650 1432 675 malos
1450 649 1485 675 ad
1503 647 1606 682 patien-

963 693 1022 720 dum
1041 695 1073 720 Vi
1089 693 1139 719 473
1160 694 1193 719 30
1206 708 1242 713 —-
1254 701 1303 726 per
1321 693 1528 726 praedictionem
1548 699 1607 724 per-

963 738 1127 764 secutionum
1152 741 1288 764 armantur
1310 738 1344 763 ad
1368 737 1548 763 tribulationes
1566 743 1607 762 su-

963 782 1097 808 stinendas
1116 782 1168 808 455
1188 782 1219 814 1,
1239 783 1268 814 3,
1289 782 1304 808 4
1322 796 1358 801 —
1377 789 1425 814 per
1449 781 1607 813 praedictio-

963 833 1024 852 nem
1045 828 1194 852 futurorum
1214 827 1387 852 informantur
1406 826 1440 852 ad
1464 825 1606 857 providen-

963 871 1026 896 tiam
1045 871 1089 897 Vli
1109 870 1160 896 523
1179 871 1195 896 9

1017 930 1052 933 -
1070 915 1171 941 liberati
1189 917 1250 941 sunt
1269 922 1283 940 a
1302 914 1522 948 persequentibus
1535 913 1607 940 Chri-

964 963 1033 985 stum
1053 960 1108 986 solo
1121 960 1178 986 eius
1196 959 1308 991 imperio
1326 959 1358 985 Vi
1373 958 1423 984 479
1438 959 1481 984 15.
1504 958 1546 984 481
1572 959 1605 984 22

965 1019 998 1023 -
1017 1004 1136 1031 Christus
1151 1003 1320 1036 promittebat
1332 1003 1464 1035 Apostoiis
1482 1003 1605 1029 virtutem

965 1048 1133 1081 protectionis
1153 1049 1204 1074 539
1225 1049 1240 1073 6
1260 1062 1294 1066 -
1308 1047 1426 1074 Christus
1445 1047 1552 1073 contulit
1571 1047 1607 1073 di-

964 1093 1072 1125 scipulis
1084 1100 1177 1125 pacem
1192 1095 1281 1118 contra
1293 1091 1501 1124 persecutiones,
1521 1094 1606 1118 aucto-

964 1137 1067 1163 ritatem
1086 1140 1112 1163 et
1130 1139 1285 1169 potestatem
1307 1136 1339 1162 Vl
1359 1136 1410 1162 542
1430 1135 1463 1162 42
1482 1150 1518 1155 —
1536 1135 1607 1162 Chri-

964 1185 1020 1209 stus
1038 1182 1169 1214 Apostolis
1192 1181 1218 1207 in
1243 1180 1424 1214 persecutione
1443 1181 1488 1207 dat
1506 1180 1607 1213 sapien-

964 1227 1027 1253 tiam
1041 1226 1066 1252 111
1085 1226 1165 1252 corde
1177 1233 1225 1258 per
1234 1225 1430 1258 inspirationem
1443 1225 1572 1250 internam
1582 1228 1607 1250 et

964 1271 1140 1304 eloquentiam
1154 1270 1180 1296 in
1193 1277 1314 1296 sermone
1333 1276 1380 1302 per
1393 1269 1548 1301 sapientiam
1563 1269 1607 1294 Vi!

965 1316 1016 1342 528
1035 1316 1069 1341 22
1087 1329 1123 1334 -
1141 1315 1188 1340 Dei
1208 1314 1370 1347 protectione
1388 1321 1442 1340 non
1464 1314 1606 1339 vincuntur

964 1368 978 1386 a
998 1359 1212 1393 persecutoribus
1230 1359 1281 1385 529
1302 1359 1336 1385 26

1017 1420 1052 1423 -
1071 1407 1132 1430 ante
1144 1404 1263 1430 ultimam
1276 1403 1607 1435 tribulationem-persecu-

964 1450 1062 1476 tionem
1081 1449 1217 1482 patiuntur
1230 1448 1264 1474 ab
1283 1448 1371 1480 impiis
1384 1448 1428 1473 Vll
1442 1447 1493 1473 527
1509 1448 1556 1478 tss,
1573 1447 1605 1472 49

964 1508 999 1514 --
1011 1493 1206 1520 tribulationem
1227 1493 1330 1525 passuri
1343 1495 1416 1518 erant
1431 1499 1446 1517 a
1466 1492 1568 1518 ludaeis
1581 1495 1607 1517 et

964 1538 1087 1571 gentibus
1106 1538 1157 1564 345
1178 1537 1210 1563 17
1229 1551 1264 1556 -
1284 1537 1371 1563 1311301
1392 1532 1521 1569 persecuti
1546 1539 1607 1563 sunt

964 1586 990 1609 et
1007 1583 1160 1609 occiderunt
1177 1590 1271 1608 omnes
1283 1582 1422 1615 Apostolos
1440 1584 1519 1608 testes
1533 1581 1606 1608 Chri-

964 1628 996 1654 sti
1016 1628 1067 1654 307
1087 1628 1121 1653 95
1139 1641 1175 1646 —-
1193 1630 1254 1653 sunt
1272 1627 1334 1653 odio
1358 1625 1482 1652 omnibus
1506 1626 1606 1652 ratione

963 1672 1111 1698 discordiae
1130 1672 1296 1698 voluntatum
1315 1674 1340 1697 et
1359 1671 1486 1703 perfidiae
1507 1670 1606 1696 anima-

963 1724 1023 1743 rum
1043 1717 1095 1743 529
1119 1716 1165 1749 24,
1185 1716 1219 1742 25
1241 1731 1273 1735 -
1293 1723 1307 1741 3
1327 1715 1450 1748 gentibus
1476 1714 1606 1741 habeban-

964 1756 1006 1787 tur
1024 1762 1086 1787 odio
1104 1764 1133 1787 ut
1152 1761 1253 1793 iudaei,
1273 1768 1287 1786 a
1307 1760 1418 1786 Caesare
1436 1759 1607 1786 eiiciebantur

964 1809 993 1832 ut
1011 1806 1142 1838 seditiosi,
1161 1813 1176 1831 a
1195 1805 1298 1831 iudaeis
1316 1804 1500 1837 lapidabantur
1519 1807 1547 1830 111
1562 1805 1606 1830 Le-

965 1851 1005 1882 gis
1023 1850 1121 1876 inimici
1146 1849 1179 1876 ib.
1207 1850 1240 1875 26
1260 1864 1300 1873 .—
1326 1849 1445 1875 tradendi
1474 1852 1547 1874 erant
1572 1849 1605 1874 ad

964 1895 1138 1920 imitationem
1157 1894 1250 1921 Christi
1270 1893 1304 1919 ab
1316 1894 1421 1924 amicis,
1440 1893 1475 1919 ab
1494 1893 1606 1919 inimicis

965 1940 1007 1965 vel
1026 1938 1060 1965 ab
1079 1939 1207 1965 extraneis
1223 1939 1256 1964 Vl
1277 1939 1327 1963 616
1349 1938 1364 1963 4
1378 1952 1412 1956 —-
1426 1938 1537 1963 Mundus
1550 1945 1606 1969 per-

965 1984 1084 2016 sequitur
1103 1986 1129 2009 et
1151 1983 1294 2009 contemnit
1308 1983 1447 2014 Apostolos
1470 1982 1502 2007 ad
1523 1989 1607 2007 exem-

965 2028 1038 2059 plum
1057 2027 1150 2059 capitis
1169 2027 1219 2052 453
1239 2027 1273 2052 33

1019 2086 1053 2089 —
1073 2071 1186 2097 Mundus
1198 2071 1254 2096 odit
1266 2071 1410 2102 discipulos
1425 2069 1531 2102 Christi,
1545 2070 1606 2103 quia

966 2116 1169 2142 d1sconveniunt
1186 2122 1247 2141 cum
1268 2115 1369 2141 mundo
1389 2118 1414 2140 et
1432 2122 1483 2140 non
1508 2121 1607 2140 manse-

966 2163 1026 2186 runt
1045 2161 1070 2186 in
1084 2160 1185 2186 mundo
1197 2167 1246 2192 per
1258 2167 1369 2192 pravam
1389 2159 1606 2185 consuetudinem

968 2206 999 2231 Vi
1020 2205 1070 2231 453
1090 2205 1133 2231 31.
1153 2204 1204 2230 472
1224 2205 1257 2230 26
1276 2218 1313 2223 -
1332 2205 1444 2230 Mundus
1463 2204 1518 2230 odit
1541 2206 1607 2236 Apo-

966 2251 1046 2276 stolos
1064 2252 1173 2282 propter
1192 2249 1274 2276 divini
1298 2249 1427 2275 sermonis
1445 2248 1608 2275 observatio-

966 2302 1027 2321 nem
1047 2295 1097 2321 472
1123 2295 1171 2327 25,
1192 2294 1225 2319 26
1243 2308 1279 2313 -
1302 2294 1415 2319 Mundus
1440 2293 1608 2326 persequitur

965 2340 1105 2372 Apostolos
1117 2341 1225 2371 propter
1243 2337 1375 2364 Christum
1397 2338 1447 2363 453
1461 2338 1494 2363 33
1504 2357 1510 2368 ,
1524 2337 1557 2363 34
1572 2351 1607 2356 -

965 2384 1035 2416 passi
1054 2386 1114 2410 sunt
1138 2383 1349 2415 persecutionem
1373 2382 1517 2415 impiorum
1545 2389 1605 2408 cum

965 2428 1087 2454 violentia
1107 2431 1133 2454 et
1145 2428 1238 2453 iniuria
1257 2430 1366 2459 propter
1385 2426 1613 2459 praedicationem·

965 2473 1079 2499 nominis
1097 2472 1191 2498 Christi
1213 2472 1254 2497 Vii
1274 2471 1326 2496 527
1346 2472 1378 2496 19
1397 2485 1432 2490 --
1450 2470 1608 2503 persecutio-

965 2524 1026 2543 nem
1040 2517 1173 2549 patiuntur
1187 2518 1294 2548 propter
1304 2523 1401 2541 nomen
1414 2515 1521 2547 Christi,
1534 2515 1607 2547 quod

965 2562 1084 2592 credunt,
1097 2563 1194 2593 amant,
1207 2560 1359 2592 praedicant
1372 2563 1450 2592 atque
1463 2561 1607 2592 sequuntur

965 2606 1016 2631 529
1038 2606 1071 2631 25
1092 2619 1126 2623 —
1145 2605 1356 2637 persecutionem
1377 2604 1446 2636 passi
1465 2606 1526 2629 sunt
1545 2606 1607 2628 tem-

965 2657 1030 2682 pore
1049 2649 1253 2681 praedicationis
1273 2649 1306 2674 Vi
1326 2648 1377 2674 455
1397 2649 1412 2674 2
1432 2663 1466 2666 -
1484 2648 1607 2674 Occiden-

965 2698 1003 2720 tes
1022 2694 1160 2726 Apostolos
1179 2693 1360 2725 praedicantes
1372 2700 1402 2718 ex
1415 2691 1563 2724 ignorantia
1582 2695 1607 2717 et

965 2738 1145 2764 incredulitate
1164 2737 1366 2767 arbitrabantur,
1386 2744 1415 2762 se
1434 2736 1503 2762 bene
1522 2738 1607 2762 facere

965 2781 1036 2814 ibid,
1051 2783 1065 2807 3
1079 2796 1113 2801 —
1126 2781 1281 2808 Occidentes
1299 2781 1437 2813 Apostolos
1450 2780 1606 2813 peccabant,

965 2827 1026 2859 quia
1040 2826 1106 2852 iusta
1120 2833 1198 2851 causa
1218 2828 1244 2850 et
1262 2825 1394 2858 inquisitio
1411 2825 1501 2850 deerat
1520 2824 1571 2850 457
1591 2825 1606 2850 9

1018 2885 1054 2888 —
1074 2870 1099 2895 111
1118 2869 1240 2901 passione
1258 2868 1353 2895 Christi
1377 2869 1496 2894 nondum
1516 2869 1607 2894 crede-

966 2914 1029 2941 bant
1047 2915 1174 2946 perfecte,
1193 2916 1221 2939 31
1240 2920 1289 2945 pro
1308 2912 1410 2939 Christo
1429 2913 1482 2945 pati
1501 2917 1608 2945 possent

966 2960 999 2985 Vl
1019 2959 1069 2985 480
1091 2958 1123 2984 17
1143 2972 1178 2977 -
1196 2961 1337 2991 antequam
1362 2958 1532 2983 induerentur
1557 2958 1607 2983 vir—

965 3006 1019 3029 tute
1038 3003 1150 3035 Spiritus
1168 3002 1263 3034 sancti,
1283 3009 1334 3028 non
1354 3005 1475 3034 poterant
1492 3003 1607 3034 perfecte

965 3048 1061 3074 imitari
1081 3048 1231 3080 passionem
1253 3046 1347 3072 Christi
1366 3046 1418 3072 433
1439 3046 1482 3072 46.
1501 3046 1551 3072 434
1573 3047 1606 3072 53

964 3107 1000 3110 -
1019 3091 1137 3118 Christus
1162 3091 1291 3123 praedixit
1313 3090 1463 3122 discipulis,
1489 3098 1535 3116 eos
1553 3098 1605 3116 non

965 3143 1043 3168 posse
1062 3142 1123 3161 eum
1143 3135 1233 3168 sequi,
1251 3134 1395 3160 differendo
1416 3135 1467 3160 360
1488 3135 1516 3160 31

1018 3193 1054 3199 -
1073 3178 1224 3211 gaudebant
1240 3179 1366 3210 patientes
1377 3186 1425 3211 pro
1445 3179 1546 3205 Christo
1559 3185 1607 3211 spe

965 3223 1142 3249 retributionis
1162 3224 1203 3248 Vli
1219 3222 1268 3248 449
1283 3222 1325 3248 54.
1340 3222 1390 3247 450
1404 3223 1438 3248 55
1456 3237 1491 3241 —-
1511 3223 1608 3255 gaude-

965 3267 1028 3293 bant
1047 3267 1073 3293 111
1092 3267 1228 3293 101111011ῑί5
1251 3269 1276 3292 01
1300 3266 1425 3292 conviciis
1448 3267 1499 3293 263
1519 3267 1552 3293 33
1571 3281 1606 3285 -—

965 3311 1106 3344 Apostolici
1124 3311 1173 3337 viri
1187 3310 1334 3343 procedunt
1351 3317 1411 3336 cum
1426 3311 1538 3342 vexillis,
1552 3311 1606 3336 imi-

966 3356 1045 3381 tando
1056 3356 1205 3388 passionem
1217 3355 1309 3381 Christi
1325 3355 1356 3381 Vl
1370 3354 1422 3381 594
1434 3356 1449 3380 2
1461 3369 1494 3373 -
1504 3359 1533 3381 111
1544 3355 1606 3387 agni

965 3400 1167 3426 mansuetudine
1186 3400 1345 3426 domuerunt
1357 3399 1473 3431 lupinam
1488 3399 1607 3432 ferocita-

966 3446 1018 3469 tem
1044 3444 1086 3469 Vii
1114 3443 1165 3470 254
1185 3444 1200 3469 6
1220 3458 1254 3462 -
1274 3450 1322 3476 pro
1347 3443 1404 3469 filiis
1421 3442 1607 3475 ¹spiritualibus

1918 337 1981 364 ΑΡΟ

1644 382 1831 408 confirmandis
1859 383 2007 408 effuderunt
2038 382 2193 415 sanguinem
2221 389 2284 415 pro-

1643 426 1731 458 prium
1754 427 1802 452 498
1823 427 1856 452 32
2260 424 2266 426 ’

1696 485 1731 489 -
1749 471 1868 497 carnales
1886 470 2036 497 nesciebant
2055 470 2145 496 cibum
2165 471 2284 503 spiritua-

1643 515 1694 540 lem
1714 515 1748 540 Vi
1767 515 1819 541 297
1833 515 1867 541 52
1881 529 1917 534 -
1929 522 1983 540 11011
2002 517 2063 540 53111
2081 514 2137 540 ausi
2157 521 2285 547 quaerere

1643 559 1678 589 110
1696 566 1819 585 sermone
1843 558 1937 586 Christi
1962 566 2023 585 cum
2049 559 2226 590 Samaritana,
2251 566 2284 585 ne

1643 603 1795 629 viderentur
1808 603 1896 636 ipsum
1910 606 2063 636 suspectum
2074 602 2172 629 habere
2185 603 2236 629 296
2250 603 2284 629 46

1697 662 1732 666 —-
1750 648 1867 674 nondum
1894 648 2043 680 spirituales
2061 647 2211 678 existentes,
2229 654 2285 673 ma-

1644 691 1805 724 gnificabant
1823 693 1951 724 templum
1972 695 2100 725 quantum
2130 692 2163 718 ad
2182 699 2285 724 perma-

1644 736 1757 762 nentiam
1777 739 1803 762 et
1815 737 1974 769 opulentiam
1988 736 2032 762 Vii
2051 736 2102 762 523
2124 736 2202 762 40—
2214 736 2285 769 prin-

1644 780 1741 813 cipales
1770 781 1931 813 interrogant
1949 780 2080 807 Christum
2108 780 2143 806 de
2166 783 2287 813 tempore

1643 825 1828 852 destructionis
1845 825 1880 851 ab
1899 826 1957 858 ipso
1975 825 2125 858 praedictae
2143 824 2195 851 524
2216 825 2249 850 12

1697 883 1732 889 -
1751 873 1811 895 53111
1830 870 1922 896 mundi
1940 870 2072 902 purificati
2087 876 2135 902 per
2157 869 2237 895 fldem
2251 869 2285 895 Vl

1644 913 1695 939 447
1716 914 1730 939 4
1751 928 1785 932 —
1804 921 1857 940 non
1875 914 2031 946 indigebant
2053 914 2103 940 nisi
2127 914 2224 940 lotione
2242 920 2286 946 pe-

1644 957 1708 983 dum
1729 958 1780 983 426
1800 958 1827 983 11
2232 977 2233 980 1

1696 1015 1732 1020 -
1743 1001 1861 1028 Christus
1873 1003 1961 1028 omnia
1975 1002 2055 1029 dabat
2069 1002 2209 1035 Apostolis‚
2223 1009 2285 1028 cum

1644 1049 1699 1071 erat
1717 1053 1778 1072 cum
1797 1047 1850 1078 eis,
1869 1047 1932 1080 quin
1952 1050 2070 1079 peterent
2084 1042 2183 1073 V1‘464
2203 1047 2236 1072 38
2249 1060 2287 1066 —

1643 1090 1801 1122 nescierunt,
1819 1097 1835 1116 a
1854 1098 1908 1124 quo
1928 1090 2054 1117 deberent
2072 1094 2162 1123 petere
2174 1090 2236 1117 ibid.
2249 1106 2285 1110 —-

1644 1135 1670 1160 in
1695 1134 1842 1167 praesentia
1870 1134 1966 1161 Christi
1991 1142 2043 1161 non
2071 1134 2238 1167 indigebant,
2257 1138 2286 1162 ut

1644 1186 1694 1211 pro
1714 1179 1752 1205 eis
1770 1182 1857 1205 oraret
1886 1178 1936 1205 472
1957 1179 1991 1205 24
2010 1193 2046 1198 -
2064 1178 2182 1205 Christus
2200 1179 2286 1206 oravit

1643 1231 1693 1256 pro
1712 1224 1844 1256 Apostoiis
1863 1224 1897 1250 ad
1910 1224 2000 1250 salutis
2014 1224 2224 1256 impetrationem
2238 1231 2286 1257 per

1645 1268 1781 1300 meritum,
1801 1268 1836 1294 ad
1846 1268 2060 1298 ,consolationem
2079 1275 2127 1301 per
2145 1267 2228 1294 verba
2242 1275 2285 1294 au-

1644 1313 1712 1344 dita,
1731 1312 1765 1338 ad
1784 1312 1961 1338 eruditionem
1981 1313 2015 1339 de
2042 1313 2161 1339 oratione
2180 1313 2226 1339 474
2251 1313 2280 1338 24

1643 1372 1678 1375 —
1697 1356 1816 1383 Christus
1834 1360 1892 1382 orat
1904 1364 1953 1389 pro
1966 1358 2106 1390 Apostolis‚
2119 1360 2148 1383 ut
2160 1357 2217 1383 eius
2230 1364 2286 1383 ora-

1644 1401 1712 1427 tione
1731 1401 1856 1427 fiduciam
1876 1401 2025 1433 concipiant
2043 1405 2069 1428 et
2088 1402 2215 1434 gaudium
2234 1402 2287 1434 pie-

1643 1453 1707 1472 num
1727 1452 1774 1478 per
1793 1452 1868 1479 spem
1888 1446 2063 1472 exauditionis
2081 1449 2107 1472 et
2125 1454 2158 1472 ne
2177 1446 2284 1473 turben-

1643 1493 1685 1516 tur
1704 1497 1752 1523 per
1771 1490 1944 1516 diffidentiam
1965 1490 2016 1516 472
2037 1491 2070 1516 25

1696 1549 1732 1553 -
1749 1534 1868 1561 Christus
1887 1535 1952 1567 petit
1971 1542 2019 1567 pro
2038 1535 2169 1568 Apostoiis
2182 1542 2286 1562 conser-

1643 1579 1776 1605 vationem
1796 1579 1822 1605 in
1841 1578 1912 1605 bono
1937 1582 1963 1605 et
1980 1578 2161 1606 liberationem
2181 1587 2196 1605 a
2215 1581 2285 1606 malo

1643 1624 1676 1650 Vl
1697 1624 1747 1650 470
1769 1624 1811 1649 42.
1832 1623 1877 1649 471
1903 1624 1936 1649 20
1956 1623 2121 1650 -Christus
2134 1625 2205 1657 petit,
2218 1625 2286 1657 Apo·

1642 1669 1722 1695 stolos
1740 1669 1872 1695 removeri
1891 1676 1905 1694 a
1924 1669 1994 1694 maio
2014 1676 2156 1701 perversae
2174 1669 2286 1695 affectio-

1642 1714 1683 1740 nis
1701 1717 1728 1740 et
1752 1714 1848 1740 erroris
1872 1714 1922 1739 473
1943 1714 1986 1745 27,
2006 1714 2039 1739 28
2058 1728 2094 1732 —
2112 1714 2138 1739 in
2166 1713 2285 1740 absentia

1642 1758 1737 1785 Christi
1757 1759 1876 1791 indigent
1904 1758 2102 1784 conservatione
2131 1759 2212 1784 Patris
2232 1758 2283 1784 472

1643 1803 1676 1829 24
1696 1817 1731 1822 —-
1749 1803 1868 1829 Christus
1887 1802 2006 1835 petebat,
2027 1804 2166 1835 Apostolos
2190 1801 2286 1828 salvari

1642 1851 1668 1873 et
1686 1848 1795 1880 servari,
1813 1855 1846 1873 ne
1866 1850 2082 1873 converterentur
2100 1847 2134 1873 ad
2154 1847 2285 1873 mundum

1642 1898 1690 1923 per
1709 1898 1827 1916 amorem
1848 1890 1897 1916 473
1919 1891 1952 1916 28

1696 1950 1730 1953 -
1749 1935 1846 1961 servati
1859 1942 1873 1960 a
1893 1934 1995 1961 Christo
2016 1938 2041 1960 et
2059 1941 2073 1960 a
2092 1935 2167 1960 Patre
2186 1935 2219 1960 vt
2234 1934 2285 1960 472

1644 1979 1686 2004 24.
1706 1979 1757 2004 474
1777 1979 1810 2005 32
1831 1994 1866 1997 -
1884 1978 2003 2005 Christus
2022 1979 2046 2004 in
2067 1979 2212 2011 praesentia
2227 1986 2286 2005 con-

1643 2023 1767 2049 servabat
1784 2023 1929 2055 discipulos
1946 2023 2102 2055 dispositive
2121 2023 2240 2055 exemplo
2261 2025 2286 2049 et

1643 2067 1800 2099 eruditione,
1820 2068 1868 2094 sed
1897 2068 2006 2093 interius
2024 2068 2144 2094 effective
2161 2074 2222 2094 cum
2242 2068 2287 2093 Pa-

1644 2114 1683 2137 tre
1702 2115 1729 2138 ut
1749 2112 1818 2138 Deus
1838 2112 1889 2138 474
1910 2113 1943 2138 32
1963 2127 1998 2131 -
2011 2113 2135 2138 servandi
2150 2116 2175 2138 et
2193 2112 2287 2138 sancti-

1645 2155 1741 2182 ficandi
1759 2157 1861 2182 ratione
1880 2157 2014 2182 commissi
2038 2157 2117 2182 officii
2135 2160 2161 2182 et
2180 2164 2229 2189 pro
2248 2156 2287 2182 eis

1644 2200 1724 2226 oblati
1751 2201 1871 2227 sacrificii
1891 2201 1942 2227 473
1962 2202 1996 2227 30
2016 2217 2051 2219 -
2076 2201 2210 2227 debebant
2227 2208 2287 2227 0011-

1644 2246 1745 2272 501ν311
1764 2246 1790 2271 111
1809 2246 1910 2271 1111111110
1929 2245 1962 2272 ib.
1983 2246 2025 2271 27.
2047 2246 2097 2271 489
2118 2246 2151 2271 67

1698 2305 1732 2308 —
1754 2291 1779 2315 in
1799 2291 1929 2322 Apostoiis
1957 2294 2012 2316 erat
2040 2291 2153 2322 Spiritus
2180 2292 2287 2316 sanctus

1645 2334 1670 2360 in
1689 2342 1738 2360 suo
1757 2335 1850 2360 effectu
1871 2335 2010 2360 manifesto
2030 2335 2063 2360 Vi
2084 2334 2135 2360 443
2150 2334 2183 2360 37
2196 2349 2231 2353 -
2244 2335 2286 2360 113-

1645 2378 1743 2404 bebant
1761 2378 1887 2410 Spiritum
1915 2382 2034 2404 sanctum
2060 2379 2094 2404 ad
2120 2379 2286 2410 diligendum

1645 2426 1670 2449 et
1689 2423 1811 2449 mandata
1830 2423 2006 2454 servandum,
2032 2424 2079 2449 sed
2098 2423 2136 2449 eis
2155 2423 2287 2455 promitte-

1645 2467 1722 2493 batur
1741 2467 1774 2493 ad
1794 2468 1936 2499 ampliores
1955 2469 2062 2493 effectus
2081 2471 2107 2494 et
2126 2468 2211 2494 maius
2230 2475 2286 2494 mu-

1645 2519 1694 2538 nus
1723 2511 1773 2537 442
1801 2511 1834 2538 34
1853 2526 1888 2530 --
1908 2511 2058 2538 habuerunt
2086 2512 2211 2544 Spiritum
2231 2519 2287 2538 san-

1644 2560 1715 2582 ctum
1734 2560 1793 2582 ante
1812 2557 1962 2588 passionem
1990 2564 2038 2589 per
2057 2556 2168 2589 gratiam
2187 2556 2222 2582 ad
2245 2563 2287 2582 sa-

1644 2601 1704 2627 lutis
1722 2608 1786 2627 suae
1805 2601 1994 2634 operationem,
2018 2604 2078 2627 ante
2105 2601 2285 2627 ascensionem

1644 2646 1677 2672 ad
1698 2648 1866 2678 peccatorum
1895 2646 2093 2677 remissionem,
2111 2648 2171 2678 post
2198 2652 2287 2671 ascen·

1644 2691 1744 2716 sionem
1764 2690 1798 2716 ad
1818 2690 1878 2716 fidei
1898 2689 2103 2722 publicationem
2123 2689 2175 2715 514
2195 2690 2228 2715 50
2248 2704 2283 2708 ——

1644 2742 1696 2760 non
1716 2737 1837 2767 poterant
1854 2734 1972 2766 recipere
1985 2734 2111 2766 Spiritum
2126 2737 2244 2760 sanctum
2259 2734 2285 2759 in

1644 2779 1791 2812 praesentia
1811 2778 1918 2811 Christi,
1938 2779 2000 2811 quia
2029 2785 2080 2804 non
2100 2777 2287 2804 desiderabant

1644 2823 1721 2849 aliam
1740 2823 1944 2849 consolationem
1966 2822 2017 2848 458
2038 2823 2079 2848 13.
2100 2822 2150 2848 460
2171 2822 2204 2848 24

1697 2881 1732 2885 -
1752 2867 1824 2892 Unus
1842 2874 1872 2893 ex
1892 2867 2032 2892 duodecim
2047 2873 2100 2892 non
2114 2866 2209 2892 mansit
2222 2866 2284 2892 fide-

1644 2912 1674 2937 lis
1703 2911 1736 2937 Vl
1757 2911 1808 2937 337
1829 2911 1880 2936 106
1899 2926 1934 2929 -
1953 2910 1987 2937 de
2016 2910 2163 2942 proditione
2192 2909 2284 2936 tristati

1645 2956 1686 2981 Vii
1708 2955 1759 2981 549
1780 2956 1813 2981 33
1833 2970 1867 2974 —
1887 2958 1960 2981 erant
1979 2955 2142 2986 innocentes,
2160 2954 2222 2988 quia
2235 2961 2286 2980 nec

1643 3000 1811 3026 consentanei
1843 2999 1984 3032 proditioni
2012 2998 2107 3025 Christi
2134 3006 2182 3024 nec
2205 2999 2284 3024 etiam

1643 3045 1741 3071 conscii
1760 3043 1823 3070 ibid.
1841 3059 1877 3062 -
1896 3043 2007 3076 quilibet
2026 3043 2146 3069 turbatur
2165 3043 2193 3068 in
2212 3050 2241 3068 se
2259 3046 2285 3068 et

1644 3089 1678 3115 dc
1696 3096 1732 3120 se,
1753 3096 1786 3114 ne
1806 3088 1839 3114 ab
1853 3088 1909 3114 aliis
1923 3088 2073 3113 crederetur
2086 3094 2143 3113 esse
2157 3087 2285 3119 proditor,

1643 3136 1669 3159 et
1687 3136 1796 3165 propter
1824 3132 2021 3158 haesitationem
2041 3132 2075 3157 de
2093 3132 2150 3157 aliis
2168 3130 2230 3158 ibid.
2248 3146 2284 3150 —

1644 3185 1697 3203 non
1728 3180 1780 3203 tam
1813 3177 1956 3202 contristati
1986 3179 2047 3202 sunt
2078 3176 2112 3202 de
2142 3175 2285 3208 proditoris

1644 3223 1719 3254 culpa
1745 3228 1826 3254 quam
1846 3228 1894 3254 pro
1908 3220 2000 3247 iniuria
2023 3221 2135 3246 Domino
2149 3219 2284 3246 inferenda

1644 3266 1676 3292 Vi
1703 3266 1754 3291 338
1782 3265 1828 3291 111
1862 3279 1896 3283 -
1924 3264 2060 3298 inquirunt
2087 3264 2121 3290 de
2148 3264 2284 3296 proditore

1643 3309 1739 3337 Christi
1766 3316 1819 3335 non
1847 3311 1954 3341 propter
1982 3308 2159 3334 curiositatem
2183 3307 2284 3334 sciendi

1643 3355 1748 3386 culpam
1776 3353 1888 3386 proximi
1918 3352 1968 3378 429
1988 3353 2021 3378 29
2040 3366 2077 3371 —
2100 3352 2284 3385 unusquisque

1644 3398 1760 3429 timebat,
1772 3405 1807 3423 ne
1819 3399 1875 3429 ipse
1894 3400 1963 3423 esset
1981 3397 2090 3423 traditor
2104 3396 2208 3422 Domini
2228 3395 2276 3422 434

1645 3442 1673 3468 4i
1691 3456 1726 3462 -
1739 3442 1839 3468 occulte
1851 3444 1981 3475 quaerunt
1994 3441 2028 3467 de
2047 3441 2171 3467 traditore
2190 3438 2251 3466 ibid.
