2476 3921
148 498 207 522 Item,
222 497 265 525 pie.

136 710 161 730 Et
175 711 266 731 versute.

152 1079 267 1100 curiositas

164 1105 260 1127 Herodis.

149 1660 212 1687 Optat
226 1659 253 1679 si-

122 1692 184 1712 gnum
192 1686 273 1707 videre.

142 1978 264 2004 interrogat.

284 296 347 328 568

283 392 440 425 usurpare
471 383 555 425 quod
578 382 670 416 alieni
697 385 771 416 ‘erat
794 382 888 421 iuris,
912 382 1001 424 quia,
1025 381 1064 414 ad
1088 382 1242 414 Romanos

283 437 404 469 decimo
428 436 565 475 terti01,
594 449 609 465 α
626 435 727 468 omnis
751 438 887 477 potestas
910 435 1053 467 ordinata
1076 438 1124 467 est
1140 447 1169 465 ι».
1188 434 1242 466 Fe-

285 490 326 523 cit
349 490 442 523 etiam
463 489 533 532 pie,
557 489 632 531 quia
648 488 795 527 credidit,
819 488 903 530 quod
923 487 1059 520 Herodes
1082 487 1242 520 hominem

285 552 378 576 suum
402 543 442 575 ab
465 542 582 584 iniquis
604 542 733 574 deberet
756 541 993 574 accusatoribus
1016 541 1169 578 liberare,
1194 548 1242 572 se-

285 596 422 629 cundum
447 595 525 639 illud
550 594 753 628 Ecclesiastici
785 594 907 627 decimo
930 594 1083 626 octavo2:
1115 606 1130 622 α
1154 593 1242 625 Mise-

284 649 365 681 ratio
387 648 524 681 hominis
555 648 638 681 circa
661 647 844 689 proximum
868 656 961 679 suum
980 660 1010 678 ».
1042 646 1125 679 Fecit
1148 646 1242 678 etiam

284 706 429 740 versate,
454 702 528 744 quia
551 701 650 734 voluit
673 709 770 742 super
793 709 886 733 suum
919 699 1134 732 adversarium
1160 699 1242 740 peri-

286 754 429 787 culosum
460 753 612 786 iudicium
635 753 819 791 devolvere,
843 752 943 784 voluit
974 752 1067 784 etiam
1092 751 1160 784 eius
1192 759 1242 783 ca-

285 807 436 840 lumniam
468 807 643 844 declinare,
675 805 774 838 voluit
805 805 898 838 etiam
929 805 956 837 ei
989 804 1113 846 placere
1136 803 1174 836 de
1206 812 1243 836 eo

286 860 370 902 quod
386 860 463 892 nihil
480 859 537 893 sibi
554 858 724 892 constabat.
750 858 796 890 Ex
820 867 883 899 quo
907 860 1037 898 apparet
1059 856 1136 889 illud
1158 855 1243 898 quod

285 922 383 955 supra
412 913 531 946 decimo
555 915 645 944 sexto
661 911 674 930 ³
698 911 817 943 dictum
840 913 905 943 est:
935 922 951 938 «
966 909 1031 942 Filii
1056 909 1152 941 huius
1176 917 1243 941 sae-

286 966 348 999 culi
367 965 586 1008 prudentiores
601 964 673 996 filiis
689 964 768 996 lucis
783 963 815 995 in
832 963 1031 1005 generatione
1048 971 1105 995 sua
1121 965 1195 994 sunt
1211 975 1241 993 ».

377 1020 426 1050 10.
451 1018 551 1059 (Vers.
577 1017 632 1057 8.).
658 1015 800 1049 Secundo
823 1018 978 1057 quantum
1002 1015 1040 1047 ad
1064 1015 1243 1047 curiosita-

286 1075 348 1104 tem
371 1071 512 1103 Herodis
539 1069 778 1112 interroyantis
794 1068 914 1101 subdit:
938 1068 1083 1100 Herodes
1110 1071 1242 1106 autem,

285 1124 355 1156 viso
372 1124 462 1162 lesa,
483 1123 624 1165 gavisus
640 1126 687 1154 est
708 1122 820 1160 valde,
845 1130 907 1153 non
924 1124 1054 1162 propter
1078 1123 1242 1162 aspectum

286 1175 493 1213 credulitatis,
518 1175 599 1208 sicut
614 1174 786 1212 Abraham,
803 1173 842 1206 de
865 1182 929 1215 quo
946 1173 1068 1205 Ioannis
1091 1173 1242 1205 octavo4:

291 1241 307 1257 «
321 1228 475 1260 Abraham
500 1227 689 1266 exsultavit,
712 1229 749 1259 ut
772 1226 893 1259 videret
915 1226 997 1258 diem
1023 1234 1147 1265 meum3
1166 1225 1244 1258 vidit

286 1284 316 1313 et
340 1280 466 1322 gavisus
489 1283 536 1312 est
553 1292 583 1311 n.
612 1297 654 1302 —
684 1280 769 1311 Erat
790 1278 876 1310 enirn
907 1278 1042 1320 cupiens
1073 1287 1112 1310 ex
1139 1277 1244 1310 multo

287 1338 427 1376 tempore
455 1333 564 1366 videre
594 1343 668 1365 earn
681 1332 706 1371 ⁵,
730 1342 792 1365 non
824 1341 881 1373 per
908 1332 1054 1364 affectum
1087 1331 1243 1369 caritatis,

286 1387 367 1420 sicut
391 1386 443 1419 Iob
466 1386 616 1428 vigesimo
639 1385 750 1418 tertio:
781 1397 796 1413 «
813 1384 890 1425 Quis
914 1383 990 1416 mihi
1007 1383 1074 1421 det,
1098 1386 1135 1415 ut
1158 1383 1244 1415 inve-

285 1440 369 1477 niam
393 1448 465 1472 eum
491 1442 521 1472 et
544 1438 668 1471 veniam
692 1446 795 1479 usque
818 1437 857 1469 ad
881 1437 993 1470 solium
1015 1437 1084 1469 eius
1101 1439 1140 1468 »ξ’
1164 1436 1244 1468 Tali-

286 1493 347 1525 bus
370 1492 452 1525 enim
476 1492 592 1524 dicitur
624 1500 721 1533 supra
744 1490 886 1523 decimo:
915 1503 931 1518 α
948 1490 1032 1523 Beati
1056 1489 1157 1528 oculi,
1189 1489 1243 1531 qui

288 1545 394 1578 vident
417 1555 499 1587 quae
514 1554 570 1578 vos
589 1544 709 1577 videtis.
727 1544 822 1576 Amen
839 1543 908 1576 dico
924 1543 1027 1582 vobis,
1052 1542 1136 1585 quod
1152 1542 1243 1575 multi

288 1608 378 1641 reges
394 1612 409 1628 »
434 1602 491 1632 etc.
517 1599 581 1631 Non
606 1598 650 1631 sic
674 1597 823 1635 Herodes,
848 1596 903 1629 sed
926 1605 967 1629 ex
991 1596 1182 1629 curiositate.
1200 1614 1245 1619 —-

288 1652 373 1685 Unde
389 1652 486 1685 addit:
505 1652 550 1684 Eo
567 1652 654 1695 quod
670 1650 803 1684 audiret
825 1650 933 1683 malta
949 1650 988 1683 de
1011 1649 1066 1682 illo
1079 1650 1109 1688 ⁶,
1133 1653 1163 1682 et
1177 1659 1245 1691 spe-

285 1704 384 1737 rabat
407 1705 542 1748 signam
566 1704 702 1748 aliqaod
724 1704 835 1736 videre
858 1703 900 1744 ab
924 1713 959 1736 eo
983 1702 1077 1745 fieri,
1109 1711 1166 1745 per
1190 1711 1244 1744 ap—

284 1757 416 1800 petitum
452 1757 660 1796 curiositatis;
697 1766 795 1798 supra
826 1765 926 1789 nono:
955 1769 971 1784 α
988 1755 1112 1789 Audivit
1147 1756 1242 1788 Hero-

284 1810 339 1843 des
363 1811 521 1848 tetrarcha
537 1819 618 1852 quae
634 1810 751 1842 fiebant
774 1809 814 1841 ab
837 1818 874 1842 eo
890 1822 922 1848 n,
945 1821 959 1837 α
977 1813 1008 1841 et
1024 1808 1088 1841 ait:
1104 1808 1181 1850 Quis
1197 1812 1244 1841 est

284 1863 352 1903 hic,
376 1863 415 1896 de
431 1873 494 1906 quo
509 1863 602 1896 audio
625 1863 725 1895 talia?
749 1862 785 1894 Et
808 1862 980 1904 quaerebat
1003 1861 1109 1894 videre
1126 1871 1199 1895 eum
1212 1875 1243 1893 ».

376 1917 426 1948 11.
453 1916 553 1957 (Vers.
579 1916 634 1956 9.).
658 1916 695 1947 Et
718 1915 793 1957 quia
809 1915 975 1948 curiositas
998 1915 1136 1947 maxime
1160 1914 1244 1957 viget

284 1969 366 2002 circa
390 1970 492 2002 visum
516 1972 548 2001 et
563 1968 721 2006 auditum,
743 1968 916 2001 secundum
940 1967 1017 2001 illud
1041 1968 1244 2001 Ecclesiastae

285 2022 429 2063 primo⁷:
458 2035 474 2050 α
491 2022 555 2054 Non
588 2024 750 2054 saturatur
773 2022 885 2054 oculus
912 2021 998 2061 visu,
1025 2030 1129 2063 neque
1156 2021 1244 2054 auris

284 2075 394 2107 auditu
418 2074 567 2116 impletur
583 2086 619 2113 ›>;
644 2074 713 2107 ideo
744 2074 850 2107 addit:
874 2074 1110 2117 Interroyabat
1132 2078 1243 2107 autem

285 2126 405 2159 illztm³
430 2126 543 2159 multis
565 2126 773 2160 sermonibus
782 2139 793 2166 ,·
823 2126 1070 2170 interrogabat,
1096 2127 1243 2169 inquam,

286 2189 348 2212 non
372 2179 453 2212 sicut
476 2180 731 2219 studiosus,'sed
763 2180 845 2213 sicut
869 2180 1035 2219 curiosus3
1068 2189 1131 2212 non
1163 2180 1245 2213 sicut

286 2236 424 2272 amator,
452 2233 506 2266 sed
541 2233 622 2266 sicut
647 2236 797 2273 tentator,
822 2233 995 2266 secundum
1028 2233 1106 2266 illud
1142 2233 1245 2266 Eccle-

287 2286 399 2319 siastici
424 2286 543 2319 decimo
559 2287 665 2320 tertio:
696 2300 711 2316 «
730 2287 774 2320 Ex
799 2287 899 2320 multa
915 2287 1039 2329 loquela
1064 2287 1196 2320 tentabit
1212 2291 1243 2320 te

358 2472 366 2486 ¹
388 2473 463 2498 Vers.
486 2474 515 2498 l:
535 2473 590 2498 Non
610 2476 648 2499 est
661 2473 731 2499 enim
752 2477 866 2505 potestas
878 2474 927 2500 nisi
948 2482 962 2500 a
982 2475 1049 2506 Deo;
1069 2483 1138 2508 quae
1156 2479 1244 2504 autem

288 2520 347 2542 sunt
370 2524 384 2542 a
404 2517 458 2542 Deo
480 2517 614 2542 ordinatae
634 2520 702 2543 sunt.
716 2532 750 2536 —
764 2518 952 2550 Theophylact.
978 2519 1002 2544 in
1025 2520 1087 2545 Luc.
1101 2521 1148 2551 23,
1168 2520 1244 2545 6-27:

288 2560 466 2585 Romanorum
486 2561 571 2592 legem
591 2567 716 2593 sequens,
737 2561 831 2587 Pilatus
851 2562 927 2588 mittit
952 2563 1092 2588 Dominum
1112 2563 1146 2589 ad
1168 2564 1246 2589 Hero-

288 2604 357 2629 dem.
379 2604 420 2629 llla
439 2604 508 2629 enim
529 2607 617 2635 cavet,
637 2608 665 2630 ut
684 2606 865 2638 unusquisque
884 2613 899 2631 a
918 2606 1035 2638 principe
1048 2614 1112 2632 suae
1130 2608 1246 2640 regionis

288 2647 432 2678 iudicetur5
452 2647 512 2672 ideo
531 2651 557 2673 et
575 2651 700 2681 tanquam
713 2649 854 2674 Galilaeum
876 2649 959 2675 lesum
979 2650 1056 2676 mittit
1074 2651 1186 2683 principi
1200 2652 1246 2677 Ga-

287 2691 383 2716 lilaeae.
1078 2694 1088 2709 ²
1107 2695 1183 2720 Vers.
1204 2696 1245 2720 12.

359 2734 369 2749 ³
390 2735 463 2761 Vers.
485 2736 509 2761 8.
530 2750 563 2754 —
583 2736 666 2766 Beda,
686 2736 728 2762 VI.
747 2736 773 2761 in
792 2737 853 2762 Luc.
878 2738 927 2767 23,
947 2738 970 2762 6.
997 2745 1065 2771 seq.:
1085 2739 1184 2764 Verum
1210 2740 1246 2765 di-

287 2780 348 2805 vina
373 2780 551 2811 providentia,
571 2787 605 2805 ne
629 2788 680 2813 qua
706 2780 807 2806 ludaeis
826 2782 956 2807 excusatio
982 2786 1140 2814 remaneret,
1167 2784 1244 2816 quasi

287 2831 339 2849 non
361 2824 422 2855 ipsi,
443 2824 489 2849 sed
509 2824 634 2856 Romani,
650 2824 780 2850 Christum
795 2825 981 2857 crucifixerint,
994 2827 1111 2852 Herodes
1124 2834 1245 2860 quoque,

288 2868 333 2901 qui
355 2872 415 2893 natu
436 2872 461 2894 et
480 2869 604 2900 religione
624 2872 679 2894 erat
697 2869 821 2900 Iudaeus,
836 2876 896 2894 cum
910 2870 1023 2896 exercitu
1043 2877 1106 2902 suo,
1125 2871 1189 2904 quid
1211 2872 1245 2897 de

288 2912 331 2937 illo
351 2913 476 2943 senserit,·
496 2916 534 2938 est
555 2916 685 2938 ostentare
698 2913 852 2944 permissus.
878 2914 959 2939 Simul
973 2917 998 2940 et
1011 2914 1130 2946 impietas
1150 2916 1245 2941 utrius-

288 2963 340 2988 que
359 2956 522 2988 provinciae,
542 2957 652 2982 Iudaeae
665 2957 779 2988 scilicet,
799 2958 824 2982 in
845 2965 896 2990 qua
910 2961 998 2989 natus,
1017 2962 1043 2984 et
1061 2959 1201 2992 Galilaeae,
1219 2960 1244 2985 in

287 3007 339 3032 qua
367 3001 479 3026 nutritus
508 3003 547 3026 est
574 3003 599 3026 et
627 3004 812 3032 conversatus,
832 3002 857 3027 in
877 3002 933 3028 eius
952 3009 1043 3028 necem
1072 3003 1245 3036 conspirantis

288 3044 440 3069 ostenditur.

358 3087 368 3102 4
389 3088 465 3113 Vera.
484 3088 528 3114 56.
541 3101 576 3107 —
590 3085 717 3121 Superius
729 3096 778 3121 pro
797 3096 852 3116 non
870 3092 983 3124 propter
1006 3092 1143 3124 aspectum
1162 3090 1180 3118 C
1192 3092 1244 3117 DH

286 3138 342 3159 non
356 3138 408 3166 per
428 3134 573 3166 aspectum.

359 3175 370 3190 ⁶
389 3176 472 3202 Codd.
491 3176 649 3203 ACDGH:
669 3178 739 3204 Erat
756 3177 827 3204 enim
846 3177 932 3204 multo
945 3180 1063 3212 tempore
1081 3179 1190 3213 capiens
1210 3179 1245 3206 vi-

288 3218 350 3246 dere
369 3227 439 3246 eum.
458 3234 494 3239 —
513 3220 569 3246 Duo
588 3228 662 3254 seqq.
682 3221 732 3248 loci
751 3224 810 3247 sunt
829 3221 874 3247 lob
893 3222 940 3253 23,
960 3223 984 3248 3.
1004 3225 1029 3248 et
1047 3223 1109 3249 Luc.
1131 3224 1174 3254 lo,
1201 3224 1243 3249 23.

287 3270 356 3297 seq.;
376 3265 423 3290 cfr.
445 3265 532 3290 Matth.
553 3265 599 3296 13,
619 3266 662 3291 16.
681 3273 736 3299 seq.

358 3306 369 3322 ⁰
388 3308 422 3334 lta
441 3308 519 3334 etiam
538 3309 622 3340 Beda,
641 3309 718 3336 Card.
738 3311 814 3342 nugo
840 3313 865 3336 et
884 3311 911 3336 B.
931 3310 1039 3344 Albert.;
1059 3312 1171 3344 Vulgata
1195 3318 1244 3338 au-

287 3351 375 3379 dierat
391 3353 479 3379 multa
498 3352 530 3379 de
549 3359 587 3380 eo.
606 3367 642 3373 —
660 3353 777 3380 Subinde
796 3354 941 3387 allegantur
959 3355 1022 3381 Luc.
1043 3356 1073 3387 9,
1091 3355 1117 3381 7.
1136 3359 1161 3382 et
1180 3357 1204 3382 9.

358 3396 368 3412 ⁷
388 3397 463 3424 Vers.
482 3398 510 3429 8,
532 3397 577 3424 ubi
596 3405 645 3430 pro
663 3400 807 3426 saturatur
820 3400 840 3425 A
851 3398 870 3426 C
882 3399 934 3425 DG
958 3399 1137 3433 saturabitur,
1151 3404 1176 3427 et
1195 3407 1244 3433 pro

287 3440 414 3475 impletur
433 3442 452 3468 Α
464 3442 485 3467 G
503 3441 665 3476 implebitur.

854 293 1047 326 COMMENT.
1073 293 1109 327 IN
1132 292 1370 326 EVANGELIUM
1394 292 1510 325 LUCAE
1534 291 1566 324 C.
1591 291 1690 324 XXIII.

1305 384 1335 413 et
1358 380 1525 413 subridens
1548 378 1755 420 interrogabit
1778 381 1807 411 te
1824 378 1862 411 de
1885 377 2073 411 absconditis
2096 378 2159 410 tuis
2176 391 2206 409 n.
2220 396 2263 401 —

1305 433 1341 465 Et
1364 432 1438 474 quia
1458 432 1527 465 talis
1551 441 1613 464 non
1631 435 1772 464 meretur
1796 431 1959 463 veritatem
1976 430 2101 469 audire,
2125 430 2194 463 ideo
2210 430 2263 463 ad-

1304 485 1408 518 ditur:
1434 486 1478 517 At
1502 485 1570 527 ipsc
1585 483 1670 517 nihil
1693 483 1743 516 illi
1757 483 1983 525 respondebat.
2008 482 2148 516 Tacebat‘
2157 486 2262 516 autem

2293 490 2406 512 Silentium

2308 517 2388 538 Christi

1305 538 1449 570 Christus
1465 537 1496 569 in
1516 536 1700 579 exemplum
1712 536 1931 578 prudentiae,·
1955 535 2197 568 Proverbiorum
2217 535 2262 567 vi-
2288 544 2408 570 exemptum

1306 591 1423 632 gesimo
1447 590 1582 623 sexto⁰z
1612 602 1627 618 «
1644 590 1687 622 Ne
1710 588 1901 630 respondeas
1924 588 2021 621 stulto
2044 588 2138 621 iuxta
2161 588 2263 621 stulti-

1306 643 1380 675 tiam
1406 651 1542 675 suam».
1569 643 1688 675 Iustum
1713 645 1818 674 autem
1843 644 1907 680 est,
1932 641 2067 683 indignis
2086 641 2192 673 divina
2214 650 2264 675 ce-

1306 695 1382 734 lari;
1407 695 1491 728 unde
1519 695 1626 728 Glossa
1644 695 1687 726 1⁰:
1718 707 1733 723 α
1750 694 1877 733 Tacuit,
1901 694 1977 736 quia
2005 693 2132 726 Herodis
2163 694 2265 727 incre-

1305 748 1421 780 dulitas
1454 757 1517 780 non
1545 748 1728 780 merebatur
1763 747 1874 780 audire
1905 746 2027 785 divina,
2051 750 2082 779 et
2113 746 2265 780 Dominus

1306 801 1482 834 iactantiam
1514 801 1689 834 declinabat
1710 813 1744 840 »3
1769 800 1914 833 Matthaei
1947 799 2101 842 septimo:
2134 812 2149 828 α
2166 799 2266 833 Nolite

1306 857 1449 887 sanctum
1485 854 1561 887 dare
1597 854 1728 887 canibus
1764 862 1867 896 neque
1898 853 2085 895 margaritas
2116 862 2265 895 spargere

1305 911 1378 939 ante
1394 916 1506 949 porcos
1523 921 1552 939 ».
1574 926 1613 930 —
1627 907 1701 939 Item
1712 933 1720 946 ,
1737 907 1769 939 in
1785 907 1968 949 exemptum
1989 906 2170 949 patientiae
2177 918 2189 945 ,·
2212 906 2265 939 Iob

1307 960 1466 1001 trigesimo
1491 960 1592 1001 primo
1606 961 1650 992 ¹¹:
1680 973 1696 988 «
1713 960 1742 993 Si
1767 960 1882 1001 expavi
1903 960 1941 992 ad
1969 959 2201 992 multitudinem
2218 959 2265 992 ni-

1306 1013 1400 1045 miam
1412 1038 1419 1051 ,
1437 1016 1467 1045 et
1482 1013 1640 1054 despectio
1661 1013 1912 1055 propinquorum
1936 1013 2052 1045 terruit
2075 1021 2140 1051 me,
2157 1016 2188 1045 et
2203 1021 2265 1045 non

1306 1065 1406 1106 magis
1429 1065 1513 1098 tacui
1528 1077 1564 1103 »;
1582 1074 1678 1107 super
1703 1074 1766 1107 quo
1782 1065 1971 1107 Gregorius:
2002 1078 2017 1093 «
2033 1065 2108 1097 Boni
2132 1074 2190 1098 nec
2213 1064 2266 1098 de-

1306 1117 1403 1159 specti
1427 1126 1485 1150 sua
1515 1118 1675 1159 aperiunt,
1708 1127 1780 1150 cum
1810 1118 1878 1151 aliis
1910 1127 1971 1151 non
1996 1122 2148 1160 prosuut;
2181 1118 2266 1160 quod

1306 1173 1388 1202 esset
1412 1179 1445 1202 se
1476 1170 1655 1209 ostendere,
1680 1180 1743 1203 non
1773 1171 1937 1212 prodesse,
1969 1174 2006 1204 ut
2038 1171 2123 1204 lesus
2153 1170 2265 1204 Herodi

1306 1232 1369 1255 non
1393 1223 1556 1265 quaerenti
1581 1223 1757 1265 profectum
1782 1225 1895 1264 tacuit,
1920 1227 1951 1257 et
1974 1224 2045 1257 inde
2062 1233 2174 1267 passus
2205 1227 2265 1263 est,

1307 1284 1340 1308 se
1363 1275 1498 1308 derideri
1516 1289 1547 1307 ».
1565 1295 1607 1301 —
1625 1276 1719 1315 Item,
1737 1277 1942 1309 innocentiae
1953 1289 1964 1315 ,·
1990 1277 2073 1310 unde
2096 1277 2204 1310 Glossa
2221 1277 2265 1309 ¹²:

1312 1340 1327 1356 «
1344 1328 1452 1360 Melior
1476 1332 1522 1361 est
1539 1338 1648 1368 causa,
1673 1338 1754 1371 quae
1770 1339 1832 1362 non
1855 1330 2033 1363 defenditur
2050 1334 2081 1363 et
2101 1330 2264 1372 probatur.

1308 1382 1450 1413 Susanna
1474 1382 1572 1414 tacuit
1595 1385 1627 1414 et
1650 1382 1754 1415 vicit»
1768 1409 1775 1421 ,
1800 1383 1882 1415 sicut
1905 1383 2021 1416 dicitur
2053 1384 2189 1416 Danielis
2212 1383 2265 1417 de-

1308 1434 1388 1466 cimo
1401 1434 1503 1467 tertio.
1517 1453 1559 1459 —
1574 1435 1659 1474 Item,
1674 1435 1704 1467 in
1718 1436 1901 1478 exemplam
1918 1436 2132 1477 confidentiae
2140 1449 2152 1475 ;
2168 1436 2267 1470 Exodi

1307 1486 1428 1520 decimo
1445 1491 1559 1529 quarto
1572 1488 1612 1520 l³:
1637 1501 1651 1516 «
1665 1488 1725 1521 Vos
1742 1489 1897 1528 tacebitis,
1910 1492 1941 1522 et
1953 1489 2104 1523 Dominus
2116 1490 2268 1533 pugnabit

1308 1549 1366 1582 pro
1379 1540 1467 1573 vobis
1479 1553 1509 1572 ».
1524 1559 1568 1564 -
1584 1541 1616 1573 In
1632 1541 1814 1583 exemplam
1832 1542 2049 1581 obedientiae;
2065 1543 2160 1576 Isaiae
2176 1543 2268 1585 quin-

1308 1594 1490 1636 quagesimo
1514 1594 1624 1627 tertio:
1655 1608 1670 1623 «
1687 1595 1773 1628 Sicut
1796 1604 1897 1637 agnus
1921 1604 2026 1628 coram
2055 1596 2203 1629 tondente
2234 1605 2267 1629 se

1307 1646 1504 1679 obmutescet
1521 1659 1550 1678 ».
1568 1665 1612 1669 —-
1629 1647 1660 1679 In
1685 1647 1868 1690 exemptum
1882 1648 2167 1690 perseverantiae‚·
2183 1648 2267 1681 uude

1307 1691 1480 1732 Glossassi
1501 1712 1517 1728 «
1534 1700 1683 1733 Ambiunt
1713 1700 1834 1733 defendi
1859 1699 1913 1744 qui
1943 1702 2053 1734 timent
2076 1702 2176 1741 vinci;
2208 1711 2266 1735 nec

1308 1755 1523 1786 accusatorem
1549 1753 1679 1786 tacendo
1704 1754 1886 1793 confirmat,
1911 1754 1965 1787 sed
1981 1755 2111 1797 despicit
2134 1764 2197 1788 non
2217 1764 2267 1789 re-

1307 1806 1441 1839 fellendo
1457 1818 1493 1846 »;
1518 1807 1602 1839 unde
1628 1807 1827 1840 Threnorum
1853 1808 1963 1840 tertio:
1994 1821 2009 1837 «
2026 1808 2072 1840 Ex
2096 1817 2151 1842 ore
2178 1808 2268 1842 Altis-

1308 1860 1378 1893 simi
1402 1869 1465 1893 non
1489 1860 1692 1902 egredientur
1716 1869 1773 1894 nec
1795 1862 1877 1894 mala
1900 1870 1957 1894 nec
1981 1861 2063 1894 bona
2080 1875 2109 1893 ».

1399 1915 1449 1946 12.
1474 1914 1575 1955 (Vers.
1605 1915 1679 1955 10.).
1705 1915 1809 1948 Tertio
1833 1918 1987 1957 quantum
2007 1915 2046 1948 ad
2074 1915 2268 1958 improbita-

1308 1970 1370 1999 tem
1401 1966 1505 2009 plebis
1540 1967 1733 2000 accusantis
1764 1968 1928 2001 subditur:
1954 1968 2093 2001 Stabant
2116 1972 2226 2002 autem
2242 1969 2267 1989 ¹⁵

1304 2020 1475 2062 principes
1497 2021 1708 2053 sacerdotum
1731 2025 1759 2053 et
1782 2019 1928 2061 scribae,
1957 2025 2145 2054 constanter
2168 2031 2267 2055 accu-

1307 2077 1418 2105 santes
1434 2083 1518 2105 carn.
1544 2074 1623 2107 Haec
1640 2077 1745 2107 autem
1769 2075 1958 2108 constantia
1982 2075 2084 2108 virtus
2104 2085 2167 2108 non
2183 2078 2265 2115 erat,

1309 2126 1363 2159 sed
1386 2126 1575 2168 pertinacia,
1608 2127 1683 2169 quia
1707 2136 1769 2160 non
1801 2137 1842 2161 ex
1866 2137 1973 2161 amore
1996 2129 2134 2162 iustitiae
2162 2128 2267 2162 venie-

1308 2180 1378 2219 bat,
1403 2179 1457 2212 sed
1481 2188 1522 2212 ex
1546 2180 1645 2213 livore
1661 2180 1804 2214 invidiae.
1830 2181 1909 2214 Haec
1933 2182 2016 2214 enim
2032 2185 2093 2221 est,
2118 2191 2199 2224 quae
2215 2191 2267 2215 ar-

1308 2237 1374 2266 mat
1397 2242 1451 2266 cor
1475 2234 1512 2266 ad
1537 2234 1720 2276 proximum
1737 2235 2000 2277 impugnandum;
2022 2235 2106 2268 unde
2122 2236 2268 2278 Augusti-

1309 2296 1369 2320 nus
1383 2288 1426 2320 ¹⁶:
1456 2301 1471 2318 α
1488 2288 1566 2321 Cum
1589 2297 1646 2330 per
1669 2297 1762 2321 omne
1786 2288 1898 2321 vitium
1922 2288 2042 2331 antiqui
2063 2289 2162 2322 hostis
2177 2289 2266 2322 virus

1380 2475 1390 2491 Β
1410 2478 1444 2503 lta
1465 2477 1542 2503 etiam
1556 2477 1640 2507 Beda,
1660 2476 1737 2502 Card.
1756 2476 1832 2507 nugo
1845 2479 1870 2501 et
1889 2476 1916 2501 B.
1930 2476 2040 2508 Albert.;
2060 2477 2118 2503 Vat.
2135 2484 2194 2502 cum
2210 2477 2269 2503 Vul-

1310 2523 1369 2551 gata
1389 2524 1414 2546 et
1432 2521 1454 2546 II
1473 2527 1543 2547 eam.
1563 2534 1598 2539 —
1618 2520 1740 2553 Sequitur
1760 2520 1835 2545 Eccli.
1857 2520 1901 2551 13,
1925 2520 1964 2545 l4.
2229 2543 2236 2546 .

1380 2563 1392 2578 ⁹
1411 2566 1486 2591 Vers.
1511 2565 1535 2590 4.
1554 2578 1589 2584 —
1612 2564 1738 2596 Superius
1763 2567 1823 2596 post
1848 2563 1960 2590 Tacebat
1985 2566 2076 2591 autem
2102 2564 2224 2592 Christus
2249 2566 2268 2591 B

1310 2609 1382 2635 addit
1397 2611 1510 2643 propter
1529 2611 1641 2643 septem,
1655 2611 1681 2634 et
1694 2608 1801 2634 interius
1819 2615 1868 2640 pro
1887 2609 1992 2635 Iustum
2011 2611 2101 2636 autem
2120 2611 2158 2636 est
2174 2604 2269 2636 ‘substi-

1309 2654 1371 2679 tuit:
1391 2655 1422 2680 ln
1441 2653 1595 2687 eoeemplum
1614 2652 1747 2679 iustitiae:
1766 2652 1869 2679 iustum
1888 2654 1927 2679 est
1944 2653 2024 2679 enim.

1380 2697 1404 2712 ¹⁰
1424 2698 1525 2723 Scilicet
1544 2696 1686 2723 ordinaria
1700 2696 1741 2729 (ex
1755 2696 1837 2728 Beda,
1854 2697 1899 2729 qui
1913 2697 2032 2730 sequitur
2046 2697 2180 2730 Ambros.,
2194 2698 2227 2724 X.
2241 2699 2267 2724 in

1309 2742 1371 2766 Luc.
1392 2748 1414 2766 c.
1435 2742 1478 2767 23.
1500 2748 1525 2766 n.
1549 2740 1615 2773 99),
1635 2741 1660 2766 in
1680 2747 1731 2773 qua
1751 2747 1800 2772 pro
1813 2740 1908 2766 audire
1927 2740 2018 2767 divina
2032 2745 2115 2767 textus
2134 2742 2267 2774 originalis

1309 2784 1398 2811 videre
1422 2784 1520 2811 divina.
1550 2798 1584 2803 —
1613 2783 1730 2810 Subinde
1752 2785 1879 2816 allegatur
1904 2785 1991 2810 Matth.
2010 2786 2041 2818 7,
2062 2786 2091 2817 63
2115 2787 2161 2812 cfr.
2187 2794 2266 2819 supra

1310 2835 1371 2860 pag.
1393 2829 1437 2853 191
1450 2849 1456 2861 ,
1475 2832 1535 2854 nota
1556 2829 1580 2854 2.
1603 2832 1628 2854 et
1647 2835 1708 2861 pag.
1728 2828 1793 2860 565,
1813 2832 1872 2854 nota
1894 2829 1917 2854 4.

1381 2872 1401 2886 ¹¹
1424 2873 1498 2898 Vers.
1518 2872 1559 2898 34.
1579 2886 1614 2892 -—
1634 2873 1762 2898 Sententia
1782 2873 1900 2905 Gregorii
1922 2874 2012 2906 (xxu.
2031 2875 2118 2901 Moral.
2138 2883 2161 2901 c.
2183 2876 2221 2901 16.
2241 2883 2268 2902 n.

1310 2915 1363 2948 38.)
1384 2916 1519 2941 exhibetur
1538 2915 1626 2941 verbis
1645 2917 1751 2942 Glossae
1770 2916 1927 2944 ordinariae
1942 2918 1967 2944 in
1987 2918 2031 2944 lob
2051 2919 2098 2951 31,
2118 2919 2160 2945 34.

1382 2959 1403 2974 ¹²
1424 2961 1522 2992 Nempe
1541 2960 1723 2987 interlinearis
1744 2961 1784 2994 (ex
1805 2961 1941 2994 Ambros,
1960 2963 1993 2988 X.
2014 2963 2038 2988 in
2058 2964 2120 2990 Luc.
2144 2971 2165 2989 c.
2186 2965 2229 2990 23.
2242 2971 2268 2990 n.

1310 3003 1372 3036 97.).
1392 3004 1542 3036 Allegantur
1560 3004 1624 3029 Dan.
1646 3005 1686 3035 l3,
1707 3005 1748 3031 35.
1769 3008 1794 3030 et
1814 3005 1855 3031 42.
1874 3013 1929 3039 seq.

1381 3046 1403 3062 ¹²³
1423 3048 1497 3073 Vers.
1519 3048 1560 3074 14.
1579 3061 1614 3067 -
1632 3049 1754 3081 Sequitur
1774 3049 1828 3074 lsai.
1849 3050 1896 3080 53,
1915 3050 1941 3075 7.

1382 3090 1403 3106 ¹¹
1423 3092 1525 3117 Scilicet
1543 3090 1725 3119 interlinearis
1744 3093 1784 3125 (cx
1804 3093 1939 3126 ambros,
1959 3094 1992 3119 X.
2012 3095 2038 3120 in
2057 3095 2119 3121 Luc.
2138 3102 2163 3121 c.
2180 3095 2222 3121 23.
2241 3103 2267 3121 n.

1311 3135 1379 3168 97.)‚
1399 3135 1424 3160 in
1438 3142 1490 3168 qua
1504 3142 1553 3167 pro
1565 3137 1752 3163 accusatorem
1771 3140 1854 3163 textus
1867 3137 2000 3170 originalis
2018 3139 2225 3171 accusationm,
2242 3143 2268 3165 et

1310 3186 1359 3211 pro
1378 3179 1488 3206 tacendo
1507 3180 1550 3205 ed.
1569 3180 1684 3206 Maurina
1704 3181 1828 3208 timendo.
1842 3196 1875 3200 —
1890 3182 2007 3209 Subinde
2026 3183 2152 3215 allegatur
2171 3184 2268 3211 Thren.
2284 3191 2286 3193 ’

1311 3224 1341 3254 3,
1360 3223 1403 3248 38.

1380 3265 1402 3281 ¹⁶
1421 3266 1503 3293 Codd.
1523 3267 1542 3294 C
1554 3268 1606 3293 DH
1625 3269 1725 3294 addunt
1744 3271 1776 3296 et.

1381 3310 1403 3326 ¹⁰
1423 3312 1505 3337 Serm.
1527 3312 1566 3337 18.
1595 3312 1629 3338 ad
1649 3313 1750 3339 Fratres
1775 3313 1801 3339 in
1826 3320 1916 3340 eremo
1936 3313 2014 3347 (inter
2033 3321 2113 3347 opera
2132 3310 2266 3347 August.);

1309 3355 1394 3388 prima
1414 3358 1500 3381 tamen
1520 3357 1663 3388 propositio
1683 3357 1709 3383 ln
1729 3358 1818 3383 Glossa
1837 3357 1980 3384 ordinaria
1999 3365 2079 3391 super
2098 3359 2152 3385 Gal.
2172 3359 2201 3390 5,
2222 3359 2266 3385 26.

1310 3399 1436 3432 occurrit,
1457 3399 1481 3425 in
1501 3407 1553 3433 qua
1573 3407 1675 3427 summa
1696 3401 1774 3427 buius
1793 3402 1922 3428 sermonis
1941 3401 2062 3429 habetur.

2279 569 2415 597 prudentiae.

2283 913 2342 938 Item.
2357 919 2394 940 pa-

2292 939 2388 961 tientiae.

2288 1284 2347 1309 Item,
2363 1284 2424 1307 iuno-

2309 1312 2402 1334 centiae.

2285 1444 2345 1469 Item,
2359 1445 2424 1466 conti-

2304 1471 2398 1492 dentiae.

2287 1550 2346 1575 Item‚
2362 1550 2412 1572 obe-

2301 1577 2403 1599 dientiae.

2286 1657 2345 1681 Item,
2361 1662 2434 1687 perse-

2299 1686 2416 1705 vei-antiae.

2286 1921 2413 1949 improbitas

2314 1949 2391 1976 plebis.
