2476 3921
274 204 316 236 48
878 192 1070 225 COMMENT.
1095 191 1132 223 IN
1155 189 1392 223 EVANGELIUM
1417 187 1533 220 LUCAE
1558 186 1589 218 C.
1615 186 1647 217 ll.

274 295 344 325 ctus
366 293 458 322 est».
485 288 520 320 Et
544 285 715 319 secundum
752 284 833 315 hanc
856 281 1065 314 omnimodam
1090 279 1230 321 indigen-

276 345 348 377 tiam
372 341 530 375 damnavit
545 347 670 371 avaram
689 335 898 378 opulentiam;
915 334 999 366 unde
1015 332 1192 365 Bernardus
1203 332 1228 363 ¹:

280 411 295 426 «
309 396 405 438 Elegit
420 394 514 426 Filius
538 392 592 425 Dei
616 398 786 433 pauperem
812 391 961 425 matrem,
985 395 1066 428 quae
1082 385 1136 418 vix
1154 394 1230 426 pan-

275 458 331 482 nos
355 448 485 480 haberet
516 445 554 478 ad
585 443 826 480 involvendum,
850 444 881 473 et
905 448 1053 482 praesepe
1076 438 1115 471 ad
1139 437 1231 475 recli-

275 501 428 538 nandum,
453 500 556 531 locum
579 497 618 530 ad
643 495 869 538 reponendum.
895 494 960 526 Non
993 496 1040 525 est
1065 489 1126 524 tale
1150 490 1231 524 iudi—

275 555 357 587 cium
381 552 500 585 mundi.
525 552 584 583 Aut
618 550 675 582 iste
710 548 847 586 fallitur,
871 551 926 579 aut
961 545 1097 578 mundus
1125 546 1230 582 errat;

276 606 328 639 sed
353 605 488 638 divinam
523 603 586 636 falli
619 600 809 643 impossibile
844 603 891 632 est
914 597 1114 640 sapientiam:
1139 595 1232 637 elegit

275 658 449 702 igiturxqui
472 666 533 689 non
558 655 677 688 fallitur
701 653 785 696 quod
816 652 902 685 carni
927 650 1089 683 molestius
1112 652 1176 688 est;
1201 648 1233 680 id

276 719 351 754 ergo
375 711 505 748 melius,
529 709 560 742 id
583 708 710 745 utilius,
727 707 757 739 id
775 706 872 747 magis
888 703 1065 746 eligendum
1080 716 1110 734 n.
1129 702 1233 734 Simus

276 775 352 807 ergo
375 773 446 797 cum
471 763 612 799 Christo,
637 761 718 793 sicut
745 759 861 792 dicitur
884 757 1039 790 secundae
1062 756 1101 788 ad
1124 755 1234 787 Corin-

279 819 361 851 thios
384 821 492 854 sext0‚
522 829 537 844 «
550 815 631 848 sicut
655 817 798 855 egentes,
823 812 940 844 multos
963 814 1067 842 autem
1096 808 1233 850 locuple-

280 875 391 909 tantes,
405 873 553 911 tanquam
566 867 644 900 nihil
658 866 818 904 habentes,
831 869 862 897 et
873 864 976 896 omnia
994 862 1186 904 possidentes
1202 875 1232 892 n.

372 924 420 955 16.
448 923 492 955 Ex
524 921 583 953 hoc
617 919 796 952 insinuatur
831 917 938 955 nobis,
963 915 1047 957 quod
1079 915 1136 947 iste
1167 917 1236 946 erat

117 985 214 1006 Christus
231 984 262 1005 sie
280 985 353 1009 vere
379 975 533 1008 Salvator
556 972 692 1010 mundi,
717 971 770 1013 qui
807 970 839 1002 in
871 969 919 1002 sui
950 972 1040 1001 ortus
1064 966 1236 1009 primordio

136 1017 159 1032 se
173 1011 262 1032 manife-

135 1040 177 1058 stat
191 1037 262 1059 Salva·
280 1029 460 1071 exemplum
483 1026 610 1059 virtutis
625 1024 771 1067 praebuit
793 1027 824 1055 et
847 1023 938 1055 viam
954 1021 1074 1053 salutis
1090 1019 1235 1053 ostendit.

118 1067 425 1115 sfflissdmonifflssflahendo
455 1079 537 1112 enim
563 1078 712 1110 lectulum
748 1076 859 1114 vilem,
885 1074 1036 1106 humilem
1061 1076 1092 1105 et
1119 1080 1237 1113 paupe-

282 1144 364 1173 rem,
389 1134 449 1166 iam
474 1131 640 1173 incipiebat
662 1130 784 1167 dicere,
809 1127 892 1170 quod
921 1126 1059 1159 mundus
1082 1125 1140 1158 iste
1164 1133 1237 1157 con-

283 1185 468 1220 temnendus
492 1187 556 1222 est,
578 1182 750 1216 secundum
775 1180 836 1213 tria
859 1180 890 1212 in
915 1189 951 1212 eo
975 1182 1121 1212 contenta
1134 1178 1156 1209 ².
1175 1177 1238 1209 lam

282 1240 449 1282 incipiebat
475 1241 601 1270 statum
630 1234 840 1278 perfectionis
871 1233 1017 1274 exemplo
1041 1235 1236 1269 monstrare,

282 1294 335 1336 qui
360 1292 500 1325 consistit
524 1291 554 1323 in
579 1289 772 1327 humilitate,
796 1287 978 1320 austeritate
995 1290 1026 1318 et
1042 1288 1237 1327 paupertate.

282 1346 424 1379 Ostendit
446 1344 538 1378 etiam
564 1343 593 1375 in
620 1343 678 1375 hoc
702 1341 853 1374 Dominus
876 1348 1017 1372 summae
1033 1337 1239 1380 tliynationis

282 1398 453 1443 affectum,
478 1397 552 1439 quia
575 1405 637 1428 non
654 1399 775 1428 tantum
794 1393 963 1436 parvulus,
981 1391 1034 1424 sed
1051 1392 1144 1424 etiam
1162 1399 1240 1432 pau-

283 1452 432 1494 perculus
455 1454 486 1483 et
509 1450 675 1491 despectus
709 1457 767 1490 pro
798 1446 888 1479 nohis
923 1448 970 1478 est
994 1445 1113 1482 factus,
1138 1444 1181 1476 ita
1204 1445 1241 1475 ut

284 1515 358 1539 vere
381 1507 485 1547 posset
507 1504 611 1536 dicere
634 1502 712 1535 illud
736 1500 847 1534 Psalmi
861 1500 892 1531 ³:
922 1499 1071 1540 «Pauper
1096 1506 1166 1530 sum
1183 1505 1241 1538 ego

284 1563 316 1591 et
339 1559 369 1590 in
394 1557 554 1590 laboribus
577 1566 595 1588 a
619 1556 782 1587 iuventute
805 1563 874 1586 mea
890 1567 920 1584 ».

294 1672 412 1703 Qualiter
431 1671 530 1699 Christi
549 1670 681 1697 nativitas
700 1669 737 1696 sit
756 1669 788 1695 ab
807 1667 915 1702 Angelis
934 1666 1090 1693 denuntiata
1108 1673 1152 1700 per
1171 1665 1235 1692 tria.

378 1772 426 1803 17.
446 1771 484 1802 Et
499 1773 648 1811 pastores
664 1772 761 1800 erant
772 1770 830 1800 etc.
844 1765 1016 1807 Descripsit
1031 1773 1129 1806 supra
1144 1764 1243 1796 Evan-

285 1825 410 1867 gelista,
435 1823 570 1865 qualiter
593 1815 709 1854 Christi
733 1820 878 1853 nativitas
894 1818 989 1851 suerit
1010 1819 1243 1855 consummata;

286 1879 337 1911 hic
361 1877 497 1910 secundo
521 1875 683 1913 describit,
708 1874 843 1916 qualiter
859 1872 955 1905 fuerit
979 1870 1183 1904 denuntiata.
1202 1869 1244 1901 Ad

285 1930 550 1964 denuntiationem
574 1931 679 1961 autem
705 1926 874 1959 nativitatis
898 1925 1011 1958 Christi
1032 1924 1174 1966 perfecte
1199 1922 1245 1954 fa-

287 1983 427 2017 ciendam
444 1983 505 2015 tria
520 1985 724 2014 concurrunt.
742 1979 881 2011 Primum
897 1981 945 2010 est
961 1976 1132 2019 dispositio
1145 1984 1246 2017 prae-

284 2046 418 2079 parans
442 2036 487 2068 aa
510 2034 736 2070 audiendum
753 2032 925 2065 secundum
937 2056 944 2069 ,
961 2029 1176 2063 annuntiatio
1192 2028 1242 2060 in-

287 2090 398 2123 vitans
432 2089 478 2121 ad
512 2086 766 2124 exsultandum,
798 2084 882 2126 quod
916 2083 1065 2116 describit
1096 2082 1180 2114 ibi4:
1207 2082 1248 2113 Et

289 2142 375 2176 discit
399 2141 464 2174 illis
488 2140 653 2183 Angelus,-
678 2139 807 2171 tertium
835 2140 881 2170 est
912 2135 1123 2178 confirmatio
1152 2134 1247 2167 certi-

289 2195 396 2237 ficans
419 2194 464 2226 acl
487 2193 705 2230 eredendum,
730 2195 761 2224 et
785 2191 844 2223 hoc
866 2189 1015 2222 describit
1040 2189 1097 2221 ibi:
1125 2189 1165 2221 Et
1188 2187 1248 2220 hoc

123 2247 381 2308 Prgffiggngisvobis
405 2247 550 2289 signum.
576 2263 617 2268 —
649 2245 808 2286 Quantum
832 2243 870 2276 ad
895 2243 1031 2285 primum
1057 2241 1246 2280 notandum,

132 2313 183 2335 prae
200 2308 274 2328 arante
290 2301 373 2343 quod
398 2298 568 2341 dispositio
590 2306 805 2340 praeparans
829 2297 874 2329 ad
898 2295 1102 2328 audiendum
1120 2294 1180 2328 fuit
1196 2304 1248 2337 pa·
1267 2314 1272 2316 -

195 2339 230 2355 '¹⁰'
290 2358 412 2386 storum
436 2351 580 2389 attentio,
597 2359 678 2393 quae
701 2353 806 2382 ortum
824 2349 934 2382 habuit
951 2358 991 2382 ex
1008 2349 1124 2391 duplici
1142 2357 1247 2387 causa,

292 2407 409 2439 scilicet
425 2407 473 2438 ‘ex
502 2404 663 2446 propriae
694 2402 928 2436 sollicitudinis
951 2402 1128 2445 viyilautia
1152 2404 1183 2434 et
1206 2410 1247 2434 ex

292 2459 434 2501 ‹my-elici·
457 2457 594 2490 luminis
617 2455 918 2499 circumfulgentia.
942 2448 943 2451 ¹

384 2513 432 2544 18.
458 2511 557 2552 (Vers.
583 2511 637 2551 8.).
663 2511 819 2552 Quantum
853 2509 891 2542 ad
926 2508 1138 2551 viyilantiam
1170 2517 1249 2550 pro-

157 2572 273 2620 Vigglaggia
288 2565 387 2608 priae
418 2564 649 2597 sollicitudinis
680 2563 812 2596 dicitur:
842 2563 879 2595 Et
911 2566 1062 2604 pastores
1093 2565 1191 2594 erant
1214 2561 1250 2593 in

169 2605 181 2626 p
209 2605 221 2626 ρ
258 2614 263 2619 ’
292 2618 424 2661 i’eyione
447 2618 559 2650 eadem
582 2617 764 2660 vigilantes.
790 2617 852 2648 Hoc
876 2615 957 2648 enim
991 2618 1110 2657 spectat
1134 2614 1173 2647 ad
1196 2623 1250 2656 pa-

293 2672 407 2704 storale
430 2671 586 2710 officium;
612 2670 695 2703 unde
720 2670 826 2708 Iacob,
859 2672 966 2711 pastor
997 2667 1104 2700 ovium
1128 2667 1249 2705 Laban,

293 2725 414 2757 dicebat
447 2724 574 2757 Genesis
610 2723 770 2765 trigesimo
794 2721 938 2764 primo⁵:
977 2721 1063 2754 «Die
1094 2724 1125 2753 et
1160 2723 1251 2753 nocte

293 2781 381 2810 aestu
405 2777 521 2810 urebar
545 2780 575 2809 et
599 2776 688 2818 gelu,
713 2775 915 2817 fugiebatque
939 2783 1068 2807 somnus
1091 2774 1131 2807 ab
1151 2773 1251 2806 oculis

294 2830 413 2863 meis».
441 2830 476 2861 Et
497 2829 535 2861 ad
559 2829 686 2861 maioris
709 2828 888 2861 attentionis
912 2827 1152 2860 insinuationem
1177 2826 1251 2859 sub-

1293 277 1355 310 dit:
1383 277 1423 308 Et
1445 274 1661 307 custodientes
1691 272 1826 315 viyilias
1860 272 1965 304 noctis²
1995 280 2096 312 super
2117 279 2250 313 yreqem

1293 338 1403 362 suum.
1433 328 1477 360 De
1513 330 1603 359 nocte
1633 326 1716 359 enim
1752 324 1949 366 potissimum
1984 323 2175 365 vigilandum
2203 325 2251 355 est

1295 384 1423 423 propter
1459 379 1602 413 hostilem
1638 378 1801 410 incursum
1834 376 2067 418 repellendum,
2103 376 2252 417 luporum

1295 434 1413 467 scilicet
1435 437 1466 466 et
1489 433 1657 465 latronum.
2443 453 2445 460 Α

1388 488 1437 519 19.
1463 487 1520 518 Per
1545 487 1604 518 hoc
1627 488 1731 517 autem
1757 483 1936 516 insinuatur
1959 481 2182 524 spiritualiter
2204 481 2253 513 vi·
2271 486 2392 540 ¹5⁸?{iigssiff
2444 486 2445 531 J

1293 540 1457 583 yilantia,
1481 548 1563 581 quae
1586 538 1678 571 debet
1701 546 1770 570 esse
1794 537 1825 569 in
1845 535 2027 578 praelatis;
2043 534 2127 567 unde
2143 543 2254 567 secun-
2281 539 2390 567 praelatis-

1295 593 1353 626 dae
1384 593 1423 625 ad
1454 592 1652 624 Timotheum
1685 590 1844 633 quart0⁶:
1875 590 1955 621 «Tu
1980 597 2055 621 vero
2086 587 2194 629 vigila,
2222 587 2253 619 in

1296 646 1444 679 omnibus
1467 645 1592 683 labora,
1617 644 1742 677 sobrius
1765 647 1874 676 esto».
1901 643 1936 675 Et
1960 642 2029 674 ideo
2052 641 2091 673 ad
2119 641 2263 674 Hebrae-.

1297 709 1332 732 os
1355 699 1484 732 ultimo:
1511 711 1526 726 α
1547 698 1677 731 Obedite
1701 696 1887 739 praepositis
1912 695 2024 728 vestris
2055 703 2111 737 per
2141 693 2254 726 omnia.

1298 752 1357 794 Ipsi
1382 752 1464 785 enim
1490 751 1618 793 vigilant
1641 750 1730 792 quasi
1756 749 1908 782 rationem
1935 758 1994 790 pro
2017 747 2181 780 animabus
2204 756 2257 780 ve-

1298 805 1372 838 stris
1396 804 1549 837 reddituri
1563 817 1594 842 »-;
1612 804 1703 846 quia,
1720 803 1757 835 ad
1776 803 1928 835 Romanos
1951 801 2147 839 duodecimo,
2170 813 2185 829 α
2202 800 2257 842 qui

1299 858 1423 900 pr'aeest
1453 858 1484 889 in
1517 856 1770 890 sollicitudine».
1803 874 1847 879 —
1877 854 2013 897 Vigilare
2043 854 2138 886 etiam
2166 853 2258 886 debet
2276 857 2337 883 nem,
2354 857 2420 879 omni-

1299 911 1433 955 quilibet
1456 914 1574 943 contra
1598 908 1719 942 hostem
1742 908 1972 951 spiritualem,
1990 907 2163 940 secundum
2180 905 2258 939 illud
2323 884 2371 905 Μ’
2449 904 2450 907 ’

1300 965 1499 997 Threnorum
1530 963 1710 996 secund07:
1741 962 1952 1004 «Consurge,
1984 961 2076 993 lauda
2104 961 2134 992 in
2168 963 2259 992 nocte

1300 1018 1333 1050 in
1346 1017 1498 1059 principio
1516 1017 1708 1058 vigiliarum,
1726 1015 1851 1048 effunde
1867 1015 1948 1048 sicut
1964 1023 2078 1057 aquam
2096 1023 2150 1046 cor
2169 1017 2260 1046 tuum

1301 1074 1372 1103 ante
1389 1073 1590 1112 conspectum
1615 1070 1736 1102 Domini
1762 1069 1816 1102 Dei
1842 1069 1931 1101 tui».
1951 1087 1993 1092 —
2010 1068 2146 1110 Vigilare
2167 1067 2259 1100 etiam
2274 1069 2366 1095 nemu
2376 1075 2424 1091 001¹-

1301 1123 1393 1156 debet
1416 1123 1447 1155 in
1471 1123 1742 1164 contemplatione
1760 1134 1771 1160 ,·
1796 1121 1977 1155 Psalmusss:
2008 1134 2023 1150 «
2043 1121 2076 1154 Et
2101 1129 2165 1153 nox
2189 1120 2261 1153 illu·
2278 1096 2424 1124 ‘emmaum‘

1302 1176 1431 1208 minatio
1462 1185 1531 1208 mea
1563 1176 1593 1207 in
1625 1175 1744 1208 deliciis
1776 1175 1854 1208 meis
1869 1187 1901 1214 »;
1929 1178 1960 1207 et
1985 1174 2079 1207 Isaiae
2112 1167 2261 1216 vigesimo

1303 1232 1410 1262 sexto:
1441 1242 1456 1257 «
1474 1229 1581 1261 Anima
1604 1238 1674 1261 mea
1697 1229 1884 1262 desideravit
1909 1231 1939 1261 te
1962 1229 1993 1260 in
2022 1231 2130 1267 nocte,
2155 1227 2209 1260 sed
2232 1231 2263 1260 et

1304 1282 1417 1324 spiritu
1433 1291 1502 1315 meo
1535 1282 1563 1314 in
1591 1281 1782 1323 praecordiis
1806 1282 1884 1315 meis
1900 1282 1937 1315 de
1955 1291 2045 1314 mane
2066 1281 2201 1323 vigilabo
2224 1281 2263 1313 ad

1304 1340 1334 1369 te
1351 1349 1382 1375 ”3
1399 1339 1430 1369 et
1454 1336 1530 1374 hoc,
1555 1336 1630 1377 quia
1655 1335 1724 1368 talis
1750 1335 1829 1368 hora
1851 1330 1999 1377 competit
2022 1335 2146 1368 divinae
2168 1334 2264 1376 inspi-

1305 1389 1427 1422 rationi.
1452 1389 1534 1422 Talis
1558 1389 1651 1422 etiam
1676 1389 1754 1421 hora
1778 1389 1982 1422 conveniebat
2005 1389 2127 1421 divinae
2153 1388 2264 1421 nativi-

1306 1443 1378 1482 tati,
1402 1442 1576 1475 secundum
1592 1442 1668 1474 illud
1685 1442 1859 1484 Sapientiae
1874 1442 1995 1475 decimo
2011 1446 2135 1475 octavo:
2157 1455 2172 1470 «
2186 1442 2263 1474 Cum

1305 1496 1447 1538 quietum
1480 1496 1639 1528 silentium
1670 1499 1813 1528 tenerent
1843 1496 1965 1534 omnia,
1994 1499 2026 1528 et
2054 1505 2119 1527 nox
2143 1495 2174 1527 in
2207 1504 2265 1527 suo

1306 1559 1403 1582 cursu
1421 1549 1558 1582 medium
1585 1549 1644 1581 iter
1666 1549 1810 1587 haberet,
1835 1549 2031 1590 omnipotens
2052 1558 2156 1582 sermo
2172 1553 2265 1587 tuus,

1306 1603 1455 1641 Domine,
1480 1602 1629 1635 exsiliens
1652 1602 1690 1635 de
1714 1602 1817 1641 caelo,
1841 1612 1860 1634 a
1884 1602 2043 1644 regalibus
2066 1602 2193 1635 sedibus
2214 1610 2266 1634 ve-

1307 1657 1395 1688 nit».
1422 1674 1463 1679 -—
1491 1656 1525 1687 Et
1552 1655 1711 1697 signanter
1739 1655 1831 1687 dicit:
1862 1655 1968 1697 Super
1989 1664 2122 1697 yreyem
2145 1663 2265 1691 suum,

1308 1709 1480 1743 secundum
1517 1708 1594 1741 illud
1626 1708 1868 1741 proverbiorum
1900 1707 2050 1750 vigesimo
2081 1706 2266 1748 septim0⁹:

1313 1776 1327 1791 ιι
1347 1762 1515 1804 Diligenter
1538 1770 1671 1803 agnosce
1688 1761 1811 1793 vultum
1830 1761 1952 1802 pecoris
1972 1760 2016 1792 tui
2043 1764 2175 1802 tuosque
2198 1769 2269 1802 gre-

1307 1824 1362 1858 ges
1385 1815 1594 1848 considera».
1619 1815 1798 1855 Quocontra
1822 1812 1990 1845 Zachariae
2014 1812 2191 1845 undecimo:
2215 1824 2229 1840 «
2243 1811 2269 1843 Ο

1308 1872 1414 1911 pastor
1438 1872 1469 1901 et
1493 1868 1611 1900 idolum
1634 1867 1856 1908 derelinquens
1879 1875 2005 1908 gregem
2020 1870 2049 1897 »t
2075 1870 2106 1898 et
2123 1865 2269 1898 leremiae

1309 1921 1430 1954 decimo
1447 1921 1553 1953 tertio:
1576 1933 1591 1948 «
1605 1920 1661 1952 Ubi
1678 1923 1725 1952 est
1742 1928 1833 1961 grex,
1847 1919 1901 1961 qui
1918 1919 2011 1952 datus
2026 1922 2074 1952 est
2090 1919 2156 1958 tibi,
2174 1927 2270 1961 pecus

1310 1974 1462 2015 inclytum
1489 1976 1602 2006 tuum?
1625 1972 1705 2014 Quid
1728 1972 1830 2011 dices,
1855 1981 1928 2005 cum
1954 1972 2128 2005 visitaverit
2151 1974 2206 2005 te?
2222 1972 2270 2004 Tu

1310 2027 1393 2060 enim
1421 2026 1553 2059 docuisti
1586 2035 1639 2058 eos
1671 2025 1839 2058 adversum
1868 2029 1917 2065 te,
1947 2030 1978 2058 et
2008 2025 2140 2059 erudisti
2164 2026 2195 2058 in
2220 2034 2270 2058 ca-

1311 2083 1369 2121 put
1393 2082 1484 2112 tuum
1502 2092 1531 2111 ι).

1401 2134 1453 2165 20.
1479 2133 1580 2174 (Vers.
1606 2134 1660 2173 9.).
1686 2132 1844 2173 Quantum
1869 2132 1907 2165 ad
1941 2131 2270 2175 circumfiulyentiam
2291 2131 2436 2185 gssilssnffifflss

1312 2186 1453 2229 anyeliei
1476 2185 1614 2218 luminis
1636 2185 1797 2219 subditur:
1817 2186 1857 2218 Et
1871 2195 1956 2224 ecee,
1975 2185 2120 2228 Angelus
2138 2184 2273 2218 Domini
2290 2184 2324 2207 ¹¹1⁸
2336 2184 2435 2212 ³⁰8⁹¹i⁰¹·

1311 2240 1396 2273 stetit
1418 2240 1516 2272 iuxta
1540 2239 1627 2278 illos,
1652 2243 1681 2271 et
1696 2239 1836 2271 claritas
1862 2239 1921 2271 Dei
1943 2242 2001 2272 etc.
2028 2239 2060 2271 In
2086 2239 2162 2278 hoc,
2187 2237 2272 2281 quod

1312 2294 1409 2326 iuxta
1432 2293 1534 2332 stetit,
1567 2293 1702 2326 ostendit
1733 2292 1974 2325 familiaritatem
1999 2295 2030 2325 et
2062 2291 2272 2325 humilitatem
2293 2290 2422 2314 Nfflnflum·

1294 2347 1492 2386 *ministeriu
1509 2356 1573 2389 quo
1597 2347 1731 2389 Angelus
1747 2346 1965 2379 condescendit
1990 2345 2118 2384 homini,
2135 2350 2165 2379 et.
2193 2348 2273 2379 astat

1312 2401 1356 2433 illi
1379 2400 1472 2433 modo
1495 2403 1531 2432 ut
1555 2399 1707 2437 adiutor,
1732 2399 1905 2431 secundum
1929 2398 2007 2433 illud
2032 2398 2168 2431 Danielis
2195 2398 2273 2431 duo-

1312 2454 1433 2487 decimo
1446 2453 1489 2484 1⁰:
1511 2465 1527 2481 α
1540 2452 1707 2494 Consurgit
1723 2452 1866 2490 Michael,
1884 2452 2031 2493 princeps
2046 2459 2197 2493 magnus,
2219 2451 2272 2493 qui

1314 2510 1375 2539 stat
1391 2515 1449 2547 pro
1473 2505 1546 2537 filiis
1570 2505 1677 2546 populi
1702 2505 1746 2537 tui
1762 2517 1791 2543 »ς
1817 2504 1909 2536 modo
1926 2508 1961 2536 ut
1977 2504 2128 2536 eruditor
2148 2506 2180 2536 et
2202 2503 2274 2536 iliu-

1313 2560 1466 2597 minator‚
1491 2557 1666 2591 secundum
1690 2557 1767 2589 illud
1792 2566 1888 2598 supra
1905 2557 2025 2599 primo:
2049 2569 2064 2585 α
2078 2556 2228 2598 Apparuit
2245 2557 2272 2589 ei

1315 2612 1449 2655 Angelus
1472 2611 1614 2649 Gabriel,
1639 2613 1724 2643 stans
1747 2620 1765 2642 a
1788 2609 1911 2643 dextris
1927 2610 2036 2642 altaris
2052 2609 2214 2642 incensi».
2232 2609 2275 2642 Si-

1315 2666 1380 2699 mili
1405 2665 1497 2699 modo
1521 2668 1552 2698 et
1576 2664 1644 2703 hic;
1678 2663 1761 2696 unde
1792 2663 1991 2696 Ambrosius:
2021 2676 2036 2692 a
2054 2663 2189 2705 Angelus
2212 2663 2274 2695 Ma-

1316 2719 1413 2758 riam,
1439 2718 1572 2760 Angelus
1596 2717 1720 2760 loseph,
1745 2717 1879 2759 Angelus
1902 2719 2044 2758 pastores
2067 2716 2221 2749 edocet».

1405 2773 1457 2804 21.
1484 2771 1515 2803 ln
1540 2771 1631 2803 cuius
1654 2770 1700 2803 rei
1732 2770 1856 2812 signum
1882 2769 2044 2803 subditur:
2070 2770 2110 2802 Et
2133 2769 2276 2802 claritas

1320 2826 1378 2858 Dei
1399 2823 1626 2867 circumfulsit
1648 2824 1738 2863 illos,
1765 2823 1793 2856 id
1810 2826 1857 2856 est
1873 2823 1959 2857 fulsit
1975 2823 2059 2856 circa
2075 2823 2152 2856 illos⁴
2168 2822 2275 2855 Simile

368 3001 376 3016 ¹
398 3003 481 3028 Serm.
502 3002 526 3028 t.
545 3002 571 3027 in
592 3002 673 3027 Nativ.
694 3002 811 3032 Domini,
831 3009 856 3027 n.
880 3002 903 3026 1.
924 3002 1020 3028 Textus
1040 3002 1174 3033 originalis
1193 3002 1256 3027 hine

297 3048 357 3073 inde
377 3047 450 3079 plura
470 3047 607 3072 interserit.
625 3060 660 3065 —
680 3046 796 3072 Subinde
816 3046 942 3078 allegatur
961 3046 988 3072 ll.
1007 3045 1066 3072 Cor.
1087 3047 1117 3078 6,
1138 3046 1181 3072 10,

367 3089 377 3105 ²
398 3091 544 3124 Respieitur
564 3092 581 3116 l.
601 3090 668 3116 loan.
689 3092 719 3121 2,
742 3091 791 3116 16:
811 3091 907 3123 Omne,
927 3090 1000 3123 quod
1029 3093 1068 3116 est
1093 3090 1117 3115 in
1141 3089 1255 3120 mundo,

298 3135 507 3167 concupiscentia
531 3135 617 3161 carnis
638 3133 684 3160 “est
708 3138 733 3160 et
760 3134 971 3166 concupiscentia
999 3135 1136 3162 oculorum
1162 3137 1188 3159 et
1211 3141 1256 3159 su-

291 3179 389 3211 ·perbia
409 3180 486 3205 vitoe.
504 3193 539 3198 ——
558 3179 685 3211 Superius
704 3186 752 3211 pro
771 3178 857 3206 dicere
870 3179 936 3204 Vnt..
954 3176 1099 3205 ostendere.

369 3222 380 3238 ³
399 3225 491 3250 Psolm.
511 3224 560 3255 87,
581 3224 622 3250 16.

369 3266 380 3281 ⁴
401 3268 475 3293 Vers.
497 3268 543 3299 40;
563 3268 667 3293 tertium
688 3266 798 3293 habetur
817 3274 843 3292 v.
862 3267 906 3292 42.

369 3309 380 3324 Β
401 3311 475 3336 Vers.
495 3310 537 3336 40.

370 3353 381 3369 θ
400 3355 474 3384 ,Vera
495 3355 518 3380 5.
538 3369 573 3374 —
593 3355 649 3380 Duo
669 3361 743 3387 seqq.
762 3354 809 3380 loci
829 3357 889 3380 sunt
908 3353 986 3380 Hebr.
1008 3355 1054 3385 13,
1074 3354 1117 3380 17.
1135 3357 1161 3380 et
1179 3355 1255 3380 Rom.

1320 3001 1366 3033 12,
1386 3001 1410 3026 8.
1429 3000 1479 3026 Csr.
1500 2999 1636 3032 Ambros.‚
1656 3000 1683 3025 ll.
1701 2999 1727 3025 in
1748 2999 1808 3024 Luc.
1829 3005 1853 3023 n.
1873 2997 1921 3029 503
1942 2997 2025 3028 Beda,
2046 2999 2063 3023 l.
2083 2998 2107 3023 in
2127 2998 2189 3024 Luc.
2209 2999 2233 3030 2,
2248 2998 2275 3029 8;

1320 3045 1387 3069 Sect.
1406 3045 1422 3069 l.
1442 3044 1535 3069 Homil.
1556 3043 1601 3069 lib.
1621 3043 1637 3071 1.
1657 3042 1746 3068 homil.
1765 3042 1790 3067 6.
1812 3042 1839 3067 in
1858 3047 1953 3067 aurora
1973 3041 2057 3067 Nutiv.
2076 3041 2187 3067 Domini.

1389 3085 1399 3101 ⁷
1421 3088 1494 3114 Vers.
1514 3088 1556 3113 19.

1390 3130 1401 3145 ³
1420 3132 1513 3158 Psalm.
1535 3132 1598 3163 138,
1619 3131 1661 3156 11.
1679 3143 1715 3149 -
1728 3130 1879 3162 Sequuntur
1891 3129 1948 3154 lsai.
1962 3129 2010 3160 26,
2024 3128 2048 3154 9.
2065 3131 2090 3153 et
2104 3129 2165 3159 Sap.
2179 3129 2221 3159 18,
2236 3129 2277 3155 tt.

1390 3174 1402 3190 ⁹
1423 3177 1495 3202 Vers.
1515 3176 1559 3202 23.
1576 3188 1612 3196 -
1632 3173 1749 3201 Subinde
1778 3170 1922 3205 allegantur
1950 3173 2026 3199 Zach.
2054 3173 2096 3203 11,
2126 3172 2167 3198 17.
2187 3175 2212 3198 et
2231 3174 2278 3199 ier.

1321 3221 1367 3253 13,
1388 3221 1430 3247 20.
1450 3227 1505 3254 seq.

1391 3261 1414 3279 ¹⁰
1433 3265 1509 3291 Vers.
1528 3265 1551 3290 1.
1565 3277 1601 3284 -
1615 3263 1737 3297 Sequitur
1756 3263 1817 3289 Luc.
1837 3263 1862 3295 1,
1877 3263 1918 3295 11,
1932 3265 2083 3295 postquem
2097 3260 2208 3286 habetur
2220 3266 2279 3285 sen-

1321 3309 1397 3335 tentia
1423 3307 1559 3339 Ambros„
1579 3308 1605 3334 ΙΙ.
1626 3307 1650 3333 in
1670 3308 1738 3333 Luc:
1751 3314 1777 3332 n.
1796 3307 1839 3332 51.
1857 3320 1893 3326 -
1912 3305 2039 3338 Superius
2067 3312 2116 3337 pro
2143 3305 2216 3330 osuit
2240 3302 2281 3329 illi

1320 3353 1429 3380 CDFG
1449 3354 1522 3379 astat
1539 3352 1610 3385 iltis,·
1629 3358 1709 3384 supi-u
1729 3351 1751 3377 D
1769 3357 1783 3376 a
1803 3350 1918 3377 secunda
1937 3356 2018 3376 manu
2037 3347 2198 3376 anzinibus.
