2427 3872
417 221 482 247 MUL

131 266 177 300 qui
205 265 294 292 educit
321 265 452 297 populum
472 264 575 290 Domini
595 264 629 290 de
655 263 776 290 tenebris

132 310 296 343 ignorantiae
314 310 329 335 3
351 309 366 335 4
385 323 420 328 -
438 309 504 335 lator
531 308 608 341 Legis
634 308 774 340 allegorice

131 355 294 387 significatur
308 361 355 386 per
368 360 491 385 puerum,
504 353 551 386 qui
565 352 679 378 habebat
697 352 775 385 quin-

132 405 187 432 que
206 405 287 431 panes
306 397 468 424 hordeaceos
487 397 519 423 Vl
534 397 580 423 321
600 397 633 422 49
647 410 681 416 -
694 403 775 428 expo-

132 443 199 469 situs
217 442 266 468 suit
284 449 299 467 a
318 445 401 468 matre
420 445 446 467 et
463 440 588 467 liberatus
607 448 621 466 a
641 441 692 466 fllia
713 441 774 466 Pha-

132 487 222 513 raonis
240 487 292 512 223
311 493 339 512 v.
358 485 374 511 5

180 536 220 550 ·——
239 538 306 563 puer
324 530 433 561 dicitur,
452 530 514 563 quia
534 529 647 555 famulus
667 529 699 555 Vl
719 529 766 555 321

135 576 167 601 49
186 589 222 595 -
240 576 347 601 Factum
367 577 406 600 est
433 574 456 600 ei
484 573 598 600 verbum
618 573 721 599 Domini
748 573 772 598 in

134 620 239 646 deserto
258 619 303 645 Vll
330 618 359 644 74
383 618 400 644 7
419 632 454 638 -
472 619 530 650 lpsa
549 617 674 649 sapientia
691 618 773 643 intra-

133 664 172 690 vit
191 664 216 689 in
235 664 350 689 animam
371 663 453 694 Moysi
473 663 505 689 Vl
526 662 577 687 476
592 669 619 688 ν,
636 662 717 687 46-
731 663 773 687 113-

133 708 191 734 buit
210 708 320 740 gratiam
340 707 473 733 electionis
492 707 538 732 Vll
558 707 591 732 23
612 706 645 732 54
664 720 698 725 —
712 706 774 738 Spe-

133 752 192 778 ciali
214 752 294 778 modo
312 751 435 784 apparuit
453 751 477 777 ei
496 751 624 776 Dominus
643 750 667 776 in
687 750 772 782 figura

133 797 162 822 in
181 799 270 822 monte
289 795 376 822 Horeb
390 796 442 821 233
456 795 490 820 53
508 808 544 814 -
562 794 685 827 apparuit
710 801 770 820 cum

133 840 223 867 Verbo
251 840 278 866 in
306 840 544 872 transfiguratione,
563 842 592 864 ut
610 838 772 870 ostenderet,

133 885 221 918 ipsum
241 891 299 910 esse
317 885 362 917 qui
381 884 483 910 locutus
496 886 536 909 est
548 883 575 909 in
588 884 658 915 Lege
672 883 724 909 234
738 883 771 909 53

186 943 221 948 -
239 928 371 962 quidquid
399 928 502 960 scripsit
529 931 569 954 est
592 928 771 953 authenticum

135 974 179 1000 Vll
199 973 250 999 513
271 974 304 999 36
323 987 358 992 -
376 973 425 998 Per
443 973 549 1004 Moysen
562 972 712 1004 intelligitur
725 972 772 998 do-

133 1018 215 1044 ctrina
243 1018 321 1050 Legis
348 1017 400 1043 424
429 1017 463 1042 59
487 1030 523 1036 -
548 1017 716 1049 prophetavit
738 1017 773 1043 de

132 1062 234 1089 Christo
254 1062 286 1087 Vl
307 1062 359 1088 317
377 1061 421 1087 78.
441 1062 492 1087 348
509 1061 538 1087 81
555 1075 591 1081 -
604 1061 773 1094 prophetavit

133 1107 167 1133 de
185 1107 330 1140 praeteritis
348 1109 373 1132 et
392 1106 425 1132 de
445 1106 539 1132 suturis
559 1106 609 1131 462
629 1113 656 1132 ν.
676 1106 691 1131 8

187 1166 221 1170 -
246 1154 395 1177 constante.-
423 1151 493 1177 stetit
520 1157 610 1176 coram
638 1151 772 1176 Pharaone

135 1196 168 1222 Vl
188 1196 239 1221 476
262 1204 288 1222 v.
309 1196 342 1221 ,16
360 1209 397 1214 —
415 1195 449 1221 ab
468 1196 554 1221 Aaron
573 1198 599 1220 et
617 1195 694 1220 Maria
713 1202 773 1221 con-

134 1241 268 1266 tumeliam
288 1240 384 1273 patitur
403 1243 429 1266 et
447 1247 462 1265 a
481 1238 672 1265 contribulibus
686 1238 773 1265 obiur-

133 1288 210 1317 gatur
231 1285 272 1311 Vll
294 1285 338 1310 401
363 1284 391 1310 51

186 1344 221 1348 -
240 1332 346 1355 accusat
373 1328 483 1355 ludaeos
501 1328 572 1360 apud
592 1329 694 1353 Patrem
714 1334 772 1359 pro-

132 1377 190 1406 pter
209 1365 341 1400 defec‘tum
361 1373 422 1399 fidei
442 1373 475 1398 vi
496 1372 547 1398 317
566 1372 610 1403 77,
629 1372 663 1398 78
676 1387 711 1390 —
725 1373 772 1398 Do-

133 1418 216 1444 ctrina
235 1418 317 1450 Moysi
335 1418 430 1443 clamat
448 1417 592 1443 vindictam
612 1417 663 1442 318
684 1417 713 1442 81
737 1430 773 1435 -

132 1463 218 1495 magis
236 1462 415 1495 principaliter
433 1464 539 1487 accusat
566 1461 676 1487 ludaeos
700 1461 772 1493 apud

132 1508 235 1533 Patrem'
254 1513 334 1540 quam
354 1506 472 1532 Christus
491 1504 553 1532 ibid.

185 1566 220 1570 —
249 1551 336 1577 ludaei
363 1549 481 1576 sciebant
510 1551 615 1582 Moysen
646 1553 771 1583 tanquam

132 1595 309 1628 approbatum
337 1602 351 1621 a
375 1595 444 1626 Deo,
463 1594 506 1620 cui
525 1595 627 1620 locutus
644 1597 684 1620 est
703 1595 773 1620 Deus

133 1641 166 1666 vt
180 1640 230 1666 348
252 1639 285 1665 44
304 1654 339 1659 —
359 1640 406 1666 suit
425 1640 554 1672 propheta
573 1639 663 1672 quoad
676 1639 773 1665 doctri-

133 1691 196 1710 nam
216 1684 267 1710 477
286 1691 313 1710 ν.
334 1685 343 1709 4
368 1698 402 1703 -
422 1684 469 1709 fuit
495 1687 601 1709 sanctus
628 1684 717 1716 quoad
738 1685 774 1709 vi-

132 1732 186 1755 tam
205 1728 268 1755 ibid.
291 1743 327 1748 -
345 1728 458 1755 docebat
475 1732 501 1754 et
519 1728 628 1761 regebat
647 1729 773 1754 israelitas

135 1781 189 1799 non
216 1774 302 1799 solum
330 1772 433 1804 verbis,
465 1773 526 1806 quia
558 1774 702 1806 propheta,
726 1773 773 1799 sed

134 1818 212 1844 etiam
232 1818 373 1850 exemplis,
392 1818 454 1851 quia
473 1820 579 1843 sanctus
598 1817 660 1844 ibid.
682 1832 714 1836 -
728 1818 774 1843 mi-

133 1863 229 1888 raculis
248 1863 326 1888 vaide
344 1853 500 1888 sublimatus
513 1862 560 1887 ruit
577 1862 627 1887 480
647 1869 673 1887 v.
693 1862 726 1887 15
740 1877 774 1881 —

134 1906 262 1932 Dominus
281 1906 353 1932 dedit
371 1906 453 1938 Moysi
471 1906 560 1939 signa,
589 1909 618 1932 ut
641 1906 666 1931 ei
685 1906 776 1932 crede-

135 1953 207 1977 retur
236 1951 287 1976 392
316 1950 349 1976 48
369 1964 404 1969 -
424 1950 615 1976 Testimonium
634 1951 716 1982 Moysi
735 1951 775 1976 lu-

133 1995 208 2021 daeis
226 1998 282 2021 erat
300 1995 384 2020 maior
403 2001 484 2028 quam
503 1994 596 2021 Christi
617 1995 667 2020 348
688 1995 721 2021 82

187 2053 223 2059 -
243 2039 290 2065 suit
317 2039 420 2071 primus
448 2046 542 2065 servus
570 2039 666 2065 missus
685 2039 719 2065 ad
738 2040 775 2065 lu-

135 2084 216 2110 daeos
235 2084 278 2109 Vll
298 2083 350 2109 504
370 2084 404 2110 45
423 2098 458 2102 -
476 2091 524 2116 per
543 2083 719 2117 quadraginta
732 2091 775 2110 an-

134 2135 183 2154 nos
203 2129 315 2154 fructum
335 2128 413 2160 Legis
431 2135 445 2154 a
465 2128 608 2154 cultoribus
626 2128 776 2162 inquirebat

133 2171 196 2199 ibid.
216 2186 251 2192 -
269 2180 322 2199 non
342 2173 388 2199 fuit
407 2175 558 2205 acceptatus
576 2180 590 2198 a
603 2173 775 2206 perversitate

135 2217 292 2243 ludaeorum
311 2216 374 2243 ibid.
392 2232 427 2237 —
446 2220 554 2244 vexatus
574 2218 621 2244 suit
640 2225 654 2243 a
674 2218 775 2244 ludaeis

135 2264 161 2287 et
180 2269 194 2287 a
214 2261 368 2294 proceribus
387 2269 541 2295 synagogae
560 2263 611 2288 505
633 2262 666 2288 45
681 2276 713 2280 -
727 2269 774 2295 pro

135 2306 235 2338 populo
253 2313 306 2332 non
326 2307 438 2333 cessavit
456 2314 532 2333 orare
550 2306 584 2333 ib.
606 2307 638 2332 47

188 2365 223 2368 -
244 2354 282 2376 est
302 2350 386 2383 ligura
415 2351 509 2377 Christi
538 2352 580 2377 vll
610 2352 661 2378 506
689 2352 721 2377 47
740 2366 776 2371 -

136 2395 218 2421 noluit
245 2395 332 2421 lactari
352 2403 366 2421 a
386 2397 495 2422 muliere
520 2396 694 2429 Aegyptiaca,
713 2396 774 2429 quia

136 2443 193 2465 erat
211 2440 295 2472 figura
315 2439 410 2466 Christi
424 2441 475 2466 296
496 2441 524 2466 61
548 2454 584 2460 --
603 2441 718 2467 educens
731 2448 776 2473 po-

137 2484 230 2515 pulum
250 2484 277 2509 in
294 2485 369 2517 virga
388 2485 422 2511 de
436 2486 556 2517 Aegypto
569 2489 608 2511 est
621 2486 705 2517 figura
719 2486 776 2511 lesu

136 2528 229 2555 Christi
248 2528 282 2555 ib.
303 2529 336 2555 34

191 2573 288 2599 Mol-nin
306 2587 342 2592 —
360 2574 442 2600 Unius
457 2577 567 2600 naturae
579 2577 618 2600 est
631 2574 671 2599 vir
684 2577 709 2600 et
721 2581 777 2600 mu-

135 2617 181 2643 lier
200 2620 226 2643 et
244 2625 327 2644 unum
346 2625 444 2650 corpus
462 2618 496 2644 Vl
515 2618 549 2644 64
563 2626 590 2651 q.
603 2619 618 2644 2
632 2632 667 2638 -
679 2618 776 2645 Concu-

137 2661 262 2693 piscentia
282 2669 296 2687 a
316 2663 426 2688 muliere
444 2662 523 2688 habet
541 2666 627 2688 ortum
642 2666 667 2688 et
679 2663 706 2688 in
719 2670 777 2689 mu-

138 2705 200 2731 liere
228 2706 307 2732 habet
335 2708 479 2733 fomentum
509 2707 542 2733 63
571 2714 598 2733 v.
623 2708 657 2733 27
676 2721 712 2727 -
730 2714 777 2733 sua

138 2750 314 2781 pulcritudine
333 2751 454 2784 illaqueat
473 2758 521 2783 per
538 2751 703 2777 dilectionem
716 2751 777 2778 ibid.

137 2807 173 2813 —
191 2794 313 2827 illaqueat
330 2795 421 2821 verbis
440 2798 466 2821 et
483 2795 634 2827 aspectibus
661 2795 723 2822 ibid.
742 2810 778 2814 —

138 2837 249 2869 deglutit
269 2839 294 2864 in
313 2840 411 2865 nefario
431 2847 511 2871 opere
524 2838 587 2866 ibid.
605 2854 641 2858 -
659 2840 710 2866 Cor
724 2847 778 2866 mu-

138 2881 208 2907 lieris
226 2886 394 2914 comparatur
412 2890 526 2915 sagenae
544 2883 640 2909 diaboli
660 2883 723 2910 ibid.
744 2898 779 2903 -

139 2926 208 2961 iuxta
240 2930 332 2952 votum
364 2928 480 2954 mulieris
511 2929 591 2954 homo
619 2929 779 2955 consentitur

139 2971 214 3002 operi
233 2972 333 2998 nefario
352 2971 415 2998 ibid.
430 2987 466 2991 —
479 2972 542 3004 ligat
554 2979 602 3004 per
615 2973 778 2999 affectionem

140 3013 202 3041 ibid.
222 3029 257 3034 —
280 3016 369 3042 Nullae
396 3017 565 3042 inveniuntur
593 3017 729 3050 mulieres,
754 3018 779 3043 in

140 3058 238 3091 quibus
257 3061 467 3093 concupiscentia
488 3068 540 3087 non
554 3064 646 3093 regnat
658 3061 691 3088 ib.
705 3069 732 3088 v.
746 3063 779 3088 29

194 3116 229 3122 -
242 3104 262 3129 Α
273 3105 402 3136 pronitate
415 3106 532 3131 mulieris
546 3113 597 3131 non
610 3106 719 3138 eripitur
731 3107 780 3132 nisi

141 3147 188 3179 qui
207 3153 222 3172 a
242 3147 353 3174 Domino
381 3149 487 3175 iuvatur
516 3150 549 3175 Vl
577 3150 610 3175 63
639 3157 666 3176 v.
693 3150 727 3176 27
745 3164 781 3170 -

142 3191 300 3221 peccatrices
327 3193 440 3219 maxime
467 3194 551 3220 solent
579 3194 732 3227 delinquere
755 3195 780 3220 in

142 3234 250 3261 nutibus
277 3237 429 3269 oculorum,
453 3238 479 3264 in
498 3239 723 3270 superfluitatibus
742 3246 781 3265 ca-

143 3278 279 3311 pillorum,
307 3280 333 3306 111
356 3282 537 3314 voluptatibus
564 3283 729 3314 osculorum,
755 3283 781 3309 in

143 3322 316 3350 suavitatibus
341 3329 539 3357 unguentorum
559 3327 602 3352 Vll
622 3327 673 3352 483
693 3326 726 3352 67
748 3341 779 3346 -

803 176 840 208 IN
863 175 1156 209 COMMENTARIOS
1179 177 1208 209 S.
1233 176 1459 210 SCRIPTURAE

812 270 912 296 pronae
930 266 991 289 sunt
1008 263 1042 289 ad
1061 264 1218 290 divisionem
1233 268 1341 297 propter
1360 272 1451 291 earum

812 307 1006 333 instabilitatem
1026 308 1077 333 333
1097 308 1130 333 77

866 365 900 370 -
925 352 1053 378 Haeretici
1082 353 1198 378 nituntur
1226 352 1355 384 probare,
1380 353 1451 386 quod

811 396 881 421 nulla
901 396 995 421 mulier
1013 396 1129 422 salvatur
1147 396 1180 422 Vl
1200 396 1234 422 64
1253 404 1281 429 q.
1300 398 1315 422 2

866 454 900 458 -
919 443 958 465 est
981 440 1023 465 vir
1047 440 1229 466 occasionatus
1249 441 1291 467 Vll
1312 441 1345 467 85
1365 441 1451 466 58'—

811 486 850 510 est
867 484 1019 510 clementior
1037 491 1118 517 quam
1143 484 1184 510 vir
1202 489 1322 517 respectu
1348 485 1454 511 infirmi-

812 528 869 554 tatis
888 528 988 554 alienae
1009 528 1057 554 489
1079 529 1094 554 3

863 585 899 591 -
918 571 1069 598 Mulieribus
1083 575 1110 598 ut
1123 572 1282 605 imperfectis
1295 576 1395 605 spectat
1408 573 1452 598 mi-

811 617 920 642 nistrare
949 617 992 643 Vll
1022 617 1073 642 490
1101 617 1117 642 5
1145 630 1181 636 -
1204 617 1256 643 Nec
1282 618 1378 643 docere
1404 624 1452 643 nec

811 661 961 694 praesidere
980 661 1005 687 ei
1023 661 1148 694 competit
1162 661 1196 687 85
1216 662 1249 687 58
1269 675 1304 681 —
1323 661 1453 694 Competit

810 706 833 731 ei
853 705 1009 738 remediari,
1028 712 1080 732 non
1100 705 1247 732 remediare
1267 706 1299 731 86
1320 705 1353 731 58

865 763 899 768 ——
918 750 952 776 de
971 757 1018 776 sua
1037 749 1181 776 substantia
1206 749 1349 782 pascebant
1367 752 1392 775 et
1411 757 1454 776 ve-

810 793 923 820 stiebant
940 794 1062 820 doctores
1081 794 1123 820 Vll
1144 794 1195 820 490
1215 794 1231 819 5
1251 808 1285 812 -
1304 794 1454 827 Antiquitus

810 841 866 864 erat
889 839 1006 864 officium
1032 839 1171 864 mulierum
1197 838 1345 864 ministrare
1367 839 1401 864 de
1420 840 1454 864 sa-

810 882 950 909 cultatibus
968 883 1022 909 suis
1042 882 1195 909 doctoribus
1215 883 1265 908 489
1286 882 1302 908 5

863 942 898 946 -
916 927 1046 959 significat
1063 927 1180 953 animam
1200 927 1304 953 fidelem
1323 927 1356 952 Vl
1371 927 1417 952 574
1438 927 1447 952 4

809 985 845 991 —
860 972 990 1004 significat
1002 974 1103 1004 partem
1118 971 1267 997 inferiorem
1281 971 1388 997 rationis
1400 971 1452 997 294

810 1016 852 1042 33.
879 1017 922 1042 Vll
948 1017 982 1043 85
1008 1017 1041 1042 58
1067 1031 1102 1035 —
1126 1019 1166 1042 est
1184 1016 1269 1048 figura
1289 1016 1396 1042 divinae
1414 1023 1452 1042 sa·

810 1060 922 1093 pientiae
941 1061 992 1086 387
1016 1060 1064 1092 45,
1084 1061 1117 1086 46
1136 1074 1172 1080 -
1190 1061 1239 1086 Per
1263 1060 1400 1086 mulierem
1426 1060 1451 1086 in

810 1105 944 1137 Scriptura
969 1105 1119 1137 intelligitur
1143 1105 1270 1137 sapientia
1296 1105 1387 1131 divina
1409 1105 1452 1130 vel

810 1150 922 1175 Ecclesia
941 1149 992 1175 348
1013 1149 1060 1180 44,
1074 1149 1108 1175 45
1121 1163 1156 1169 —-
1169 1150 1281 1176 miscens
1293 1151 1450 1175 fermentum

811 1194 835 1219 in
865 1194 946 1219 farina
972 1194 1045 1220 varia
1070 1194 1201 1226 significat
1219 1193 1282 1220 ibid.
1302 1209 1338 1212 —
1356 1194 1453 1226 signifi-

809 1241 850 1264 cat
869 1238 1010 1264 Ecclesiam
1030 1238 1063 1264 85
1083 1239 1116 1265 58
1137 1252 1170 1257 —
1183 1239 1344 1270 septemvira
1357 1239 1453 1271 figurat

809 1283 928 1316 quinque
945 1289 1039 1309 sensus
1063 1286 1089 1308 et
1114 1283 1246 1315 duplicem
1267 1283 1453 1308 consideratio-

811 1334 870 1353 nem
889 1327 997 1353 rationis
1016 1326 1068 1352 514
1088 1328 1120 1353 38

863 1386 898 1390 -
916 1372 950 1397 de
970 1371 1046 1397 turba
1068 1371 1176 1397 viriliter
1195 1374 1220 1397 et
1245 1372 1377 1397 humiliter
1396 1372 1452 1397 lau-

810 1416 855 1442 dat
873 1423 970 1442 nomen
990 1416 1096 1442 Domini
1115 1417 1158 1442 Vll
1178 1417 1229 1441 296
1250 1416 1297 1447 58,
1317 1416 1350 1442 59
1370 1431 1405 1434 -
1418 1419 1454 1448 ty-

810 1468 874 1493 pum
894 1461 961 1493 gerit
979 1461 1071 1492 Legis,
1090 1467 1158 1493 quae
1178 1461 1374 1492 generationem
1399 1467 1456 1486 car-

810 1506 896 1531 nalem
915 1505 1085 1531 commendat
1104 1505 1157 1531 297
1175 1505 1208 1530 63
1228 1520 1263 1523 -
1283 1505 1379 1531 multae
1399 1512 1455 1537 ges·

810 1553 900 1576 serunt
923 1550 1038 1582 figuram
1063 1550 1159 1575 Mariae
1183 1550 1301 1582 Virginis
1328 1553 1353 1576 et
1372 1550 1455 1576 Eccle-

810 1595 864 1621 siae
884 1595 917 1620 86
937 1595 970 1620 58
983 1608 1020 1614 ——
1032 1594 1058 1620 in
1074 1594 1228 1627 genealogia
1241 1602 1293 1620 non
1312 1597 1373 1620 sunt
1386 1601 1455 1620 com-

811 1643 916 1672 putatae
935 1640 969 1665 85
989 1640 1022 1665 58
1042 1654 1077 1657 —
1099 1639 1218 1665 Christus
1242 1646 1332 1665 sexum
1353 1639 1454 1665 virilem

811 1684 934 1710 assumsit
956 1684 990 1709 de
1009 1684 1118 1710 muliere
1137 1684 1170 1709 Vl
1191 1683 1224 1709 64
1243 1691 1270 1717 q.
1290 1685 1306 1709 2

864 1743 899 1748 -
913 1735 927 1754 3
941 1728 1043 1755 Christo
1059 1731 1166 1754 curatae
1187 1735 1248 1754 eum
1263 1728 1456 1754 comitabantur

811 1773 910 1799 ratione
929 1773 1029 1806 accepti
1049 1773 1169 1799 beneficii
1192 1773 1235 1799 Vll
1255 1773 1305 1798 489
1326 1773 1341 1798 3
1354 1776 1455 1798 —tres

812 1819 983 1844 nominantur
1002 1821 1030 1844 ut
1049 1817 1192 1843 nobiliores
1210 1816 1273 1843 ibid.
1291 1820 1392 1843 —tres
1411 1824 1455 1843 no-

812 1863 945 1888 minantur
966 1863 992 1888 111
1014 1862 1139 1888 comitatu
1159 1861 1252 1888 Christi
1272 1861 1303 1887 ad
1324 1868 1455 1887 commen-

812 1906 928 1932 dandam
948 1907 1091 1932 castitatem
1104 1906 1251 1932 secundum
1265 1905 1394 1937 triplicem
1408 1906 1455 1931 dis-

812 1951 946 1977 serentiam
960 1950 1023 1977 ibid.
1032 1954 1130 1977 —tres
1143 1950 1320 1982 nominantur,
1330 1953 1359 1976 ut
1371 1953 1455 1976 osten-

812 1996 889 2022 datur
902 1996 1002 2022 curatio
1022 2002 1037 2021 a
1057 1995 1151 2028 triplici
1170 1994 1335 2026 aegritudine
1347 1993 1408 2021 ibid.
1420 2008 1454 2013 —

812 2040 889 2066 Fides
908 2040 986 2066 trium
1001 2040 1141 2065 mulierum
1158 2039 1359 2065 commendatur
1378 2045 1392 2064 a
1406 2039 1454 2064 Do-

813 2085 898 2116 mino,
917 2092 985 2118 quas
1002 2084 1108 2110 exaudit
1135 2086 1161 2110 et
1179 2084 1262 2109 salvat
1289 2084 1340 2109 212
1366 2083 1399 2108 86
1419 2097 1454 2101 -

813 2129 1003 2155 comitabantur
1017 2129 1158 2155 Dominum
1170 2128 1270 2154 ratione
1284 2127 1454 2160 impendendi

814 2173 935 2207 obsequii
955 2174 1004 2198 489
1025 2173 1041 2198 5

867 2233 900 2237 —
914 2217 1092 2251 sequebantur
1101 2216 1232 2243 Christum
1245 2224 1275 2243 ex
1288 2217 1454 2243 miseratione

815 2263 856 2288 Vll
877 2263 926 2288 573
948 2263 976 2288 31
1000 2277 1035 2281 -
1053 2261 1232 2295 sequebantur
1260 2261 1407 2293 Christum,
1427 2264 1454 2287 ut

813 2308 967 2333 morientem
987 2309 1013 2332 et
1031 2310 1060 2332 ut
1078 2309 1212 2332 mortuum
1228 2306 1361 2338 plorarent
1374 2304 1436 2332 ibid.

866 2367 901 2370 —
919 2359 971 2377 non
990 2354 1063 2377 erant
1082 2351 1107 2376 in
1126 2358 1217 2376 amore
1236 2350 1329 2376 Christi
1356 2351 1455 2376 serven-

812 2396 891 2421 tiores
914 2403 960 2421 seu
984 2395 1130 2421 stabiliores
1149 2395 1213 2421 viris
1232 2395 1274 2420 Vll
1295 2394 1346 2420 573
1367 2395 1395 2420 31
1421 2409 1454 2413 -

813 2440 962 2466 naturaliter
975 2443 1035 2466 sunt
1047 2440 1081 2465 ad
1094 2440 1224 2472 lacrymas
1237 2446 1335 2472 pronae
1348 2443 1373 2465 et
1386 2446 1455 2465 com-

814 2485 935 2517 passivae
953 2487 1062 2510 naturae
1081 2483 1143 2510 ibid.
1162 2499 1198 2503 —
1217 2491 1309 2510 carum
1335 2485 1455 2516 planctus

813 2530 968 2562 designatur
981 2536 1028 2562 per
1042 2529 1253 2555 lamentationem
1269 2530 1362 2555 saetam
1375 2536 1455 2561 super

814 2574 906 2599 losiam
925 2573 988 2600 ibid.
1006 2587 1042 2593 -
1060 2573 1288 2606 reprehenduntur
1307 2581 1320 2599 a
1340 2573 1456 2604 Christo,

814 2618 876 2652 quia
895 2617 1115 2644 contristabantur
1137 2625 1168 2644 ex
1193 2619 1287 2644 mentis
1312 2618 1457 2644 deiectione

814 2666 840 2689 et
858 2663 954 2688 carnali
973 2663 1089 2696 quadam
1107 2663 1242 2689 affectione
1255 2662 1288 2689 ib.
1308 2663 1341 2688 32
1362 2677 1396 2682 -
1415 2663 1457 2688 sse-

816 2707 878 2733 bant
896 2708 934 2733 sic
952 2708 986 2734 de
1005 2707 1116 2741 Christo,
1135 2708 1211 2741 quasi
1237 2711 1385 2734 moreretur
1408 2714 1456 2740 pro

815 2759 858 2783 se,
877 2759 929 2778 non
949 2759 998 2784 pro
1017 2753 1133 2778 humana
1152 2753 1359 2785 transgressione
1377 2751 1441 2779 ibid.

868 2799 975 2823 -tres
1000 2796 1104 2823 stabant
1129 2797 1198 2823 iuxta
1222 2804 1327 2823 crucem
1354 2797 1458 2823 Domini

816 2841 1020 2873 compatientes,
1048 2849 1117 2875 quae
1142 2842 1228 2874 magis
1256 2841 1398 2874 diligebant
1423 2842 1456 2866 Vl

818 2885 869 2911 497
888 2886 922 2912 37
941 2900 976 2905 -
989 2885 1116 2918 lugebant
1129 2890 1277 2918 mortuum,
1290 2893 1370 2919 quem
1383 2886 1457 2918 prius

816 2930 959 2956 dilexerant
982 2931 1138 2956 moriturum
1159 2931 1203 2956 Vll
1221 2931 1272 2956 586
1291 2931 1325 2956 70
1346 2944 1380 2948 -
1399 2930 1458 2962 piae

817 2981 868 3000 non
881 2975 967 3000 solum
987 2974 1150 3007 aspiciebant
1168 2975 1330 3007 sepulturam
1350 2974 1457 3005 Christi,

817 3025 911 3044 verum
931 3019 1008 3045 etiam
1028 3026 1126 3051 corpus
1145 3020 1276 3052 sepultum
1290 3018 1353 3045 ibid.
1365 3032 1401 3037 —
1413 3019 1458 3043 im-

817 3062 970 3095 pendebant
989 3063 1147 3089 beneflcium
1167 3063 1336 3089 humanitatis
1348 3061 1410 3088 ibid.
1423 3076 1459 3081 —

818 3107 921 3139 sepulto
935 3107 1062 3140 Domino,
1076 3110 1241 3134 reverterunt
1254 3107 1363 3133 domum
1377 3105 1411 3132 ib.
1423 3106 1452 3131 71

871 3165 905 3170 —-
924 3152 972 3177 Per
991 3155 1043 3178 tres
1062 3152 1184 3178 mulieres
1203 3152 1236 3177 ad
1254 3152 1404 3183 sepulcrum
1424 3150 1458 3176 si-

817 3195 974 3227 gnificantur
997 3196 1101 3222 animae
1125 3196 1215 3222 fideles
1238 3195 1280 3220 Vll
1299 3194 1350 3220 586
1369 3194 1403 3219 72
1423 3207 1458 3213 -

818 3239 966 3271 significant
984 3240 1010 3266 in
1029 3247 1191 3273 unoquoque
1209 3239 1315 3264 homine
1328 3241 1457 3268 mentem,

818 3283 936 3315 linguam
961 3286 987 3309 et
1005 3285 1100 3310 manus
1119 3283 1182 3310 ibid.
1199 3296 1236 3302 —
1252 3289 1363 3314 vespere
1388 3288 1459 3307 eme-

818 3330 879 3353 runt
897 3331 1014 3354 aromata
1039 3331 1065 3354 et
1089 3334 1167 3354 mane
1191 3327 1304 3353 diluculo
1329 3328 1458 3352 venerunt

2067 182 2131 214 797

1774 224 1841 251 MUN

1488 266 1521 291 ad
1543 271 1742 293 monumentum
1758 268 1790 293 Vl
1805 269 1856 294 506
1873 269 1904 294 42
1919 283 1952 287 -
1967 270 2054 301 plures
2068 277 2130 295 cum

1490 310 1568 336 Maria
1594 311 1745 343 Magdalene
1770 316 1897 338 venerunt
1921 314 1955 338 ad
1975 320 2132 339 monumen-

1490 357 1545 380 tum
1564 354 1599 381 ib.
1621 356 1648 380 41
1672 369 1707 374 -
1726 356 1855 382 dominica
1876 357 1918 383 die
1936 365 2040 383 summo
2055 365 2131 384 mane

1491 403 1618 424 venerunt
1643 400 1676 424 ad
1703 404 1901 426 monumentum
1927 401 1969 426 Vll
1989 402 2040 427 587
2060 403 2075 426 2
2097 416 2131 420 -

1490 446 1620 468 venerunt
1635 443 1669 468 ad
1683 448 1882 470 monumentum
1897 445 1921 470 in
1936 446 2063 477 principle
2077 446 2129 471 diei

1491 484 1552 512 ibid.

1543 545 1578 548 —
1594 534 1667 556 erant
1681 532 1803 558 sollicitae
1816 533 1849 557 de
1862 533 1955 564 lapidis
1968 534 2130 559 revolutione

1490 574 1532 599 Vll
1553 575 1603 600 588
1626 575 1640 600 4
1660 589 1694 594 —
1719 576 1853 607 ingressae
1880 577 1904 601 in
1930 581 2129 603 monumentum

1490 625 1542 644 non
1563 619 1718 644 invenerunt
1736 626 1832 651 corpus
1859 621 1959 645 Domini
1986 622 2040 646 lesu
2060 620 2093 647 ib.
2114 622 2130 646 5

1489 676 1525 680 —-
1545 662 1569 688 in
1589 667 1762 689 monumento
1781 671 1844 695 prae
1864 664 1957 690 timore
1974 669 1999 690 et
2011 671 2132 690 reveren-

1491 706 1525 731 tia
1545 707 1743 733 declinaverunt
1762 709 1863 733 vultum
1885 709 1909 733 in
1929 711 2024 733 terram
2045 709 2095 734 589
2115 709 2130 733 9

1490 765 1525 768 -
1544 754 1659 782 arguunt
1677 752 1875 777 resurrectionis
1888 752 2093 778 incredulitatem
2107 756 2133 778 et

1489 799 1643 821 asseverant
1661 796 1797 821 veritatem
1817 795 1880 822 ibid.

1543 853 1579 859 ·—
1598 840 1721 866 viderunt
1738 841 1866 873 Angelos,
1885 844 2024 874 postquam
2039 848 2133 867 renun-

1491 884 1621 910 tiaverunt
1641 885 1772 917 Apostolis
1791 885 1948 911 ablationem
1968 886 2085 917 corporis
2099 886 2131 911 Vl

1491 929 1537 954 511
1557 929 1585 953 31
1603 943 1638 948 -—
1651 929 1766 955 diluculo
1779 933 1908 955 venerunt
1926 930 1958 955 ad
1979 936 2134 955 monumen-

1491 976 1555 1005 tum,
1568 977 1594 999 et
1607 976 1635 999 ut
1648 973 1772 999 viderunt
1785 974 1898 1006 lapidem
1912 973 2043 1000 sublatum
2054 995 2059 1005 ,
2070 982 2133 1000 nun-

1489 1017 1620 1043 tiaverunt
1640 1018 1714 1043 Petro
1728 1021 1753 1043 et
1770 1019 1855 1044 loanni
1875 1017 1908 1044 ib.
1929 1019 1962 1044 32
1982 1032 2017 1037 —
2036 1022 2132 1044 stantes

1489 1064 1547 1087 ante
1566 1063 1657 1088 locum·
1668 1063 1794 1094 sepulcri,
1808 1066 1947 1096 postquam
1961 1063 2058 1088 reversi
2072 1066 2132 1089 sunt

1488 1106 1617 1138 diScipuli,
1639 1107 1725 1138 primo
1747 1106 1870 1132 viderunt
1892 1114 1974 1133 unum
2000 1108 2131 1139 Angelum

1486 1149 1550 1177 ibid.

1542 1209 1577 1214 —
1595 1196 1818 1221 annuntiaverunt
1837 1196 1900 1221 viris
1913 1196 2130 1222 resurrectionem

1489 1239 1584 1266 Christi
1604 1240 1635 1265 Vl
1655 1240 1706 1265 510
1726 1240 1759 1265 28
1779 1254 1814 1258 -
1833 1240 1853 1265 Α
1873 1241 1982 1266 muliere
2001 1241 2071 1266 venit
2089 1247 2133 1266 an-

1490 1284 1618 1310 nuntiatio
1638 1288 1663 1310 et
1681 1284 1795 1316 cognitio
1813 1285 1882 1310 vitae
1895 1288 1920 1310 et
1932 1285 2133 1310 immortalitatis

1490 1329 1534 1354 Vll
1549 1329 1600 1355 590
1617 1330 1649 1354 42
1668 1343 1703 1348 -
1723 1330 1757 1355 Ex
1776 1329 1864 1355 divina
1884 1330 2048 1355 ordinatione
2068 1336 2133 1354 nun-

1492 1373 1563 1398 tiatio
1582 1373 1780 1399 resurrectionis
1799 1381 1846 1405 per
1865 1374 1986 1399 mulieres
2010 1374 2081 1399 venit
2099 1373 2132 1399 ad

1492 1418 1564 1443 viros
1590 1417 1652 1444 ibid.
1673 1432 1707 1436 —
1726 1418 1747 1443 Α
1772 1419 1882 1444 muliere
1910 1419 2012 1444 initium
2041 1419 2134 1444 sumsit

1492 1469 1564 1488 mors
1583 1466 1608 1488 et
1627 1466 1764 1495 peccatum
1785 1462 1847 1489 ibid.
1861 1478 1896 1481 —
1909 1464 2032 1488 Aulcrtur
2046 1463 2134 1488 mulie-

1491 1514 1551 1532 rum
1570 1507 1744 1539 opprobrium
1771 1512 1796 1532 et
1821 1508 1935 1533 maxime
1958 1507 2134 1539 peccatricum

1492 1558 1539 1583 per
1558 1552 1777 1577 resurrectionem
1798 1551 1859 1578 ibid.
1879 1566 1913 1571 —
1933 1551 2020 1577 Verba
2046 1552 2136 1577 mulie-

1491 1603 1551 1622 rum
1570 1604 1625 1622 non
1644 1597 1723 1623 fuisse
1738 1597 1842 1629 frivola,
1862 1596 1990 1628 probatur
2003 1604 2050 1629 per
2068 1597 2136 1622 testi-

1493 1641 1609 1667 monium
1631 1644 1656 1667 et
1674 1644 1810 1674 aspectum
1829 1642 1948 1667 virorum
1968 1641 2020 1667 594
2040 1642 2072 1667 30

1545 1686 1731 1716 Mum-nooman
1750 1700 1785 1705 —
1804 1687 1953 1718 frequenter
1972 1690 2010 1711 est
2030 1686 2133 1712 occasio

1491 1731 1687 1756 contentionum
1709 1731 1750 1756 Vll
1771 1730 1822 1756 255
1842 1731 1857 1755 9

1546 1776 1691 1801 Μυιτιτυοο
1709 1789 1745 1794 -
1763 1775 1826 1801 dicit
1838 1775 1896 1807 plus
1909 1781 1990 1808 quam
2004 1775 2136 1807 pluralitas

1492 1820 1524 1845 Vl
1546 1820 1596 1845 464
1616 1827 1642 1845 v,
1663 1820 1695 1845 42

1545 1878 1580 1883 -
1599 1864 1776 1889 Periculosum
1797 1866 1835 1889 est
1859 1863 2018 1889 multitudini
2044 1863 2136 1894 impio-

1490 1914 1550 1933 rum
1569 1908 1735 1933 commisceri
1754 1908 1796 1933 Vll
1810 1907 1861 1933 566
1876 1908 1891 1932 2
1905 1921 1939 1925 -
1953 1914 2000 1938 per
2013 1907 2135 1932 timorem

1492 1952 1591 1978 inducit
1609 1952 1640 1978 ad
1661 1956 1799 1984 peccatum
1820 1952 1853 1977 Vl
1874 1951 1924 1977 485
1945 1951 1978 1976 44

1545 1997 1671 2022 ΜυΝῡιτιΑ
1691 2010 1726 2015 -
1739 1997 1829 2028 triplex
1842 1999 1895 2021 est:
1909 1995 2086 2027 cogitationis,
2100 1996 2134 2021 as-

1491 2040 1621 2073 sectionis,
1640 2040 1725 2066 carnis
1739 2040 1771 2065 Vl
1786 2040 1836 2065 598
1851 2047 1878 2065 V.
1893 2039 1907 2065 4
1920 2053 1955 2058 -
1968 2041 2006 2065 est
2019 2039 2134 2072 quadru-

1491 2085 1562 2118 plex:
1582 2084 1683 2115 cordis,
1709 2084 1776 2115 oris,
1802 2084 1902 2116 operis,
1928 2084 2133 2110 conversationis

1491 2129 1543 2155 599
1564 2130 1573 2154 4
1598 2144 1633 2148 -
1652 2129 1776 2155 castitatis
1789 2129 1951 2161 significatur
1964 2135 2012 2161 per
2023 2129 2133 2154 linteum

1491 2174 1542 2199 598
1562 2181 1588 2199 v.
1610 2173 1623 2198 4
1643 2187 1678 2192 —
1697 2173 1902 2199 conversationis
1922 2173 2072 2205 intelligitur
2085 2179 2134 2205 per

1490 2218 1628 2244 sindonem
1647 2218 1699 2244 619
1720 2218 1734 2243 3

1544 2277 1579 2282 -
1598 2270 1667 2296 quae
1687 2265 1785 2288 tantum
1806 2266 1844 2288 est
1857 2266 1942 2294 extra,
1955 2262 2077 2295 relinquit
2090 2262 2135 2288 do-

1480 2314 1564 2333 ·mum
1585 2314 1696 2333 vacuam
1717 2315 1731 2333 3
1757 2307 1839 2339 gratia
1866 2307 1977 2339 Spiritus
2002 2307 2082 2332 sancti
2109 2311 2134 2332 et

1491 2351 1674 2384 occupabilem
1695 2359 1709 2377 a
1729 2352 1877 2384 praesentia
1902 2351 2000 2377 diaboli
2020 2351 2063 2377 Vll
2082 2351 2135 2377 295

1492 2397 1525 2422 54
1544 2410 1579 2416 --
1599 2397 1669 2422 Deus
1687 2397 1743 2422 vult
1762 2397 1875 2422 maxime
1894 2397 2041 2421 animarum
2060 2403 2135 2421 mun-

1492 2442 1583 2467 ditiam
1603 2442 1654 2467 303
1675 2442 1704 2467 81
1728 2455 1764 2460 -
1782 2441 1923 2467 voluntatis
1941 2444 1966 2467 et
1991 2440 2078 2466 cordis
2097 2447 2135 2466 re·

1491 2486 1603 2520 quiritur
1623 2486 1654 2511 Vl
1682 2486 1732 2511 130
1756 2493 1783 2511 v.
1803 2485 1836 2511 44
1861 2501 1896 2504 —
1921 2486 1982 2511 Sine
2007 2485 2134 2511 munditia

1492 2531 1666 2557 conscientiae
1684 2531 1747 2556 nihil
1766 2534 1805 2556 est
1823 2531 1953 2556 mundum
1973 2531 2015 2556 Vll
2037 2530 2087 2555 303
2102 2530 2130 2554 81

1546 2589 1581 2594 -
1599 2575 1740 2607 spiritualis
1765 2579 1852 2601 servat
1873 2576 2024 2600 innocentes
2043 2581 2057 2600 a
2077 2581 2136 2606 pec-

1493 2620 1544 2646 cati
1560 2620 1731 2652 contagione,
1744 2620 1849 2652 expedit
1860 2619 2008 2645 labetantes
2022 2620 2046 2644 in
2060 2619 2137 2644 actio-

1494 2672 1540 2697 ne,
1566 2664 1694 2697 gratiflcat
1722 2665 1928 2697 contemplantes
1953 2664 1979 2689 in
2004 2664 2135 2695 oratione,

1493 2712 1644 2735 remunerat
1671 2709 1855 2741 pervenientes
1880 2708 1956 2734 beata
1983 2708 2083 2734 risione
2102 2708 2135 2732 Vl

1495 2754 1545 2779 599
1566 2755 1581 2779 2
1601 2767 1636 2772 -
1654 2753 1796 2785 spiritualis
1815 2756 1985 2784 recuperatur
2004 2759 2051 2784 per
2064 2752 2137 2778 dolo-

1493 2805 1549 2824 rem
1569 2797 1743 2829 contritionis,
1769 2804 1817 2829 per
1840 2797 1969 2828 pudorem
1996 2797 2137 2822 consessio·

1494 2843 1549 2873 nis,
1568 2849 1616 2873 per
1635 2841 1751 2867 laborem
1778 2841 1973 2871 satisfactionis,
1999 2848 2045 2872 per
2065 2841 2136 2866 llam-

1495 2893 1565 2912 mam
1585 2885 1758 2911 tribulationis
1777 2885 1827 2909 600
1849 2884 1863 2910 4
1884 2898 1918 2902 -
1931 2885 2069 2909 Hominem
2083 2885 2137 2916 pol-

1493 2931 1576 2956 lutum
1596 2929 1629 2955 ad
1649 2929 1804 2954 munditiam
1825 2928 1903 2954 debet
1921 2935 2029 2953 movere
2049 2928 2136 2960 pudor

1493 2973 1644 3006 opprobrii,
1664 2973 1741 2998 timor
1760 2972 1896 3004 supplicii,
1916 2979 1991 2997 amor
2010 2972 2134 3004 praemii,

1494 3020 1577 3044 honor
1596 3017 1674 3043 officii
1694 3016 1728 3043 ib.
1747 3017 1763 3042 5
1784 3031 1817 3035 —
1836 3017 1921 3042 Homo
1940 3015 2019 3042 debet
2032 3017 2136 3042 mundi-

1493 3063 1555 3088 tiam
1581 3061 1690 3093 diligere
1714 3064 1822 3093 propter
1846 3067 1889 3091 se,
1915 3064 2021 3092 propter
2046 3061 2135 3092 proxi-

1494 3113 1566 3132 mum
1575 3125 1581 3136 ,
1601 3108 1708 3137 propter
1727 3104 1867 3130 Dominum
1878 3123 1885 3135 ,
1898 3108 2005 3136 propter
2018 3104 2134 3130 officium

1494 3156 1572 3176 suum
1591 3149 1625 3175 ib.
1645 3150 1661 3174 6

1547 3208 1582 3212 -
1600 3192 1688 3218 Mundi
1708 3192 1788 3218 corde
1807 3196 1832 3218 et
1850 3199 1961 3224 corpore
1979 3192 2052 3224 digni
2075 3196 2137 3218 sunt

1494 3237 1618 3269 sapientia
1639 3237 1672 3262 Vl
1693 3236 1742 3262 148
1762 3244 1787 3262 v.
1810 3237 1840 3262 16
1859 3250 1896 3256 —
1910 3236 2013 3268 Corpus
2025 3235 2137 3262 habetur

1494 3285 1519 3307 et
1537 3284 1707 3307 conservatur
1726 3281 1953 3314 incoinquinatum
1972 3287 2020 3313 per
2033 3281 2142 3307 mundi—

1495 3326 1558 3351 tiam
1580 3325 1629 3350 l66
1649 3332 1675 3350 v.
1694 3325 1727 3350 20
