2476 3921
144 594 174 615 De
189 594 280 615 decimo.

154 911 184 932 De
199 910 281 940 decimo

165 940 262 964 septimo.

143 1281 170 1301 De
181 1282 293 1310 septuage-

177 1313 238 1328 simo.

299 288 340 319 88
900 280 1092 313 COMMENT.
1119 280 1155 311 ΙΝ
1179 278 1417 311 EVANGELlUM
1442 277 1558 310 LUCAE
1582 276 1614 308 C.
1640 277 1686 309 lV.

300 375 425 407 sinistra
436 373 474 405 ad
490 373 668 409 dexteram3
686 371 724 403 ad
736 370 934 402 Colossenses
947 368 1049 410 primo
1063 370 1088 400 ¹:
1107 381 1122 396 «
1137 366 1257 408 Eripuit

300 437 356 459 nos
378 427 416 459 de
441 428 592 467 potestate
616 424 820 456 tenebrarum
844 426 875 455 et
900 421 1059 454 transtulit
1083 429 1139 453 nos
1155 420 1186 452 in
1211 428 1258 452 re-

300 489 395 522 gnum
420 479 473 511 filii
498 477 672 510 dilectionis
689 490 720 515 »,
744 476 773 508 id
797 479 844 508 est
867 475 1056 507 de‘sinistra
1081 473 1117 505 ad
1146 473 1257 505 dexte-

300 543 386 571 ram;
412 532 555 564 Matthaei
580 530 731 572 vigesimo
765 529 892 571 quinto:
928 541 943 555 «
960 528 1082 559 Statuet
1109 535 1205 568 agnos
1239 535 1258 557 a

300 585 421 618 dextris
445 585 527 622 suis,
552 583 667 616 haedos
701 591 774 615 vero
808 591 827 614 a
858 580 993 613 sinistris
1010 594 1039 611 ».
1066 598 1105 602 —
1131 578 1257 611 Decimo

301 640 367 671 loco
386 640 503 676 Amos,
521 637 575 678 qui
592 637 820 677 interpretatur
835 642 988 671 onerans,
1005 632 1097 674 quia,
1115 630 1257 663 translati

299 692 338 724 ad
362 691 511 733 gratiam,
534 689 704 722 invitamur
728 688 766 720 ad
790 696 887 719 onera
903 686 979 728 legis
995 684 1165 727 portanda;
1182 684 1258 716 Mat-

300 744 382 776 thaei
407 743 573 775 undecimo
585 742 614 772 ε-’;
639 755 654 769 «
671 741 779 773 Venite
795 740 834 772 ad
851 748 900 772 me
916 747 1024 771 omnes
1041 751 1055 766 »
1077 741 1135 770 etc.
1159 750 1173 765 α
1187 736 1258 768 Tol-

301 798 352 829 lite
376 797 484 838 iugum
511 804 615 828 meum
639 803 736 835 super
759 802 814 825 vos
832 806 846 821 »
875 796 952 829 etc.;
976 791 1015 824 de
1039 800 1102 833 quo
1126 790 1200 832 iugo
1227 792 1259 822 et

300 859 394 883 onere
417 849 533 882 dicitur
555 849 756 880 Threnorum
782 846 890 879 tertio:
920 859 934 873 «ι
954 845 1071 877 Bonum
1101 847 1148 876 est
1172 843 1258 881 viro,

300 913 373 936 cum
397 902 569 945 portaverit
593 902 702 943 iugum
726 900 765 932 ab
788 899 994 932 adolescentia
1019 907 1076 930 sua
1092 911 1122 929 n.
1141 915 1183 920 —
1200 897 1259 929 De-

302 958 381 989 cimo
405 956 537 997 septimo
561 956 628 987 loco
646 952 777 995 loseph,
795 953 847 995 qui
866 953 1093 993 interpretatur
1110 959 1259 992 augmen-

303 1014 388 1047 tum,
412 1009 487 1050 quia
511 1007 664 1040 *servando
688 1010 719 1039 et
744 1005 896 1047 portando
920 1014 1000 1037 onus
1017 1004 1093 1045 legis
1109 1012 1260 1045 augmen-

303 1066 407 1094 tamur
432 1061 461 1092 in
487 1061 604 1102 gratia;
629 1059 667 1091 ad
698 1059 845 1100 Ephesios
869 1057 1026 1099 quarto-⁵¹:
1057 1070 1072 1084 «
1090 1056 1259 1088 Veritatem

302 1115 449 1147 facientes
473 1114 502 1145 in
528 1113 674 1150 caritate,
693 1120 871 1144 crescamus
895 1111 925 1142 in
951 1110 1004 1142 illo
1021 1123 1036 1138 »
1057 1112 1127 1147 etc.;
1152 1108 1191 1140 ad
1208 1108 1261 1140 Co—

303 1168 455 1200 lossenses
479 1167 597 1207 primo:
628 1178 643 1193 «
661 1164 830 1196 Ambuletis
853 1163 945 1205 digne
969 1163 1051 1200 Deo,
1077 1171 1132 1203 per
1157 1162 1262 1193 omnia

304 1221 478 1262 placentes,
513 1219 543 1251 in
575 1218 657 1250 omni
690 1226 784 1258 opere
816 1217 897 1248 bono
921 1216 1193 1248 fructificantes».
1220 1232 1261 1237 -

303 1273 537 1315 septuagesimo
563 1272 628 1304 loco
653 1269 801 1308 Henocli,
819 1270 872 1311 qui
891 1270 1118 1310 interpretatur
1141 1267 1259 1300 dedica-

304 1327 362 1365 tio,
387 1326 461 1368 quia
486 1324 676 1367 proficiendo
708 1324 737 1356 in
768 1323 881 1355 merito
912 1326 943 1355 et
967 1322 1095 1354 caritate
1119 1320 1263 1363 perveni-

304 1388 374 1411 mus
398 1379 435 1411 ad
460 1378 574 1410 mentis
598 1377 753 1419 quietem,
778 1376 809 1408 in
834 1385 897 1418 qua
932 1375 1052 1407 habitat
1076 1374 1160 1406 Deus
1183 1374 1265 1406 sicut

305 1434 333 1465 in
360 1433 475 1474 templo
510 1431 665 1468 dedicato;
702 1430 822 1462 Ioannis
857 1429 978 1461 decimo
1013 1428 1171 1470 quarto4:
1202 1427 1263 1459 «Si

304 1486 375 1527 quis
398 1485 498 1526 diligit
522 1493 589 1522 me,
614 1492 790 1515 sermonem
816 1491 921 1514 meum
946 1481 1101 1518 servabit,
1118 1484 1149 1512 et
1173 1480 1263 1512 Pater

305 1548 394 1571 meus
417 1539 523 1580 diliget
547 1546 640 1575 eum,
665 1540 695 1568 et
719 1536 757 1568 ad
792 1544 864 1567 eum
892 1535 1052 1567 veniemus
1076 1537 1107 1566 et
1131 1533 1265 1565 mansio-

305 1601 376 1624 nem
400 1591 483 1632 apud
507 1599 579 1622 eum
603 1589 754 1621 faciemus
769 1602 799 1619 ».
827 1587 860 1619 Et
885 1587 942 1619 hic'
961 1595 1088 1618 sursum
1106 1586 1208 1618 fertur
1233 1586 1264 1617 in

306 1645 425 1677 caelum
439 1653 494 1685 per
508 1642 799 1684 contemplationem
818 1641 899 1673 sicut
916 1640 1039 1672 Henoch
1051 1666 1058 1678 ,
1075 1640 1113 1671 de
1129 1649 1193 1681 quo
1208 1639 1267 1671 Ge-

307 1696 389 1728 nesis
413 1695 566 1737 quinto5:
596 1707 610 1722 «
628 1693 804 1726 ambulavit
835 1702 907 1726 cum
945 1693 1007 1725 Deo
1031 1695 1061 1724 et
1085 1701 1147 1724 non
1172 1700 1267 1733 appa·

307 1750 388 1788 ruit,
413 1749 487 1790 quia
511 1748 583 1780 tulit
606 1756 677 1780 eum
708 1747 792 1779 Deus
809 1758 838 1784 »3
864 1750 894 1778 et
926 1745 1100 1787 Sapientiae
1134 1748 1264 1786 quarto:

1325 379 1340 394 «
1357 366 1483 398 Placens
1508 366 1571 398 Deo
1589 378 1602 392 n
1638 368 1696 397 etc.
1730 383 1773 387 —
1805 363 2039 405 septuagesimo
2070 362 2186 394 sexto⁶
2211 362 2278 394 loco
2291 363 2460 416 tgffigpggfgm]

1321 419 1451 457 Adam,
1476 418 1530 460 qui
1555 418 1783 459 interpretatur
1806 417 1917 455 h0m0‚
1934 416 2009 458 quia
2025 415 2174 457 perfectio
2190 415 2278 457 quie—

1320 471 1360 504 tis
1382 474 1414 504 et
1437 470 1707 512 contemplationis
1741 469 1892 502 reformat
1926 469 1958 501 in
1993 468 2082 500 nobis
2110 467 2278 509 imaginem

1320 524 1394 563 Dei,
1418 524 1457 556 ad
1487 533 1582 566 quam
1616 523 1717 555 factus
1748 525 1796 555 est
1827 522 1939 560 hom0;
1969 521 2096 554 Genesis
2131 520 2277 562 prim0⁷:

1326 590 1341 605 «
1359 577 1520 610 Faciamus
1542 576 1700 608 hominem
1733 575 1771 608 ad
1803 575 1970 617 imaginem
1988 588 2003 603 n
2032 578 2090 607 etc.
2123 574 2205 606 Hanc
2230 583 2279 607 re-

1321 630 1435 663 format
1458 629 1697 671 contemplatio;
1723 628 1878 661 secundae
1906 628 1945 660 ad
1968 627 2146 660 Corinthios
2169 627 2279 660 tertio:

1327 696 1343 711 α
1359 683 1419 715 Nos
1441 685 1547 714 autem
1571 682 1708 714 revelata
1738 681 1815 714 facie
1838 680 1969 732 gloriam
1993 680 2048 713 Dei
2073 680 2280 721 speculantes,

1322 736 1354 768 in
1377 736 1506 768 eandem
1542 735 1708 776 imaginem
1744 734 2007 767 transformamur
2039 742 2056 765 a
2085 732 2281 765 claritatem

1323 788 1495 821 claritatem
1514 800 1543 827 ”3
1569 791 1599 820 et
1624 787 1840 829 postmodum:
1871 800 1885 815 «
1902 786 1985 819 Licet
2009 786 2035 818 is
2059 786 2112 828 qui
2142 785 2180 818 de
2206 785 2282 818 soris

1323 844 1387 879 est,
1413 844 1518 873 noster
1554 841 1648 872 homo
1683 843 1908 881 corrumpatur
1925 853 1939 868 »
1969 842 2027 872 etc.
2052 857 2094 861 -
2123 839 2283 871 Postremo

1324 896 1392 927 loco
1415 894 1619 936 subiungitur
1654 893 1758 932 Deus,
1783 893 1821 925 ad
1846 902 1940 934 quem
1966 892 2141 930 tendimus,
2165 892 2196 924 in
2221 901 2284 934 quo

1324 952 1371 981 est
1394 948 1484 990 quies
1509 951 1540 980 et
1563 947 1634 979 finis
1658 947 1799 979 omnium
1832 946 1992 984 laborum3
2019 945 2141 978 loannis
2163 945 2284 977 decimo

1324 1001 1500 1043 septimoss:
1531 1001 1640 1033 «Haec
1663 1003 1711 1033 est
1734 1004 1838 1033 autem
1864 1000 1928 1032 vita
1951 1002 2095 1037 aeterna,
2113 1002 2148 1030 ut
2172 1007 2285 1040 cogno-

1325 1058 1413 1088 scant
1435 1058 1465 1087 te
1490 1055 1589 1087 Deum
1613 1063 1740 1092 verum,
1764 1057 1796 1086 et
1819 1061 1914 1095 quem
1935 1052 2045 1084 misisti
2071 1052 2172 1084 Iesum
2195 1051 2285 1083 Chri-

1326 1111 1408 1140 stum
1426 1121 1441 1135 »
1471 1110 1540 1146 etc.;
1565 1111 1596 1139 et
1620 1107 1739 1148 primae
1762 1106 1800 1138 ad
1824 1105 2002 1138 Corinthios
2019 1104 2140 1137 decimo
2157 1104 2284 1146 quinto:

1331 1174 1347 1190 «
1363 1160 1480 1193 Deinde
1503 1161 1591 1199 finis,
1616 1170 1689 1193 cum
1714 1159 1878 1192 tradiderit
1902 1167 2034 1201 regnum
2058 1158 2122 1190 Deo
2146 1160 2177 1190 et
2193 1157 2286 1196 Patri,

1327 1224 1398 1247 cum
1423 1214 1623 1246 evacuaverit
1654 1222 1777 1246 omnem
1806 1212 2016 1254 principatum
2046 1215 2077 1244 et
2101 1214 2286 1252 potestatem

1328 1271 1358 1300 et
1381 1267 1530 1299 virtutem
1548 1279 1578 1305 »;
1603 1270 1634 1298 et
1659 1269 1745 1307 post:
1776 1279 1791 1293 «
1807 1266 1845 1298 Ut
1861 1264 1901 1297 sit
1917 1265 2001 1297 Deus
2017 1264 2122 1296 omnia
2140 1264 2170 1296 in
2186 1263 2288 1295 omni—

1328 1320 1388 1352 hus
1404 1333 1433 1351 ».
1460 1319 1546 1351 Nunc
1571 1318 1653 1351 enim
1677 1321 1725 1350 est
1751 1326 1860 1350 verum
1886 1316 1963 1349 illud
1987 1316 2071 1358 quod
2094 1316 2210 1348 dicitur
2228 1315 2289 1357 pri-

1329 1382 1397 1405 mae
1420 1372 1458 1404 ad
1489 1371 1667 1403 Corinthios
1698 1369 1907 1403 undecim09:
1938 1382 1953 1397 «
1970 1369 2079 1401 Omnis
2112 1368 2169 1400 viri
2194 1372 2288 1410 caput

1328 1428 1376 1458 est
1398 1424 1558 1462 Christus,
1583 1427 1678 1465 caput
1708 1432 1784 1456 vero
1819 1422 1978 1461 mulieris,
2004 1422 2070 1460 vir,
2095 1425 2189 1463 caput
2213 1429 2289 1453 vero

1328 1478 1461 1516 Christi,
1486 1478 1570 1510 Deus
1587 1489 1618 1515 »;
1643 1485 1728 1509 nunc
1752 1484 1864 1508 verum
1896 1479 1943 1508 est
1976 1475 2054 1507 illud
2077 1475 2180 1513 aliud,
2205 1474 2289 1517 quod

1328 1532 1444 1564 dicitur
1468 1531 1588 1573 primae
1612 1530 1648 1563 ad
1681 1529 1859 1562 Corinthios
1883 1529 1993 1561 tertio:
2023 1529 2162 1561 «Omnia
2186 1532 2291 1561 vestra

1330 1589 1414 1623 sunt,
1432 1594 1486 1617 vos
1502 1588 1606 1616 autem
1624 1583 1758 1622 Christi,
1775 1583 1920 1615 Christus
1936 1585 2040 1615 autem
2058 1582 2155 1615 Dei».
2180 1595 2194 1610 «
2207 1583 2290 1623 Quo-

1330 1638 1412 1670 niam
1437 1646 1512 1678 ergo
1547 1646 1588 1669 ex
1624 1637 1691 1678 ipso
1723 1640 1753 1668 et
1776 1644 1834 1677 per
1869 1635 1972 1677 ipsum
2010 1638 2041 1667 et
2070 1635 2101 1667 in
2125 1635 2192 1676 ipso
2217 1638 2291 1667 sunt

1330 1691 1452 1729 omnia3
1478 1690 1535 1731 ipsi
1562 1690 1624 1722 Deo
1648 1692 1775 1722 aeterno
1799 1692 1830 1721 et
1853 1688 1925 1720 vivo
1948 1687 2049 1720 omnis
2066 1688 2166 1720 honor
2183 1691 2214 1720 et
2229 1687 2292 1729 glo-

1331 1744 1378 1776 ria
1402 1743 1432 1775 in
1457 1743 1582 1776 saecula
1606 1742 1815 1779 saeculorum.
1841 1742 1935 1774 Amen
1954 1755 1984 1772 ».

1169 1878 1352 1911 CAPlTUl.UM
1378 1878 1424 1910 lV.

404 2008 488 2045 Pars
519 2008 559 2044 ll.
592 2007 642 2044 De
671 2005 940 2057 praedicationis
968 2004 1164 2055 magisterio

617 2069 731 2119 agitur
760 2067 952 2118 dupliciter.

399 2169 425 2199 1.
453 2168 544 2199 lesus
568 2170 678 2198 autem
700 2165 819 2207 plenus
845 2164 975 2206 Spiritu
999 2167 1115 2196 sancto
1131 2166 1189 2195 etc.
1209 2163 1266 2195 Su-

307 2230 364 2262 pra
378 2221 403 2239 10
426 2219 646 2252 determinavit
672 2218 865 2260 Evangelista
888 2217 926 2249 de
951 2216 1172 2249 incarnationis
1201 2224 1267 2257 my-

307 2273 402 2306 sterio
426 2273 491 2305 sive
514 2272 552 2304 de
587 2271 702 2304 Christi
738 2271 917 2309 nativitate;
942 2270 973 2302 in
1010 2270 1067 2302 hac
1092 2273 1180 2311 parte
1204 2269 1268 2311 agit

307 2327 345 2359 de
366 2325 628 2369 praedicationis
651 2324 844 2367 mayisterio
869 2324 934 2356 sive
958 2323 1109 2356 doctrina.
1128 2323 1164 2355 Et
1188 2331 1268 2364 quo-

308 2380 390 2412 niam
405 2379 524 2421 duplex
539 2382 586 2411 est
601 2387 681 2420 opus
698 2378 855 2419 sapientis,
873 2377 990 2410 scilicet
1005 2376 1154 2414 docendo,
1177 2389 1191 2403 α
1205 2385 1268 2408 non

308 2433 432 2465 mentiri
446 2432 483 2464 de
495 2432 611 2474 quibus
623 2429 709 2464 no'vit
722 2434 753 2464 et
767 2431 969 2464 mentientem
986 2430 1186 2462 manifestare
1197 2431 1222 2448 ¹¹
1237 2442 1267 2468 »‚

308 2486 376 2519 ideo
400 2495 473 2528 pars
497 2486 556 2518 ista
580 2485 674 2518 habet
697 2484 785 2517 duas.
812 2485 842 2516 ln
868 2484 971 2526 prima
988 2483 1132 2525 explicat
1146 2482 1268 2515 verita-

379 2652 387 2666 ¹
410 2652 483 2677 Vers.
504 2652 545 2676 13.
565 2665 600 2670 -
620 2650 738 2676 Subinde
767 2651 894 2682 allegatur
922 2651 1009 2676 Mattli.
1036 2651 1084 2682 25,
1105 2651 1147 2675 33.
1168 2664 1201 2668 —-
1222 2651 1269 2675 l‘ro

309 2698 391 2723 lanne
410 2696 487 2722 Card.
507 2697 583 2727 nugo
603 2699 628 2720 et
647 2696 675 2720 B.
698 2695 793 2721 Albert.
815 2694 911 2720 liabent
930 2696 1031 2721 Iamne.
1044 2695 1163 2725 Hieron.‚
1177 2694 1211 2719 de
1225 2694 1271 2719 No-

309 2741 424 2766 minibus
443 2740 563 2766 Hebraic.
588 2743 639 2765 vet.
664 2743 765 2765 testam.
790 2740 823 2765 de
851 2740 1025 2765 Nnmerorum
1051 2739 1132 2764 libro:
1160 2739 1270 2769 lamna,

310 2791 394 2816 mare,
415 2785 454 2809 vel
473 2784 578 2809 dextera
597 2784 663 2809 eius.
683 2783 745 2809 lbid.
765 2784 798 2809 de
819 2783 922 2809 Exodo:
944 2782 1046 2813 lumin,
1071 2782 1184 2807 dextera.
1206 2782 1270 2807 lbid.

309 2836 371 2853 nov.
391 2832 490 2854 testam.
511 2828 613 2853 Lucaez
633 2827 732 2854 lannai
751 2827 865 2859 (lanne),
885 2830 1065 2858 praeparatus.
1086 2827 1176 2851 Glossa
1191 2825 1271 2852 inter-

310 2873 420 2898 linearis
440 2873 511 2904 apud
531 2873 680 2903 Lyranum:
703 2871 756 2903 Qui
774 2871 826 2904 fuit
845 2872 942 2902 lanne,
963 2871 1062 2896 dexter.

381 2916 391 2930 ²
413 2910 486 2942 Vers'.
506 2917 549 2942 28.
570 2923 640 2948 seq,
661 2920 720 2947 post
738 2923 818 2948 quem
832 2916 930 2941 Turen.
950 2916 980 2945 3,
1000 2915 1043 2940 27.
1056 2929 1091 2933 —
1104 2915 1223 2945 Hierum,
1237 2915 1271 2940 ‹le

312 2961 465 2986 Nominibus
485 2960 605 2985 Hebraic.
629 2967 690 2985 nov.
711 2963 813 2985 testam.
833 2961 931 2985 Lucae:
952 2961 1050 2991 Amos,
1076 2966 1201 2990 onerans,
1227 2962 1271 2984 aut

311 3005 438 3030 oneravit.

382 3047 392 3062 ⁸
412 3049 486 3074 Vers.
508 3049 540 3074 15
561 3049 619 3080 (pro
639 3048 667 3074 in
686 3048 732 3074 {tto
752 3049 770 3073 C
783 3049 830 3073 DF
850 3048 877 3073 in
897 3048 1018 3081 qratia),
1038 3049 1079 3074 cni
1104 3047 1271 3080 subiungitur

311 3094 363 3118 (jol.
389 3094 408 3123 i,
430 3093 472 3118 10.
491 3107 525 3111 -
546 3093 663 3123 Hierom,
683 3093 715 3118 de
736 3092 889 3118 Nominibus
910 3092 1028 3118 Hebraic.
1048 3096 1099 3118 vet.
1122 3096 1224 3117 testam.
1238 3092 1272 3117 de

312 3138 389 3162 tien:
410 3136 516 3170 loseph,
541 3131 722 3168 aufgmentnm.

383 3180 392 3194 ⁴
415 3181 488 3206 Vers.
502 3182 545 3206 23.
558 3195 593 3200 —
607 3181 726 3212 Hieron.,
741 3181 774 3206 de
788 3181 942 3206 Nominibus
958 3181 1077 3206 liebraic.
1092 3188 1154 3206 nov.
1168 3183 1270 3205 testam.

313 3227 411 3251 Lucae:
432 3225 537 3256 Enoch,
558 3221 695 3251 dedicatio.

383 3267 394 3282 ⁰
415 3269 486 3294 Vers.
508 3268 554 3300 24,
575 3273 633 3300 post
652 3275 732 3301 quem
753 3269 814 3300 Sap.
838 3269 865 3300 1,
890 3269 928 3293 10.
948 3275 1004 3301 seq.

383 3311 394 3326 ⁶
413 3313 465 3338 Csr.
484 3320 563 3344 snpra
584 3320 645 3344 pag.
669 3313 715 3343 87,
739 3316 796 3338 nota
818 3314 841 3337 8.
861 3326 896 3331 —
922 3312 1038 3343 Hieron,
1066 3312 1099 3338 de
1118 3310 1273 3336 Nominibus

314 3356 432 3381 Hebraic.
453 3360 505 3382 vet.
531 3360 631 3382 testam.
659 3357 692 3382 de
712 3358 793 3382 (ien.:
815 3356 917 3388 Adam,
943 3358 1035 3386 homo,
1060 3356 1116 3381 sive
1140 3358 1272 3385 terrenus,

314 3405 358 3425 aut
378 3401 516 3431 indigena,
536 3402 577 3426 vel
597 3405 664 3426 terra
684 3400 773 3426 rubra.

385 3442 394 3457 ⁷
415 3445 489 3470 Vers.
512 3446 553 3470 26.
572 3459 607 3464 —
627 3446 777 3477 Sequuntur
798 3446 823 3470 1Ι.
844 3445 902 3470 Cor.
924 3446 952 3477 3,
976 3446 1014 3471 18.
1033 3449 1058 3470 ct
1079 3445 1106 3477 t,
1131 3445 1170 3470 16.

1331 2006 1412 2040 teni,
1437 2002 1467 2034 in
1493 2001 1630 2034 secunda
1660 2000 1813 2043 confutat
1845 1999 2048 2043 falsitatem,
2084 1999 2165 2032 infra
2193 1999 2291 2032 unde-

1331 2056 1429 2088 cimo:
1457 2056 1541 2087 Erat
1564 2055 1657 2087 lesus
1680 2055 1812 2087 eiiciens
1836 2054 2048 2086 daemonium
2072 2057 2130 2086 etc.

1479 2161 1594 2193 Primo
1619 2160 1807 2202 empticatur
1830 2161 1953 2193 veritas
1978 2160 2149 2193 doctrinae

1676 2213 1952 2256 quadrupliciter.

1423 2321 1525 2354 Prima
1549 2330 1637 2363 pars,
1662 2321 1693 2353 in
1709 2329 1773 2362 qua
1789 2320 1926 2362 explicat
1944 2320 2105 2353 veritatem
2122 2321 2293 2360 doctrinae,

1314 2375 1428 2408 *habet
1450 2378 1603 2417 quatuor:
1621 2374 1652 2406 in
1677 2383 1815 2416 quarum
1840 2373 1943 2415 prima
1958 2373 1994 2405 fit
2010 2374 2180 2406 doctrinae
2199 2373 2294 2406 Cleri-

1332 2428 1376 2461 sti
1399 2427 1657 2465 authenticatio,·
1681 2427 1712 2459 in
1737 2426 1874 2459 secunda
1896 2426 2125 2459 determinatur
2149 2426 2295 2468 discipu-

1334 2482 1443 2514 torum
1468 2482 1614 2520 vocatio,
1647 2481 1728 2513 infra
1763 2480 1874 2523 quinto
1888 2481 1931 2512 ¹²:
1958 2481 2098 2512 Factum
2124 2484 2191 2518 est,
2217 2490 2294 2513 cuni

1405 2647 1416 2662 Β
1437 2649 1511 2674 Vers.
1531 2649 1556 2673 3.
1576 2662 1610 2667 -
1630 2647 1747 2673 Subinde
1766 2647 1912 2679 allegantur
1931 2648 1947 2672 1.
1967 2646 2026 2672 Cor.
2048 2646 2093 2676 15,
2110 2646 2152 2671 21.
2172 2649 2197 2671 et
2217 2646 2259 2671 28.

1405 2691 1416 2707 Β
1438 2694 1510 2718 Vers.
1530 2693 1560 2723 3,
1579 2696 1636 2724 post
1656 2699 1736 2724 quem
1758 2692 1786 2722 3,
1812 2692 1855 2716 22.
1874 2698 1929 2723 seq.
1949 2694 1975 2716 et
2000 2691 2076 2716 Rom.
2100 2691 2126 2715 11
2140 2710 2147 2721 ,
2167 2690 2209 2715 36.
2235 2691 2296 2720 (cfr.

1335 2739 1410 2763 Rom.
1428 2738 1472 2768 16,
1493 2737 1534 2763 27.
1554 2740 1580 2762 et
1593 2738 1610 2762 l.
1630 2737 1699 2761 Tim.
1714 2737 1737 2768 l,
1758 2736 1825 2767 17.),
1845 2735 1891 2761 ubi
1904 2742 1952 2767 pro
1971 2737 2080 2761 aeterno
2093 2736 2119 2761 et
2136 2734 2209 2766 viz-o,
2223 2735 2296 2767 quod

1336 2782 1462 2814 praebent
1480 2782 1499 2808 C
1511 2782 1545 2812 H,
1557 2782 1578 2807 D
1596 2783 1705 2807 aeterno
1726 2781 1828 2814 (recens
1846 2787 1940 2805 manus
1960 2779 2060 2805 addidit
2079 2779 2163 2809 trino)
2183 2781 2209 2805 et
2232 2778 2295 2811 uni,

1336 2828 1394 2853 Vat.
1413 2827 1485 2853 trino
1504 2828 1529 2853 et
1547 2825 1604 2852 nni.

1407 2870 1429 2885 ¹⁰
1447 2871 1498 2897 Csr.
1518 2877 1596 2903 supra
1617 2877 1638 2895 c.
1661 2871 1685 2895 1.
1704 2877 1728 2895 n.
1748 2869 1773 2894 7.

1408 2915 1427 2930 ¹¹
1449 2917 1479 2942 Ut
1498 2916 1561 2941 dicit
1581 2915 1698 2945 ili-istoc,
1719 2915 1735 2939 1.
1756 2915 1860 2939 Elencli.
1881 2920 1903 2938 c.
1924 2914 1947 2938 2.
1974 2912 2007 2944 (e.
2029 2913 2037 2937 1
2046 2912 2075 2944 .):
2099 2922 2112 2934 α
2131 2912 2173 2937 Est
2193 2914 2296 2943 autem,

1336 2964 1364 2986 ut
1383 2968 1464 2986 unum
1484 2960 1517 2986 ad
1538 2967 1620 2985 unum
1633 2959 1767 2988 dicamus,
1787 2959 1811 2983 in
1835 2964 1996 2990 unoquoque
2014 2963 2083 2988 opus
2102 2956 2225 2988 sapientis
2244 2963 2296 2982 non

1336 3004 1439 3030 mentiri
1459 3004 1567 3037 quidem
1581 3004 1668 3035 ipsum
1683 3002 1717 3027 de
1736 3001 1834 3034 quibus
1853 3001 1939 3030 novit,
1954 3000 2120 3026 mentientem
2140 3003 2227 3025 autem
2241 3007 2297 3025 ma-

1337 3049 1455 3074 nifestare
1476 3055 1553 3079 posse
1567 3057 1590 3071 n.
1607 3048 1663 3073 Vat.
1684 3046 1758 3077 legit:
1778 3052 1846 3079 opus
1859 3044 1986 3078 sapientis
2000 3044 2028 3071 in
2046 3043 2177 3076 docendo,
2197 3043 2296 3070 scilicet

1336 3098 1390 3117 non
1409 3091 1518 3117 mentiri
1535 3091 1566 3116 tle
1585 3090 1617 3116 iis
1631 3096 1699 3124 quae
1711 3089 1784 3116 norit
1803 3091 1826 3116 et
1839 3088 2008 3115 mentientem
2021 3088 2196 3121 manifestare
2206 3094 2294 3121 posse.

1336 3150 1371 3155 —
1390 3136 1509 3162 Secunda
1530 3142 1591 3167 pars
1612 3134 1701 3166 incipit
1719 3134 1785 3159 intra
1805 3141 1827 3159 c.
1852 3134 1896 3165 ti,
1917 3133 1964 3159 ili:
1985 3133 2019 3160 Et
2037 3135 2098 3159 erat
2115 3132 2220 3159 eiiciens
2238 3131 2296 3158 dae—

1336 3180 1460 3206 monium
1480 3184 1528 3205 etc.

1410 3222 1430 3237 ¹²
1451 3224 1525 3248 Vers.
1550 3224 1576 3255 l;
1596 3223 1668 3248 tertia
1683 3229 1744 3254 pars
1759 3222 1847 3254 incipit
1867 3223 1897 3252 6,
1921 3222 1959 3247 12.
1977 3224 2002 3246 et
2015 3224 2106 3253 quarta
2127 3220 2157 3250 9,
2179 3221 2207 3245 l:
2229 3219 2296 3245 Con-

1337 3268 1438 3294 vocatis
1462 3269 1552 3294 autem
1578 3266 1717 3293 duodecim
1741 3271 1789 3292 etc.
1810 3280 1845 3286 -
1870 3265 1997 3297 Superius
2025 3271 2072 3296 pro
2100 3264 2130 3298 fil
2157 3263 2295 3290 doctrinae

1339 3311 1440 3339 Christi
1457 3311 1648 3338 autleenticatto
1668 3310 1779 3344 [nonulli
1792 3310 1870 3337 codd.
1889 3307 2078 3341 auctorizatio]
2095 3308 2152 3333 Vnt.
2171 3306 2295 3334 doctrina

1339 3356 1440 3383 Christi
1457 3356 1660 3382 demonstratur
1679 3354 1833 3381 authentica
1852 3354 1947 3386 (simile
1965 3353 2076 3378 recurrit
2099 3352 2226 3384 interius).
2252 3352 2296 3377 Se-

1338 3401 1455 3426 eundum
1471 3401 1508 3425 Du
1529 3399 1631 3430 Gange,
1653 3399 1813 3424 Glossarium
1828 3402 1891 3428 etc.,
1908 3396 2093 3423 authenticam
2115 3396 2295 3429 (autenticam,

1339 3444 1523 3475 auctenticare)
1553 3444 1623 3468 idem
1643 3446 1682 3469 est
1710 3449 1740 3468 ac
1768 3443 1938 3472 confirmare,
1967 3440 2150 3471 corroborare,
2177 3441 2294 3469 ssrmare;

2302 842 2334 864 De
2349 842 2430 864 ultimo.
