2427 3872
361 239 427 266 CUM

126 296 161 302 —-
179 284 206 309 ln
224 284 295 309 cultu
314 283 449 315 religionis
464 284 581 310 consistit
592 291 714 310 reveren-

71 327 107 353 tia
126 327 233 353 divinae
252 327 394 354 maiestatis
422 328 519 354 vltfi5
547 328 581 354 93
597 337 646 348 ⁴—
672 327 712 354 Ab

70 371 130 404 ipsa
148 371 254 398 infantia
274 371 370 398 divino'
385 372 467 398 cultui
491 373 634 405 mancipati
654 379 712 399 esse

70 415 202 442 debemus
220 418 246 442 e't
263 416 378 442 maxime
405 416 440 442 ab
464 423 534 443 anno
552 417 712 443 duodecimo

70 460 104 485 66
123 460 158 486 99
176 468 215 479 -“
230 460 321 487 Cultus
347 460 454 487 divinus
476 460 512 487 ob
530 468 649 488 amorem
668 467 712 494 pa-

69 507 175 530 rentum
193 511 246 531 non
259 507 299 531 est
311 505 524 531 intermittendus
542 505 603 532 ibid.
623 520 659 524 —
672 505 711 531 di-

68 549 147 575 vinae
162 549 307 575 maiestatis
322 550 514 582 praeoccupari
527 549 607 576 debet
619 549 653 576 ab
673 550 710 575 in-

39 627 41 630 4
70 593 148 619 santia
166 596 192 620 et
210 594 336 626 praeferri
355 594 449 620 ceteris
469 594 503 620 69
525 595 569 620 444

122 651 158 658 -
175 638 284 664 divinus
306 637 494 670 praescribitur
518 638 545 664 in
568 638 710 670 Scripturis

67 682 111 709 vu
130 682 165 709 93
186 682 218 708 16
238 675 273 701 -“
291 681 382 709 eunus
400 683 448 708 son
469 683 522 709 neo
541 682 647 709 debitus
666 686 705 709 est

66 726 181 753 servitus
198 727 288 753 latriae
307 725 340 753 ib.
361 727 395 753 47

120 770 178 798 Cu!
194 786 232 790 —
249 771 316 798 Cum
335 771 424 805 aliquo
442 775 482 798 est
500 772 546 805 qui
565 775 604 798 est
623 772 709 799 minor

66 815 102 842 Vl
120 815 173 842 285
192 815 227 842 44

119 859 254 887 eumnms
271 875 306 880 —
324 861 385 887 facit
402 868 449 887 cor
467 861 582 887 hominis
607 868 707 887 vanum

63 905 101 931 -vt
120 904 137 931 5
156 905 190 931 40
208 919 244 924 -
262 908 303 932 est
321 905 458 931 infirmitas
471 906 564 938 culpae
577 905 628 931 586
644 905 659 931 4
672 920 708 924 -

64 948 186 982 Cupidus
204 952 243 976 est
261 950 307 983 qui
326 950 444 976 tristatur
456 957 506 982 pro
519 951 629 976 horrore
642 957 709 983 pau—

65 994 174 1026 pertatis
194 994 236 1020 Vll
256 994 308 1020 463
329 994 361 1020 42
381 1009 415 1014 —-
434 1001 465 1020 ex
493 998 568 1028 parte
586 995 708 1027 concupi-

63 1038 162 1065 scibilis
180 1041 219 1065 est
237 1039 338 1065 initium
356 1039 475 1066 omnium
489 1043 659 1072 peccatorum
673 1040 706 1066 Vl

64 1083 117 1110 203
135 1091 162 1109 v.
182 1083 217 1109 27

62 1142 65 1144 -
117 1142 154 1148 -
171 1128 268 1155 mundi
283 1128 447 1161 significatur
459 1136 506 1162 per
520 1130 651 1155 servorem
664 1136 707 1156 so-

63 1173 96 1199 lis
113 1173 158 1199 vtl
178 1173 229 1199 472
249 1173 283 1199 32
303 1187 337 1192 -
356 1176 457 1199 terrena
487 1177 527 1200 est
554 1174 706 1200 fundamen-

63 1220 120 1243 tum
140 1216 261 1243 instabile
279 1218 395 1250 positum
424 1218 449 1244 in
474 1220 542 1244 terra
574 1219 625 1245 465
654 1219 705 1244 409

61 1275 98 1282 -
116 1262 231 1288 Mundus
249 1262 448 1295 praetendendo
460 1263 643 1289 sufficientiam
657 1267 705 1289 tra-

62 1306 101 1333 hit
118 1307 152 1337 ad
170 1307 341 1339 cupiditatem
361 1308 394 1334 Vl
414 1307 431 1333 5
452 1308 484 1333 40

115 1365 152 1371 -
170 1352 205 1377 Ex
223 1351 436 1384 &oncupiscentia
455 1352 608 1378 divitiarum
622 1353 705 1378 insur-

62 1395 101 1429 git
119 1396 255 1422 infirmitas
273 1397 425 1429 cupiditatis
453 1397 487 1423 Vl
506 1397 559 1423 629
579 1397 594 1422 8
613 1411 649 1417 —
667 1397 704 1424 di-

60 1440 185 1467 vitiarum
204 1443 244 1467 est
262 1448 341 1467 causa
360 1441 478 1467 tristitiae
491 1442 534 1468 Vll
550 1441 601 1467 463
621 1441 654 1468 42
668 1456 704 1461 -

60 1484 240 1517 Cupiditatum
269 1486 401 1512 voracitas
427 1493 566 1519 nunquam
585 1486 702 1518 satiatur,

59 1530 174 1556 maxime
201 1530 308 1563 quando
336 1531 474 1557 carnalitas
501 1532 525 1556 ei
557 1531 702 1557 associatur

60 1575 113 1601 519
141 1575 175 1601 55
199 1590 236 1593 -
262 1574 418 1607 Cupiditatis
445 1575 507 1607 igne
534 1575 700 1609 abundante,

59 1619 128 1652 ignis
147 1619 261 1646 caritatis
279 1619 427 1652 refrigescit
445 1620 492 1646 564
511 1621 545 1645 68

113 1678 148 1682 -
167 1663 286 1696 Cupidus
304 1672 356 1690 non
376 1667 462 1697 potest
489 1665 585 1690 intrare
609 1665 634 1690 in
662 1671 699 1690 re-

57 1716 142 1741 gnum
155 1709 296 1739 caelorum,
310 1709 358 1735 sed
371 1709 479 1735 habebit
491 1709 623 1735 interitum
633 1717 700 1735 sem-

58 1753 190 1786 piternum
211 1754 255 1779 Vll
275 1753 326 1779 464
346 1753 380 1780 44
398 1769 434 1772 —
453 1754 562 1786 Cupidis
581 1754 699 1780 Christus

23 1822 26 1825 .
57 1798 234 1824 comminatur
246 1805 295 1824 vae
308 1798 483 1830 sempiternae
495 1799 663 1825 desolationis
672 1799 698 1825 in

57 1843 198 1869 amissione
217 1842 280 1869 boni
300 1843 452 1875 temporalis
473 1835 518 1869 451
543 1843 576 1869 58
590 1858 625 1862 —
638 1846 700 1869 sunt

56 1887 178 1914 homines
196 1888 291 1914 terreni
310 1887 371 1921 ibid.
386 1902 421 1906 —
434 1888 543 1914 Difficile
561 1891 600 1914 est
619 1888 699 1921 depo-

57 1939 122 1958 nere
140 1932 311 1965 cupiditatem
331 1936 496 1959 terrenorum
517 1933 563 1958 354
588 1933 622 1959 54

108 1990 141 1996 -
162 1977 301 2003 Infirmitas
320 1977 471 2010 cupiditatis
489 1980 598 2004 sanatur
615 1978 699 2004 consi-

53 2022 190 2048 deratione
209 2022 350 2048 Salvatoris
368 2022 446 2054 egeni
464 2025 491 2048 et
501 2022 566 2048 nihil
579 2022 700 2049 habentis

52 2068 88 2094 Vl
107 2067 159 2092 629
179 2067 195 2092 9
215 2081 250 2085 -
268 2066 388 2099 Cupidus
411 2074 459 2099 per
478 2067 578 2099 gratiae
596 2067 698 2093 donum

52 2111 215 2138 convertitur
226 2111 260 2137 de
272 2111 336 2138 vitio
350 2112 385 2137 ad
397 2111 521 2149 virtutem
541 2112 585 2138 Vll
599 2111 651 2138 465
665 2112 698 2138 46

107 2170 144 2174 —
161 2156 187 2182 in
207 2156 294 2182 iudice
312 2156 468 2189 prohibetur
486 2157 519 2183 Vl
539 2156 585 2183 574
610 2157 626 2182 3

106 2200 176 2227 Cum
195 2214 231 2220 —
249 2201 403 2227 Peccatores
418 2201 604 2228 distenduntur
616 2202 698 2227 variis

53 2245 125 2271 curis
133 2245 168 2270 Vl
178 2245 212 2271 33
223 2252 250 2271 v.
264 2245 297 2271 40
307 2259 342 2265 -
353 2245 490 2272 Cruciatus
503 2253 627 2272 curarum
638 2249 698 2272 sunt

53 2296 168 2322 magnae
180 2296 283 2322 poenae
295 2292 321 2316 et
333 2297 381 2322 per
393 2290 501 2317 delicias
516 2294 697 2323 temperantur

54 2333 88 2360 48
110 2341 137 2360 v.
157 2334 190 2359 48
208 2347 245 2354 -
263 2334 320 2360 Non
339 2335 452 2361 multum
468 2335 593 2368 affligitur
612 2336 696 2367 curis,

52 2385 123 2412 quae
148 2381 268 2411 spectant
285 2379 320 2405 ad
338 2379 435 2410 vitam,
463 2386 510 2406 cor
537 2383 696 2412 occupatum

52 2423 152 2450 deliciis
169 2422 318 2449 carnalibus
335 2422 370 2450 ib.
387 2430 416 2450 v.
435 2424 468 2449 49

106 2482 142 2487 -
160 2468 315 2494 suffocando
335 2468 483 2500 impediunt
502 2469 694 2495 incrementum

53 2512 187 2545 spirituale
200 2513 231 2538 Vl
246 2513 298 2538 553
309 2513 325 2538 6
335 2526 371 2532 -
381 2512 533 2539 Sollicitudo
543 2513 695 2545 temporalis

52 2557 140 2583 reddit
153 2557 329 2589 negligentem
343 2557 376 2583 ad
387 2547 553 2590 sequendum
563 2557 694 2584 Christum

53 2600 106 2627 584
118 2602 141 2633 ,6
159 2616 195 2620 -
213 2602 312 2628 Stultus
330 2604 370 2627 est
387 2605 413 2627 et
432 2601 568 2634 hypocrita
588 2602 635 2635 qui
647 2602 695 2627 sol-

51 2645 146 2672 licitius
176 2648 250 2672 curat
277 2646 361 2672 aliena
389 2647 456 2672 facta
480 2653 561 2679 quam
587 2647 695 2679 propria

52 2690 95 2717 Vll
117 2690 166 2716 l62
186 2691 219 2716 98

104 2734 215 2761 Cannio
233 2749 267 2754 —
287 2735 432 2767 corporalis
451 2738 490 2761 est
509 2735 593 2767 ngura
619 2742 694 2761 cura-

50 2779 129 2805 tionis
146 2779 290 2811 spiritualis
307 2780 351 2805 Vll
373 2780 424 2805 427
444 2780 478 2805 60
497 2793 532 2799 -
551 2780 694 2812 corporalis

50 2823 170 2849 ordinata
183 2827 240 2849 erat
252 2824 285 2850 ad
299 2824 518 2850 illuminationem
532 2824 628 2850 mentis
642 2824 693 2850 258

52 2867 86 2893 47
113 2881 150 2887 -
177 2868 321 2900 corporalis
345 2868 512 2894 infirmorum
538 2869 564 2894 in
593 2869 693 2901 piscina

103 3133 283 3160 Dii-:nomicos
300 3148 336 3154 -
353 3137 410 3160 erat
433 3133 553 3161 notabilis
580 3141 692 3167 persona

51 3180 77 3203 et
95 3176 244 3204 notabiliter
262 3181 288 3204 et
305 3177 489 3204 miserabiliter
505 3177 630 3204 obsessus
649 3179 692 3204 Vll

52 3222 104 3247 202
124 3221 157 3248 48
176 3235 212 3242 -
231 3222 342 3248 amictus
367 3226 423 3248 erat
444 3222 584 3249 afflictione
602 3229 693 3254 repen-

49 3265 119 3298 tina,
137 3266 259 3292 amictlva
277 3270 304 3292 et
321 3266 445 3293 diuturna
459 3266 510 3293 240
529 3266 564 3292 74
582 3281 619 3285 -
637 3270 693 3293 erat

49 3312 161 3336 vexatus
179 3316 230 3336 non
250 3313 352 3337 tantum
371 3311 399 3336 in
417 3311 537 3343 corporis
556 3310 692 3344 memhris,

50 3354 98 3381 sed
116 3354 195 3380 etiam
214 3354 241 3380 in
258 3354 421 3381 vestimentis
438 3355 490 3381 202
505 3354 537 3381 48
550 3368 587 3375 -
599 3361 693 3388 aggra-

157 3406 188 3448 8.
203 3407 307 3434 Bonav.
317 3420 353 3427 —
365 3408 442 3434 Torn.
455 3407 499 3434 Vll

739 196 778 229 IN
798 196 1092 230 COMMENTARIOS
1115 199 1144 231 S.
1169 199 1395 233 SCRIPTURAE

750 284 921 311 ordinabatur
939 286 973 312 ad
992 286 1096 312 animae
1114 287 1277 313 curationem
1296 288 1392 320 signiti-

749 329 863 355 candam
893 332 920 355 et
945 330 1177 362 praefigurandam
1207 332 1236 356 Vl
1267 332 1319 357 305
1349 333 1392 358 46.

750 373 801 399 306
823 373 855 399 47
868 380 904 393 -·-
917 373 966 399 viri
986 381 1001 399 a
1020 374 1152 400 daemone
1170 375 1301 406 significat
1319 382 1392 402 cura-

749 417 846 443 tionem
862 418 966 450 gentilis
979 419 1071 450 populi
1084 418 1119 444 ab
1132 425 1222 445 errore
1236 419 1278 445 Vll
1292 420 1344 445 409
1358 420 1391 446 85

801 475 837 481 -
856 462 1020 489 daemoniaci
1040 463 1067 488 in
1086 470 1223 495 synagoga
1243 464 1392 490 manifestat

747 505 843 532 Christi
862 507 1004 539 potentiam
1034 507 1078 533 Vll
1108 508 1159 533 405
1188 508 1221 533 69
1240 522 1276 526 -
1299 515 1391 534 socrus

749 550 863 577 Simonis
881 552 947 577 facta
975 555 1014 578 est
1042 551 1069 577 in
1094 551 1189 583 domo,
1208 555 1237 578 ut
1264 553 1391 579 secretius

747 595 957 621 manifestaretur
974 595 1069 622 Christi
1088 597 1204 628 potentia
1223 604 1314 623 coram
1327 597 1390 623 sim-

747 638 861 671 plicibus
888 642 915 665 et
941 640 997 666 suis
1023 639 1201 667 imitatoribus
1231 642 1280 677 408
1301 641 1335 667 80
1354 656 1389 660 -

746 690 839 709 socrus
858 684 972 710 Simonis
990 692 1004 710 a
1033 684 1106 711 febre
1130 685 1262 717 significat
1279 686 1390 712 curatio-

746 734 807 753 nem
827 735 981 761 synagogae
1000 728 1034 755 ab
1053 732 1127 756 aestu
1140 730 1251 756 carnalis
1264 731 1390 763 concupi-

746 772 860 798 scentiae
889 773 940 798 409
969 774 1003 800 85
1021 788 1057 792 -
1082 774 1131 800 viri
1159 775 1336 806 praemittitur
1354 775 1386 801 ad

745 816 938 849 designandam
964 818 1045 852 fldem
1076 819 1174 844 ludaici
1205 819 1297 852 populi
1328 822 1389 852 post

745 862 947 888 conversionem
968 863 1087 894 gentium
1106 862 1169 890 ibid.

798 920 832 925 —
844 907 870 932 ln
881 907 1016 933 curatione
1025 908 1206 941 quadruplicis
1215 908 1388 940 aegritudinis

744 950 898 983 intelligitur
925 953 1040 984 perfecta
1068 953 1168 979 curatio
1187 953 1324 985 originalis
1344 954 1385 979 Vll

747 995 797 1021 477
817 996 851 1022 45
869 1011 905 1015 -
924 997 1040 1023 hominis
1059 1004 1074 1022 a
1097 997 1228 1024 daemone
1255 998 1386 1030 signlsscat

744 1041 905 1067 curationem
925 1049 940 1067 a
959 1042 1074 1074 peccatis
1092 1042 1273 1074 spiritualibus
1287 1043 1337 1068 409
1351 1044 1385 1069 86

742 1100 779 1104 -
798 1086 915 1112 mulieris
933 1093 954 1112 a>
969 1086 1041 1113 febre
1060 1090 1098 1113 est
1126 1088 1227 1113 curatio
1247 1088 1350 1114 animae
1369 1095 1384 1114 a

744 1131 859 1163 peccatis
877 1131 1026 1158 carnalibus
1044 1130 1107 1158 ibid.

796 1190 832 1194 —
851 1176 983 1202 Persectae
1010 1176 1152 1202 curationis
1179 1177 1306 1203 indicium
1331 1184 1385 1204 cer-

743 1222 799 1246 tum
818 1224 858 1246 est
884 1221 999 1253 potentia
1025 1221 1059 1246 ad
1088 1224 1189 1247 motum
1214 1225 1240 1248 et
1258 1222 1292 1248 ad
1311 1222 1386 1248 obse-

741 1265 834 1298 quium
855 1266 897 1291 Vll
918 1266 968 1291 408
988 1265 1022 1291 84
1049 1280 1085 1284 -
1109 1266 1251 1292 Persectius
1278 1270 1385 1293 curatur

743 1310 769 1335 in
787 1317 841 1343 quo
859 1310 929 1336 nulla
954 1314 1090 1336 remanent
1118 1311 1323 1343 imperfectionis
1342 1319 1385 1337 ve-

742 1354 819 1386 stigia
839 1355 872 1380 Vl
892 1354 944 1380 517
972 1355 1006 1380 64
1031 1362 1087 1387 arg.
1109 1356 1124 1381 2
1148 1369 1184 1389 —3
1203 1356 1323 1382 Mulieres
1341 1364 1385 1383 cu-

741 1403 812 1424 ratae
831 1406 846 1424 a
865 1398 967 1425 Christo
986 1406 1000 1425 a
1026 1399 1120 1432 triplici
1144 1400 1311 1432 aegritudine
1331 1402 1384 1427 sue-

740 1446 802 1469 runt
819 1443 907 1475 Maria,
927 1444 1021 1469 loanna
1040 1446 1066 1469 et
1090 1445 1210 1470 Susanna
1229 1445 1274 1470 Vll
1295 1445 1346 1471 489
1366 1445 1382 1471 4

741 1502 774 1506 —
793 1488 881 1514 Curati
899 1494 914 1513 a
933 1487 1037 1514 Christo
1055 1487 1250 1515 comitabantur
1268 1496 1330 1515 eum
1343 1497 1383 1516 ra-

739 1532 808 1558 tione
832 1532 933 1564 accepti
961 1531 1098 1564 beneficii)
1126 1536 1253 1567 tanquam
1272 1535 1383 1560 salvato-

738 1583 794 1603 rem
814 1580 840 1602 et
859 1577 992 1603 medicum
1013 1576 1049 1603 ib.
1069 1578 1084 1603 3

791 1636 825 1640 —
845 1629 860 1647 a
879 1621 982 1647 Christo
997 1623 1063 1647 tacta
1077 1622 1102 1647 in
1116 1621 1232 1648 sabbato
1245 1626 1302 1649 erat
1313 1630 1382 1656 opus

737 1666 871 1698 spirituale
889 1670 1018 1700 quantum
1038 1666 1073 1692 ad
1092 1667 1255 1693 curationem
1268 1668 1381 1701 animae,

736 1712 779 1737 vel
797 1718 867 1743 opus
885 1711 989 1743 pietatis
1008 1712 1041 1737 Vl
1061 1712 1112 1738 346
1133 1712 1167 1738 34
1187 1712 1217 1738 2·

789 1769 825 1775 -—
843 1756 914 1782 Deus
933 1755 1042 1782 visitans
1059 1756 1088 1782 in
1107 1757 1188 1788 gloria
1209 1760 1284 1784 curat
1295 1758 1381 1790 aegri-

737 1799 855 1826 tudinem
874 1800 996 1827 miseriae
1026 1801 1058 1826 Vl
1084 1801 1135 1827 608
1162 1802 1178 1827 3
1197 1809 1212 1827 3
1231 1816 1266 1821 -
1285 1803 1379 1828 Anima

737 1848 845 1872 curatur
862 1852 876 1870 a
896 1845 952 1871 Deo
970 1846 1117 1872 secundum
1137 1853 1213 1872 suam
1233 1847 1381 1880 dispositio-

736 1896 798 1915 nem
827 1890 860 1916 ad
887 1890 1085 1923 suscipiendam
1114 1891 1241 1923 gratiam,
1266 1899 1320 1918 non
1340 1899 1381 1918 se-

737 1934 855 1960 cundum
875 1935 1034 1966 gravitatem
1061 1936 1089 1961 in
1114 1936 1191 1968 culpa
1220 1937 1271 1962 306
1293 1937 1326 1962 47
1344 1952 1380 1956 -

737 1978 847 2005 Animae
860 1980 1021 2011 peccatrices
1038 1980 1174 2013 tripliciter
1186 1984 1311 2007 curantur
1323 1989 1381 2014 gra-

737 2023 772 2049 tia
792 2024 935 2050 Salvatoris
955 2025 1000 2050 Vll
1022 2025 1071 2050 408
1092 2025 1125 2051 82

790 2082 826 2088 -
844 2069 884 2094 Ad
903 2070 1066 2095 curationem
1079 2072 1249 2102 peccatorum
1262 2071 1379 2097 officium

737 2113 897 2139 sacerdotale
917 2117 956 2140 est
975 2115 1153 2140 necessarium
1169 2115 1211 2141 Vll
1226 2115 1272 2141 424
1297 2115 1325 2140 34
1344 2129 1379 2134 --

736 2158 907 2184 peccatorum
925 2159 1027 2184 curatio
1046 2159 1075 2185 flt
1093 2159 1119 2184 in
1138 2159 1252 2185 Ecclesia
1272 2160 1323 2185 428
1344 2160 1373 2185 64

735 2216 771 2221 -
789 2203 896 2229 Peccata
924 2206 1050 2229 curantur
1075 2210 1123 2236 per
1150 2204 1264 2229 alienum
1289 2204 1378 2229 sum-a-

736 2247 810 2279 gium
830 2250 856 2273 et
875 2247 996 2273 divinum
1016 2248 1158 2280 imperium
1177 2247 1211 2274 ib.
1225 2249 1259 2274 62
1271 2262 1308 2267 -
1320 2248 1377 2274 Ori—

735 2292 822 2324 ginale
840 2294 978 2324 peccatum
992 2295 1099 2318 curatur
1118 2299 1166 2324 per
1181 2292 1303 2318 virtutem
1317 2293 1374 2318 alie-

734 2343 784 2362 nae
803 2336 866 2362 fidei
879 2339 905 2361 et
917 2336 999 2362 divini
1020 2336 1181 2362 sacramenti
1195 2335 1259 2363 ibid.
1270 2350 1307 2356 —
1320 2344 1376 2369 per-

735 2382 801 2406 fecta
821 2379 855 2406 ab
879 2380 998 2412 originali
1027 2381 1055 2406 tit
1083 2388 1131 2414 per
1159 2381 1322 2407 curationem
1350 2384 1376 2407 et

734 2424 894 2450 sanationem
913 2431 928 2450 a
948 2428 1078 2457 quatuor,
1096 2432 1166 2458 quae
1189 2426 1296 2451 suerunt
1314 2433 1376 2458 pro-

734 2472 791 2501 pter
803 2469 928 2500 originale
947 2472 1085 2501 peccatum
1104 2469 1200 2495 inflicta
1222 2470 1273 2496 476
1293 2469 1327 2496 45

785 2528 821 2532 -
839 2512 880 2538 Ab
899 2513 1024 2539 omnibus
1043 2514 1158 2546 peccatis
1171 2514 1317 2541 actualibus
1330 2522 1375 2541 cu-

732 2560 772 2583 rat
791 2558 876 2583 virtus
894 2557 987 2584 Christi
1013 2565 1060 2590 per
1089 2559 1201 2591 gratiam
1230 2566 1306 2585 suam
1331 2558 1379 2585 vii

734 2602 785 2627 477
805 2601 838 2627 46
858 2616 892 2621 -—
912 2603 998 2628 Homo
1011 2606 1118 2629 curatur
1130 2603 1293 2635 flagellorum
1313 2604 1376 2630 atili-

732 2647 818 2672 ctione
846 2646 880 2673 Vl
901 2647 929 2672 81
954 2654 981 2673 V.
1001 2647 1017 2673 4
1041 2661 1077 2667 —
1104 2647 1247 2680 spiritualis
1274 2648 1303 2674 flt
1327 2655 1375 2681 per

732 2691 892 2717 infusionem
912 2691 1025 2724 gratiae,
1044 2692 1218 2725 expiationem
1239 2693 1331 2725 culpae
1349 2696 1376 2719 et

731 2736 917 2762 relaxationem
937 2743 1040 2769 poenae
1060 2736 1102 2762 Vll
1121 2737 1169 2762 364
1189 2737 1222 2762 42
1235 2738 1373 2770 —leprae

731 2780 874 2813 spiritualis
891 2781 920 2806 fit
938 2788 986 2813 per
1005 2781 1195 2807 contessionem
1215 2781 1267 2807 435
1286 2781 1320 2812 29

784 2824 933 2851 Cumosins
949 2840 986 2844 —
1005 2828 1045 2852 est
1062 2826 1151 2851 omnia
1177 2826 1243 2851 velle
1262 2825 1330 2851 scire
1349 2828 1375 2851 et

732 2868 861 2895 subtiliter
889 2870 1018 2902 indagare
1046 2870 1079 2896 Vl
1111 2870 1142 2895 48
1170 2877 1196 2895 v.
1217 2870 1250 2895 43
1270 2883 1306 2889 -
1334 2873 1373 2896 est

1018 2996 1071 3051 D

730 3138 807 3161 vatus
826 3138 882 3161 erat
899 3142 930 3161 ex
949 3135 1120 3162 horribilitate
1138 3136 1201 3168 loci,
1220 3136 1265 3162 ubi
1285 3143 1371 3162 mane-

731 3178 775 3204 bat
793 3177 856 3205 ibid.
873 3192 910 3198 —
927 3186 981 3205 non
1010 3183 1112 3212 poterat
1140 3181 1269 3207 sustinere
1291 3181 1370 3213 impe-

729 3222 786 3248 tum
804 3223 965 3250 tortitudlnis
991 3224 1144 3257 daemonis,
1172 3225 1296 3258 quamvis
1314 3225 1370 3251 vin·

729 3267 826 3293 cii-etur
844 3268 942 3294 catenis
961 3269 1012 3294 203
1032 3269 1067 3295 53
1085 3283 1121 3289 -
1140 3269 1313 3295 Tolerabilius
1331 3272 1370 3295 est

728 3312 862 3344 peccatori
880 3312 990 3339 obsesso
1009 3313 1024 3339 ε’
1042 3313 1148 3339 diabolo
1167 3314 1259 3346 agitari
1282 3314 1308 3339 in
1327 3313 1370 3339 de-

729 3359 813 3388 serto,
826 3364 907 3390 quam
918 3357 1029 3383 vinculis
1039 3357 1135 3384 diaboli
1146 3358 1293 3390 compediri
1307 3356 1369 3384 ibid.

2006 210 2069 242 729

1723 249 1786 276 ῡΑε

1429 290 1557 322 ampliora
1576 292 1642 317 velle
1661 295 1761 319 tentare
1779 301 1860 327 quam
1881 297 1952 322 utilia
1966 297 1999 323 63
2013 306 2040 331 q.
2056 300 2064 323 4

1428 347 1464 352 —
1483 338 1522 360 eet
1549 335 1677 363 adhibere
1701 338 1918 372 sollicitudinem,
1943 340 1988 366 ubi
2016 349 2070 368 non

1429 381 1468 403 est
1487 379 1583 405 utilitas
1601 380 1630 405 74
1654 388 1680 406 v.
1702 383 1735 407 47

1481 436 1516 442 -
1535 430 1587 449 non
1607 428 1707 451 tantum
1727 427 1843 453 consistit
1872 429 1898 454 in
1924 435 2069 460 perscruta-

1429 466 1499 492 tione
1517 468 1648 500 scientiae,
1662 477 1754 496 verum
1769 472 1846 497 etiam
1862 473 1886 498 in
1901 475 2068 505 possessione

1429 511 1558 541 pecuniae
1578 513 1618 538 Vll
1639 513 1691 539 437
1711 515 1744 540 35
1764 530 1799 533 -
1822 521 1914 542 cuncta
1935 521 2014 544 tentat
2033 519 2069 544 in-

1428 555 1559 587 quirendo
1579 556 1611 582 Vl
1638 558 1671 583 62
1697 566 1724 584 v.
1743 559 1776 585 24
1796 574 1831 580 —-
1852 562 1932 587 Nimis
1958 562 2069 594 diligens

1429 598 1562 631 inquisitio
1581 600 1725 633 degenerat
1753 604 1777 628 in
1803 605 1980 631 curiositatem
2000 607 2033 632 62
2054 615 2067 632 3

1427 656 1462 662 -
1481 644 1595 670 maxime
1614 646 1687 677 vIget
1705 647 1772 673 circa
1798 649 1885 674 visum
1905 653 1929 675 et
1949 651 2068 677 auditum

1427 687 1470 713 Vll
1491 688 1542 713 568
1563 690 1590 714 44

1479 747 1515 751 -
1534 732 1659 760 Curiosus
1678 742 1729 761 non
1744 740 1859 763 meretur
1872 738 2008 764 veritatem
2022 747 2069 765 au-

1427 776 1483 802 dire
1494 777 1536 803 Vll
1548 778 1599 803 568
1616 779 1640 804 ll
1653 794 1688 798 —
1699 780 1778 806 habet
1787 782 1905 815 quinque
1915 783 1977 815 iuga
1989 791 2070 816 quan-

1426 823 1481 846 tum
1495 821 1527 847 ad
1543 823 1739 850 universitatem
1751 825 1914 852 sensibilium
1926 828 1977 853 372
1989 828 2022 854 42
2032 843 2068 847 -

1425 864 1551 892 Curiosus
1573 868 1725 894 continuam
1755 876 1845 896 curam
1875 870 1955 897 habet
1973 872 2008 898 de
2026 880 2067 898 su-

1425 911 1533 942 perssuis
1552 910 1614 937 ibid.
1634 927 1668 931 —
1687 914 1801 940 Mundus
1814 916 2010 947 praetendendo
2029 924 2068 943 sa-

1424 955 1548 987 pientiam
1568 956 1645 983 allicit
1663 958 1697 983 ad
1716 959 1892 985 curiositatem
1914 960 1946 986 Vl
1966 962 1982 987 5
2003 962 2035 987 40

1477 1014 1512 1018 -
1532 1001 1580 1026 Per
1598 1002 1719 1033 hydriam
1745 1003 1907 1036 significatur
1925 1006 2065 1032 curiositas

1423 1044 1512 1070 cordis
1530 1045 1563 1071 Vl
1578 1046 1611 1071 96
1631 1054 1657 1072 v.
1677 1047 1694 1072 7
1712 1062 1747 1066 -
1767 1055 1815 1080 per
1833 1049 1952 1082 quinque
1970 1057 2065 1077 sensus

1424 1086 1638 1121 designatur'vll
1659 1092 1711 1117 372
1733 1092 1766 1118 42

1476 1148 1512 1152 -
1531 1134 1640 1161 Curiosa
1659 1136 1794 1169 inquisitio
1817 1145 1870 1163 non
1895 1142 1995 1165 tantum
2024 1144 2065 1166 est

1423 1177 1604 1211 interminata,
1633 1181 1681 1206 sed
1707 1181 1786 1207 etiam
1813 1181 1942 1209 laboriosa
1973 1184 2003 1209 Vl
2029 1185 2063 1209 98

1422 1229 1449 1248 ν.
1470 1223 1503 1248 42
1521 1238 1557 1241 -
1575 1223 1719 1257 Occupatio
1737 1233 1768 1252 ex
1787 1227 1937 1253 curiositate
1955 1231 1995 1254 est
2007 1235 2064 1260 pes·

1422 1267 1489 1293 sima
1510 1268 1542 1294 48
1562 1276 1590 1295 v.
1612 1270 1645 1295 43
1664 1285 1700 1289 —-
1718 1274 1759 1296 est
1781 1271 1927 1298 intellectus
1955 1274 2062 1299 humani

1422 1311 1560 1338 libidinosa
1580 1315 1729 1346 prostitutio
1750 1316 1848 1347 passim
1862 1317 2008 1350 quamlibet
2021 1325 2063 1344 ve·

1421 1357 1524 1383 ritatem
1544 1359 1696 1390 amplexans
1715 1363 1740 1385 et
1759 1367 1820 1386 cum
1849 1368 1879 1386 ea
1899 1362 2062 1394 adulterans,

1421 1400 1482 1427 ibid.
1502 1417 1538 1420 —
1557 1406 1596 1428 est
1615 1403 1752 1430 infirmitas
1771 1406 1865 1437 culpae
1885 1406 1936 1432 586
1957 1406 1972 1432 4

1474 1461 1510 1465 -
1529 1447 1590 1473 facit
1613 1448 1747 1474 hominem
1777 1456 1875 1475 vanum
1901 1454 1927 1476 et
1954 1452 2062 1477 stultum

1421 1491 1453 1516 Vl
1474 1491 1490 1516 5
1511 1492 1544 1517 40
1567 1505 1603 1511 -
1621 1492 1748 1519 Curiosus
1775 1494 1900 1526 affligitur
1919 1494 2008 1521 labore
2027 1496 2061 1521 20

1419 1542 1446 1560 v.
1467 1536 1509 1561 48.
1529 1537 1558 1561 24
1586 1544 1613 1570 q.
1632 1551 1667 1556 —
1695 1537 1798 1564 Curiosi
1823 1539 1942 1565 serviunt
1960 1540 2061 1566 auditui

1419 1580 1470 1605 558
1493 1580 1502 1605 4
1527 1595 1562 1599 -
1581 1581 1672 1613 Magna
1701 1585 1742 1607 est
1768 1583 1880 1609 curiosis
1907 1583 2060 1615 delectatio,

1418 1625 1527 1657 quando
1547 1629 1658 1657 possunt
1676 1626 1776 1660 aliquid
1795 1627 1862 1653 scire
1875 1628 1905 1653 24
1929 1635 1955 1662 q.
1974 1635 2030 1660 arg.
2045 1630 2060 1654 2

1418 1683 1453 1687 -
1480 1668 1590 1695 Curioso
1621 1671 1715 1697 crescit
1744 1672 1876 1704 appetitus
1907 1673 2060 1699 addiscendi

1418 1714 1446 1739 2Ι
1471 1721 1497 1747 q.
1516 1727 1552 1733 —
1571 1715 1698 1748 inquietat
1717 1719 1831 1742 mentem
1852 1717 1903 1743 587
1923 1717 1940 1743 5
1959 1732 1995 1737 -
2013 1717 2061 1744 Cu-

1417 1758 1480 1791 riosi
1498 1765 1605 1791 semper
1623 1760 1716 1786 volunt
1734 1761 1827 1786 audire
1839 1768 1909 1787 nova
1924 1762 1956 1787 98
1977 1770 2004 1788 v.
2028 1763 2059 1788 42

1416 1816 1452 1822 -
1470 1810 1605 1837 nunquam
1626 1807 1664 1830 tot
1681 1804 1779 1831 habent
1797 1805 1890 1837 libros,
1903 1807 1968 1839 quin
1981 1807 2061 1833 velint

1417 1844 1512 1873 audire¹
1537 1849 1640 1881 plures,
1660 1850 1722 1882 quia
1747 1856 1886 1883 nunquam
1906 1852 1997 1877 volunt
2015 1858 2060 1877 au-

1417 1892 1475 1918 dire
1493 1896 1597 1924 vetera,
1616 1894 1664 1919 sed
1682 1901 1788 1926 semper
1806 1902 1875 1920 nova
1895 1894 1956 1921 ibid.

1470 1951 1506 1956 —
1530 1937 1631 1964 Curiosi
1661 1939 1686 1964 in
1710 1939 1815 1964 scientia
1844 1939 1932 1965 colunt
1959 1947 2057 1972 gyrum

1416 1982 1549 2007 stellarum
1568 1982 1602 2007 Vl
1623 1983 1672 2008 493
1691 1990 1716 2008 v.
1737 1984 1752 2008 2
1772 1997 1808 2002 -
1826 1983 1859 2009 de
1876 1984 1976 2010 divinis
1994 1991 2057 2016 ope-

1417 2025 1491 2052 ribus
1510 2027 1637 2058 arguitur
1654 2027 1707 2053 527
1727 2027 1770 2053 46.
1789 2027 1840 2052 586
1861 2027 1876 2053 4
1895 2042 1931 2046 —
1949 2028 2057 2055 Curiose

1417 2071 1559 2103 intelligere
1578 2072 1826 2104 reprehendendum
1847 2076 1885 2098 est
1898 2072 1927 2098 74
1945 2080 1971 2098 τ’.
1992 2074 2002 2098 4
2019 2087 2057 2093 -

1415 2116 1617 2147 reprehenditur
1636 2123 1666 2142 ex
1695 2116 1904 2143 consideratione
1928 2117 2058 2143 mutabili-

1416 2161 1474 2186 tatis
1492 2167 1582 2186 rerum
1608 2160 1642 2186 47
1670 2160 1689 2186 b
1715 2176 1751 2179 —
1769 2164 1858 2187 nostra
1886 2161 2056 2195 redarguitur

1414 2207 1523 2236 propter
1535 2205 1697 2231 inutilitatem
1712 2206 1745 2231 32
1759 2213 1784 2231 v.
1799 2206 1814 2231 9
1827 2219 1863 2225 -
1876 2208 1915 2232 est
1927 2207 2055 2238 cavenda,

1413 2250 1474 2282 quia
1495 2250 1643 2283 frequenter
1661 2250 1734 2276 ducit
1751 2250 1777 2276 in
1796 2257 1912 2276 errorem
1926 2250 1978 2276 244
1991 2258 2005 2276 a
2019 2265 2056 2271 —

1412 2293 1538 2326 fugienda
1563 2294 1597 2320 40
1616 2301 1644 2328 q.
1664 2309 1700 2313 —
1718 2294 1875 2320 Detestanda
1894 2299 1933 2321 est
1951 2296 2055 2321 curiosa

1412 2338 1547 2370 diligentia
1566 2339 1600 2364 26
1620 2346 1646 2364 v.
1667 2339 1699 2364 48
1715 2352 1749 2357 -—
1762 2338 1917 2365 Cavendum
1937 2347 1952 2365 a
1971 2340 2054 2366 curio-

1412 2383 1448 2409 sis
1466 2383 1588 2415 exemplo
1606 2382 1701 2409 Christi
1715 2383 1767 2409 550
1787 2391 1813 2409 V.
1827 2383 1861 2410 24

1465 2427 1563 2453 Consus
1580 2442 1615 2446 —
1634 2434 1687 2453 non
1706 2431 1746 2453 est
1773 2428 1829 2454 sine
1856 2435 1986 2455 concursu
2006 2429 2053 2455 Dei

1413 2471 1445 2496 Vl
1464 2471 1498 2497 76
1518 2479 1545 2497 v.
1564 2472 1597 2497 42

1464 2515 1608 2542 Cos-somni:
1632 2530 1661 2535 —-
1680 2518 1720 2542 est
1737 2517 1915 2548 praelatorum
1941 2517 1973 2543 Vl
2000 2518 2051 2543 472

1412 2560 1455 2586 24.
1474 2560 1521 2585 591
1547 2560 1571 2586 4.
1591 2561 1634 2586 Vll
1657 2560 1706 2586 447
1727 2560 1759 2586 47
1779 2575 1815 2581 -
1839 2562 1910 2587 Deus
1937 2562 2052 2588 custodit

1411 2605 1507 2631 electos
1526 2605 1560 2630 Vl
1581 2604 1631 2630 472
1652 2605 1686 2631 24
1705 2619 1741 2625 -
1759 2605 1883 2632 Custodia
1902 2605 1981 2632 debet
1995 2613 2052 2632 esse

1412 2649 1438 2675 in
1456 2649 1557 2675 actione
1575 2652 1705 2682 quantum
1733 2650 1767 2675 ad
1796 2651 1899 2682 actum,
1927 2651 2051 2676 affectum

1411 2696 1437 2719 et
1455 2693 1568 2719 verbum
1590 2694 1631 2719 Vll
1652 2693 1703 2719 433
1724 2694 1757 2720 23

1464 2737 1540 2764 Coi-1⁵
1557 2752 1593 2756 —
1611 2738 1706 2764 arescit
1724 2738 1758 2764 ad
1778 2739 1990 2765 conversandum
2007 2739 2050 2765 vlt

1412 2782 1463 2808 440
1483 2783 1517 2807 22

1463 2825 1549 2852 Crnus
1566 2839 1602 2845 —
1614 2826 1714 2852 dimisit
1735 2827 1914 2859 captivitatem
1936 2828 2049 2854 filiorum

1411 2870 1486 2896 lsrael
1505 2870 1548 2896 Vll
1569 2871 1601 2896 98
1622 2871 1655 2897 39

1461 3149 1496 3155 -
1515 3143 1650 3169 nunquam
1664 3135 1823 3169 quiescebat,
1840 3136 1947 3169 quando
1958 3135 2047 3162 diabo-

1408 3181 1448 3206 lus
1466 3187 1527 3206 eum
1547 3180 1699 3213 possidebat
1718 3181 1761 3206 Vll
1782 3180 1832 3206 206
1851 3180 1883 3206 62
1904 3194 1938 3199 —
1957 3181 2047 3207 inven-

1408 3228 1450 3250 tus
1467 3225 1514 3250 mit
1533 3225 1558 3250 in
1577 3224 1666 3251 debito
1695 3224 1785 3250 habitu
1811 3228 1900 3251 contra
1928 3225 2047 3251 nudatio-

1408 3275 1467 3294 nem
1488 3267 1550 3295 ibid.
1567 3283 1604 3287 —
1622 3269 1744 3295 inventus
1763 3269 1811 3295 mit
1824 3269 1850 3295 in
1864 3268 1954 3296 debito
1967 3276 2044 3296 sensu

1408 3317 1497 3339 contra
1509 3313 1638 3339 insaniam
1647 3312 1709 3340 ibid.
1723 3327 1759 3333 —
1772 3314 1895 3340 inventus
1909 3314 1955 3340 mit
1968 3314 1993 3340 in
2003 3314 2047 3340 de·

1409 3357 1463 3383 bito
1476 3357 1526 3383 situ
1540 3361 1630 3384 contra
1641 3357 1865 3384 deordinationem
1877 3358 1971 3384 ments
1980 3356 2043 3385 ibid.

1903 3411 1936 3437 92
