<?xml version="1.0" encoding="UTF-8"?>
<!DOCTYPE html PUBLIC "-//W3C//DTD XHTML 1.0 Transitional//EN"
    "http://www.w3.org/TR/xhtml1/DTD/xhtml1-transitional.dtd">
<html xmlns="http://www.w3.org/1999/xhtml" xml:lang="en" lang="en">
 <head>
  <title>
</title>
<meta http-equiv="Content-Type" content="text/html;charset=utf-8" />
  <meta name='ocr-system' content='tesseract 3.04.00' />
  <meta name='ocr-capabilities' content='ocr_page ocr_carea ocr_par ocr_line ocrx_word'/>
</head>
<body>
  <div class='ocr_page' id='page_1' title='image "./doctorisseraphic07bona_0714.png"; bbox 0 0 2427 3872; ppageno 0'>
   <div class='ocr_carea' id='block_1_1' title="bbox 278 269 927 1532">
    <p class='ocr_par' dir='ltr' id='par_1_1' title="bbox 279 269 666 340">
     <span class='ocr_line' id='line_1_1' title="bbox 279 269 342 302; baseline -0.016 0"><span class='ocrx_word' id='word_1_1' title='bbox 279 269 342 302; x_wconf 87' lang='lat'><strong>688</strong></span> 
     </span>
     <span class='ocr_line' id='line_1_2' title="bbox 542 306 666 340; baseline -0.008 -6"><span class='ocrx_word' id='word_1_2' title='bbox 542 308 607 334; x_wconf 83' lang='lat' dir='ltr'><strong>CHR</strong></span> <span class='ocrx_word' id='word_1_3' title='bbox 627 306 666 340; x_wconf 90' lang='grc'><strong>(2)</strong></span> 
     </span>
    </p>

    <p class='ocr_par' dir='ltr' id='par_1_2' title="bbox 278 349 917 605">
     <span class='ocr_line' id='line_1_3' title="bbox 278 349 915 383; baseline -0.016 0"><span class='ocrx_word' id='word_1_4' title='bbox 278 358 312 383; x_wconf 84' lang='grc'><strong>00</strong></span> <span class='ocrx_word' id='word_1_5' title='bbox 330 356 480 382; x_wconf 79' lang='lat' dir='ltr'><strong>Bethlehem</strong></span> <span class='ocrx_word' id='word_1_6' title='bbox 493 353 539 379; x_wconf 92' lang='grc'><strong>351</strong></span> <span class='ocrx_word' id='word_1_7' title='bbox 558 353 591 378; x_wconf 88' lang='grc'><strong>60</strong></span> <span class='ocrx_word' id='word_1_8' title='bbox 610 365 646 371; x_wconf 93' lang='grc'>-</span> <span class='ocrx_word' id='word_1_9' title='bbox 664 349 811 377; x_wconf 87' lang='lat' dir='ltr'><strong>secundum</strong></span> <span class='ocrx_word' id='word_1_10' title='bbox 825 349 915 374; x_wconf 88' lang='lat' dir='ltr'><strong>huma-</strong></span> 
     </span>
     <span class='ocr_line' id='line_1_4' title="bbox 278 391 917 427; baseline -0.016 -1"><span class='ocrx_word' id='word_1_11' title='bbox 278 407 339 427; x_wconf 85' lang='lat' dir='ltr'><strong>nam</strong></span> <span class='ocrx_word' id='word_1_12' title='bbox 349 404 469 425; x_wconf 90' lang='lat' dir='ltr'><strong>naturam</strong></span> <span class='ocrx_word' id='word_1_13' title='bbox 483 404 535 423; x_wconf 92' lang='lat' dir='ltr'><strong>non</strong></span> <span class='ocrx_word' id='word_1_14' title='bbox 549 399 604 422; x_wconf 90' lang='lat' dir='ltr'><strong>erat</strong></span> <span class='ocrx_word' id='word_1_15' title='bbox 617 395 740 421; x_wconf 88' lang='lat' dir='ltr'><strong>dominus</strong></span> <span class='ocrx_word' id='word_1_16' title='bbox 751 394 800 418; x_wconf 63' lang='lat' dir='ltr'><strong>Dat</strong></span> <span class='ocrx_word' id='word_1_17' title='bbox 808 392 843 423; x_wconf 85' lang='lat' dir='ltr'><strong>id,</strong></span> <span class='ocrx_word' id='word_1_18' title='bbox 853 391 917 424; x_wconf 72' lang='lat' dir='ltr'><strong>quiav</strong></span> 
     </span>
     <span class='ocr_line' id='line_1_5' title="bbox 279 436 914 471; baseline -0.016 0"><span class='ocrx_word' id='word_1_19' title='bbox 279 445 346 471; x_wconf 84' lang='lat' dir='ltr'><strong>filius</strong></span> <span class='ocrx_word' id='word_1_20' title='bbox 356 444 399 469; x_wconf 96' lang='lat' dir='ltr'><strong>Vll</strong></span> <span class='ocrx_word' id='word_1_21' title='bbox 409 442 460 468; x_wconf 89' lang='grc'><strong>517</strong></span> <span class='ocrx_word' id='word_1_22' title='bbox 472 442 505 467; x_wconf 88' lang='grc'><strong>50</strong></span> <span class='ocrx_word' id='word_1_23' title='bbox 515 455 550 460; x_wconf 93' lang='lat'><em>-</em></span> <span class='ocrx_word' id='word_1_24' title='bbox 560 439 705 465; x_wconf 90' lang='lat' dir='ltr'><strong>secundum</strong></span> <span class='ocrx_word' id='word_1_25' title='bbox 717 436 914 470; x_wconf 83' lang='lat' dir='ltr'><strong>generationem</strong></span> 
     </span>
     <span class='ocr_line' id='line_1_6' title="bbox 279 481 916 515; baseline -0.016 0"><span class='ocrx_word' id='word_1_26' title='bbox 279 489 408 515; x_wconf 88' lang='lat' dir='ltr'><strong>carnalem</strong></span> <span class='ocrx_word' id='word_1_27' title='bbox 422 489 461 512; x_wconf 91' lang='lat' dir='ltr'><strong>est</strong></span> <span class='ocrx_word' id='word_1_28' title='bbox 473 485 541 515; x_wconf 86' lang='lat' dir='ltr'><strong>illius</strong></span> <span class='ocrx_word' id='word_1_29' title='bbox 560 483 645 510; x_wconf 90' lang='lat' dir='ltr'><strong>David</strong></span> <span class='ocrx_word' id='word_1_30' title='bbox 658 482 708 508; x_wconf 88' lang='grc'><strong>516</strong></span> <span class='ocrx_word' id='word_1_31' title='bbox 729 481 762 507; x_wconf 95' lang='grc'><strong>47</strong></span> <span class='ocrx_word' id='word_1_32' title='bbox 776 495 811 499; x_wconf 86' lang='lat'>—</span> <span class='ocrx_word' id='word_1_33' title='bbox 823 487 916 506; x_wconf 89' lang='lat' dir='ltr'><strong>secun-</strong></span> 
     </span>
     <span class='ocr_line' id='line_1_7' title="bbox 280 524 917 563; baseline -0.016 -4"><span class='ocrx_word' id='word_1_34' title='bbox 280 533 344 559; x_wconf 88' lang='lat' dir='ltr'><strong>dum</strong></span> <span class='ocrx_word' id='word_1_35' title='bbox 357 537 468 563; x_wconf 87' lang='lat' dir='ltr'><strong>regnum</strong></span> <span class='ocrx_word' id='word_1_36' title='bbox 488 534 513 556; x_wconf 87' lang='lat' dir='ltr'><strong>et</strong></span> <span class='ocrx_word' id='word_1_37' title='bbox 532 528 720 554; x_wconf 77' lang='lat' dir='ltr'><strong>humanitatem</strong></span> <span class='ocrx_word' id='word_1_38' title='bbox 733 524 858 551; x_wconf 79' lang='lat' dir='ltr'><strong>successit</strong></span> <span class='ocrx_word' id='word_1_39' title='bbox 871 524 917 550; x_wconf 88' lang='lat' dir='ltr'><strong>Da-</strong></span> 
     </span>
     <span class='ocr_line' id='line_1_8' title="bbox 280 567 916 605; baseline -0.014 -3"><span class='ocrx_word' id='word_1_40' title='bbox 280 577 325 602; x_wconf 91' lang='lat' dir='ltr'><strong>vid</strong></span> <span class='ocrx_word' id='word_1_41' title='bbox 346 576 378 601; x_wconf 88' lang='lat'><strong>86</strong></span> <span class='ocrx_word' id='word_1_42' title='bbox 399 576 432 600; x_wconf 88' lang='grc'><strong>60</strong></span> <span class='ocrx_word' id='word_1_43' title='bbox 446 588 479 593; x_wconf 89' lang='lat'><strong>—-</strong></span> <span class='ocrx_word' id='word_1_44' title='bbox 492 576 596 605; x_wconf 79' lang='lat' dir='ltr'><strong>reparat</strong></span> <span class='ocrx_word' id='word_1_45' title='bbox 608 577 721 603; x_wconf 84' lang='lat' dir='ltr'><strong>regnum</strong></span> <span class='ocrx_word' id='word_1_46' title='bbox 738 569 822 595; x_wconf 90' lang='lat' dir='ltr'><strong>David</strong></span> <span class='ocrx_word' id='word_1_47' title='bbox 836 568 868 593; x_wconf 99' lang='lat'><strong>49</strong></span> <span class='ocrx_word' id='word_1_48' title='bbox 883 567 916 593; x_wconf 90' lang='grc'><strong>24</strong></span> 
     </span>
    </p>

    <p class='ocr_par' dir='ltr' id='par_1_3' title="bbox 281 611 922 1004">
     <span class='ocr_line' id='line_1_9' title="bbox 333 611 917 651; baseline -0.017 -5"><span class='ocrx_word' id='word_1_49' title='bbox 333 635 368 639; x_wconf 93' lang='grc'><strong>-</strong></span> <span class='ocrx_word' id='word_1_50' title='bbox 387 621 413 645; x_wconf 85' lang='grc'><strong>111</strong></span> <span class='ocrx_word' id='word_1_51' title='bbox 432 619 488 644; x_wconf 88' lang='grc'><strong>0105</strong></span> <span class='ocrx_word' id='word_1_52' title='bbox 507 614 658 651; x_wconf 78' lang='lat' dir='ltr'><strong>genealogia.</strong></span> <span class='ocrx_word' id='word_1_53' title='bbox 676 622 727 641; x_wconf 93' lang='lat' dir='ltr'><strong>non</strong></span> <span class='ocrx_word' id='word_1_54' title='bbox 741 614 769 639; x_wconf 89' lang='lat' dir='ltr'><strong>fit</strong></span> <span class='ocrx_word' id='word_1_55' title='bbox 781 619 869 639; x_wconf 87' lang='lat' dir='ltr'><strong>sermo</strong></span> <span class='ocrx_word' id='word_1_56' title='bbox 883 611 917 637; x_wconf 91' lang='lat' dir='ltr'><strong>de</strong></span> 
     </span>
     <span class='ocr_line' id='line_1_10' title="bbox 282 657 919 696; baseline -0.016 -5"><span class='ocrx_word' id='word_1_57' title='bbox 282 665 374 696; x_wconf 84' lang='lat' dir='ltr'><strong>Maria,</strong></span> <span class='ocrx_word' id='word_1_58' title='bbox 394 663 441 689; x_wconf 88' lang='lat' dir='ltr'><strong>sed</strong></span> <span class='ocrx_word' id='word_1_59' title='bbox 460 663 493 688; x_wconf 90' lang='lat' dir='ltr'><strong>de</strong></span> <span class='ocrx_word' id='word_1_60' title='bbox 520 661 612 692; x_wconf 90' lang='lat' dir='ltr'><strong>loseph</strong></span> <span class='ocrx_word' id='word_1_61' title='bbox 643 659 685 685; x_wconf 93' lang='lat' dir='ltr'><strong>Vll</strong></span> <span class='ocrx_word' id='word_1_62' title='bbox 710 659 744 684; x_wconf 88' lang='grc'><strong>85</strong></span> <span class='ocrx_word' id='word_1_63' title='bbox 764 658 798 683; x_wconf 87' lang='grc'><strong>58</strong></span> <span class='ocrx_word' id='word_1_64' title='bbox 816 671 852 675; x_wconf 88' lang='grc'>-</span> <span class='ocrx_word' id='word_1_65' title='bbox 871 657 919 682; x_wconf 84' lang='lat' dir='ltr'><strong>Per</strong></span> 
     </span>
     <span class='ocr_line' id='line_1_11' title="bbox 281 700 918 739; baseline -0.017 -4"><span class='ocrx_word' id='word_1_66' title='bbox 281 709 402 739; x_wconf 84' lang='lat' dir='ltr'><strong>nomina,</strong></span> <span class='ocrx_word' id='word_1_67' title='bbox 430 713 499 739; x_wconf 88' lang='lat' dir='ltr'><strong>quae</strong></span> <span class='ocrx_word' id='word_1_68' title='bbox 520 705 701 736; x_wconf 83' lang='lat' dir='ltr'><strong>exprimuntur</strong></span> <span class='ocrx_word' id='word_1_69' title='bbox 719 702 746 728; x_wconf 93' lang='lat' dir='ltr'><strong>in</strong></span> <span class='ocrx_word' id='word_1_70' title='bbox 765 700 918 733; x_wconf 78' lang='lat' dir='ltr'><strong>genealogia</strong></span> 
     </span>
     <span class='ocr_line' id='line_1_12' title="bbox 282 745 919 783; baseline -0.017 -4"><span class='ocrx_word' id='word_1_71' title='bbox 282 752 391 783; x_wconf 80' lang='lat' dir='ltr'><strong>Christi,</strong></span> <span class='ocrx_word' id='word_1_72' title='bbox 411 752 566 783; x_wconf 90' lang='lat' dir='ltr'><strong>importatur</strong></span> <span class='ocrx_word' id='word_1_73' title='bbox 585 750 689 774; x_wconf 90' lang='lat' dir='ltr'><strong>nostrae</strong></span> <span class='ocrx_word' id='word_1_74' title='bbox 707 746 797 772; x_wconf 89' lang='lat' dir='ltr'><strong>salutis</strong></span> <span class='ocrx_word' id='word_1_75' title='bbox 809 745 919 775; x_wconf 84' lang='lat' dir='ltr'><strong>initium,</strong></span> 
     </span>
     <span class='ocr_line' id='line_1_13' title="bbox 282 789 921 830; baseline -0.016 -7"><span class='ocrx_word' id='word_1_76' title='bbox 282 798 415 830; x_wconf 87' lang='lat' dir='ltr'><strong>profectus</strong></span> <span class='ocrx_word' id='word_1_77' title='bbox 432 798 458 821; x_wconf 88' lang='lat' dir='ltr'><strong>et</strong></span> <span class='ocrx_word' id='word_1_78' title='bbox 476 794 697 825; x_wconf 85' lang='lat' dir='ltr'><strong>complementum</strong></span> <span class='ocrx_word' id='word_1_79' title='bbox 712 791 745 816; x_wconf 89' lang='lat'><strong>87</strong></span> <span class='ocrx_word' id='word_1_80' title='bbox 766 790 799 815; x_wconf 93' lang='grc'><strong>62</strong></span> <span class='ocrx_word' id='word_1_81' title='bbox 817 803 854 808; x_wconf 95' lang='grc'><strong>-</strong></span> <span class='ocrx_word' id='word_1_82' title='bbox 872 789 921 814; x_wconf 92' lang='lat' dir='ltr'><strong>Ge-</strong></span> 
     </span>
     <span class='ocr_line' id='line_1_14' title="bbox 283 833 922 872; baseline -0.016 -5"><span class='ocrx_word' id='word_1_83' title='bbox 283 840 401 872; x_wconf 67' lang='grc'><strong>00310313</strong></span> <span class='ocrx_word' id='word_1_84' title='bbox 420 838 515 865; x_wconf 82' lang='lat' dir='ltr'><strong>Christi</strong></span> <span class='ocrx_word' id='word_1_85' title='bbox 534 835 690 863; x_wconf 85' lang='lat' dir='ltr'><strong>describitur</strong></span> <span class='ocrx_word' id='word_1_86' title='bbox 712 833 858 860; x_wconf 91' lang='lat' dir='ltr'><strong>secundum</strong></span> <span class='ocrx_word' id='word_1_87' title='bbox 878 833 922 858; x_wconf 88' lang='lat' dir='ltr'><strong>Le-</strong></span> 
     </span>
     <span class='ocr_line' id='line_1_15' title="bbox 283 879 921 918; baseline -0.016 -7"><span class='ocrx_word' id='word_1_88' title='bbox 283 892 344 918; x_wconf 88' lang='lat' dir='ltr'><strong>gem</strong></span> <span class='ocrx_word' id='word_1_89' title='bbox 372 891 420 916; x_wconf 87' lang='lat' dir='ltr'><strong>per</strong></span> <span class='ocrx_word' id='word_1_90' title='bbox 447 884 543 908; x_wconf 83' lang='lat' dir='ltr'><strong>Lucam</strong></span> <span class='ocrx_word' id='word_1_91' title='bbox 572 883 597 906; x_wconf 93' lang='lat' dir='ltr'><strong>et</strong></span> <span class='ocrx_word' id='word_1_92' title='bbox 625 879 772 906; x_wconf 88' lang='lat' dir='ltr'><strong>secundum</strong></span> <span class='ocrx_word' id='word_1_93' title='bbox 800 879 921 903; x_wconf 90' lang='lat' dir='ltr'><strong>naturam</strong></span> 
     </span>
     <span class='ocr_line' id='line_1_16' title="bbox 283 921 922 962; baseline -0.016 -6"><span class='ocrx_word' id='word_1_94' title='bbox 283 936 331 962; x_wconf 91' lang='lat' dir='ltr'><strong>per</strong></span> <span class='ocrx_word' id='word_1_95' title='bbox 350 929 507 954; x_wconf 89' lang='lat' dir='ltr'><strong>Matthaeum</strong></span> <span class='ocrx_word' id='word_1_96' title='bbox 528 926 560 951; x_wconf 87' lang='lat'><strong>86</strong></span> <span class='ocrx_word' id='word_1_97' title='bbox 575 925 618 950; x_wconf 93' lang='lat'><strong>59.</strong></span> <span class='ocrx_word' id='word_1_98' title='bbox 640 924 674 949; x_wconf 87' lang='grc'><strong>87</strong></span> <span class='ocrx_word' id='word_1_99' title='bbox 694 924 722 949; x_wconf 88' lang='grc'><strong>61</strong></span> <span class='ocrx_word' id='word_1_100' title='bbox 747 937 782 941; x_wconf 96' lang='lat'>—</span> <span class='ocrx_word' id='word_1_101' title='bbox 801 921 922 947; x_wconf 81' lang='lat' dir='ltr'><strong>Differen-</strong></span> 
     </span>
     <span class='ocr_line' id='line_1_17' title="bbox 283 966 781 1004; baseline -0.014 -5"><span class='ocrx_word' id='word_1_102' title='bbox 283 974 334 999; x_wconf 84' lang='lat' dir='ltr'><strong>tiae</strong></span> <span class='ocrx_word' id='word_1_103' title='bbox 352 975 453 1004; x_wconf 87' lang='lat' dir='ltr'><strong>septem</strong></span> <span class='ocrx_word' id='word_1_104' title='bbox 472 971 538 997; x_wconf 91' lang='lat' dir='ltr'><strong>inter</strong></span> <span class='ocrx_word' id='word_1_105' title='bbox 558 972 700 1001; x_wconf 86' lang='lat' dir='ltr'><strong>utrumque</strong></span> <span class='ocrx_word' id='word_1_106' title='bbox 718 966 781 993; x_wconf 75' lang='lat' dir='ltr'><strong>ibid.</strong></span> 
     </span>
    </p>

    <p class='ocr_par' dir='ltr' id='par_1_4' title="bbox 283 1009 927 1403">
     <span class='ocr_line' id='line_1_18' title="bbox 305 1009 923 1046; baseline -0.015 -3"><span class='ocrx_word' id='word_1_107' title='bbox 305 1028 307 1031; x_wconf 41' lang='lat' dir='ltr'>v</span> <span class='ocrx_word' id='word_1_108' title='bbox 336 1031 371 1037; x_wconf 97' lang='lat'>—</span> <span class='ocrx_word' id='word_1_109' title='bbox 390 1017 473 1042; x_wconf 88' lang='lat' dir='ltr'><strong>Lucas</strong></span> <span class='ocrx_word' id='word_1_110' title='bbox 492 1015 547 1046; x_wconf 79' lang='lat' dir='ltr'><strong>agit</strong></span> <span class='ocrx_word' id='word_1_111' title='bbox 564 1014 598 1039; x_wconf 89' lang='lat' dir='ltr'><strong>de</strong></span> <span class='ocrx_word' id='word_1_112' title='bbox 620 1012 790 1045; x_wconf 81' lang='lat' dir='ltr'><strong>generatione</strong></span> <span class='ocrx_word' id='word_1_113' title='bbox 814 1009 923 1040; x_wconf 88' lang='lat' dir='ltr'><strong>Christi,</strong></span> 
     </span>
     <span class='ocr_line' id='line_1_19' title="bbox 283 1054 923 1092; baseline -0.014 -4"><span class='ocrx_word' id='word_1_114' title='bbox 283 1061 429 1088; x_wconf 86' lang='lat' dir='ltr'><strong>secundum</strong></span> <span class='ocrx_word' id='word_1_115' title='bbox 449 1059 521 1092; x_wconf 87' lang='lat' dir='ltr'><strong>quod</strong></span> <span class='ocrx_word' id='word_1_116' title='bbox 550 1064 597 1090; x_wconf 92' lang='lat' dir='ltr'><strong>per</strong></span> <span class='ocrx_word' id='word_1_117' title='bbox 622 1057 691 1083; x_wconf 89' lang='lat' dir='ltr'><strong>illam</strong></span> <span class='ocrx_word' id='word_1_118' title='bbox 720 1055 874 1082; x_wconf 85' lang='lat' dir='ltr'><strong>reducimur</strong></span> <span class='ocrx_word' id='word_1_119' title='bbox 898 1054 923 1079; x_wconf 92' lang='lat' dir='ltr'><strong>in</strong></span> 
     </span>
     <span class='ocr_line' id='line_1_20' title="bbox 284 1098 924 1132; baseline -0.013 0"><span class='ocrx_word' id='word_1_120' title='bbox 284 1107 368 1132; x_wconf 89' lang='lat' dir='ltr'><strong>Deum</strong></span> <span class='ocrx_word' id='word_1_121' title='bbox 381 1105 421 1130; x_wconf 89' lang='lat' dir='ltr'><strong>Vll</strong></span> <span class='ocrx_word' id='word_1_122' title='bbox 433 1104 448 1129; x_wconf 97' lang='lat'><strong>9</strong></span> <span class='ocrx_word' id='word_1_123' title='bbox 461 1104 487 1129; x_wconf 89' lang='lat'><strong>9.</strong></span> <span class='ocrx_word' id='word_1_124' title='bbox 502 1103 534 1128; x_wconf 93' lang='grc'><strong>10</strong></span> <span class='ocrx_word' id='word_1_125' title='bbox 549 1103 581 1127; x_wconf 92' lang='grc'><strong>10</strong></span> <span class='ocrx_word' id='word_1_126' title='bbox 594 1116 629 1120; x_wconf 87' lang='lat'><strong>--</strong></span> <span class='ocrx_word' id='word_1_127' title='bbox 642 1101 726 1126; x_wconf 90' lang='lat' dir='ltr'><strong>Lucas</strong></span> <span class='ocrx_word' id='word_1_128' title='bbox 737 1098 924 1132; x_wconf 85' lang='lat' dir='ltr'><strong>prosequendo</strong></span> 
     </span>
     <span class='ocr_line' id='line_1_21' title="bbox 284 1142 925 1179; baseline -0.012 -3"><span class='ocrx_word' id='word_1_129' title='bbox 284 1150 434 1176; x_wconf 77' lang='lat' dir='ltr'><strong>filiationem</strong></span> <span class='ocrx_word' id='word_1_130' title='bbox 453 1146 606 1179; x_wconf 84' lang='lat' dir='ltr'><strong>adoptivam</strong></span> <span class='ocrx_word' id='word_1_131' title='bbox 626 1145 667 1170; x_wconf 93' lang='lat' dir='ltr'><strong>vel</strong></span> <span class='ocrx_word' id='word_1_132' title='bbox 683 1145 794 1176; x_wconf 83' lang='lat' dir='ltr'><strong>legalem</strong></span> <span class='ocrx_word' id='word_1_133' title='bbox 809 1142 925 1169; x_wconf 85' lang='lat' dir='ltr'><strong>ascendit</strong></span> 
     </span>
     <span class='ocr_line' id='line_1_22' title="bbox 284 1188 925 1228; baseline -0.014 -7"><span class='ocrx_word' id='word_1_134' title='bbox 284 1201 369 1228; x_wconf 87' lang='lat' dir='ltr'><strong>usque</strong></span> <span class='ocrx_word' id='word_1_135' title='bbox 388 1193 422 1219; x_wconf 87' lang='grc'><strong>30</strong></span> <span class='ocrx_word' id='word_1_136' title='bbox 444 1193 527 1218; x_wconf 91' lang='lat' dir='ltr'><strong>Deum</strong></span> <span class='ocrx_word' id='word_1_137' title='bbox 557 1197 604 1223; x_wconf 91' lang='lat' dir='ltr'><strong>per</strong></span> <span class='ocrx_word' id='word_1_138' title='bbox 631 1188 799 1221; x_wconf 82' lang='lat' dir='ltr'><strong>septuaginta</strong></span> <span class='ocrx_word' id='word_1_139' title='bbox 823 1190 925 1220; x_wconf 85' lang='lat' dir='ltr'><strong>septem</strong></span> 
     </span>
     <span class='ocr_line' id='line_1_23' title="bbox 285 1231 925 1271; baseline -0.011 -7"><span class='ocrx_word' id='word_1_140' title='bbox 285 1239 384 1271; x_wconf 86' lang='lat' dir='ltr'><strong>gradus</strong></span> <span class='ocrx_word' id='word_1_141' title='bbox 403 1237 436 1262; x_wconf 89' lang='lat'><strong>87</strong></span> <span class='ocrx_word' id='word_1_142' title='bbox 457 1236 499 1268; x_wconf 83' lang='grc'><strong>60,</strong></span> <span class='ocrx_word' id='word_1_143' title='bbox 519 1235 547 1261; x_wconf 88' lang='grc'><strong>61</strong></span> <span class='ocrx_word' id='word_1_144' title='bbox 572 1248 607 1253; x_wconf 92' lang='grc'><strong>--</strong></span> <span class='ocrx_word' id='word_1_145' title='bbox 626 1234 709 1259; x_wconf 87' lang='lat' dir='ltr'><strong>Lucas</strong></span> <span class='ocrx_word' id='word_1_146' title='bbox 735 1232 874 1258; x_wconf 88' lang='lat' dir='ltr'><strong>intendens</strong></span> <span class='ocrx_word' id='word_1_147' title='bbox 891 1231 925 1258; x_wconf 93' lang='lat' dir='ltr'><strong>ad</strong></span> 
     </span>
     <span class='ocr_line' id='line_1_24' title="bbox 285 1277 927 1310; baseline -0.012 -1"><span class='ocrx_word' id='word_1_148' title='bbox 285 1282 379 1310; x_wconf 80' lang='lat' dir='ltr'><strong>Christi</strong></span> <span class='ocrx_word' id='word_1_149' title='bbox 398 1280 576 1307; x_wconf 86' lang='lat' dir='ltr'><strong>sacerdotium</strong></span> <span class='ocrx_word' id='word_1_150' title='bbox 595 1277 766 1304; x_wconf 90' lang='lat' dir='ltr'><strong>reconcilians</strong></span> <span class='ocrx_word' id='word_1_151' title='bbox 779 1283 827 1309; x_wconf 88' lang='lat' dir='ltr'><strong>per</strong></span> <span class='ocrx_word' id='word_1_152' title='bbox 841 1283 927 1302; x_wconf 87' lang='lat' dir='ltr'><strong>sacra-</strong></span> 
     </span>
     <span class='ocr_line' id='line_1_25' title="bbox 287 1321 926 1356; baseline -0.014 -2"><span class='ocrx_word' id='word_1_153' title='bbox 287 1327 427 1354; x_wconf 89' lang='lat' dir='ltr'><strong>mentalem</strong></span> <span class='ocrx_word' id='word_1_154' title='bbox 451 1323 692 1356; x_wconf 81' lang='lat' dir='ltr'><strong>regenerationem,</strong></span> <span class='ocrx_word' id='word_1_155' title='bbox 717 1321 791 1353; x_wconf 88' lang='lat' dir='ltr'><strong>ponit</strong></span> <span class='ocrx_word' id='word_1_156' title='bbox 809 1321 866 1346; x_wconf 88' lang='lat' dir='ltr'><strong>eius</strong></span> <span class='ocrx_word' id='word_1_157' title='bbox 885 1328 926 1352; x_wconf 83' lang='lat' dir='ltr'><strong>ge-</strong></span> 
     </span>
     <span class='ocr_line' id='line_1_26' title="bbox 286 1365 775 1403; baseline -0.014 -5"><span class='ocrx_word' id='word_1_158' title='bbox 286 1371 433 1403; x_wconf 87' lang='lat' dir='ltr'><strong>nealogiam</strong></span> <span class='ocrx_word' id='word_1_159' title='bbox 453 1372 512 1401; x_wconf 90' lang='lat' dir='ltr'><strong>post</strong></span> <span class='ocrx_word' id='word_1_160' title='bbox 531 1367 693 1399; x_wconf 87' lang='lat' dir='ltr'><strong>baptismum</strong></span> <span class='ocrx_word' id='word_1_161' title='bbox 712 1365 775 1392; x_wconf 82' lang='lat' dir='ltr'><strong>ibid.</strong></span> 
     </span>
    </p>

    <p class='ocr_par' dir='ltr' id='par_1_5' title="bbox 287 1409 927 1532">
     <span class='ocr_line' id='line_1_27' title="bbox 340 1409 927 1443; baseline -0.01 -3"><span class='ocrx_word' id='word_1_162' title='bbox 340 1429 375 1433; x_wconf 89' lang='lat'>—</span> <span class='ocrx_word' id='word_1_163' title='bbox 394 1414 538 1440; x_wconf 80' lang='lat' dir='ltr'><strong>Matthaeus</strong></span> <span class='ocrx_word' id='word_1_164' title='bbox 566 1411 655 1443; x_wconf 89' lang='lat' dir='ltr'><strong>incipit</strong></span> <span class='ocrx_word' id='word_1_165' title='bbox 674 1410 857 1442; x_wconf 80' lang='lat' dir='ltr'><strong>genealogiam</strong></span> <span class='ocrx_word' id='word_1_166' title='bbox 877 1409 927 1435; x_wconf 88' lang='lat' dir='ltr'><strong>Sal-</strong></span> 
     </span>
     <span class='ocr_line' id='line_1_28' title="bbox 287 1454 927 1486; baseline -0.011 -1"><span class='ocrx_word' id='word_1_167' title='bbox 287 1459 386 1485; x_wconf 80' lang='lat' dir='ltr'><strong>vatoris</strong></span> <span class='ocrx_word' id='word_1_168' title='bbox 404 1457 438 1483; x_wconf 91' lang='lat' dir='ltr'><strong>ab</strong></span> <span class='ocrx_word' id='word_1_169' title='bbox 457 1457 590 1483; x_wconf 80' lang='lat' dir='ltr'><strong>Abraham</strong></span> <span class='ocrx_word' id='word_1_170' title='bbox 610 1454 795 1481; x_wconf 89' lang='lat' dir='ltr'><strong>descendendo</strong></span> <span class='ocrx_word' id='word_1_171' title='bbox 814 1461 861 1486; x_wconf 91' lang='lat' dir='ltr'><strong>per</strong></span> <span class='ocrx_word' id='word_1_172' title='bbox 880 1454 927 1479; x_wconf 91' lang='lat' dir='ltr'><strong>Da-</strong></span> 
     </span>
     <span class='ocr_line' id='line_1_29' title="bbox 287 1498 927 1532; baseline -0.011 -3"><span class='ocrx_word' id='word_1_173' title='bbox 287 1503 333 1529; x_wconf 85' lang='lat' dir='ltr'><strong>vid</strong></span> <span class='ocrx_word' id='word_1_174' title='bbox 352 1506 378 1528; x_wconf 91' lang='lat' dir='ltr'><strong>et</strong></span> <span class='ocrx_word' id='word_1_175' title='bbox 397 1503 579 1530; x_wconf 86' lang='lat' dir='ltr'><strong>Salomonem,</strong></span> <span class='ocrx_word' id='word_1_176' title='bbox 598 1499 645 1532; x_wconf 87' lang='lat' dir='ltr'><strong>qui</strong></span> <span class='ocrx_word' id='word_1_177' title='bbox 664 1498 789 1524; x_wconf 86' lang='lat' dir='ltr'><strong>successit</strong></span> <span class='ocrx_word' id='word_1_178' title='bbox 807 1498 831 1523; x_wconf 87' lang='lat' dir='ltr'><strong>ei</strong></span> <span class='ocrx_word' id='word_1_179' title='bbox 851 1498 875 1523; x_wconf 92' lang='lat' dir='ltr'><strong>in</strong></span> <span class='ocrx_word' id='word_1_180' title='bbox 889 1505 927 1523; x_wconf 82' lang='lat' dir='ltr'><strong>re-</strong></span> 
     </span>
    </p>
   </div>
   <div class='ocr_carea' id='block_1_2' title="bbox 288 1542 947 1579">
    <p class='ocr_par' dir='ltr' id='par_1_6' title="bbox 288 1542 947 1579">
     <span class='ocr_line' id='line_1_30' title="bbox 288 1542 947 1579; baseline -0.009 -6"><span class='ocrx_word' id='word_1_181' title='bbox 288 1554 342 1579; x_wconf 91' lang='lat' dir='ltr'><strong>gno</strong></span> <span class='ocrx_word' id='word_1_182' title='bbox 362 1547 405 1573; x_wconf 87' lang='lat' dir='ltr'><strong>Vll</strong></span> <span class='ocrx_word' id='word_1_183' title='bbox 424 1546 456 1571; x_wconf 86' lang='lat'><strong>86</strong></span> <span class='ocrx_word' id='word_1_184' title='bbox 477 1546 510 1570; x_wconf 89' lang='grc'><strong>60</strong></span> <span class='ocrx_word' id='word_1_185' title='bbox 528 1559 564 1563; x_wconf 92' lang='grc'>-</span> <span class='ocrx_word' id='word_1_186' title='bbox 583 1544 726 1569; x_wconf 85' lang='lat' dir='ltr'><strong>Matthaeus</strong></span> <span class='ocrx_word' id='word_1_187' title='bbox 741 1542 927 1568; x_wconf 83' lang='lat' dir='ltr'><strong>descendendo</strong></span> <span class='ocrx_word' id='word_1_188' title='bbox 944 1564 947 1574; x_wconf 88' lang='grc'>,</span> 
     </span>
    </p>
   </div>
   <div class='ocr_carea' id='block_1_3' title="bbox 287 1587 935 2939">
    <p class='ocr_par' dir='ltr' id='par_1_7' title="bbox 287 1587 929 1976">
     <span class='ocr_line' id='line_1_31' title="bbox 287 1587 928 1621; baseline -0.008 -4"><span class='ocrx_word' id='word_1_189' title='bbox 287 1591 322 1617; x_wconf 85' lang='lat' dir='ltr'><strong>ab</strong></span> <span class='ocrx_word' id='word_1_190' title='bbox 332 1590 462 1617; x_wconf 84' lang='lat' dir='ltr'><strong>Abraham</strong></span> <span class='ocrx_word' id='word_1_191' title='bbox 477 1589 560 1615; x_wconf 89' lang='lat' dir='ltr'><strong>solum</strong></span> <span class='ocrx_word' id='word_1_192' title='bbox 573 1587 747 1621; x_wconf 84' lang='lat' dir='ltr'><strong>quadraginta</strong></span> <span class='ocrx_word' id='word_1_193' title='bbox 761 1587 928 1613; x_wconf 86' lang='lat' dir='ltr'><strong>intermedias</strong></span> 
     </span>
     <span class='ocr_line' id='line_1_32' title="bbox 288 1630 927 1668; baseline -0.008 -7"><span class='ocrx_word' id='word_1_194' title='bbox 288 1636 376 1668; x_wconf 90' lang='lat' dir='ltr'><strong>ponit,</strong></span> <span class='ocrx_word' id='word_1_195' title='bbox 395 1635 436 1660; x_wconf 90' lang='lat' dir='ltr'><strong>vcl</strong></span> <span class='ocrx_word' id='word_1_196' title='bbox 455 1633 629 1666; x_wconf 83' lang='lat' dir='ltr'><strong>quadraginta</strong></span> <span class='ocrx_word' id='word_1_197' title='bbox 649 1632 716 1658; x_wconf 87' lang='lat' dir='ltr'><strong>duas</strong></span> <span class='ocrx_word' id='word_1_198' title='bbox 734 1630 796 1657; x_wconf 82' lang='lat' dir='ltr'><strong>ibid.</strong></span> <span class='ocrx_word' id='word_1_199' title='bbox 815 1644 850 1650; x_wconf 94' lang='lat'><strong>—</strong></span> <span class='ocrx_word' id='word_1_200' title='bbox 867 1632 927 1657; x_wconf 87' lang='lat' dir='ltr'><strong>Mat-</strong></span> 
     </span>
     <span class='ocr_line' id='line_1_33' title="bbox 289 1676 928 1711; baseline -0.008 -5"><span class='ocrx_word' id='word_1_201' title='bbox 289 1682 381 1706; x_wconf 83' lang='lat' dir='ltr'><strong>thaeus</strong></span> <span class='ocrx_word' id='word_1_202' title='bbox 400 1678 576 1711; x_wconf 84' lang='lat' dir='ltr'><strong>principaliter</strong></span> <span class='ocrx_word' id='word_1_203' title='bbox 595 1678 705 1703; x_wconf 91' lang='lat' dir='ltr'><strong>intendit</strong></span> <span class='ocrx_word' id='word_1_204' title='bbox 723 1677 756 1703; x_wconf 87' lang='lat' dir='ltr'><strong>ad</strong></span> <span class='ocrx_word' id='word_1_205' title='bbox 776 1676 868 1703; x_wconf 84' lang='lat' dir='ltr'><strong>Christi</strong></span> <span class='ocrx_word' id='word_1_206' title='bbox 888 1683 928 1701; x_wconf 90' lang='lat' dir='ltr'><strong>re-</strong></span> 
     </span>
     <span class='ocr_line' id='line_1_34' title="bbox 290 1721 927 1756; baseline -0.005 -7"><span class='ocrx_word' id='word_1_207' title='bbox 290 1731 385 1756; x_wconf 84' lang='lat' dir='ltr'><strong>gnum,</strong></span> <span class='ocrx_word' id='word_1_208' title='bbox 415 1723 497 1748; x_wconf 86' lang='lat' dir='ltr'><strong>Lucas</strong></span> <span class='ocrx_word' id='word_1_209' title='bbox 516 1722 549 1748; x_wconf 86' lang='lat' dir='ltr'><strong>ad</strong></span> <span class='ocrx_word' id='word_1_210' title='bbox 569 1722 625 1748; x_wconf 88' lang='lat' dir='ltr'><strong>eius</strong></span> <span class='ocrx_word' id='word_1_211' title='bbox 645 1722 820 1747; x_wconf 84' lang='lat' dir='ltr'><strong>sacerdotium</strong></span> <span class='ocrx_word' id='word_1_212' title='bbox 841 1721 874 1746; x_wconf 87' lang='lat'><strong>87</strong></span> <span class='ocrx_word' id='word_1_213' title='bbox 894 1721 927 1746; x_wconf 90' lang='grc'><strong>60</strong></span> 
     </span>
     <span class='ocr_line' id='line_1_35' title="bbox 288 1765 926 1798; baseline -0.005 -5"><span class='ocrx_word' id='word_1_214' title='bbox 288 1782 324 1787; x_wconf 94' lang='grc'><strong>-</strong></span> <span class='ocrx_word' id='word_1_215' title='bbox 343 1768 485 1793; x_wconf 84' lang='lat' dir='ltr'><strong>Matthaeus</strong></span> <span class='ocrx_word' id='word_1_216' title='bbox 510 1766 676 1798; x_wconf 78' lang='lat' dir='ltr'><strong>prosequitur</strong></span> <span class='ocrx_word' id='word_1_217' title='bbox 700 1765 793 1792; x_wconf 84' lang='lat' dir='ltr'><strong>Christi</strong></span> <span class='ocrx_word' id='word_1_218' title='bbox 815 1772 926 1796; x_wconf 81' lang='lat' dir='ltr'><strong>regnum</strong></span> 
     </span>
     <span class='ocr_line' id='line_1_36' title="bbox 289 1809 927 1841; baseline -0.005 -4"><span class='ocrx_word' id='word_1_219' title='bbox 289 1816 314 1837; x_wconf 90' lang='lat' dir='ltr'><strong>et</strong></span> <span class='ocrx_word' id='word_1_220' title='bbox 334 1811 537 1840; x_wconf 85' lang='lat' dir='ltr'><strong>humanitatem,</strong></span> <span class='ocrx_word' id='word_1_221' title='bbox 557 1813 582 1836; x_wconf 93' lang='lat' dir='ltr'><strong>et</strong></span> <span class='ocrx_word' id='word_1_222' title='bbox 595 1810 654 1835; x_wconf 88' lang='lat' dir='ltr'><strong>ideo</strong></span> <span class='ocrx_word' id='word_1_223' title='bbox 673 1810 727 1841; x_wconf 85' lang='lat' dir='ltr'><strong>agit</strong></span> <span class='ocrx_word' id='word_1_224' title='bbox 745 1809 779 1835; x_wconf 92' lang='lat' dir='ltr'><strong>de</strong></span> <span class='ocrx_word' id='word_1_225' title='bbox 798 1809 927 1835; x_wconf 87' lang='lat' dir='ltr'><strong>descensu</strong></span> 
     </span>
     <span class='ocr_line' id='line_1_37' title="bbox 290 1853 928 1886; baseline -0.005 -5"><span class='ocrx_word' id='word_1_226' title='bbox 290 1856 346 1882; x_wconf 89' lang='lat' dir='ltr'><strong>eius</strong></span> <span class='ocrx_word' id='word_1_227' title='bbox 365 1855 399 1881; x_wconf 85' lang='lat' dir='ltr'><strong>ad</strong></span> <span class='ocrx_word' id='word_1_228' title='bbox 419 1855 504 1880; x_wconf 88' lang='lat' dir='ltr'><strong>carnis</strong></span> <span class='ocrx_word' id='word_1_229' title='bbox 523 1854 718 1886; x_wconf 85' lang='lat' dir='ltr'><strong>susceptionem</strong></span> <span class='ocrx_word' id='word_1_230' title='bbox 733 1854 765 1878; x_wconf 86' lang='lat'><strong>86</strong></span> <span class='ocrx_word' id='word_1_231' title='bbox 781 1853 814 1878; x_wconf 91' lang='grc'><strong>60</strong></span> <span class='ocrx_word' id='word_1_232' title='bbox 827 1867 862 1872; x_wconf 94' lang='grc'><strong>-</strong></span> <span class='ocrx_word' id='word_1_233' title='bbox 875 1860 928 1878; x_wconf 90' lang='lat' dir='ltr'><strong>non</strong></span> 
     </span>
     <span class='ocr_line' id='line_1_38' title="bbox 290 1897 929 1929; baseline -0.005 -3"><span class='ocrx_word' id='word_1_234' title='bbox 290 1899 426 1926; x_wconf 89' lang='lat' dir='ltr'><strong>descendit</strong></span> <span class='ocrx_word' id='word_1_235' title='bbox 444 1899 478 1924; x_wconf 93' lang='lat' dir='ltr'><strong>de</strong></span> <span class='ocrx_word' id='word_1_236' title='bbox 491 1899 589 1924; x_wconf 84' lang='lat' dir='ltr'><strong>Nathan</strong></span> <span class='ocrx_word' id='word_1_237' title='bbox 603 1904 651 1929; x_wconf 88' lang='lat' dir='ltr'><strong>per</strong></span> <span class='ocrx_word' id='word_1_238' title='bbox 664 1897 868 1929; x_wconf 84' lang='lat' dir='ltr'><strong>generationem,</strong></span> <span class='ocrx_word' id='word_1_239' title='bbox 881 1897 929 1923; x_wconf 88' lang='lat' dir='ltr'><strong>scd</strong></span> 
     </span>
     <span class='ocr_line' id='line_1_39' title="bbox 290 1942 597 1976; baseline -0.013 -6"><span class='ocrx_word' id='word_1_240' title='bbox 290 1951 338 1976; x_wconf 79' lang='lat' dir='ltr'><strong>per</strong></span> <span class='ocrx_word' id='word_1_241' title='bbox 357 1943 526 1975; x_wconf 89' lang='lat' dir='ltr'><strong>adoptionem</strong></span> <span class='ocrx_word' id='word_1_242' title='bbox 546 1943 562 1967; x_wconf 89' lang='lat'><strong>9</strong></span> <span class='ocrx_word' id='word_1_243' title='bbox 582 1942 597 1966; x_wconf 93' lang='lat'><strong>9</strong></span> 
     </span>
    </p>

    <p class='ocr_par' dir='ltr' id='par_1_8' title="bbox 289 1985 930 2190">
     <span class='ocr_line' id='line_1_40' title="bbox 344 1985 930 2017; baseline -0.005 -4"><span class='ocrx_word' id='word_1_244' title='bbox 344 2002 377 2006; x_wconf 94' lang='lat'><strong>--</strong></span> <span class='ocrx_word' id='word_1_245' title='bbox 397 1987 499 2013; x_wconf 90' lang='lat' dir='ltr'><strong>Christo</strong></span> <span class='ocrx_word' id='word_1_246' title='bbox 518 1985 668 2011; x_wconf 85' lang='lat' dir='ltr'><strong>advenienti</strong></span> <span class='ocrx_word' id='word_1_247' title='bbox 681 1988 709 2011; x_wconf 92' lang='grc'><strong>01</strong></span> <span class='ocrx_word' id='word_1_248' title='bbox 722 1985 789 2017; x_wconf 85' lang='lat' dir='ltr'><strong>Regi</strong></span> <span class='ocrx_word' id='word_1_249' title='bbox 806 1985 930 2016; x_wconf 88' lang='lat' dir='ltr'><strong>praemis-</strong></span> 
     </span>
     <span class='ocr_line' id='line_1_41' title="bbox 290 2029 929 2063; baseline -0.006 -5"><span class='ocrx_word' id='word_1_250' title='bbox 290 2039 335 2058; x_wconf 91' lang='lat' dir='ltr'><strong>sus</strong></span> <span class='ocrx_word' id='word_1_251' title='bbox 362 2034 402 2057; x_wconf 90' lang='lat' dir='ltr'><strong>est</strong></span> <span class='ocrx_word' id='word_1_252' title='bbox 424 2037 580 2063; x_wconf 83' lang='lat' dir='ltr'><strong>praecursor</strong></span> <span class='ocrx_word' id='word_1_253' title='bbox 601 2030 632 2054; x_wconf 95' lang='lat' dir='ltr'><strong>Vi</strong></span> <span class='ocrx_word' id='word_1_254' title='bbox 652 2030 703 2055; x_wconf 88' lang='grc'><strong>250</strong></span> <span class='ocrx_word' id='word_1_255' title='bbox 730 2029 762 2054; x_wconf 91' lang='grc'><strong>17</strong></span> <span class='ocrx_word' id='word_1_256' title='bbox 782 2043 817 2047; x_wconf 77' lang='lat'><strong>—-</strong></span> <span class='ocrx_word' id='word_1_257' title='bbox 835 2029 929 2054; x_wconf 87' lang='lat' dir='ltr'><strong>Christi</strong></span> 
     </span>
     <span class='ocr_line' id='line_1_42' title="bbox 289 2073 929 2107; baseline -0.006 -5"><span class='ocrx_word' id='word_1_258' title='bbox 289 2078 446 2107; x_wconf 90' lang='lat' dir='ltr'><strong>conceptum</strong></span> <span class='ocrx_word' id='word_1_259' title='bbox 458 2073 787 2107; x_wconf 87' lang='lat' dir='ltr'><strong>praecessitpraecursoris</strong></span> <span class='ocrx_word' id='word_1_260' title='bbox 793 2073 929 2099; x_wconf 89' lang='lat' dir='ltr'><strong>exordium</strong></span> 
     </span>
     <span class='ocr_line' id='line_1_43' title="bbox 290 2117 930 2150; baseline -0.003 -5"><span class='ocrx_word' id='word_1_261' title='bbox 290 2120 333 2146; x_wconf 91' lang='lat' dir='ltr'><strong>Vll</strong></span> <span class='ocrx_word' id='word_1_262' title='bbox 353 2120 386 2145; x_wconf 91' lang='grc'><strong>13</strong></span> <span class='ocrx_word' id='word_1_263' title='bbox 406 2119 421 2145; x_wconf 92' lang='grc'>7</span> <span class='ocrx_word' id='word_1_264' title='bbox 435 2133 470 2138; x_wconf 85' lang='grc'>-</span> <span class='ocrx_word' id='word_1_265' title='bbox 483 2118 554 2144; x_wconf 81' lang='lat' dir='ltr'><strong>venit</strong></span> <span class='ocrx_word' id='word_1_266' title='bbox 572 2121 632 2150; x_wconf 84' lang='lat' dir='ltr'><strong>post</strong></span> <span class='ocrx_word' id='word_1_267' title='bbox 650 2119 773 2144; x_wconf 86' lang='lat' dir='ltr'><strong>loannem</strong></span> <span class='ocrx_word' id='word_1_268' title='bbox 792 2117 930 2149; x_wconf 88' lang='lat' dir='ltr'><strong>temporali</strong></span> 
     </span>
     <span class='ocr_line' id='line_1_44' title="bbox 290 2163 601 2190; baseline -0.006 0"><span class='ocrx_word' id='word_1_269' title='bbox 290 2163 424 2190; x_wconf 78' lang='lat' dir='ltr'><strong>nativitate</strong></span> <span class='ocrx_word' id='word_1_270' title='bbox 443 2163 475 2189; x_wconf 91' lang='lat' dir='ltr'><strong>Vl</strong></span> <span class='ocrx_word' id='word_1_271' title='bbox 496 2163 547 2188; x_wconf 90' lang='grc'><strong>260</strong></span> <span class='ocrx_word' id='word_1_272' title='bbox 567 2163 601 2188; x_wconf 86' lang='grc'><strong>63</strong></span> 
     </span>
    </p>

    <p class='ocr_par' dir='ltr' id='par_1_9' title="bbox 291 2206 935 2939">
     <span class='ocr_line' id='line_1_45' title="bbox 345 2206 930 2239; baseline -0.003 -6"><span class='ocrx_word' id='word_1_273' title='bbox 345 2222 380 2227; x_wconf 88' lang='grc'>-</span> <span class='ocrx_word' id='word_1_274' title='bbox 399 2206 554 2233; x_wconf 73' lang='lat' dir='ltr'><strong>incarnatus</strong></span> <span class='ocrx_word' id='word_1_275' title='bbox 573 2209 612 2233; x_wconf 90' lang='lat' dir='ltr'><strong>est</strong></span> <span class='ocrx_word' id='word_1_276' title='bbox 631 2209 739 2239; x_wconf 82' lang='lat' dir='ltr'><strong>propter</strong></span> <span class='ocrx_word' id='word_1_277' title='bbox 758 2206 864 2232; x_wconf 86' lang='lat' dir='ltr'><strong>nimiam</strong></span> <span class='ocrx_word' id='word_1_278' title='bbox 884 2206 930 2232; x_wconf 89' lang='lat' dir='ltr'><strong>mi-</strong></span> 
     </span>
     <span class='ocr_line' id='line_1_46' title="bbox 291 2250 930 2278; baseline -0.005 0"><span class='ocrx_word' id='word_1_279' title='bbox 291 2252 460 2278; x_wconf 87' lang='lat' dir='ltr'><strong>sericordiam</strong></span> <span class='ocrx_word' id='word_1_280' title='bbox 489 2251 536 2277; x_wconf 90' lang='lat' dir='ltr'><strong>Dei</strong></span> <span class='ocrx_word' id='word_1_281' title='bbox 565 2251 607 2277; x_wconf 88' lang='lat' dir='ltr'><strong>Vll</strong></span> <span class='ocrx_word' id='word_1_282' title='bbox 638 2251 670 2277; x_wconf 92' lang='grc'><strong>42</strong></span> <span class='ocrx_word' id='word_1_283' title='bbox 691 2251 750 2277; x_wconf 90' lang='grc'><strong>138.</strong></span> <span class='ocrx_word' id='word_1_284' title='bbox 771 2251 822 2276; x_wconf 89' lang='grc'><strong>330</strong></span> <span class='ocrx_word' id='word_1_285' title='bbox 842 2250 876 2275; x_wconf 92' lang='grc'><strong>75</strong></span> <span class='ocrx_word' id='word_1_286' title='bbox 896 2264 930 2269; x_wconf 91' lang='grc'>-</span> 
     </span>
     <span class='ocr_line' id='line_1_47' title="bbox 292 2295 931 2328; baseline -0.002 -6"><span class='ocrx_word' id='word_1_287' title='bbox 292 2296 427 2322; x_wconf 87' lang='lat' dir='ltr'><strong>descendit</strong></span> <span class='ocrx_word' id='word_1_288' title='bbox 450 2303 498 2328; x_wconf 88' lang='lat' dir='ltr'><strong>per</strong></span> <span class='ocrx_word' id='word_1_289' title='bbox 525 2296 706 2327; x_wconf 88' lang='lat' dir='ltr'><strong>dignationem</strong></span> <span class='ocrx_word' id='word_1_290' title='bbox 734 2295 931 2322; x_wconf 78' lang='lat' dir='ltr'><strong>misericordiae</strong></span> 
     </span>
     <span class='ocr_line' id='line_1_48' title="bbox 292 2340 931 2372; baseline -0.003 -5"><span class='ocrx_word' id='word_1_291' title='bbox 292 2341 339 2367; x_wconf 89' lang='lat' dir='ltr'><strong>Dei</strong></span> <span class='ocrx_word' id='word_1_292' title='bbox 358 2341 408 2367; x_wconf 91' lang='grc'><strong>492</strong></span> <span class='ocrx_word' id='word_1_293' title='bbox 429 2340 463 2366; x_wconf 86' lang='grc'><strong>55</strong></span> <span class='ocrx_word' id='word_1_294' title='bbox 480 2354 517 2360; x_wconf 90' lang='grc'>-</span> <span class='ocrx_word' id='word_1_295' title='bbox 535 2340 568 2366; x_wconf 86' lang='grc'><strong>00</strong></span> <span class='ocrx_word' id='word_1_296' title='bbox 588 2341 660 2366; x_wconf 84' lang='grc'><strong>03010</strong></span> <span class='ocrx_word' id='word_1_297' title='bbox 679 2340 764 2371; x_wconf 86' lang='lat' dir='ltr'><strong>venit,</strong></span> <span class='ocrx_word' id='word_1_298' title='bbox 783 2340 844 2372; x_wconf 90' lang='lat' dir='ltr'><strong>quia</strong></span> <span class='ocrx_word' id='word_1_299' title='bbox 858 2340 931 2372; x_wconf 88' lang='lat' dir='ltr'><strong>spiri-</strong></span> 
     </span>
     <span class='ocr_line' id='line_1_49' title="bbox 291 2383 930 2417; baseline -0.003 -6"><span class='ocrx_word' id='word_1_300' title='bbox 291 2385 381 2417; x_wconf 84' lang='lat' dir='ltr'><strong>tualis,</strong></span> <span class='ocrx_word' id='word_1_301' title='bbox 400 2387 426 2411; x_wconf 92' lang='lat' dir='ltr'><strong>et</strong></span> <span class='ocrx_word' id='word_1_302' title='bbox 444 2384 506 2417; x_wconf 90' lang='lat' dir='ltr'><strong>quia</strong></span> <span class='ocrx_word' id='word_1_303' title='bbox 525 2384 646 2410; x_wconf 90' lang='lat' dir='ltr'><strong>sublimis</strong></span> <span class='ocrx_word' id='word_1_304' title='bbox 665 2384 764 2410; x_wconf 89' lang='lat' dir='ltr'><strong>Deitate</strong></span> <span class='ocrx_word' id='word_1_305' title='bbox 783 2384 815 2410; x_wconf 93' lang='lat' dir='ltr'><strong>Vi</strong></span> <span class='ocrx_word' id='word_1_306' title='bbox 832 2383 882 2410; x_wconf 88' lang='grc'><strong>287</strong></span> <span class='ocrx_word' id='word_1_307' title='bbox 897 2383 930 2410; x_wconf 85' lang='grc'><strong>54</strong></span> 
     </span>
     <span class='ocr_line' id='line_1_50' title="bbox 293 2428 932 2455; baseline -0.002 0"><span class='ocrx_word' id='word_1_308' title='bbox 293 2444 326 2448; x_wconf 89' lang='lat'>-</span> <span class='ocrx_word' id='word_1_309' title='bbox 345 2429 480 2455; x_wconf 90' lang='lat' dir='ltr'><strong>descendit</strong></span> <span class='ocrx_word' id='word_1_310' title='bbox 498 2429 532 2455; x_wconf 89' lang='lat' dir='ltr'><strong>de</strong></span> <span class='ocrx_word' id='word_1_311' title='bbox 551 2429 622 2454; x_wconf 88' lang='lat' dir='ltr'><strong>caelo</strong></span> <span class='ocrx_word' id='word_1_312' title='bbox 641 2435 746 2454; x_wconf 90' lang='lat' dir='ltr'><strong>carnem</strong></span> <span class='ocrx_word' id='word_1_313' title='bbox 772 2428 932 2454; x_wconf 91' lang='lat' dir='ltr'><strong>assumendo</strong></span> 
     </span>
     <span class='ocr_line' id='line_1_51' title="bbox 293 2471 933 2499; baseline -0.002 -1"><span class='ocrx_word' id='word_1_314' title='bbox 293 2473 343 2498; x_wconf 87' lang='grc'><strong>328</strong></span> <span class='ocrx_word' id='word_1_315' title='bbox 364 2473 407 2498; x_wconf 90' lang='grc'><strong>59.</strong></span> <span class='ocrx_word' id='word_1_316' title='bbox 427 2473 478 2499; x_wconf 91' lang='grc'><strong>330</strong></span> <span class='ocrx_word' id='word_1_317' title='bbox 501 2473 535 2498; x_wconf 90' lang='grc'><strong>74</strong></span> <span class='ocrx_word' id='word_1_318' title='bbox 554 2486 589 2492; x_wconf 88' lang='grc'><strong>--</strong></span> <span class='ocrx_word' id='word_1_319' title='bbox 608 2476 663 2498; x_wconf 90' lang='lat' dir='ltr'><strong>erat</strong></span> <span class='ocrx_word' id='word_1_320' title='bbox 691 2479 752 2499; x_wconf 88' lang='lat' dir='ltr'><strong>cum</strong></span> <span class='ocrx_word' id='word_1_321' title='bbox 781 2471 933 2498; x_wconf 88' lang='lat' dir='ltr'><strong>hominibus</strong></span> 
     </span>
     <span class='ocr_line' id='line_1_52' title="bbox 292 2516 933 2548; baseline 0 -7"><span class='ocrx_word' id='word_1_322' title='bbox 292 2517 385 2543; x_wconf 85' lang='lat' dir='ltr'><strong>vivens</strong></span> <span class='ocrx_word' id='word_1_323' title='bbox 404 2517 457 2543; x_wconf 90' lang='lat' dir='ltr'><strong>vita</strong></span> <span class='ocrx_word' id='word_1_324' title='bbox 476 2517 579 2542; x_wconf 88' lang='lat' dir='ltr'><strong>mortali</strong></span> <span class='ocrx_word' id='word_1_325' title='bbox 598 2517 641 2542; x_wconf 88' lang='lat' dir='ltr'><strong>vel</strong></span> <span class='ocrx_word' id='word_1_326' title='bbox 661 2523 709 2548; x_wconf 93' lang='lat' dir='ltr'><strong>per</strong></span> <span class='ocrx_word' id='word_1_327' title='bbox 727 2516 845 2542; x_wconf 91' lang='lat' dir='ltr'><strong>mortalis</strong></span> <span class='ocrx_word' id='word_1_328' title='bbox 863 2516 933 2542; x_wconf 86' lang='lat' dir='ltr'><strong>vitae</strong></span> 
     </span>
     <span class='ocr_line' id='line_1_53' title="bbox 293 2559 933 2587; baseline -0.002 -1"><span class='ocrx_word' id='word_1_329' title='bbox 293 2561 520 2587; x_wconf 84' lang='lat' dir='ltr'><strong>conversationem</strong></span> <span class='ocrx_word' id='word_1_330' title='bbox 539 2560 591 2586; x_wconf 82' lang='lat'><strong>348</strong></span> <span class='ocrx_word' id='word_1_331' title='bbox 611 2559 643 2586; x_wconf 83' lang='grc'><strong>48</strong></span> <span class='ocrx_word' id='word_1_332' title='bbox 664 2574 699 2579; x_wconf 86' lang='grc'>-</span> <span class='ocrx_word' id='word_1_333' title='bbox 717 2560 789 2585; x_wconf 84' lang='grc' dir='ltr'><strong>νο1111</strong></span> <span class='ocrx_word' id='word_1_334' title='bbox 809 2560 843 2586; x_wconf 87' lang='lat' dir='ltr'><strong>de</strong></span> <span class='ocrx_word' id='word_1_335' title='bbox 861 2560 933 2586; x_wconf 89' lang='lat' dir='ltr'><strong>caelo</strong></span> 
     </span>
     <span class='ocr_line' id='line_1_54' title="bbox 294 2604 933 2637; baseline -0.002 -7"><span class='ocrx_word' id='word_1_336' title='bbox 294 2612 340 2637; x_wconf 88' lang='lat' dir='ltr'><strong>per</strong></span> <span class='ocrx_word' id='word_1_337' title='bbox 359 2605 446 2630; x_wconf 80' lang='lat' dir='ltr'><strong>carnis</strong></span> <span class='ocrx_word' id='word_1_338' title='bbox 464 2605 635 2636; x_wconf 87' lang='lat' dir='ltr'><strong>temporalem</strong></span> <span class='ocrx_word' id='word_1_339' title='bbox 664 2604 853 2630; x_wconf 80' lang='lat' dir='ltr'><strong>assumtionem</strong></span> <span class='ocrx_word' id='word_1_340' title='bbox 882 2604 933 2630; x_wconf 83' lang='grc'><strong>225</strong></span> 
     </span>
     <span class='ocr_line' id='line_1_55' title="bbox 294 2647 934 2680; baseline 0 -6"><span class='ocrx_word' id='word_1_341' title='bbox 294 2656 321 2674; x_wconf 92' lang='lat' dir='ltr'><strong>v.</strong></span> <span class='ocrx_word' id='word_1_342' title='bbox 341 2649 382 2674; x_wconf 85' lang='grc'><strong>16.</strong></span> <span class='ocrx_word' id='word_1_343' title='bbox 403 2648 454 2674; x_wconf 89' lang='grc'><strong>252</strong></span> <span class='ocrx_word' id='word_1_344' title='bbox 475 2648 507 2673; x_wconf 88' lang='grc'><strong>29</strong></span> <span class='ocrx_word' id='word_1_345' title='bbox 528 2662 563 2666; x_wconf 86' lang='grc'><strong>-</strong></span> <span class='ocrx_word' id='word_1_346' title='bbox 582 2648 654 2674; x_wconf 89' lang='lat' dir='ltr'><strong>venit</strong></span> <span class='ocrx_word' id='word_1_347' title='bbox 678 2647 703 2673; x_wconf 92' lang='lat' dir='ltr'><strong>in</strong></span> <span class='ocrx_word' id='word_1_348' title='bbox 731 2647 861 2673; x_wconf 91' lang='lat' dir='ltr'><strong>mundum</strong></span> <span class='ocrx_word' id='word_1_349' title='bbox 886 2654 934 2680; x_wconf 86' lang='lat' dir='ltr'><strong>per</strong></span> 
     </span>
     <span class='ocr_line' id='line_1_56' title="bbox 294 2691 934 2719; baseline 0 -1"><span class='ocrx_word' id='word_1_350' title='bbox 294 2692 500 2719; x_wconf 84' lang='lat' dir='ltr'><strong>incarnationem</strong></span> <span class='ocrx_word' id='word_1_351' title='bbox 523 2692 574 2717; x_wconf 84' lang='lat'><strong>366</strong></span> <span class='ocrx_word' id='word_1_352' title='bbox 594 2692 638 2717; x_wconf 91' lang='lat'><strong>59.</strong></span> <span class='ocrx_word' id='word_1_353' title='bbox 661 2691 712 2717; x_wconf 86' lang='grc'><strong>465</strong></span> <span class='ocrx_word' id='word_1_354' title='bbox 732 2691 764 2717; x_wconf 87' lang='grc'><strong>42</strong></span> <span class='ocrx_word' id='word_1_355' title='bbox 784 2706 819 2710; x_wconf 89' lang='grc'><strong>-</strong></span> <span class='ocrx_word' id='word_1_356' title='bbox 838 2692 934 2718; x_wconf 90' lang='lat' dir='ltr'><strong>missus</strong></span> 
     </span>
     <span class='ocr_line' id='line_1_57' title="bbox 294 2736 935 2763; baseline -0.002 -1"><span class='ocrx_word' id='word_1_357' title='bbox 294 2740 333 2763; x_wconf 85' lang='lat' dir='ltr'><strong>est</strong></span> <span class='ocrx_word' id='word_1_358' title='bbox 352 2737 378 2762; x_wconf 92' lang='lat' dir='ltr'><strong>in</strong></span> <span class='ocrx_word' id='word_1_359' title='bbox 397 2743 503 2761; x_wconf 89' lang='lat' dir='ltr'><strong>carnem</strong></span> <span class='ocrx_word' id='word_1_360' title='bbox 528 2736 674 2761; x_wconf 87' lang='lat' dir='ltr'><strong>secundum</strong></span> <span class='ocrx_word' id='word_1_361' title='bbox 699 2736 842 2761; x_wconf 91' lang='lat' dir='ltr'><strong>humanam</strong></span> <span class='ocrx_word' id='word_1_362' title='bbox 862 2739 935 2761; x_wconf 91' lang='lat' dir='ltr'><strong>natu-</strong></span> 
     </span>
     <span class='ocr_line' id='line_1_58' title="bbox 294 2779 933 2811; baseline -0.002 -5"><span class='ocrx_word' id='word_1_363' title='bbox 294 2788 351 2806; x_wconf 89' lang='lat' dir='ltr'><strong>ram</strong></span> <span class='ocrx_word' id='word_1_364' title='bbox 371 2780 422 2806; x_wconf 87' lang='grc'><strong>470</strong></span> <span class='ocrx_word' id='word_1_365' title='bbox 443 2780 476 2805; x_wconf 88' lang='grc'><strong>15</strong></span> <span class='ocrx_word' id='word_1_366' title='bbox 495 2794 529 2798; x_wconf 88' lang='grc'>-</span> <span class='ocrx_word' id='word_1_367' title='bbox 549 2779 644 2806; x_wconf 85' lang='grc'><strong>0101101·</strong></span> <span class='ocrx_word' id='word_1_368' title='bbox 672 2780 768 2806; x_wconf 89' lang='lat' dir='ltr'><strong>missus</strong></span> <span class='ocrx_word' id='word_1_369' title='bbox 796 2786 810 2805; x_wconf 88' lang='lat' dir='ltr'><strong>a</strong></span> <span class='ocrx_word' id='word_1_370' title='bbox 835 2780 933 2811; x_wconf 88' lang='lat' dir='ltr'><strong>Spiritu</strong></span> 
     </span>
     <span class='ocr_line' id='line_1_59' title="bbox 295 2823 934 2857; baseline -0.003 -6"><span class='ocrx_word' id='word_1_371' title='bbox 295 2829 320 2851; x_wconf 90' lang='lat' dir='ltr'><strong>et</strong></span> <span class='ocrx_word' id='word_1_372' title='bbox 339 2831 353 2850; x_wconf 93' lang='lat' dir='ltr'><strong>a</strong></span> <span class='ocrx_word' id='word_1_373' title='bbox 373 2824 492 2855; x_wconf 87' lang='lat' dir='ltr'><strong>Domino,</strong></span> <span class='ocrx_word' id='word_1_374' title='bbox 511 2824 572 2857; x_wconf 90' lang='lat' dir='ltr'><strong>quia</strong></span> <span class='ocrx_word' id='word_1_375' title='bbox 597 2830 645 2856; x_wconf 93' lang='lat' dir='ltr'><strong>per</strong></span> <span class='ocrx_word' id='word_1_376' title='bbox 672 2824 806 2850; x_wconf 88' lang='lat' dir='ltr'><strong>caritatem</strong></span> <span class='ocrx_word' id='word_1_377' title='bbox 825 2823 872 2849; x_wconf 91' lang='lat' dir='ltr'><strong>Dei</strong></span> <span class='ocrx_word' id='word_1_378' title='bbox 891 2823 934 2850; x_wconf 95' lang='lat' dir='ltr'><strong>Vli</strong></span> 
     </span>
     <span class='ocr_line' id='line_1_60' title="bbox 296 2868 934 2900; baseline 0 -7"><span class='ocrx_word' id='word_1_379' title='bbox 296 2869 328 2893; x_wconf 87' lang='lat'><strong>98</strong></span> <span class='ocrx_word' id='word_1_380' title='bbox 349 2868 382 2893; x_wconf 89' lang='lat'><strong>37</strong></span> <span class='ocrx_word' id='word_1_381' title='bbox 403 2883 437 2886; x_wconf 97' lang='lat'><strong>—</strong></span> <span class='ocrx_word' id='word_1_382' title='bbox 458 2868 554 2893; x_wconf 89' lang='lat' dir='ltr'><strong>missus</strong></span> <span class='ocrx_word' id='word_1_383' title='bbox 573 2871 612 2893; x_wconf 89' lang='lat' dir='ltr'><strong>est</strong></span> <span class='ocrx_word' id='word_1_384' title='bbox 631 2875 645 2894; x_wconf 83' lang='lat' dir='ltr'><strong>a</strong></span> <span class='ocrx_word' id='word_1_385' title='bbox 666 2868 739 2893; x_wconf 80' lang='lat' dir='ltr'><strong>Patre</strong></span> <span class='ocrx_word' id='word_1_386' title='bbox 759 2875 807 2900; x_wconf 90' lang='lat' dir='ltr'><strong>per</strong></span> <span class='ocrx_word' id='word_1_387' title='bbox 819 2868 934 2893; x_wconf 86' lang='lat' dir='ltr'><strong>incarna-</strong></span> 
     </span>
     <span class='ocr_line' id='line_1_61' title="bbox 295 2912 933 2939; baseline -0.002 -1"><span class='ocrx_word' id='word_1_388' title='bbox 295 2913 392 2939; x_wconf 89' lang='lat' dir='ltr'><strong>tionem</strong></span> <span class='ocrx_word' id='word_1_389' title='bbox 414 2912 446 2938; x_wconf 90' lang='lat' dir='ltr'><strong>Vl</strong></span> <span class='ocrx_word' id='word_1_390' title='bbox 473 2912 524 2937; x_wconf 90' lang='grc'><strong>314</strong></span> <span class='ocrx_word' id='word_1_391' title='bbox 553 2912 596 2937; x_wconf 89' lang='lat'><strong>65.</strong></span> <span class='ocrx_word' id='word_1_392' title='bbox 625 2912 676 2938; x_wconf 85' lang='lat'><strong>347</strong></span> <span class='ocrx_word' id='word_1_393' title='bbox 706 2912 739 2938; x_wconf 92' lang='grc'><strong>40</strong></span> <span class='ocrx_word' id='word_1_394' title='bbox 758 2926 791 2931; x_wconf 89' lang='lat'><strong>-—-</strong></span> <span class='ocrx_word' id='word_1_395' title='bbox 812 2912 885 2937; x_wconf 85' lang='lat' dir='ltr'><strong>venit</strong></span> <span class='ocrx_word' id='word_1_396' title='bbox 910 2912 933 2937; x_wconf 92' lang='lat' dir='ltr'><strong>in</strong></span> 
     </span>
    </p>
   </div>
   <div class='ocr_carea' id='block_1_4' title="bbox 244 2956 935 2989">
    <p class='ocr_par' dir='ltr' id='par_1_10' title="bbox 244 2956 935 2989">
     <span class='ocr_line' id='line_1_62' title="bbox 244 2956 935 2989; baseline -0.001 -7"><span class='ocrx_word' id='word_1_397' title='bbox 244 2986 245 2989; x_wconf 14' lang='grc' dir='ltr'><strong>Ἴ</strong></span> <span class='ocrx_word' id='word_1_398' title='bbox 295 2956 424 2982; x_wconf 90' lang='lat' dir='ltr'><strong>mundum</strong></span> <span class='ocrx_word' id='word_1_399' title='bbox 444 2963 492 2988; x_wconf 92' lang='lat' dir='ltr'><strong>per</strong></span> <span class='ocrx_word' id='word_1_400' title='bbox 510 2956 717 2982; x_wconf 86' lang='lat' dir='ltr'><strong>incarnationem</strong></span> <span class='ocrx_word' id='word_1_401' title='bbox 731 2956 832 2982; x_wconf 86' lang='lat' dir='ltr'><strong>ratione</strong></span> <span class='ocrx_word' id='word_1_402' title='bbox 845 2957 935 2982; x_wconf 89' lang='lat' dir='ltr'><strong>huma-</strong></span> 
     </span>
    </p>
   </div>
   <div class='ocr_carea' id='block_1_5' title="bbox 295 2999 936 3428">
    <p class='ocr_par' dir='ltr' id='par_1_11' title="bbox 295 2999 936 3334">
     <span class='ocr_line' id='line_1_63' title="bbox 296 2999 929 3033; baseline -0.002 -7"><span class='ocrx_word' id='word_1_403' title='bbox 296 3001 397 3033; x_wconf 84' lang='lat' dir='ltr'><strong>nitatis,</strong></span> <span class='ocrx_word' id='word_1_404' title='bbox 416 3000 440 3026; x_wconf 93' lang='lat' dir='ltr'><strong>in</strong></span> <span class='ocrx_word' id='word_1_405' title='bbox 460 3007 512 3033; x_wconf 88' lang='lat' dir='ltr'><strong>qua</strong></span> <span class='ocrx_word' id='word_1_406' title='bbox 534 3000 645 3026; x_wconf 88' lang='lat' dir='ltr'><strong>visibilis</strong></span> <span class='ocrx_word' id='word_1_407' title='bbox 672 3000 796 3032; x_wconf 89' lang='lat' dir='ltr'><strong>apparuit</strong></span> <span class='ocrx_word' id='word_1_408' title='bbox 824 2999 874 3026; x_wconf 88' lang='grc'><strong>253</strong></span> <span class='ocrx_word' id='word_1_409' title='bbox 901 3001 929 3026; x_wconf 91' lang='grc'><strong>31</strong></span> 
     </span>
     <span class='ocr_line' id='line_1_64' title="bbox 295 3044 934 3076; baseline 0 -6"><span class='ocrx_word' id='word_1_410' title='bbox 295 3058 329 3064; x_wconf 84' lang='grc'>-</span> <span class='ocrx_word' id='word_1_411' title='bbox 348 3044 484 3071; x_wconf 86' lang='grc'><strong>0050011011</strong></span> <span class='ocrx_word' id='word_1_412' title='bbox 512 3044 545 3070; x_wconf 88' lang='grc'><strong>00</strong></span> <span class='ocrx_word' id='word_1_413' title='bbox 572 3044 643 3071; x_wconf 85' lang='lat' dir='ltr'><strong>caelo</strong></span> <span class='ocrx_word' id='word_1_414' title='bbox 672 3051 719 3076; x_wconf 89' lang='lat' dir='ltr'><strong>per</strong></span> <span class='ocrx_word' id='word_1_415' title='bbox 746 3044 934 3070; x_wconf 83' lang='lat' dir='ltr'><strong>assumtionem</strong></span> 
     </span>
     <span class='ocr_line' id='line_1_65' title="bbox 296 3088 935 3121; baseline 0 -7"><span class='ocrx_word' id='word_1_416' title='bbox 296 3088 465 3114; x_wconf 86' lang='lat' dir='ltr'><strong>humanitatis</strong></span> <span class='ocrx_word' id='word_1_417' title='bbox 483 3089 534 3114; x_wconf 90' lang='grc'><strong>282</strong></span> <span class='ocrx_word' id='word_1_418' title='bbox 554 3089 587 3114; x_wconf 88' lang='grc'>23</span> <span class='ocrx_word' id='word_1_419' title='bbox 606 3102 642 3108; x_wconf 91' lang='grc'>-</span> <span class='ocrx_word' id='word_1_420' title='bbox 661 3096 713 3115; x_wconf 90' lang='lat' dir='ltr'><strong>non</strong></span> <span class='ocrx_word' id='word_1_421' title='bbox 737 3089 810 3115; x_wconf 90' lang='lat' dir='ltr'><strong>venit</strong></span> <span class='ocrx_word' id='word_1_422' title='bbox 828 3089 935 3121; x_wconf 85' lang='lat' dir='ltr'><strong>propria</strong></span> 
     </span>
     <span class='ocr_line' id='line_1_66' title="bbox 295 3133 933 3163; baseline -0.002 -5"><span class='ocrx_word' id='word_1_423' title='bbox 295 3133 463 3163; x_wconf 85' lang='lat' dir='ltr'><strong>auctoritate,</strong></span> <span class='ocrx_word' id='word_1_424' title='bbox 491 3133 539 3159; x_wconf 90' lang='lat' dir='ltr'><strong>sed</strong></span> <span class='ocrx_word' id='word_1_425' title='bbox 566 3133 662 3159; x_wconf 89' lang='lat' dir='ltr'><strong>missus</strong></span> <span class='ocrx_word' id='word_1_426' title='bbox 691 3140 706 3158; x_wconf 90' lang='lat' dir='ltr'><strong>a</strong></span> <span class='ocrx_word' id='word_1_427' title='bbox 725 3133 801 3159; x_wconf 87' lang='lat' dir='ltr'><strong>Patre</strong></span> <span class='ocrx_word' id='word_1_428' title='bbox 820 3133 863 3158; x_wconf 88' lang='lat' dir='ltr'><strong>Vll</strong></span> <span class='ocrx_word' id='word_1_429' title='bbox 882 3133 933 3158; x_wconf 88' lang='grc'><strong>366</strong></span> 
     </span>
     <span class='ocr_line' id='line_1_67' title="bbox 297 3175 935 3203; baseline 0.002 -2"><span class='ocrx_word' id='word_1_430' title='bbox 297 3176 338 3201; x_wconf 87' lang='grc'><strong>59.</strong></span> <span class='ocrx_word' id='word_1_431' title='bbox 359 3176 410 3202; x_wconf 86' lang='grc'><strong>513</strong></span> <span class='ocrx_word' id='word_1_432' title='bbox 431 3176 473 3202; x_wconf 91' lang='grc'><strong>42.</strong></span> <span class='ocrx_word' id='word_1_433' title='bbox 493 3175 543 3202; x_wconf 90' lang='grc'><strong>493</strong></span> <span class='ocrx_word' id='word_1_434' title='bbox 564 3176 598 3202; x_wconf 91' lang='grc'><strong>56</strong></span> <span class='ocrx_word' id='word_1_435' title='bbox 618 3190 651 3195; x_wconf 86' lang='lat'><strong>-—</strong></span> <span class='ocrx_word' id='word_1_436' title='bbox 665 3177 762 3203; x_wconf 90' lang='lat' dir='ltr'><strong>missus</strong></span> <span class='ocrx_word' id='word_1_437' title='bbox 775 3183 788 3202; x_wconf 84' lang='lat' dir='ltr'><strong>a</strong></span> <span class='ocrx_word' id='word_1_438' title='bbox 803 3177 857 3203; x_wconf 84' lang='lat' dir='ltr'><strong>Deo</strong></span> <span class='ocrx_word' id='word_1_439' title='bbox 871 3183 935 3202; x_wconf 91' lang='lat' dir='ltr'><strong>vero</strong></span> 
     </span>
     <span class='ocr_line' id='line_1_68' title="bbox 297 3220 935 3253; baseline -0.002 -7"><span class='ocrx_word' id='word_1_440' title='bbox 297 3221 329 3247; x_wconf 89' lang='lat' dir='ltr'><strong>Vl</strong></span> <span class='ocrx_word' id='word_1_441' title='bbox 343 3220 394 3246; x_wconf 87' lang='grc'><strong>347</strong></span> <span class='ocrx_word' id='word_1_442' title='bbox 408 3221 440 3246; x_wconf 88' lang='grc'><strong>39</strong></span> <span class='ocrx_word' id='word_1_443' title='bbox 460 3235 495 3239; x_wconf 90' lang='grc'><strong>-</strong></span> <span class='ocrx_word' id='word_1_444' title='bbox 515 3220 586 3246; x_wconf 87' lang='lat' dir='ltr'><strong>venit</strong></span> <span class='ocrx_word' id='word_1_445' title='bbox 598 3220 632 3246; x_wconf 88' lang='lat' dir='ltr'><strong>de</strong></span> <span class='ocrx_word' id='word_1_446' title='bbox 644 3220 766 3253; x_wconf 86' lang='lat' dir='ltr'><strong>supernis</strong></span> <span class='ocrx_word' id='word_1_447' title='bbox 779 3220 822 3247; x_wconf 90' lang='lat' dir='ltr'><strong>Vll</strong></span> <span class='ocrx_word' id='word_1_448' title='bbox 836 3220 887 3245; x_wconf 83' lang='lat'><strong>293</strong></span> <span class='ocrx_word' id='word_1_449' title='bbox 902 3220 935 3246; x_wconf 89' lang='lat'><strong>49</strong></span> 
     </span>
     <span class='ocr_line' id='line_1_69' title="bbox 298 3264 936 3291; baseline 0.003 -2"><span class='ocrx_word' id='word_1_450' title='bbox 298 3277 331 3283; x_wconf 90' lang='lat'>—</span> <span class='ocrx_word' id='word_1_451' title='bbox 351 3264 409 3290; x_wconf 90' lang='lat' dir='ltr'><strong>fecit</strong></span> <span class='ocrx_word' id='word_1_452' title='bbox 433 3264 570 3290; x_wconf 89' lang='lat' dir='ltr'><strong>circuitum</strong></span> <span class='ocrx_word' id='word_1_453' title='bbox 599 3265 632 3291; x_wconf 88' lang='lat' dir='ltr'><strong>Vl</strong></span> <span class='ocrx_word' id='word_1_454' title='bbox 662 3265 695 3290; x_wconf 85' lang='grc'><strong>13</strong></span> <span class='ocrx_word' id='word_1_455' title='bbox 723 3264 742 3290; x_wconf 89' lang='lat' dir='ltr'><strong>b</strong></span> <span class='ocrx_word' id='word_1_456' title='bbox 760 3278 795 3284; x_wconf 92' lang='lat'>—</span> <span class='ocrx_word' id='word_1_457' title='bbox 814 3264 887 3290; x_wconf 89' lang='lat' dir='ltr'><strong>venit</strong></span> <span class='ocrx_word' id='word_1_458' title='bbox 905 3271 936 3291; x_wconf 84' lang='lat' dir='ltr'><strong>ex</strong></span> 
     </span>
     <span class='ocr_line' id='line_1_70' title="bbox 297 3307 473 3334; baseline 0 -1"><span class='ocrx_word' id='word_1_459' title='bbox 297 3308 348 3334; x_wconf 87' lang='lat' dir='ltr'><strong>alto</strong></span> <span class='ocrx_word' id='word_1_460' title='bbox 370 3307 402 3334; x_wconf 86' lang='grc'><strong>42</strong></span> <span class='ocrx_word' id='word_1_461' title='bbox 424 3308 473 3334; x_wconf 88' lang='grc'><strong>138</strong></span> 
     </span>
    </p>

    <p class='ocr_par' dir='ltr' id='par_1_12' title="bbox 297 3352 936 3428">
     <span class='ocr_line' id='line_1_71' title="bbox 349 3352 935 3384; baseline 0 -7"><span class='ocrx_word' id='word_1_462' title='bbox 349 3365 385 3371; x_wconf 93' lang='grc'>-</span> <span class='ocrx_word' id='word_1_463' title='bbox 403 3359 454 3377; x_wconf 90' lang='lat' dir='ltr'><strong>non</strong></span> <span class='ocrx_word' id='word_1_464' title='bbox 474 3352 579 3384; x_wconf 88' lang='lat' dir='ltr'><strong>reliquit</strong></span> <span class='ocrx_word' id='word_1_465' title='bbox 597 3352 699 3379; x_wconf 86' lang='lat' dir='ltr'><strong>caelum</strong></span> <span class='ocrx_word' id='word_1_466' title='bbox 718 3353 849 3383; x_wconf 83' lang='lat' dir='ltr'><strong>localiter,</strong></span> <span class='ocrx_word' id='word_1_467' title='bbox 873 3359 935 3379; x_wconf 91' lang='lat' dir='ltr'><strong>cum</strong></span> 
     </span>
     <span class='ocr_line' id='line_1_72' title="bbox 297 3394 936 3428; baseline 0.002 -7"><span class='ocrx_word' id='word_1_468' title='bbox 297 3394 330 3422; x_wconf 80' lang='lat' dir='ltr'><strong>sit</strong></span> <span class='ocrx_word' id='word_1_469' title='bbox 348 3401 453 3427; x_wconf 82' lang='lat' dir='ltr'><strong>semper</strong></span> <span class='ocrx_word' id='word_1_470' title='bbox 466 3398 491 3421; x_wconf 88' lang='lat' dir='ltr'><strong>et</strong></span> <span class='ocrx_word' id='word_1_471' title='bbox 504 3395 603 3428; x_wconf 86' lang='lat' dir='ltr'><strong>ubique</strong></span> <span class='ocrx_word' id='word_1_472' title='bbox 623 3396 656 3421; x_wconf 91' lang='lat' dir='ltr'><strong>Vi</strong></span> <span class='ocrx_word' id='word_1_473' title='bbox 676 3395 727 3422; x_wconf 88' lang='lat'><strong>384</strong></span> <span class='ocrx_word' id='word_1_474' title='bbox 748 3396 780 3422; x_wconf 90' lang='grc'><strong>10</strong></span> <span class='ocrx_word' id='word_1_475' title='bbox 793 3409 829 3415; x_wconf 85' lang='grc'><strong>-</strong></span> <span class='ocrx_word' id='word_1_476' title='bbox 847 3403 936 3422; x_wconf 86' lang='lat' dir='ltr'><strong>secun-</strong></span> 
     </span>
    </p>
   </div>
   <div class='ocr_carea' id='block_1_6' title="bbox 1139 254 1405 289">
    <p class='ocr_par' dir='ltr' id='par_1_13' title="bbox 1139 254 1405 289">
     <span class='ocr_line' id='line_1_73' title="bbox 1139 254 1405 289; baseline -0.011 0"><span class='ocrx_word' id='word_1_477' title='bbox 1139 256 1253 289; x_wconf 85' lang='lat' dir='ltr'>INDEX</span> <span class='ocrx_word' id='word_1_478' title='bbox 1278 254 1405 288; x_wconf 80' lang='lat' dir='ltr'>RERUM</span> 
     </span>
    </p>
   </div>
   <div class='ocr_carea' id='block_1_7' title="bbox 952 341 1607 2280">
    <p class='ocr_par' dir='ltr' id='par_1_14' title="bbox 952 341 1595 642">
     <span class='ocr_line' id='line_1_74' title="bbox 952 341 1592 376; baseline -0.009 -5"><span class='ocrx_word' id='word_1_479' title='bbox 952 346 1017 372; x_wconf 92' lang='lat' dir='ltr'><strong>dum</strong></span> <span class='ocrx_word' id='word_1_480' title='bbox 1037 345 1203 371; x_wconf 86' lang='lat' dir='ltr'><strong>Divinitatem</strong></span> <span class='ocrx_word' id='word_1_481' title='bbox 1228 343 1328 376; x_wconf 85' lang='lat' dir='ltr'><strong>ubique</strong></span> <span class='ocrx_word' id='word_1_482' title='bbox 1355 345 1394 368; x_wconf 90' lang='lat' dir='ltr'><strong>est</strong></span> <span class='ocrx_word' id='word_1_483' title='bbox 1422 341 1472 367; x_wconf 89' lang='grc'><strong>476</strong></span> <span class='ocrx_word' id='word_1_484' title='bbox 1499 341 1531 366; x_wconf 87' lang='grc'><strong>43</strong></span> <span class='ocrx_word' id='word_1_485' title='bbox 1557 354 1592 360; x_wconf 96' lang='grc'>-</span> 
     </span>
     <span class='ocr_line' id='line_1_75' title="bbox 952 384 1593 420; baseline -0.009 -5"><span class='ocrx_word' id='word_1_486' title='bbox 952 393 992 415; x_wconf 89' lang='lat' dir='ltr'><strong>est</strong></span> <span class='ocrx_word' id='word_1_487' title='bbox 1009 390 1034 415; x_wconf 93' lang='lat' dir='ltr'><strong>in</strong></span> <span class='ocrx_word' id='word_1_488' title='bbox 1054 390 1126 415; x_wconf 83' lang='grc'><strong>03010</strong></span> <span class='ocrx_word' id='word_1_489' title='bbox 1145 395 1192 420; x_wconf 90' lang='lat' dir='ltr'><strong>per</strong></span> <span class='ocrx_word' id='word_1_490' title='bbox 1221 387 1394 420; x_wconf 87' lang='lat' dir='ltr'><strong>praesentiam</strong></span> <span class='ocrx_word' id='word_1_491' title='bbox 1419 389 1445 411; x_wconf 87' lang='lat' dir='ltr'><strong>et</strong></span> <span class='ocrx_word' id='word_1_492' title='bbox 1463 384 1593 410; x_wconf 87' lang='lat' dir='ltr'><strong>immensi-</strong></span> 
     </span>
     <span class='ocr_line' id='line_1_76' title="bbox 953 431 1593 461; baseline -0.008 -2"><span class='ocrx_word' id='word_1_493' title='bbox 953 437 1031 460; x_wconf 87' lang='lat' dir='ltr'><strong>tatem</strong></span> <span class='ocrx_word' id='word_1_494' title='bbox 1051 433 1199 459; x_wconf 85' lang='lat' dir='ltr'><strong>Divinitatis</strong></span> <span class='ocrx_word' id='word_1_495' title='bbox 1218 431 1280 458; x_wconf 75' lang='lat' dir='ltr'><strong>ibid.</strong></span> <span class='ocrx_word' id='word_1_496' title='bbox 1298 432 1349 457; x_wconf 88' lang='grc'><strong>282</strong></span> <span class='ocrx_word' id='word_1_497' title='bbox 1370 431 1402 456; x_wconf 88' lang='grc'><strong>23</strong></span> <span class='ocrx_word' id='word_1_498' title='bbox 1423 444 1457 448; x_wconf 97' lang='grc'>-</span> <span class='ocrx_word' id='word_1_499' title='bbox 1475 432 1593 461; x_wconf 89' lang='lat' dir='ltr'><strong>tempore</strong></span> 
     </span>
     <span class='ocr_line' id='line_1_77' title="bbox 953 475 1594 504; baseline -0.009 0"><span class='ocrx_word' id='word_1_500' title='bbox 953 478 1023 504; x_wconf 88' lang='lat' dir='ltr'><strong>vitae</strong></span> <span class='ocrx_word' id='word_1_501' title='bbox 1041 477 1158 503; x_wconf 88' lang='lat' dir='ltr'><strong>mortalis</strong></span> <span class='ocrx_word' id='word_1_502' title='bbox 1186 479 1241 501; x_wconf 86' lang='lat' dir='ltr'><strong>erat</strong></span> <span class='ocrx_word' id='word_1_503' title='bbox 1259 476 1286 501; x_wconf 89' lang='lat' dir='ltr'><strong>in</strong></span> <span class='ocrx_word' id='word_1_504' title='bbox 1305 475 1377 501; x_wconf 76' lang='lat' dir='ltr'><strong>caelo</strong></span> <span class='ocrx_word' id='word_1_505' title='bbox 1396 475 1481 500; x_wconf 90' lang='lat' dir='ltr'><strong>solum</strong></span> <span class='ocrx_word' id='word_1_506' title='bbox 1500 480 1594 499; x_wconf 88' lang='lat' dir='ltr'><strong>secun-</strong></span> 
     </span>
     <span class='ocr_line' id='line_1_78' title="bbox 953 517 1595 548; baseline -0.009 0"><span class='ocrx_word' id='word_1_507' title='bbox 953 522 1018 548; x_wconf 91' lang='lat' dir='ltr'><strong>dum</strong></span> <span class='ocrx_word' id='word_1_508' title='bbox 1038 521 1155 547; x_wconf 89' lang='lat' dir='ltr'><strong>divinam</strong></span> <span class='ocrx_word' id='word_1_509' title='bbox 1183 523 1304 546; x_wconf 89' lang='lat' dir='ltr'><strong>naturam</strong></span> <span class='ocrx_word' id='word_1_510' title='bbox 1330 519 1381 545; x_wconf 85' lang='grc'><strong>283</strong></span> <span class='ocrx_word' id='word_1_511' title='bbox 1401 519 1435 544; x_wconf 91' lang='grc'><strong>27</strong></span> <span class='ocrx_word' id='word_1_512' title='bbox 1454 517 1483 543; x_wconf 79' lang='lat'><strong>3*</strong></span> <span class='ocrx_word' id='word_1_513' title='bbox 1502 532 1537 536; x_wconf 97' lang='lat'>—</span> <span class='ocrx_word' id='word_1_514' title='bbox 1555 520 1595 542; x_wconf 88' lang='lat' dir='ltr'><strong>est</strong></span> 
     </span>
     <span class='ocr_line' id='line_1_79' title="bbox 955 562 1594 596; baseline -0.009 -4"><span class='ocrx_word' id='word_1_515' title='bbox 955 567 981 592; x_wconf 91' lang='lat' dir='ltr'><strong>in</strong></span> <span class='ocrx_word' id='word_1_516' title='bbox 1000 566 1099 592; x_wconf 90' lang='lat' dir='ltr'><strong>mundo</strong></span> <span class='ocrx_word' id='word_1_517' title='bbox 1120 565 1206 591; x_wconf 92' lang='lat' dir='ltr'><strong>triduo</strong></span> <span class='ocrx_word' id='word_1_518' title='bbox 1225 564 1291 596; x_wconf 86' lang='lat' dir='ltr'><strong>legis</strong></span> <span class='ocrx_word' id='word_1_519' title='bbox 1309 567 1430 593; x_wconf 86' lang='lat' dir='ltr'><strong>naturae,</strong></span> <span class='ocrx_word' id='word_1_520' title='bbox 1449 562 1594 594; x_wconf 89' lang='lat' dir='ltr'><strong>scripturae</strong></span> 
     </span>
     <span class='ocr_line' id='line_1_80' title="bbox 955 609 1222 642; baseline -0.007 -6"><span class='ocrx_word' id='word_1_521' title='bbox 955 613 981 636; x_wconf 91' lang='lat' dir='ltr'><strong>et</strong></span> <span class='ocrx_word' id='word_1_522' title='bbox 999 609 1098 642; x_wconf 84' lang='lat' dir='ltr'><strong>gratiae</strong></span> <span class='ocrx_word' id='word_1_523' title='bbox 1117 609 1168 634; x_wconf 90' lang='grc'><strong>356</strong></span> <span class='ocrx_word' id='word_1_524' title='bbox 1187 609 1222 634; x_wconf 90' lang='grc'><strong>70</strong></span> 
     </span>
    </p>

    <p class='ocr_par' dir='ltr' id='par_1_15' title="bbox 956 650 1603 1438">
     <span class='ocr_line' id='line_1_81' title="bbox 1009 650 1595 679; baseline -0.009 0"><span class='ocrx_word' id='word_1_525' title='bbox 1009 667 1044 673; x_wconf 92' lang='grc'>-</span> <span class='ocrx_word' id='word_1_526' title='bbox 1063 653 1134 679; x_wconf 88' lang='lat' dir='ltr'><strong>venit</strong></span> <span class='ocrx_word' id='word_1_527' title='bbox 1152 656 1223 679; x_wconf 85' lang='lat' dir='ltr'><strong>sexta</strong></span> <span class='ocrx_word' id='word_1_528' title='bbox 1242 655 1326 678; x_wconf 85' lang='lat' dir='ltr'><strong>aetate</strong></span> <span class='ocrx_word' id='word_1_529' title='bbox 1345 654 1371 677; x_wconf 91' lang='lat' dir='ltr'><strong>et</strong></span> <span class='ocrx_word' id='word_1_530' title='bbox 1389 653 1461 676; x_wconf 87' lang='lat' dir='ltr'><strong>sexto</strong></span> <span class='ocrx_word' id='word_1_531' title='bbox 1482 650 1595 675; x_wconf 89' lang='lat' dir='ltr'><strong>millena-</strong></span> 
     </span>
     <span class='ocr_line' id='line_1_82' title="bbox 956 697 1595 729; baseline -0.006 -6"><span class='ocrx_word' id='word_1_532' title='bbox 956 698 995 724; x_wconf 92' lang='lat' dir='ltr'><strong>rio</strong></span> <span class='ocrx_word' id='word_1_533' title='bbox 1015 704 1160 729; x_wconf 83' lang='lat' dir='ltr'><strong>annorum,</strong></span> <span class='ocrx_word' id='word_1_534' title='bbox 1179 699 1251 722; x_wconf 86' lang='lat' dir='ltr'><strong>sexto</strong></span> <span class='ocrx_word' id='word_1_535' title='bbox 1270 702 1361 722; x_wconf 91' lang='lat' dir='ltr'><strong>mense</strong></span> <span class='ocrx_word' id='word_1_536' title='bbox 1380 699 1420 721; x_wconf 89' lang='lat' dir='ltr'><strong>est</strong></span> <span class='ocrx_word' id='word_1_537' title='bbox 1438 697 1595 726; x_wconf 89' lang='lat' dir='ltr'><strong>conceptus,</strong></span> 
     </span>
     <span class='ocr_line' id='line_1_83' title="bbox 957 739 1596 773; baseline -0.006 -6"><span class='ocrx_word' id='word_1_538' title='bbox 957 745 1027 768; x_wconf 83' lang='lat' dir='ltr'><strong>sexta</strong></span> <span class='ocrx_word' id='word_1_539' title='bbox 1041 741 1108 766; x_wconf 75' lang='lat' dir='ltr'><strong>teria</strong></span> <span class='ocrx_word' id='word_1_540' title='bbox 1128 748 1236 773; x_wconf 89' lang='lat' dir='ltr'><strong>passus,</strong></span> <span class='ocrx_word' id='word_1_541' title='bbox 1256 743 1327 766; x_wconf 80' lang='lat' dir='ltr'><strong>sexta</strong></span> <span class='ocrx_word' id='word_1_542' title='bbox 1346 741 1410 766; x_wconf 89' lang='lat' dir='ltr'><strong>hora</strong></span> <span class='ocrx_word' id='word_1_543' title='bbox 1422 739 1448 765; x_wconf 92' lang='lat' dir='ltr'><strong>in</strong></span> <span class='ocrx_word' id='word_1_544' title='bbox 1461 745 1539 764; x_wconf 92' lang='lat' dir='ltr'><strong>cruce</strong></span> <span class='ocrx_word' id='word_1_545' title='bbox 1553 745 1596 764; x_wconf 89' lang='lat' dir='ltr'><strong>su-</strong></span> 
     </span>
     <span class='ocr_line' id='line_1_84' title="bbox 958 782 1597 818; baseline -0.006 -7"><span class='ocrx_word' id='word_1_546' title='bbox 958 793 1070 818; x_wconf 89' lang='lat' dir='ltr'><strong>spensus</strong></span> <span class='ocrx_word' id='word_1_547' title='bbox 1089 785 1132 810; x_wconf 94' lang='lat' dir='ltr'><strong>Vll</strong></span> <span class='ocrx_word' id='word_1_548' title='bbox 1152 786 1184 810; x_wconf 94' lang='grc'><strong>20</strong></span> <span class='ocrx_word' id='word_1_549' title='bbox 1205 784 1233 809; x_wconf 86' lang='grc'><strong>41</strong></span> <span class='ocrx_word' id='word_1_550' title='bbox 1253 799 1288 802; x_wconf 91' lang='grc'><strong>-</strong></span> <span class='ocrx_word' id='word_1_551' title='bbox 1301 784 1373 809; x_wconf 84' lang='lat' dir='ltr'><strong>venit</strong></span> <span class='ocrx_word' id='word_1_552' title='bbox 1390 784 1416 809; x_wconf 89' lang='lat' dir='ltr'><strong>in</strong></span> <span class='ocrx_word' id='word_1_553' title='bbox 1436 782 1597 815; x_wconf 86' lang='lat' dir='ltr'><strong>plenitudine</strong></span> 
     </span>
     <span class='ocr_line' id='line_1_85' title="bbox 959 826 1598 862; baseline -0.008 -6"><span class='ocrx_word' id='word_1_554' title='bbox 959 833 984 856; x_wconf 91' lang='lat' dir='ltr'><strong>et</strong></span> <span class='ocrx_word' id='word_1_555' title='bbox 1003 830 1162 862; x_wconf 79' lang='lat' dir='ltr'><strong>perfectione</strong></span> <span class='ocrx_word' id='word_1_556' title='bbox 1190 832 1340 861; x_wconf 89' lang='lat' dir='ltr'><strong>temporum</strong></span> <span class='ocrx_word' id='word_1_557' title='bbox 1366 828 1394 853; x_wconf 91' lang='grc'><strong>2-1</strong></span> <span class='ocrx_word' id='word_1_558' title='bbox 1420 827 1447 854; x_wconf 91' lang='grc'><strong>41</strong></span> <span class='ocrx_word' id='word_1_559' title='bbox 1472 841 1507 846; x_wconf 90' lang='lat'>—</span> <span class='ocrx_word' id='word_1_560' title='bbox 1526 826 1598 852; x_wconf 87' lang='lat' dir='ltr'><strong>venit</strong></span> 
     </span>
     <span class='ocr_line' id='line_1_86' title="bbox 960 871 1599 907; baseline -0.006 -7"><span class='ocrx_word' id='word_1_561' title='bbox 960 875 984 900; x_wconf 91' lang='lat' dir='ltr'><strong>in</strong></span> <span class='ocrx_word' id='word_1_562' title='bbox 1005 874 1165 907; x_wconf 89' lang='lat' dir='ltr'><strong>plenitudine</strong></span> <span class='ocrx_word' id='word_1_563' title='bbox 1184 873 1311 905; x_wconf 87' lang='lat' dir='ltr'><strong>temporis</strong></span> <span class='ocrx_word' id='word_1_564' title='bbox 1330 873 1364 898; x_wconf 91' lang='grc'><strong>35</strong></span> <span class='ocrx_word' id='word_1_565' title='bbox 1380 872 1430 897; x_wconf 90' lang='grc'><strong>105</strong></span> <span class='ocrx_word' id='word_1_566' title='bbox 1449 886 1484 890; x_wconf 95' lang='grc'>-</span> <span class='ocrx_word' id='word_1_567' title='bbox 1503 871 1599 897; x_wconf 86' lang='lat' dir='ltr'><strong>missus</strong></span> 
     </span>
     <span class='ocr_line' id='line_1_87' title="bbox 960 915 1600 950; baseline -0.006 -6"><span class='ocrx_word' id='word_1_568' title='bbox 960 922 999 945; x_wconf 90' lang='lat' dir='ltr'><strong>est</strong></span> <span class='ocrx_word' id='word_1_569' title='bbox 1017 919 1043 944; x_wconf 89' lang='lat' dir='ltr'><strong>in</strong></span> <span class='ocrx_word' id='word_1_570' title='bbox 1062 919 1113 944; x_wconf 87' lang='lat' dir='ltr'><strong>fine</strong></span> <span class='ocrx_word' id='word_1_571' title='bbox 1130 921 1239 950; x_wconf 90' lang='lat' dir='ltr'><strong>propter</strong></span> <span class='ocrx_word' id='word_1_572' title='bbox 1257 916 1513 943; x_wconf 87' lang='lat' dir='ltr'><strong>consummationem</strong></span> <span class='ocrx_word' id='word_1_573' title='bbox 1533 915 1600 941; x_wconf 89' lang='lat' dir='ltr'><strong>ordi-</strong></span> 
     </span>
     <span class='ocr_line' id='line_1_88' title="bbox 960 960 1598 995; baseline -0.006 -7"><span class='ocrx_word' id='word_1_574' title='bbox 960 963 1001 989; x_wconf 89' lang='lat' dir='ltr'><strong>nis</strong></span> <span class='ocrx_word' id='word_1_575' title='bbox 1014 966 1040 988; x_wconf 91' lang='lat' dir='ltr'><strong>et</strong></span> <span class='ocrx_word' id='word_1_576' title='bbox 1052 966 1079 988; x_wconf 93' lang='lat' dir='ltr'><strong>ut</strong></span> <span class='ocrx_word' id='word_1_577' title='bbox 1092 965 1245 995; x_wconf 85' lang='lat' dir='ltr'><strong>appareret,</strong></span> <span class='ocrx_word' id='word_1_578' title='bbox 1259 962 1331 995; x_wconf 88' lang='lat' dir='ltr'><strong>quod</strong></span> <span class='ocrx_word' id='word_1_579' title='bbox 1345 968 1392 992; x_wconf 86' lang='lat' dir='ltr'><strong>per</strong></span> <span class='ocrx_word' id='word_1_580' title='bbox 1405 961 1505 986; x_wconf 89' lang='lat' dir='ltr'><strong>nullum</strong></span> <span class='ocrx_word' id='word_1_581' title='bbox 1519 960 1598 985; x_wconf 89' lang='lat' dir='ltr'><strong>alium</strong></span> 
     </span>
     <span class='ocr_line' id='line_1_89' title="bbox 961 1003 1600 1040; baseline -0.006 -7"><span class='ocrx_word' id='word_1_582' title='bbox 961 1010 1064 1040; x_wconf 90' lang='lat' dir='ltr'><strong>poterat</strong></span> <span class='ocrx_word' id='word_1_583' title='bbox 1081 1006 1218 1032; x_wconf 89' lang='lat' dir='ltr'><strong>subveniri</strong></span> <span class='ocrx_word' id='word_1_584' title='bbox 1232 1008 1363 1032; x_wconf 86' lang='lat' dir='ltr'><strong>humanae</strong></span> <span class='ocrx_word' id='word_1_585' title='bbox 1375 1005 1502 1037; x_wconf 85' lang='lat' dir='ltr'><strong>perfidiae</strong></span> <span class='ocrx_word' id='word_1_586' title='bbox 1515 1007 1541 1030; x_wconf 91' lang='lat' dir='ltr'><strong>et</strong></span> <span class='ocrx_word' id='word_1_587' title='bbox 1553 1003 1600 1030; x_wconf 93' lang='lat' dir='ltr'><strong>ob-</strong></span> 
     </span>
     <span class='ocr_line' id='line_1_90' title="bbox 962 1051 1601 1081; baseline -0.006 -4"><span class='ocrx_word' id='word_1_588' title='bbox 962 1051 1092 1077; x_wconf 88' lang='lat' dir='ltr'><strong>durationi</strong></span> <span class='ocrx_word' id='word_1_589' title='bbox 1113 1051 1163 1076; x_wconf 87' lang='grc'><strong>506</strong></span> <span class='ocrx_word' id='word_1_590' title='bbox 1185 1051 1217 1076; x_wconf 89' lang='grc'><strong>18</strong></span> <span class='ocrx_word' id='word_1_591' title='bbox 1237 1065 1271 1070; x_wconf 86' lang='lat'><strong>-—</strong></span> <span class='ocrx_word' id='word_1_592' title='bbox 1291 1051 1338 1075; x_wconf 91' lang='lat' dir='ltr'><strong>fuit</strong></span> <span class='ocrx_word' id='word_1_593' title='bbox 1351 1052 1495 1081; x_wconf 87' lang='lat' dir='ltr'><strong>conceptus</strong></span> <span class='ocrx_word' id='word_1_594' title='bbox 1514 1052 1539 1074; x_wconf 92' lang='lat' dir='ltr'><strong>et</strong></span> <span class='ocrx_word' id='word_1_595' title='bbox 1558 1055 1601 1073; x_wconf 86' lang='lat' dir='ltr'><strong>na-</strong></span> 
     </span>
     <span class='ocr_line' id='line_1_91' title="bbox 962 1092 1601 1127; baseline -0.006 -6"><span class='ocrx_word' id='word_1_596' title='bbox 962 1099 1004 1122; x_wconf 84' lang='lat' dir='ltr'><strong>tus</strong></span> <span class='ocrx_word' id='word_1_597' title='bbox 1030 1095 1058 1121; x_wconf 88' lang='lat' dir='ltr'><strong>in</strong></span> <span class='ocrx_word' id='word_1_598' title='bbox 1085 1094 1245 1127; x_wconf 89' lang='lat' dir='ltr'><strong>plenitudine</strong></span> <span class='ocrx_word' id='word_1_599' title='bbox 1268 1094 1395 1125; x_wconf 89' lang='lat' dir='ltr'><strong>temporis</strong></span> <span class='ocrx_word' id='word_1_600' title='bbox 1423 1093 1456 1118; x_wconf 86' lang='lat'><strong>46</strong></span> <span class='ocrx_word' id='word_1_601' title='bbox 1485 1093 1500 1118; x_wconf 89' lang='lat'><strong>9</strong></span> <span class='ocrx_word' id='word_1_602' title='bbox 1519 1092 1601 1117; x_wconf 91' lang='lat' dir='ltr'><strong>—in</strong></span> 
     </span>
     <span class='ocr_line' id='line_1_92' title="bbox 963 1137 1602 1171; baseline -0.006 -6"><span class='ocrx_word' id='word_1_603' title='bbox 963 1140 1139 1165; x_wconf 89' lang='lat' dir='ltr'><strong>incarnatione</strong></span> <span class='ocrx_word' id='word_1_604' title='bbox 1158 1142 1183 1164; x_wconf 90' lang='lat' dir='ltr'><strong>et</strong></span> <span class='ocrx_word' id='word_1_605' title='bbox 1201 1138 1323 1171; x_wconf 85' lang='lat' dir='ltr'><strong>passione</strong></span> <span class='ocrx_word' id='word_1_606' title='bbox 1336 1137 1490 1163; x_wconf 86' lang='lat' dir='ltr'><strong>observavit</strong></span> <span class='ocrx_word' id='word_1_607' title='bbox 1502 1139 1602 1168; x_wconf 88' lang='lat' dir='ltr'><strong>tempo-</strong></span> 
     </span>
     <span class='ocr_line' id='line_1_93' title="bbox 963 1180 1600 1216; baseline -0.006 -7"><span class='ocrx_word' id='word_1_608' title='bbox 963 1184 998 1210; x_wconf 88' lang='lat' dir='ltr'><strong>ris</strong></span> <span class='ocrx_word' id='word_1_609' title='bbox 1017 1183 1207 1216; x_wconf 89' lang='lat' dir='ltr'><strong>plenitudinem</strong></span> <span class='ocrx_word' id='word_1_610' title='bbox 1236 1182 1269 1207; x_wconf 92' lang='lat' dir='ltr'><strong>Vl</strong></span> <span class='ocrx_word' id='word_1_611' title='bbox 1299 1181 1345 1207; x_wconf 92' lang='grc'><strong>341</strong></span> <span class='ocrx_word' id='word_1_612' title='bbox 1370 1182 1396 1207; x_wconf 90' lang='lat'><strong>9.</strong></span> <span class='ocrx_word' id='word_1_613' title='bbox 1413 1181 1461 1206; x_wconf 88' lang='grc'><strong>341</strong></span> <span class='ocrx_word' id='word_1_614' title='bbox 1487 1181 1530 1206; x_wconf 89' lang='grc'><strong>15.</strong></span> <span class='ocrx_word' id='word_1_615' title='bbox 1549 1180 1600 1206; x_wconf 87' lang='grc'><strong>342</strong></span> 
     </span>
     <span class='ocr_line' id='line_1_94' title="bbox 965 1224 1602 1258; baseline -0.005 -5"><span class='ocrx_word' id='word_1_616' title='bbox 965 1229 996 1253; x_wconf 88' lang='grc'><strong>18</strong></span> <span class='ocrx_word' id='word_1_617' title='bbox 1016 1242 1051 1246; x_wconf 87' lang='grc'>-</span> <span class='ocrx_word' id='word_1_618' title='bbox 1070 1230 1146 1253; x_wconf 83' lang='grc'><strong>03105</strong></span> <span class='ocrx_word' id='word_1_619' title='bbox 1164 1230 1203 1252; x_wconf 86' lang='grc'><strong>051</strong></span> <span class='ocrx_word' id='word_1_620' title='bbox 1221 1229 1356 1258; x_wconf 88' lang='lat' dir='ltr'><strong>tempore,</strong></span> <span class='ocrx_word' id='word_1_621' title='bbox 1380 1232 1435 1258; x_wconf 83' lang='lat' dir='ltr'><strong>quo</strong></span> <span class='ocrx_word' id='word_1_622' title='bbox 1455 1224 1602 1251; x_wconf 88' lang='lat' dir='ltr'><strong>universale</strong></span> 
     </span>
     <span class='ocr_line' id='line_1_95' title="bbox 963 1269 1602 1305; baseline -0.006 -7"><span class='ocrx_word' id='word_1_623' title='bbox 963 1273 1105 1305; x_wconf 89' lang='lat' dir='ltr'><strong>imperium</strong></span> <span class='ocrx_word' id='word_1_624' title='bbox 1125 1271 1324 1298; x_wconf 86' lang='lat' dir='ltr'><strong>describebatur</strong></span> <span class='ocrx_word' id='word_1_625' title='bbox 1350 1271 1391 1296; x_wconf 91' lang='lat' dir='ltr'><strong>Vll</strong></span> <span class='ocrx_word' id='word_1_626' title='bbox 1419 1269 1452 1295; x_wconf 96' lang='lat'><strong>44</strong></span> <span class='ocrx_word' id='word_1_627' title='bbox 1472 1271 1487 1295; x_wconf 95' lang='grc'><strong>2</strong></span> <span class='ocrx_word' id='word_1_628' title='bbox 1506 1284 1541 1288; x_wconf 92' lang='grc'>-</span> <span class='ocrx_word' id='word_1_629' title='bbox 1560 1275 1602 1294; x_wconf 92' lang='lat' dir='ltr'><strong>na-</strong></span> 
     </span>
     <span class='ocr_line' id='line_1_96' title="bbox 965 1314 1601 1348; baseline -0.006 -6"><span class='ocrx_word' id='word_1_630' title='bbox 965 1320 1006 1342; x_wconf 91' lang='lat' dir='ltr'><strong>tus</strong></span> <span class='ocrx_word' id='word_1_631' title='bbox 1024 1319 1063 1342; x_wconf 90' lang='lat' dir='ltr'><strong>est</strong></span> <span class='ocrx_word' id='word_1_632' title='bbox 1082 1316 1250 1348; x_wconf 87' lang='lat' dir='ltr'><strong>pacatissimo</strong></span> <span class='ocrx_word' id='word_1_633' title='bbox 1275 1318 1407 1347; x_wconf 84' lang='lat' dir='ltr'><strong>tempore,</strong></span> <span class='ocrx_word' id='word_1_634' title='bbox 1435 1314 1480 1347; x_wconf 92' lang='lat' dir='ltr'><strong>qui</strong></span> <span class='ocrx_word' id='word_1_635' title='bbox 1510 1320 1601 1345; x_wconf 90' lang='lat' dir='ltr'><strong>pacem</strong></span> 
     </span>
     <span class='ocr_line' id='line_1_97' title="bbox 964 1358 1603 1391; baseline -0.006 -4"><span class='ocrx_word' id='word_1_636' title='bbox 964 1360 1127 1387; x_wconf 87' lang='lat' dir='ltr'><strong>aununtiavit</strong></span> <span class='ocrx_word' id='word_1_637' title='bbox 1146 1360 1179 1385; x_wconf 84' lang='lat'><strong>45</strong></span> <span class='ocrx_word' id='word_1_638' title='bbox 1199 1360 1215 1385; x_wconf 89' lang='lat'>5</span> <span class='ocrx_word' id='word_1_639' title='bbox 1233 1373 1269 1378; x_wconf 92' lang='lat'>—</span> <span class='ocrx_word' id='word_1_640' title='bbox 1288 1359 1411 1391; x_wconf 88' lang='lat' dir='ltr'><strong>apparuit</strong></span> <span class='ocrx_word' id='word_1_641' title='bbox 1438 1358 1465 1384; x_wconf 92' lang='lat' dir='ltr'><strong>in</strong></span> <span class='ocrx_word' id='word_1_642' title='bbox 1484 1361 1603 1390; x_wconf 88' lang='lat' dir='ltr'><strong>tempore</strong></span> 
     </span>
     <span class='ocr_line' id='line_1_98' title="bbox 965 1404 1356 1438; baseline -0.008 -7"><span class='ocrx_word' id='word_1_643' title='bbox 965 1406 1063 1438; x_wconf 87' lang='lat' dir='ltr'><strong>gratiae</strong></span> <span class='ocrx_word' id='word_1_644' title='bbox 1082 1405 1114 1431; x_wconf 91' lang='lat' dir='ltr'><strong>Vl</strong></span> <span class='ocrx_word' id='word_1_645' title='bbox 1134 1404 1186 1430; x_wconf 82' lang='grc'><strong>520</strong></span> <span class='ocrx_word' id='word_1_646' title='bbox 1206 1404 1230 1429; x_wconf 88' lang='grc'><strong>6.</strong></span> <span class='ocrx_word' id='word_1_647' title='bbox 1250 1404 1297 1430; x_wconf 88' lang='grc'><strong>521</strong></span> <span class='ocrx_word' id='word_1_648' title='bbox 1323 1404 1356 1428; x_wconf 91' lang='grc'><strong>12</strong></span> 
     </span>
    </p>

    <p class='ocr_par' dir='ltr' id='par_1_16' title="bbox 965 1446 1606 1787">
     <span class='ocr_line' id='line_1_99' title="bbox 1017 1446 1604 1480; baseline -0.005 -5"><span class='ocrx_word' id='word_1_649' title='bbox 1017 1464 1051 1468; x_wconf 95' lang='grc'>-</span> <span class='ocrx_word' id='word_1_650' title='bbox 1070 1448 1150 1475; x_wconf 74' lang='lat' dir='ltr'><strong>natus</strong></span> <span class='ocrx_word' id='word_1_651' title='bbox 1168 1452 1221 1480; x_wconf 89' lang='lat' dir='ltr'><strong>est,</strong></span> <span class='ocrx_word' id='word_1_652' title='bbox 1240 1448 1335 1474; x_wconf 87' lang='lat' dir='ltr'><strong>iudaea</strong></span> <span class='ocrx_word' id='word_1_653' title='bbox 1355 1447 1407 1473; x_wconf 89' lang='lat' dir='ltr'><strong>iam</strong></span> <span class='ocrx_word' id='word_1_654' title='bbox 1433 1448 1498 1473; x_wconf 87' lang='lat' dir='ltr'><strong>facta</strong></span> <span class='ocrx_word' id='word_1_655' title='bbox 1525 1446 1604 1472; x_wconf 90' lang='lat' dir='ltr'><strong>tribu-</strong></span> 
     </span>
     <span class='ocr_line' id='line_1_100' title="bbox 965 1492 1603 1522; baseline -0.006 -2"><span class='ocrx_word' id='word_1_656' title='bbox 965 1494 1028 1520; x_wconf 88' lang='lat' dir='ltr'><strong>taria</strong></span> <span class='ocrx_word' id='word_1_657' title='bbox 1048 1494 1089 1519; x_wconf 92' lang='lat' dir='ltr'><strong>Vll</strong></span> <span class='ocrx_word' id='word_1_658' title='bbox 1110 1493 1143 1519; x_wconf 87' lang='lat'><strong>45</strong></span> <span class='ocrx_word' id='word_1_659' title='bbox 1163 1493 1179 1519; x_wconf 87' lang='grc'><strong>5</strong></span> <span class='ocrx_word' id='word_1_660' title='bbox 1197 1508 1232 1511; x_wconf 91' lang='grc'><strong>-</strong></span> <span class='ocrx_word' id='word_1_661' title='bbox 1251 1496 1328 1519; x_wconf 91' lang='lat' dir='ltr'><strong>natus</strong></span> <span class='ocrx_word' id='word_1_662' title='bbox 1346 1496 1386 1518; x_wconf 89' lang='lat' dir='ltr'><strong>est</strong></span> <span class='ocrx_word' id='word_1_663' title='bbox 1404 1492 1430 1517; x_wconf 92' lang='lat' dir='ltr'><strong>in</strong></span> <span class='ocrx_word' id='word_1_664' title='bbox 1444 1492 1603 1522; x_wconf 86' lang='lat' dir='ltr'><strong>Bethlehem,</strong></span> 
     </span>
     <span class='ocr_line' id='line_1_101' title="bbox 966 1536 1603 1570; baseline -0.006 -5"><span class='ocrx_word' id='word_1_665' title='bbox 966 1540 1018 1565; x_wconf 87' lang='lat' dir='ltr'><strong>Deo</strong></span> <span class='ocrx_word' id='word_1_666' title='bbox 1037 1539 1191 1570; x_wconf 85' lang='lat' dir='ltr'><strong>disponente</strong></span> <span class='ocrx_word' id='word_1_667' title='bbox 1216 1544 1264 1569; x_wconf 90' lang='lat' dir='ltr'><strong>per</strong></span> <span class='ocrx_word' id='word_1_668' title='bbox 1291 1538 1435 1563; x_wconf 89' lang='lat' dir='ltr'><strong>humanum</strong></span> <span class='ocrx_word' id='word_1_669' title='bbox 1461 1536 1603 1568; x_wconf 88' lang='lat' dir='ltr'><strong>imperium</strong></span> 
     </span>
     <span class='ocr_line' id='line_1_102' title="bbox 966 1581 1604 1612; baseline -0.005 -3"><span class='ocrx_word' id='word_1_670' title='bbox 966 1584 999 1609; x_wconf 88' lang='grc'><strong>46</strong></span> <span class='ocrx_word' id='word_1_671' title='bbox 1019 1584 1034 1608; x_wconf 84' lang='lat'><strong>8</strong></span> <span class='ocrx_word' id='word_1_672' title='bbox 1055 1598 1087 1602; x_wconf 93' lang='lat'><em>-</em></span> <span class='ocrx_word' id='word_1_673' title='bbox 1106 1586 1183 1608; x_wconf 89' lang='lat' dir='ltr'><strong>natus</strong></span> <span class='ocrx_word' id='word_1_674' title='bbox 1202 1585 1240 1608; x_wconf 90' lang='lat' dir='ltr'><strong>est</strong></span> <span class='ocrx_word' id='word_1_675' title='bbox 1259 1583 1287 1607; x_wconf 93' lang='lat' dir='ltr'><strong>in</strong></span> <span class='ocrx_word' id='word_1_676' title='bbox 1311 1582 1460 1608; x_wconf 87' lang='lat' dir='ltr'><strong>Bethlehem</strong></span> <span class='ocrx_word' id='word_1_677' title='bbox 1482 1584 1510 1607; x_wconf 92' lang='lat' dir='ltr'><strong>ut</strong></span> <span class='ocrx_word' id='word_1_678' title='bbox 1528 1581 1604 1612; x_wconf 88' lang='lat' dir='ltr'><strong>panis</strong></span> 
     </span>
     <span class='ocr_line' id='line_1_103' title="bbox 965 1625 1605 1660; baseline -0.005 -7"><span class='ocrx_word' id='word_1_679' title='bbox 965 1628 1055 1659; x_wconf 86' lang='lat' dir='ltr'><strong>vivus,</strong></span> <span class='ocrx_word' id='word_1_680' title='bbox 1075 1628 1175 1660; x_wconf 86' lang='lat' dir='ltr'><strong>positus</strong></span> <span class='ocrx_word' id='word_1_681' title='bbox 1195 1627 1219 1652; x_wconf 91' lang='lat' dir='ltr'><strong>in</strong></span> <span class='ocrx_word' id='word_1_682' title='bbox 1240 1627 1379 1659; x_wconf 88' lang='lat' dir='ltr'><strong>praesepio</strong></span> <span class='ocrx_word' id='word_1_683' title='bbox 1398 1630 1427 1652; x_wconf 92' lang='lat' dir='ltr'><strong>ut</strong></span> <span class='ocrx_word' id='word_1_684' title='bbox 1445 1625 1520 1651; x_wconf 89' lang='lat' dir='ltr'><strong>cibus</strong></span> <span class='ocrx_word' id='word_1_685' title='bbox 1545 1626 1605 1651; x_wconf 88' lang='lat' dir='ltr'><strong>sim-</strong></span> 
     </span>
     <span class='ocr_line' id='line_1_104' title="bbox 966 1671 1604 1705; baseline -0.005 -7"><span class='ocrx_word' id='word_1_686' title='bbox 966 1673 1072 1705; x_wconf 89' lang='lat' dir='ltr'><strong>plicium</strong></span> <span class='ocrx_word' id='word_1_687' title='bbox 1093 1675 1118 1697; x_wconf 94' lang='lat' dir='ltr'><strong>et</strong></span> <span class='ocrx_word' id='word_1_688' title='bbox 1136 1672 1275 1697; x_wconf 85' lang='lat' dir='ltr'><strong>humilium</strong></span> <span class='ocrx_word' id='word_1_689' title='bbox 1289 1671 1390 1696; x_wconf 84' lang='lat' dir='ltr'><strong>ratione</strong></span> <span class='ocrx_word' id='word_1_690' title='bbox 1404 1671 1490 1696; x_wconf 88' lang='lat' dir='ltr'><strong>carnis</strong></span> <span class='ocrx_word' id='word_1_691' title='bbox 1503 1677 1604 1695; x_wconf 87' lang='lat' dir='ltr'><strong>assum-</strong></span> 
     </span>
     <span class='ocr_line' id='line_1_105' title="bbox 966 1713 1606 1743; baseline -0.005 -1"><span class='ocrx_word' id='word_1_692' title='bbox 966 1720 1007 1743; x_wconf 86' lang='lat' dir='ltr'><strong>tae</strong></span> <span class='ocrx_word' id='word_1_693' title='bbox 1027 1716 1059 1742; x_wconf 89' lang='grc'><strong>47</strong></span> <span class='ocrx_word' id='word_1_694' title='bbox 1080 1717 1111 1741; x_wconf 88' lang='grc'><strong>13</strong></span> <span class='ocrx_word' id='word_1_695' title='bbox 1130 1729 1166 1735; x_wconf 89' lang='lat'><strong>—-</strong></span> <span class='ocrx_word' id='word_1_696' title='bbox 1184 1715 1278 1742; x_wconf 90' lang='lat' dir='ltr'><strong>Christi</strong></span> <span class='ocrx_word' id='word_1_697' title='bbox 1290 1715 1418 1740; x_wconf 88' lang='lat' dir='ltr'><strong>nativitati</strong></span> <span class='ocrx_word' id='word_1_698' title='bbox 1431 1713 1606 1740; x_wconf 88' lang='lat' dir='ltr'><strong>conveniebat</strong></span> 
     </span>
     <span class='ocr_line' id='line_1_106' title="bbox 966 1758 1577 1787; baseline -0.007 0"><span class='ocrx_word' id='word_1_699' title='bbox 966 1763 1029 1787; x_wconf 92' lang='lat' dir='ltr'><strong>hora</strong></span> <span class='ocrx_word' id='word_1_700' title='bbox 1048 1763 1176 1786; x_wconf 87' lang='lat' dir='ltr'><strong>nocturna</strong></span> <span class='ocrx_word' id='word_1_701' title='bbox 1196 1761 1228 1786; x_wconf 89' lang='lat' dir='ltr'><strong>Vl</strong></span> <span class='ocrx_word' id='word_1_702' title='bbox 1248 1759 1300 1785; x_wconf 86' lang='grc'><strong>225</strong></span> <span class='ocrx_word' id='word_1_703' title='bbox 1319 1767 1344 1785; x_wconf 91' lang='lat' dir='ltr'><strong>v.</strong></span> <span class='ocrx_word' id='word_1_704' title='bbox 1366 1760 1407 1785; x_wconf 89' lang='grc'><strong>16.</strong></span> <span class='ocrx_word' id='word_1_705' title='bbox 1428 1759 1470 1785; x_wconf 94' lang='lat' dir='ltr'><strong>Vll</strong></span> <span class='ocrx_word' id='word_1_706' title='bbox 1491 1758 1523 1784; x_wconf 85' lang='lat'><strong>48</strong></span> <span class='ocrx_word' id='word_1_707' title='bbox 1545 1759 1577 1783; x_wconf 92' lang='grc'><strong>19</strong></span> 
     </span>
    </p>

    <p class='ocr_par' dir='ltr' id='par_1_17' title="bbox 966 1801 1606 1918">
     <span class='ocr_line' id='line_1_107' title="bbox 1019 1801 1605 1830; baseline -0.003 0"><span class='ocrx_word' id='word_1_708' title='bbox 1019 1819 1055 1824; x_wconf 94' lang='grc'><strong>-</strong></span> <span class='ocrx_word' id='word_1_709' title='bbox 1073 1805 1100 1830; x_wconf 87' lang='grc'><strong>111</strong></span> <span class='ocrx_word' id='word_1_710' title='bbox 1120 1804 1253 1830; x_wconf 86' lang='lat' dir='ltr'><strong>nativitate</strong></span> <span class='ocrx_word' id='word_1_711' title='bbox 1271 1811 1318 1830; x_wconf 87' lang='lat' dir='ltr'><strong>sua</strong></span> <span class='ocrx_word' id='word_1_712' title='bbox 1338 1801 1420 1829; x_wconf 79' lang='lat' dir='ltr'><strong>factus</strong></span> <span class='ocrx_word' id='word_1_713' title='bbox 1439 1805 1478 1828; x_wconf 88' lang='lat' dir='ltr'><strong>est</strong></span> <span class='ocrx_word' id='word_1_714' title='bbox 1496 1810 1527 1828; x_wconf 88' lang='lat' dir='ltr'><strong>ex</strong></span> <span class='ocrx_word' id='word_1_715' title='bbox 1551 1810 1605 1828; x_wconf 90' lang='lat' dir='ltr'><strong>mu-</strong></span> 
     </span>
     <span class='ocr_line' id='line_1_108' title="bbox 967 1846 1606 1875; baseline -0.006 0"><span class='ocrx_word' id='word_1_716' title='bbox 967 1850 1028 1875; x_wconf 88' lang='lat' dir='ltr'><strong>liere</strong></span> <span class='ocrx_word' id='word_1_717' title='bbox 1047 1849 1090 1874; x_wconf 80' lang='lat' dir='ltr'><strong>Vll</strong></span> <span class='ocrx_word' id='word_1_718' title='bbox 1120 1849 1152 1874; x_wconf 91' lang='grc'><strong>43</strong></span> <span class='ocrx_word' id='word_1_719' title='bbox 1178 1849 1183 1873; x_wconf 97' lang='grc'><strong>1</strong></span> <span class='ocrx_word' id='word_1_720' title='bbox 1208 1862 1244 1867; x_wconf 95' lang='grc'>-</span> <span class='ocrx_word' id='word_1_721' title='bbox 1262 1854 1372 1874; x_wconf 88' lang='lat' dir='ltr'><strong>nascens</strong></span> <span class='ocrx_word' id='word_1_722' title='bbox 1399 1846 1524 1873; x_wconf 84' lang='lat' dir='ltr'><strong>describit</strong></span> <span class='ocrx_word' id='word_1_723' title='bbox 1552 1846 1606 1872; x_wconf 91' lang='lat' dir='ltr'><strong>uni-</strong></span> 
     </span>
     <span class='ocr_line' id='line_1_109' title="bbox 966 1892 1243 1918; baseline -0.004 0"><span class='ocrx_word' id='word_1_724' title='bbox 966 1900 1058 1918; x_wconf 78' lang='lat' dir='ltr'><strong>versos</strong></span> <span class='ocrx_word' id='word_1_725' title='bbox 1078 1892 1111 1918; x_wconf 87' lang='grc'><strong>44</strong></span> <span class='ocrx_word' id='word_1_726' title='bbox 1131 1893 1156 1918; x_wconf 86' lang='grc'><strong>2.</strong></span> <span class='ocrx_word' id='word_1_727' title='bbox 1175 1892 1208 1918; x_wconf 87' lang='lat'><strong>45</strong></span> <span class='ocrx_word' id='word_1_728' title='bbox 1228 1892 1243 1917; x_wconf 91' lang='grc'><strong>4</strong></span> 
     </span>
    </p>

    <p class='ocr_par' dir='ltr' id='par_1_18' title="bbox 967 1934 1607 2280">
     <span class='ocr_line' id='line_1_110' title="bbox 1019 1934 1606 1962; baseline -0.002 0"><span class='ocrx_word' id='word_1_729' title='bbox 1019 1951 1054 1956; x_wconf 93' lang='grc'><strong>-</strong></span> <span class='ocrx_word' id='word_1_730' title='bbox 1073 1938 1164 1962; x_wconf 85' lang='lat' dir='ltr'><strong>Partus</strong></span> <span class='ocrx_word' id='word_1_731' title='bbox 1182 1936 1276 1962; x_wconf 89' lang='lat' dir='ltr'><strong>Christi</strong></span> <span class='ocrx_word' id='word_1_732' title='bbox 1295 1936 1440 1961; x_wconf 87' lang='lat' dir='ltr'><strong>ostenditur</strong></span> <span class='ocrx_word' id='word_1_733' title='bbox 1467 1934 1606 1961; x_wconf 85' lang='lat' dir='ltr'><strong>admirabi-</strong></span> 
     </span>
     <span class='ocr_line' id='line_1_111' title="bbox 967 1979 1604 2012; baseline -0.005 -5"><span class='ocrx_word' id='word_1_734' title='bbox 967 1981 1006 2012; x_wconf 90' lang='lat' dir='ltr'><strong>lis,</strong></span> <span class='ocrx_word' id='word_1_735' title='bbox 1025 1979 1244 2007; x_wconf 88' lang='lat' dir='ltr'><strong>commendabilis</strong></span> <span class='ocrx_word' id='word_1_736' title='bbox 1263 1983 1288 2005; x_wconf 89' lang='lat' dir='ltr'><strong>et</strong></span> <span class='ocrx_word' id='word_1_737' title='bbox 1311 1979 1443 2005; x_wconf 80' lang='lat' dir='ltr'><strong>imitabilis</strong></span> <span class='ocrx_word' id='word_1_738' title='bbox 1468 1979 1511 2005; x_wconf 91' lang='lat' dir='ltr'><strong>Vll</strong></span> <span class='ocrx_word' id='word_1_739' title='bbox 1537 1979 1570 2004; x_wconf 86' lang='lat'><strong>46</strong></span> <span class='ocrx_word' id='word_1_740' title='bbox 1589 1980 1604 2004; x_wconf 89' lang='grc'>9</span> 
     </span>
     <span class='ocr_line' id='line_1_112' title="bbox 968 2023 1606 2055; baseline -0.003 -5"><span class='ocrx_word' id='word_1_741' title='bbox 968 2025 1047 2050; x_wconf 89' lang='lat' dir='ltr'><strong>—ln</strong></span> <span class='ocrx_word' id='word_1_742' title='bbox 1066 2025 1200 2050; x_wconf 84' lang='lat' dir='ltr'><strong>nativitate</strong></span> <span class='ocrx_word' id='word_1_743' title='bbox 1227 2023 1322 2050; x_wconf 89' lang='lat' dir='ltr'><strong>Christi</strong></span> <span class='ocrx_word' id='word_1_744' title='bbox 1351 2024 1397 2049; x_wconf 82' lang='lat' dir='ltr'><strong>fuit</strong></span> <span class='ocrx_word' id='word_1_745' title='bbox 1424 2024 1516 2055; x_wconf 90' lang='lat' dir='ltr'><strong>loseph</strong></span> <span class='ocrx_word' id='word_1_746' title='bbox 1545 2030 1606 2048; x_wconf 86' lang='lat' dir='ltr'><strong>cum</strong></span> 
     </span>
     <span class='ocr_line' id='line_1_113' title="bbox 968 2067 1607 2100; baseline -0.003 -5"><span class='ocrx_word' id='word_1_747' title='bbox 968 2069 1055 2099; x_wconf 89' lang='lat' dir='ltr'><strong>Maria,</strong></span> <span class='ocrx_word' id='word_1_748' title='bbox 1074 2069 1101 2094; x_wconf 92' lang='lat' dir='ltr'><strong>in</strong></span> <span class='ocrx_word' id='word_1_749' title='bbox 1120 2068 1314 2100; x_wconf 89' lang='lat' dir='ltr'><strong>praedicatione</strong></span> <span class='ocrx_word' id='word_1_750' title='bbox 1333 2067 1453 2099; x_wconf 90' lang='lat' dir='ltr'><strong>discipuli</strong></span> <span class='ocrx_word' id='word_1_751' title='bbox 1472 2071 1497 2093; x_wconf 92' lang='lat' dir='ltr'><strong>et</strong></span> <span class='ocrx_word' id='word_1_752' title='bbox 1515 2067 1607 2093; x_wconf 92' lang='lat' dir='ltr'><strong>mulie-</strong></span> 
     </span>
     <span class='ocr_line' id='line_1_114' title="bbox 967 2111 1607 2145; baseline -0.005 -6"><span class='ocrx_word' id='word_1_753' title='bbox 967 2121 1018 2145; x_wconf 88' lang='lat' dir='ltr'><strong>res,</strong></span> <span class='ocrx_word' id='word_1_754' title='bbox 1037 2113 1065 2138; x_wconf 92' lang='lat' dir='ltr'><strong>in</strong></span> <span class='ocrx_word' id='word_1_755' title='bbox 1084 2113 1206 2145; x_wconf 88' lang='lat' dir='ltr'><strong>passione</strong></span> <span class='ocrx_word' id='word_1_756' title='bbox 1234 2112 1312 2138; x_wconf 89' lang='lat' dir='ltr'><strong>Maria</strong></span> <span class='ocrx_word' id='word_1_757' title='bbox 1340 2114 1366 2137; x_wconf 89' lang='lat' dir='ltr'><strong>et</strong></span> <span class='ocrx_word' id='word_1_758' title='bbox 1384 2113 1504 2143; x_wconf 84' lang='lat' dir='ltr'><strong>loannes,</strong></span> <span class='ocrx_word' id='word_1_759' title='bbox 1525 2111 1551 2136; x_wconf 87' lang='lat' dir='ltr'><strong>in</strong></span> <span class='ocrx_word' id='word_1_760' title='bbox 1570 2118 1607 2137; x_wconf 91' lang='lat' dir='ltr'><strong>re-</strong></span> 
     </span>
     <span class='ocr_line' id='line_1_115' title="bbox 968 2156 1606 2189; baseline -0.003 -6"><span class='ocrx_word' id='word_1_761' title='bbox 968 2158 1128 2184; x_wconf 87' lang='lat' dir='ltr'><strong>surrectione</strong></span> <span class='ocrx_word' id='word_1_762' title='bbox 1146 2157 1268 2189; x_wconf 91' lang='lat' dir='ltr'><strong>discipuli</strong></span> <span class='ocrx_word' id='word_1_763' title='bbox 1287 2159 1312 2182; x_wconf 90' lang='lat' dir='ltr'><strong>et</strong></span> <span class='ocrx_word' id='word_1_764' title='bbox 1331 2156 1483 2188; x_wconf 86' lang='lat' dir='ltr'><strong>Magdalena</strong></span> <span class='ocrx_word' id='word_1_765' title='bbox 1504 2156 1553 2181; x_wconf 87' lang='grc'><strong>108</strong></span> <span class='ocrx_word' id='word_1_766' title='bbox 1573 2156 1606 2181; x_wconf 92' lang='grc'><strong>80</strong></span> 
     </span>
     <span class='ocr_line' id='line_1_116' title="bbox 967 2201 1607 2233; baseline -0.005 -5"><span class='ocrx_word' id='word_1_767' title='bbox 967 2216 1003 2222; x_wconf 91' lang='lat'><strong>-·</strong></span> <span class='ocrx_word' id='word_1_768' title='bbox 1012 2205 1089 2228; x_wconf 89' lang='lat' dir='ltr'><strong>natus</strong></span> <span class='ocrx_word' id='word_1_769' title='bbox 1097 2202 1172 2228; x_wconf 90' lang='lat' dir='ltr'><strong>estin</strong></span> <span class='ocrx_word' id='word_1_770' title='bbox 1183 2201 1271 2227; x_wconf 91' lang='lat' dir='ltr'><strong>medio</strong></span> <span class='ocrx_word' id='word_1_771' title='bbox 1284 2201 1384 2232; x_wconf 87' lang='lat' dir='ltr'><strong>mundi,</strong></span> <span class='ocrx_word' id='word_1_772' title='bbox 1394 2203 1502 2233; x_wconf 89' lang='lat' dir='ltr'><strong>propter</strong></span> <span class='ocrx_word' id='word_1_773' title='bbox 1515 2203 1607 2230; x_wconf 79' lang='lat' dir='ltr'><strong>terrae,</strong></span> 
     </span>
     <span class='ocr_line' id='line_1_117' title="bbox 968 2245 1606 2280; baseline -0.005 -7"><span class='ocrx_word' id='word_1_774' title='bbox 968 2247 993 2273; x_wconf 91' lang='lat' dir='ltr'><strong>in</strong></span> <span class='ocrx_word' id='word_1_775' title='bbox 1006 2254 1058 2280; x_wconf 88' lang='lat' dir='ltr'><strong>qua</strong></span> <span class='ocrx_word' id='word_1_776' title='bbox 1071 2250 1148 2273; x_wconf 87' lang='lat' dir='ltr'><strong>natus</strong></span> <span class='ocrx_word' id='word_1_777' title='bbox 1168 2250 1216 2278; x_wconf 85' lang='lat' dir='ltr'><strong>est,</strong></span> <span class='ocrx_word' id='word_1_778' title='bbox 1235 2245 1391 2279; x_wconf 88' lang='lat' dir='ltr'><strong>positionem</strong></span> <span class='ocrx_word' id='word_1_779' title='bbox 1412 2245 1443 2271; x_wconf 90' lang='lat' dir='ltr'><strong>Vl</strong></span> <span class='ocrx_word' id='word_1_780' title='bbox 1463 2245 1515 2271; x_wconf 89' lang='grc'><strong>225</strong></span> <span class='ocrx_word' id='word_1_781' title='bbox 1532 2252 1560 2271; x_wconf 90' lang='lat' dir='ltr'><strong>v.</strong></span> <span class='ocrx_word' id='word_1_782' title='bbox 1574 2245 1606 2270; x_wconf 88' lang='grc'><strong>16</strong></span> 
     </span>
    </p>
   </div>
   <div class='ocr_carea' id='block_1_8' title="bbox 1022 2290 1612 2318">
    <p class='ocr_par' dir='ltr' id='par_1_19' title="bbox 1022 2290 1612 2318">
     <span class='ocr_line' id='line_1_118' title="bbox 1022 2290 1612 2318; baseline -0.005 0"><span class='ocrx_word' id='word_1_783' title='bbox 1022 2306 1056 2311; x_wconf 90' lang='grc'>-</span> <span class='ocrx_word' id='word_1_784' title='bbox 1075 2291 1142 2318; x_wconf 88' lang='grc'><strong>51001</strong></span> <span class='ocrx_word' id='word_1_785' title='bbox 1161 2291 1341 2317; x_wconf 84' lang='lat' dir='ltr'><strong>Samaritanus</strong></span> <span class='ocrx_word' id='word_1_786' title='bbox 1364 2290 1435 2316; x_wconf 91' lang='lat' dir='ltr'><strong>venit</strong></span> <span class='ocrx_word' id='word_1_787' title='bbox 1457 2297 1534 2316; x_wconf 89' lang='lat' dir='ltr'><strong>secus</strong></span> <span class='ocrx_word' id='word_1_788' title='bbox 1552 2290 1612 2315; x_wconf 87' lang='lat' dir='ltr'><strong>vul-.</strong></span> 
     </span>
    </p>
   </div>
   <div class='ocr_carea' id='block_1_9' title="bbox 968 2334 1612 3428">
    <p class='ocr_par' dir='ltr' id='par_1_20' title="bbox 968 2334 1612 3246">
     <span class='ocr_line' id='line_1_119' title="bbox 968 2334 1607 2368; baseline -0.003 -6"><span class='ocrx_word' id='word_1_789' title='bbox 968 2339 1088 2362; x_wconf 88' lang='lat' dir='ltr'><strong>neratum</strong></span> <span class='ocrx_word' id='word_1_790' title='bbox 1112 2343 1198 2368; x_wconf 87' lang='lat' dir='ltr'><strong>genus</strong></span> <span class='ocrx_word' id='word_1_791' title='bbox 1225 2336 1385 2367; x_wconf 88' lang='lat' dir='ltr'><strong>humanum,</strong></span> <span class='ocrx_word' id='word_1_792' title='bbox 1408 2334 1500 2361; x_wconf 89' lang='lat' dir='ltr'><strong>similis</strong></span> <span class='ocrx_word' id='word_1_793' title='bbox 1525 2335 1607 2360; x_wconf 86' lang='lat' dir='ltr'><strong>factus</strong></span> 
     </span>
     <span class='ocr_line' id='line_1_120' title="bbox 970 2378 1608 2413; baseline -0.005 -6"><span class='ocrx_word' id='word_1_794' title='bbox 970 2381 1071 2407; x_wconf 90' lang='lat' dir='ltr'><strong>homini</strong></span> <span class='ocrx_word' id='word_1_795' title='bbox 1098 2380 1228 2413; x_wconf 88' lang='lat' dir='ltr'><strong>peccatori</strong></span> <span class='ocrx_word' id='word_1_796' title='bbox 1257 2379 1299 2406; x_wconf 79' lang='lat' dir='ltr'><strong>Vll</strong></span> <span class='ocrx_word' id='word_1_797' title='bbox 1323 2379 1370 2405; x_wconf 91' lang='grc'><strong>271</strong></span> <span class='ocrx_word' id='word_1_798' title='bbox 1401 2378 1435 2405; x_wconf 88' lang='grc'><strong>64</strong></span> <span class='ocrx_word' id='word_1_799' title='bbox 1453 2393 1488 2397; x_wconf 96' lang='grc'>-</span> <span class='ocrx_word' id='word_1_800' title='bbox 1515 2385 1608 2405; x_wconf 88' lang='lat' dir='ltr'><strong>omnes</strong></span> 
     </span>
     <span class='ocr_line' id='line_1_121' title="bbox 969 2423 1608 2458; baseline -0.005 -7"><span class='ocrx_word' id='word_1_801' title='bbox 969 2425 1104 2458; x_wconf 86' lang='lat' dir='ltr'><strong>passiones</strong></span> <span class='ocrx_word' id='word_1_802' title='bbox 1122 2427 1224 2451; x_wconf 92' lang='lat' dir='ltr'><strong>nostras</strong></span> <span class='ocrx_word' id='word_1_803' title='bbox 1242 2430 1378 2450; x_wconf 90' lang='lat' dir='ltr'><strong>assumere</strong></span> <span class='ocrx_word' id='word_1_804' title='bbox 1395 2423 1487 2449; x_wconf 90' lang='lat' dir='ltr'><strong>debuit</strong></span> <span class='ocrx_word' id='word_1_805' title='bbox 1505 2426 1608 2456; x_wconf 89' lang='lat' dir='ltr'><strong>praeter</strong></span> 
     </span>
     <span class='ocr_line' id='line_1_122' title="bbox 970 2466 1608 2501; baseline -0.002 -7"><span class='ocrx_word' id='word_1_806' title='bbox 970 2469 1145 2501; x_wconf 88' lang='lat' dir='ltr'><strong>ignorantiam</strong></span> <span class='ocrx_word' id='word_1_807' title='bbox 1170 2471 1196 2494; x_wconf 92' lang='lat' dir='ltr'><strong>et</strong></span> <span class='ocrx_word' id='word_1_808' title='bbox 1224 2471 1361 2500; x_wconf 89' lang='lat' dir='ltr'><strong>peccatum</strong></span> <span class='ocrx_word' id='word_1_809' title='bbox 1386 2468 1419 2494; x_wconf 94' lang='lat' dir='ltr'><strong>Vl</strong></span> <span class='ocrx_word' id='word_1_810' title='bbox 1449 2467 1500 2493; x_wconf 87' lang='grc'><strong>344</strong></span> <span class='ocrx_word' id='word_1_811' title='bbox 1526 2467 1560 2493; x_wconf 87' lang='grc'><strong>25</strong></span> <span class='ocrx_word' id='word_1_812' title='bbox 1579 2466 1608 2493; x_wconf 75' lang='grc'><strong>2*</strong></span> 
     </span>
     <span class='ocr_line' id='line_1_123' title="bbox 969 2513 1608 2546; baseline -0.003 -5"><span class='ocrx_word' id='word_1_813' title='bbox 969 2529 1006 2535; x_wconf 90' lang='grc'>-</span> <span class='ocrx_word' id='word_1_814' title='bbox 1023 2518 1079 2541; x_wconf 88' lang='lat' dir='ltr'><strong>erat</strong></span> <span class='ocrx_word' id='word_1_815' title='bbox 1098 2516 1178 2540; x_wconf 89' lang='lat' dir='ltr'><strong>homo</strong></span> <span class='ocrx_word' id='word_1_816' title='bbox 1196 2514 1315 2540; x_wconf 84' lang='lat' dir='ltr'><strong>infirmus</strong></span> <span class='ocrx_word' id='word_1_817' title='bbox 1340 2521 1371 2540; x_wconf 91' lang='lat' dir='ltr'><strong>ex</strong></span> <span class='ocrx_word' id='word_1_818' title='bbox 1396 2516 1471 2546; x_wconf 87' lang='lat' dir='ltr'><strong>parte</strong></span> <span class='ocrx_word' id='word_1_819' title='bbox 1489 2513 1608 2545; x_wconf 89' lang='lat' dir='ltr'><strong>corporis</strong></span> 
     </span>
     <span class='ocr_line' id='line_1_124' title="bbox 970 2557 1609 2592; baseline -0.005 -7"><span class='ocrx_word' id='word_1_820' title='bbox 970 2562 1078 2592; x_wconf 90' lang='lat' dir='ltr'><strong>propter</strong></span> <span class='ocrx_word' id='word_1_821' title='bbox 1096 2559 1214 2591; x_wconf 88' lang='lat' dir='ltr'><strong>corporis</strong></span> <span class='ocrx_word' id='word_1_822' title='bbox 1233 2558 1396 2590; x_wconf 84' lang='lat' dir='ltr'><strong>fragilitatem</strong></span> <span class='ocrx_word' id='word_1_823' title='bbox 1417 2558 1468 2583; x_wconf 88' lang='grc'><strong>167</strong></span> <span class='ocrx_word' id='word_1_824' title='bbox 1489 2565 1513 2583; x_wconf 91' lang='lat' dir='ltr'><strong>v.</strong></span> <span class='ocrx_word' id='word_1_825' title='bbox 1534 2557 1550 2582; x_wconf 90' lang='lat'>5</span> <span class='ocrx_word' id='word_1_826' title='bbox 1573 2571 1609 2577; x_wconf 88' lang='lat'>—</span> 
     </span>
     <span class='ocr_line' id='line_1_125' title="bbox 970 2597 1609 2634; baseline -0.003 -5"><span class='ocrx_word' id='word_1_827' title='bbox 970 2610 1076 2629; x_wconf 90' lang='lat' dir='ltr'><strong>carnem</strong></span> <span class='ocrx_word' id='word_1_828' title='bbox 1095 2597 1210 2629; x_wconf 84' lang='lat' dir='ltr'><strong>nostram</strong></span> <span class='ocrx_word' id='word_1_829' title='bbox 1223 2609 1289 2629; x_wconf 86' lang='lat' dir='ltr'><strong>eum-</strong></span> <span class='ocrx_word' id='word_1_830' title='bbox 1298 2601 1498 2634; x_wconf 87' lang='lat' dir='ltr'><strong>poenalitatibus</strong></span> <span class='ocrx_word' id='word_1_831' title='bbox 1510 2608 1609 2628; x_wconf 89' lang='lat' dir='ltr'><strong>assum-</strong></span> 
     </span>
     <span class='ocr_line' id='line_1_126' title="bbox 970 2645 1609 2674; baseline -0.005 0"><span class='ocrx_word' id='word_1_832' title='bbox 970 2648 1004 2674; x_wconf 88' lang='lat' dir='ltr'><strong>sit</strong></span> <span class='ocrx_word' id='word_1_833' title='bbox 1021 2650 1091 2674; x_wconf 84' lang='lat' dir='ltr'><strong>sexta</strong></span> <span class='ocrx_word' id='word_1_834' title='bbox 1110 2650 1193 2674; x_wconf 84' lang='lat' dir='ltr'><strong>aetate</strong></span> <span class='ocrx_word' id='word_1_835' title='bbox 1211 2647 1263 2672; x_wconf 87' lang='grc'><strong>290</strong></span> <span class='ocrx_word' id='word_1_836' title='bbox 1283 2647 1298 2671; x_wconf 93' lang='grc'>8</span> <span class='ocrx_word' id='word_1_837' title='bbox 1318 2660 1353 2665; x_wconf 96' lang='grc'><strong>-</strong></span> <span class='ocrx_word' id='word_1_838' title='bbox 1372 2645 1407 2672; x_wconf 89' lang='lat' dir='ltr'><strong>ob</strong></span> <span class='ocrx_word' id='word_1_839' title='bbox 1425 2646 1533 2672; x_wconf 89' lang='lat' dir='ltr'><strong>nimiam</strong></span> <span class='ocrx_word' id='word_1_840' title='bbox 1547 2645 1609 2671; x_wconf 84' lang='lat' dir='ltr'><strong>cari-</strong></span> 
     </span>
     <span class='ocr_line' id='line_1_127' title="bbox 972 2689 1609 2717; baseline -0.003 0"><span class='ocrx_word' id='word_1_841' title='bbox 972 2694 1050 2717; x_wconf 86' lang='lat' dir='ltr'><strong>tatem</strong></span> <span class='ocrx_word' id='word_1_842' title='bbox 1070 2692 1153 2717; x_wconf 88' lang='lat' dir='ltr'><strong>factus</strong></span> <span class='ocrx_word' id='word_1_843' title='bbox 1170 2693 1209 2717; x_wconf 90' lang='lat' dir='ltr'><strong>est</strong></span> <span class='ocrx_word' id='word_1_844' title='bbox 1228 2691 1308 2716; x_wconf 93' lang='lat' dir='ltr'><strong>homo</strong></span> <span class='ocrx_word' id='word_1_845' title='bbox 1336 2693 1362 2716; x_wconf 87' lang='lat' dir='ltr'><strong>et</strong></span> <span class='ocrx_word' id='word_1_846' title='bbox 1389 2691 1518 2716; x_wconf 85' lang='lat' dir='ltr'><strong>humanas</strong></span> <span class='ocrx_word' id='word_1_847' title='bbox 1546 2689 1609 2715; x_wconf 90' lang='lat' dir='ltr'><strong>indi-</strong></span> 
     </span>
     <span class='ocr_line' id='line_1_128' title="bbox 972 2734 1609 2767; baseline -0.005 -6"><span class='ocrx_word' id='word_1_848' title='bbox 972 2735 1072 2767; x_wconf 84' lang='lat' dir='ltr'><strong>gentias</strong></span> <span class='ocrx_word' id='word_1_849' title='bbox 1090 2734 1201 2761; x_wconf 84' lang='lat' dir='ltr'><strong>libenter</strong></span> <span class='ocrx_word' id='word_1_850' title='bbox 1227 2735 1343 2766; x_wconf 87' lang='lat' dir='ltr'><strong>suscepit</strong></span> <span class='ocrx_word' id='word_1_851' title='bbox 1360 2737 1386 2760; x_wconf 89' lang='lat' dir='ltr'><strong>et</strong></span> <span class='ocrx_word' id='word_1_852' title='bbox 1410 2734 1516 2766; x_wconf 88' lang='lat' dir='ltr'><strong>pertulit</strong></span> <span class='ocrx_word' id='word_1_853' title='bbox 1543 2734 1609 2759; x_wconf 90' lang='lat' dir='ltr'><strong>inter</strong></span> 
     </span>
     <span class='ocr_line' id='line_1_129' title="bbox 972 2777 1609 2809; baseline -0.003 -4"><span class='ocrx_word' id='word_1_854' title='bbox 972 2780 1091 2805; x_wconf 85' lang='lat' dir='ltr'><strong>homines</strong></span> <span class='ocrx_word' id='word_1_855' title='bbox 1115 2779 1158 2805; x_wconf 93' lang='lat' dir='ltr'><strong>Vll</strong></span> <span class='ocrx_word' id='word_1_856' title='bbox 1187 2779 1238 2804; x_wconf 87' lang='grc'><strong>182</strong></span> <span class='ocrx_word' id='word_1_857' title='bbox 1257 2779 1291 2803; x_wconf 90' lang='grc'><strong>63</strong></span> <span class='ocrx_word' id='word_1_858' title='bbox 1310 2792 1346 2797; x_wconf 93' lang='lat'><strong>-—-</strong></span> <span class='ocrx_word' id='word_1_859' title='bbox 1364 2778 1429 2804; x_wconf 86' lang='lat' dir='ltr'><strong>mira</strong></span> <span class='ocrx_word' id='word_1_860' title='bbox 1459 2777 1609 2809; x_wconf 86' lang='lat' dir='ltr'><strong>dignatione</strong></span> 
     </span>
     <span class='ocr_line' id='line_1_130' title="bbox 973 2821 1608 2855; baseline -0.005 -6"><span class='ocrx_word' id='word_1_861' title='bbox 973 2824 998 2849; x_wconf 93' lang='lat' dir='ltr'><strong>in</strong></span> <span class='ocrx_word' id='word_1_862' title='bbox 1017 2830 1046 2849; x_wconf 85' lang='lat' dir='ltr'><strong>se</strong></span> <span class='ocrx_word' id='word_1_863' title='bbox 1064 2823 1180 2855; x_wconf 89' lang='lat' dir='ltr'><strong>suscepit</strong></span> <span class='ocrx_word' id='word_1_864' title='bbox 1198 2827 1301 2848; x_wconf 87' lang='lat' dir='ltr'><strong>nostras</strong></span> <span class='ocrx_word' id='word_1_865' title='bbox 1319 2821 1484 2848; x_wconf 81' lang='lat' dir='ltr'><strong>infirmitates</strong></span> <span class='ocrx_word' id='word_1_866' title='bbox 1503 2821 1554 2847; x_wconf 89' lang='grc'><strong>557</strong></span> <span class='ocrx_word' id='word_1_867' title='bbox 1575 2821 1608 2847; x_wconf 89' lang='grc'><strong>54</strong></span> 
     </span>
     <span class='ocr_line' id='line_1_131' title="bbox 973 2865 1610 2893; baseline -0.005 0"><span class='ocrx_word' id='word_1_868' title='bbox 973 2881 1006 2886; x_wconf 92' lang='lat'><strong>—-</strong></span> <span class='ocrx_word' id='word_1_869' title='bbox 1026 2868 1051 2893; x_wconf 94' lang='lat' dir='ltr'><strong>in</strong></span> <span class='ocrx_word' id='word_1_870' title='bbox 1071 2866 1194 2893; x_wconf 92' lang='lat' dir='ltr'><strong>omnibus</strong></span> <span class='ocrx_word' id='word_1_871' title='bbox 1213 2868 1295 2892; x_wconf 89' lang='lat' dir='ltr'><strong>factus</strong></span> <span class='ocrx_word' id='word_1_872' title='bbox 1318 2865 1442 2892; x_wconf 84' lang='lat' dir='ltr'><strong>fratribus</strong></span> <span class='ocrx_word' id='word_1_873' title='bbox 1469 2865 1610 2891; x_wconf 88' lang='lat' dir='ltr'><strong>conformis</strong></span> 
     </span>
     <span class='ocr_line' id='line_1_132' title="bbox 973 2909 1609 2938; baseline -0.005 -1"><span class='ocrx_word' id='word_1_874' title='bbox 973 2911 1007 2937; x_wconf 79' lang='lat'><strong>55</strong></span> <span class='ocrx_word' id='word_1_875' title='bbox 1026 2911 1069 2938; x_wconf 84' lang='lat'><strong>45.</strong></span> <span class='ocrx_word' id='word_1_876' title='bbox 1089 2911 1122 2937; x_wconf 87' lang='grc'><strong>59</strong></span> <span class='ocrx_word' id='word_1_877' title='bbox 1142 2911 1175 2936; x_wconf 85' lang='grc'><strong>64</strong></span> <span class='ocrx_word' id='word_1_878' title='bbox 1194 2924 1229 2930; x_wconf 89' lang='lat'><strong>—-</strong></span> <span class='ocrx_word' id='word_1_879' title='bbox 1248 2910 1424 2936; x_wconf 75' lang='lat' dir='ltr'><strong>infirmitatem</strong></span> <span class='ocrx_word' id='word_1_880' title='bbox 1444 2909 1567 2935; x_wconf 83' lang='lat' dir='ltr'><strong>assumsit</strong></span> <span class='ocrx_word' id='word_1_881' title='bbox 1579 2916 1609 2935; x_wconf 87' lang='lat' dir='ltr'><strong>ex</strong></span> 
     </span>
     <span class='ocr_line' id='line_1_133' title="bbox 972 2952 1610 2986; baseline -0.006 -4"><span class='ocrx_word' id='word_1_882' title='bbox 972 2956 1057 2986; x_wconf 86' lang='lat' dir='ltr'><strong>nobis,</strong></span> <span class='ocrx_word' id='word_1_883' title='bbox 1070 2955 1116 2981; x_wconf 90' lang='lat' dir='ltr'><strong>sed</strong></span> <span class='ocrx_word' id='word_1_884' title='bbox 1129 2962 1159 2981; x_wconf 88' lang='lat' dir='ltr'><strong>ex</strong></span> <span class='ocrx_word' id='word_1_885' title='bbox 1173 2962 1201 2981; x_wconf 89' lang='lat' dir='ltr'><strong>se</strong></span> <span class='ocrx_word' id='word_1_886' title='bbox 1213 2953 1367 2981; x_wconf 86' lang='lat' dir='ltr'><strong>ostendebat</strong></span> <span class='ocrx_word' id='word_1_887' title='bbox 1385 2954 1508 2980; x_wconf 90' lang='lat' dir='ltr'><strong>virtutem</strong></span> <span class='ocrx_word' id='word_1_888' title='bbox 1529 2953 1561 2978; x_wconf 90' lang='grc'><strong>96</strong></span> <span class='ocrx_word' id='word_1_889' title='bbox 1576 2952 1610 2978; x_wconf 93' lang='grc'><strong>27</strong></span> 
     </span>
     <span class='ocr_line' id='line_1_134' title="bbox 971 2997 1610 3032; baseline -0.006 -6"><span class='ocrx_word' id='word_1_890' title='bbox 971 3014 1007 3020; x_wconf 91' lang='grc'>-</span> <span class='ocrx_word' id='word_1_891' title='bbox 1025 3007 1073 3032; x_wconf 89' lang='lat' dir='ltr'><strong>per</strong></span> <span class='ocrx_word' id='word_1_892' title='bbox 1092 2999 1259 3025; x_wconf 84' lang='lat' dir='ltr'><strong>humanitatis</strong></span> <span class='ocrx_word' id='word_1_893' title='bbox 1278 2998 1453 3024; x_wconf 85' lang='lat' dir='ltr'><strong>infirmitatem</strong></span> <span class='ocrx_word' id='word_1_894' title='bbox 1474 2997 1564 3023; x_wconf 89' lang='lat' dir='ltr'><strong>invitat</strong></span> <span class='ocrx_word' id='word_1_895' title='bbox 1576 2997 1610 3023; x_wconf 91' lang='lat' dir='ltr'><strong>ad</strong></span> 
     </span>
     <span class='ocr_line' id='line_1_135' title="bbox 973 3042 1610 3071; baseline -0.006 -1"><span class='ocrx_word' id='word_1_896' title='bbox 973 3044 1051 3071; x_wconf 84' lang='lat' dir='ltr'><strong>fldem</strong></span> <span class='ocrx_word' id='word_1_897' title='bbox 1081 3044 1113 3070; x_wconf 93' lang='lat' dir='ltr'><strong>Vl</strong></span> <span class='ocrx_word' id='word_1_898' title='bbox 1139 3043 1185 3070; x_wconf 87' lang='grc'><strong>341</strong></span> <span class='ocrx_word' id='word_1_899' title='bbox 1220 3043 1248 3068; x_wconf 92' lang='grc'><strong>11</strong></span> <span class='ocrx_word' id='word_1_900' title='bbox 1281 3057 1316 3061; x_wconf 84' lang='grc'><strong>-</strong></span> <span class='ocrx_word' id='word_1_901' title='bbox 1344 3042 1491 3068; x_wconf 77' lang='lat' dir='ltr'><strong>infirmitate</strong></span> <span class='ocrx_word' id='word_1_902' title='bbox 1518 3047 1610 3066; x_wconf 89' lang='lat' dir='ltr'><strong>veram</strong></span> 
     </span>
     <span class='ocr_line' id='line_1_136' title="bbox 972 3084 1612 3114; baseline -0.008 0"><span class='ocrx_word' id='word_1_903' title='bbox 972 3088 1085 3114; x_wconf 90' lang='lat' dir='ltr'><strong>ostendit</strong></span> <span class='ocrx_word' id='word_1_904' title='bbox 1103 3087 1290 3114; x_wconf 88' lang='lat' dir='ltr'><strong>humanitatem</strong></span> <span class='ocrx_word' id='word_1_905' title='bbox 1310 3084 1345 3112; x_wconf 83' lang='lat' dir='ltr'><strong>ib.</strong></span> <span class='ocrx_word' id='word_1_906' title='bbox 1364 3086 1396 3111; x_wconf 90' lang='grc'><strong>16</strong></span> <span class='ocrx_word' id='word_1_907' title='bbox 1415 3098 1451 3105; x_wconf 91' lang='grc'>-</span> <span class='ocrx_word' id='word_1_908' title='bbox 1475 3085 1612 3110; x_wconf 86' lang='lat' dir='ltr'><strong>infirmitas</strong></span> 
     </span>
     <span class='ocr_line' id='line_1_137' title="bbox 973 3129 1611 3160; baseline -0.006 -2"><span class='ocrx_word' id='word_1_909' title='bbox 973 3135 1088 3158; x_wconf 89' lang='lat' dir='ltr'><strong>assumta</strong></span> <span class='ocrx_word' id='word_1_910' title='bbox 1107 3131 1201 3158; x_wconf 89' lang='lat' dir='ltr'><strong>Christi</strong></span> <span class='ocrx_word' id='word_1_911' title='bbox 1220 3130 1377 3157; x_wconf 87' lang='lat' dir='ltr'><strong>scandalizat</strong></span> <span class='ocrx_word' id='word_1_912' title='bbox 1392 3136 1443 3155; x_wconf 91' lang='lat' dir='ltr'><strong>non</strong></span> <span class='ocrx_word' id='word_1_913' title='bbox 1462 3129 1611 3160; x_wconf 83' lang='lat' dir='ltr'><strong>credentes,</strong></span> 
     </span>
     <span class='ocr_line' id='line_1_138' title="bbox 973 3174 1612 3205; baseline -0.005 -3"><span class='ocrx_word' id='word_1_914' title='bbox 973 3179 1001 3202; x_wconf 93' lang='lat' dir='ltr'><strong>ut</strong></span> <span class='ocrx_word' id='word_1_915' title='bbox 1020 3176 1135 3202; x_wconf 86' lang='lat' dir='ltr'><strong>iudicent</strong></span> <span class='ocrx_word' id='word_1_916' title='bbox 1153 3182 1215 3202; x_wconf 87' lang='lat' dir='ltr'><strong>eum</strong></span> <span class='ocrx_word' id='word_1_917' title='bbox 1240 3174 1374 3200; x_wconf 90' lang='lat' dir='ltr'><strong>hominem</strong></span> <span class='ocrx_word' id='word_1_918' title='bbox 1400 3180 1496 3205; x_wconf 85' lang='lat' dir='ltr'><strong>purum</strong></span> <span class='ocrx_word' id='word_1_919' title='bbox 1516 3175 1542 3199; x_wconf 89' lang='lat' dir='ltr'><strong>et</strong></span> <span class='ocrx_word' id='word_1_920' title='bbox 1559 3179 1612 3199; x_wconf 90' lang='lat' dir='ltr'><strong>non</strong></span> 
     </span>
     <span class='ocr_line' id='line_1_139' title="bbox 973 3218 1245 3246; baseline -0.007 0"><span class='ocrx_word' id='word_1_921' title='bbox 973 3220 1057 3246; x_wconf 90' lang='lat' dir='ltr'><strong>Deum</strong></span> <span class='ocrx_word' id='word_1_922' title='bbox 1076 3220 1119 3246; x_wconf 85' lang='lat' dir='ltr'><strong>Vll</strong></span> <span class='ocrx_word' id='word_1_923' title='bbox 1139 3219 1190 3245; x_wconf 92' lang='grc'><strong>176</strong></span> <span class='ocrx_word' id='word_1_924' title='bbox 1211 3218 1245 3245; x_wconf 85' lang='grc'><strong>44</strong></span> 
     </span>
    </p>

    <p class='ocr_par' dir='ltr' id='par_1_21' title="bbox 973 3261 1612 3428">
     <span class='ocr_line' id='line_1_140' title="bbox 1023 3261 1611 3292; baseline -0.007 -2"><span class='ocrx_word' id='word_1_925' title='bbox 1023 3277 1060 3284; x_wconf 91' lang='lat'><strong>—-</strong></span> <span class='ocrx_word' id='word_1_926' title='bbox 1078 3263 1202 3290; x_wconf 86' lang='lat' dir='ltr'><strong>assumsit</strong></span> <span class='ocrx_word' id='word_1_927' title='bbox 1220 3269 1311 3289; x_wconf 82' lang='lat' dir='ltr'><strong>sexum</strong></span> <span class='ocrx_word' id='word_1_928' title='bbox 1330 3261 1432 3288; x_wconf 88' lang='lat' dir='ltr'><strong>virilem</strong></span> <span class='ocrx_word' id='word_1_929' title='bbox 1445 3261 1480 3287; x_wconf 90' lang='grc'><strong>00</strong></span> <span class='ocrx_word' id='word_1_930' title='bbox 1492 3261 1611 3292; x_wconf 77' lang='lat' dir='ltr'><strong>muliere,</strong></span> 
     </span>
     <span class='ocr_line' id='line_1_141' title="bbox 973 3304 1612 3341; baseline -0.006 -7"><span class='ocrx_word' id='word_1_931' title='bbox 973 3308 1034 3341; x_wconf 85' lang='lat' dir='ltr'><strong>quia</strong></span> <span class='ocrx_word' id='word_1_932' title='bbox 1054 3311 1164 3341; x_wconf 85' lang='lat' dir='ltr'><strong>uterque</strong></span> <span class='ocrx_word' id='word_1_933' title='bbox 1183 3306 1325 3333; x_wconf 85' lang='lat' dir='ltr'><strong>salvandus</strong></span> <span class='ocrx_word' id='word_1_934' title='bbox 1340 3308 1396 3332; x_wconf 82' lang='lat' dir='ltr'><strong>erat</strong></span> <span class='ocrx_word' id='word_1_935' title='bbox 1409 3306 1440 3331; x_wconf 93' lang='lat' dir='ltr'><strong>Vl</strong></span> <span class='ocrx_word' id='word_1_936' title='bbox 1455 3305 1487 3331; x_wconf 93' lang='grc'><strong>64</strong></span> <span class='ocrx_word' id='word_1_937' title='bbox 1507 3312 1532 3340; x_wconf 90' lang='lat' dir='ltr'><strong>q.</strong></span> <span class='ocrx_word' id='word_1_938' title='bbox 1553 3306 1568 3331; x_wconf 90' lang='grc'><strong>2</strong></span> <span class='ocrx_word' id='word_1_939' title='bbox 1584 3304 1612 3331; x_wconf 75' lang='lat' dir='ltr'><strong>t·</strong></span> 
     </span>
     <span class='ocr_line' id='line_1_142' title="bbox 973 3349 1612 3384; baseline -0.005 -6"><span class='ocrx_word' id='word_1_940' title='bbox 973 3365 1008 3372; x_wconf 92' lang='lat'>—</span> <span class='ocrx_word' id='word_1_941' title='bbox 1035 3355 1178 3384; x_wconf 85' lang='lat' dir='ltr'><strong>utrumque</strong></span> <span class='ocrx_word' id='word_1_942' title='bbox 1204 3357 1295 3377; x_wconf 81' lang='lat' dir='ltr'><strong>sexum</strong></span> <span class='ocrx_word' id='word_1_943' title='bbox 1326 3349 1439 3382; x_wconf 86' lang='lat' dir='ltr'><strong>recepit,</strong></span> <span class='ocrx_word' id='word_1_944' title='bbox 1470 3352 1612 3382; x_wconf 90' lang='lat' dir='ltr'><strong>utrumque</strong></span> 
     </span>
     <span class='ocr_line' id='line_1_143' title="bbox 973 3394 1612 3428; baseline -0.003 -6"><span class='ocrx_word' id='word_1_945' title='bbox 973 3396 1075 3422; x_wconf 81' lang='lat' dir='ltr'><strong>sanavit</strong></span> <span class='ocrx_word' id='word_1_946' title='bbox 1093 3395 1272 3428; x_wconf 81' lang='lat' dir='ltr'><strong>corporaliter,</strong></span> <span class='ocrx_word' id='word_1_947' title='bbox 1291 3397 1433 3427; x_wconf 84' lang='lat' dir='ltr'><strong>utrumque</strong></span> <span class='ocrx_word' id='word_1_948' title='bbox 1446 3394 1551 3420; x_wconf 85' lang='lat' dir='ltr'><strong>vocavit</strong></span> <span class='ocrx_word' id='word_1_949' title='bbox 1564 3400 1612 3426; x_wconf 88' lang='lat' dir='ltr'><strong>per</strong></span> 
     </span>
    </p>
   </div>
   <div class='ocr_carea' id='block_1_10' title="bbox 1589 634 1606 644">
    <p class='ocr_par' dir='ltr' id='par_1_22' title="bbox 1589 634 1606 644">
     <span class='ocr_line' id='line_1_144' title="bbox 1589 634 1606 644; baseline 0 0"><span class='ocrx_word' id='word_1_950' title='bbox 1589 634 1606 644; x_wconf 51' lang='lat' dir='ltr'>x</span> 
     </span>
    </p>
   </div>
   <div class='ocr_carea' id='block_1_11' title="bbox 1608 342 1623 1425">
    <p class='ocr_par' dir='ltr' id='par_1_23' title="bbox 1608 342 1623 1425">
     <span class='ocr_line' id='line_1_145' title="bbox 1608 342 1623 1425; textangle 90"><span class='ocrx_word' id='word_1_951' title='bbox 1608 342 1623 1425; x_wconf 40' lang='grc' dir='ltr'><strong>ἕψω-ἐμ</strong></span> 
     </span>
    </p>
   </div>
   <div class='ocr_carea' id='block_1_12' title="bbox 1620 1426 1635 3416">
    <p class='ocr_par' dir='ltr' id='par_1_24' title="bbox 1620 1426 1635 3416">
     <span class='ocr_line' id='line_1_146' title="bbox 1620 1426 1635 3416; textangle 90"><span class='ocrx_word' id='word_1_952' title='bbox 1620 1426 1635 3416; x_wconf 45' lang='lat'><em>.—-—-———-—-—————-————*--—————-————</em></span> 
     </span>
    </p>
   </div>
   <div class='ocr_carea' id='block_1_13' title="bbox 1629 293 2288 3420">
    <p class='ocr_par' dir='ltr' id='par_1_25' title="bbox 1629 293 2268 410">
     <span class='ocr_line' id='line_1_147' title="bbox 1871 293 1995 327; baseline 0 -7"><span class='ocrx_word' id='word_1_953' title='bbox 1871 294 1936 320; x_wconf 85' lang='lat' dir='ltr'><strong>CHR</strong></span> <span class='ocrx_word' id='word_1_954' title='bbox 1956 293 1995 327; x_wconf 91' lang='grc'><strong>(2)</strong></span> 
     </span>
     <span class='ocr_line' id='line_1_148' title="bbox 1629 337 2268 371; baseline -0.003 -6"><span class='ocrx_word' id='word_1_955' title='bbox 1629 339 1767 371; x_wconf 80' lang='lat' dir='ltr'><strong>Apostolos</strong></span> <span class='ocrx_word' id='word_1_956' title='bbox 1786 337 1847 365; x_wconf 81' lang='lat' dir='ltr'><strong>ibid.</strong></span> <span class='ocrx_word' id='word_1_957' title='bbox 1866 352 1901 357; x_wconf 88' lang='lat'><strong>—-</strong></span> <span class='ocrx_word' id='word_1_958' title='bbox 1920 338 1996 371; x_wconf 87' lang='lat' dir='ltr'><strong>Quod</strong></span> <span class='ocrx_word' id='word_1_959' title='bbox 2015 337 2139 364; x_wconf 83' lang='lat' dir='ltr'><strong>assumsit</strong></span> <span class='ocrx_word' id='word_1_960' title='bbox 2150 337 2268 364; x_wconf 87' lang='lat' dir='ltr'><strong>Christus</strong></span> 
     </span>
     <span class='ocr_line' id='line_1_149' title="bbox 1629 382 1897 410; baseline -0.007 0"><span class='ocrx_word' id='word_1_961' title='bbox 1629 385 1759 410; x_wconf 88' lang='lat' dir='ltr'><strong>salvatum</strong></span> <span class='ocrx_word' id='word_1_962' title='bbox 1776 386 1817 409; x_wconf 89' lang='lat' dir='ltr'><strong>est</strong></span> <span class='ocrx_word' id='word_1_963' title='bbox 1834 382 1897 409; x_wconf 82' lang='lat' dir='ltr'><strong>ibid.</strong></span> 
     </span>
    </p>

    <p class='ocr_par' dir='ltr' id='par_1_26' title="bbox 1630 426 2273 725">
     <span class='ocr_line' id='line_1_150' title="bbox 1684 426 2269 458; baseline -0.003 -5"><span class='ocrx_word' id='word_1_964' title='bbox 1684 442 1717 446; x_wconf 91' lang='lat'><strong>-—</strong></span> <span class='ocrx_word' id='word_1_965' title='bbox 1736 427 1862 453; x_wconf 90' lang='lat' dir='ltr'><strong>Nativitas</strong></span> <span class='ocrx_word' id='word_1_966' title='bbox 1880 426 1975 454; x_wconf 90' lang='lat' dir='ltr'><strong>Christi</strong></span> <span class='ocrx_word' id='word_1_967' title='bbox 1994 426 2145 458; x_wconf 90' lang='lat' dir='ltr'><strong>temporalis</strong></span> <span class='ocrx_word' id='word_1_968' title='bbox 2169 426 2216 452; x_wconf 91' lang='lat' dir='ltr'><strong>fuit</strong></span> <span class='ocrx_word' id='word_1_969' title='bbox 2243 426 2269 451; x_wconf 89' lang='lat' dir='ltr'><strong>in</strong></span> 
     </span>
     <span class='ocr_line' id='line_1_151' title="bbox 1630 471 2270 504; baseline -0.003 -6"><span class='ocrx_word' id='word_1_970' title='bbox 1630 474 1704 498; x_wconf 89' lang='lat' dir='ltr'><strong>utero</strong></span> <span class='ocrx_word' id='word_1_971' title='bbox 1729 474 1858 504; x_wconf 86' lang='lat' dir='ltr'><strong>quantum</strong></span> <span class='ocrx_word' id='word_1_972' title='bbox 1884 471 1919 497; x_wconf 90' lang='lat' dir='ltr'><strong>ad</strong></span> <span class='ocrx_word' id='word_1_973' title='bbox 1946 473 2118 502; x_wconf 87' lang='lat' dir='ltr'><strong>conceptum,</strong></span> <span class='ocrx_word' id='word_1_974' title='bbox 2145 477 2175 496; x_wconf 85' lang='lat' dir='ltr'><strong>ex</strong></span> <span class='ocrx_word' id='word_1_975' title='bbox 2196 473 2270 496; x_wconf 89' lang='lat' dir='ltr'><strong>utero</strong></span> 
     </span>
     <span class='ocr_line' id='line_1_152' title="bbox 1630 515 2271 549; baseline -0.002 -8"><span class='ocrx_word' id='word_1_976' title='bbox 1630 519 1758 549; x_wconf 86' lang='lat' dir='ltr'><strong>quantum</strong></span> <span class='ocrx_word' id='word_1_977' title='bbox 1777 515 1811 541; x_wconf 87' lang='lat' dir='ltr'><strong>ad</strong></span> <span class='ocrx_word' id='word_1_978' title='bbox 1830 518 1951 547; x_wconf 82' lang='lat' dir='ltr'><strong>partum,</strong></span> <span class='ocrx_word' id='word_1_979' title='bbox 1969 518 2039 541; x_wconf 86' lang='lat' dir='ltr'><strong>extra</strong></span> <span class='ocrx_word' id='word_1_980' title='bbox 2067 518 2171 541; x_wconf 89' lang='lat' dir='ltr'><strong>uterum</strong></span> <span class='ocrx_word' id='word_1_981' title='bbox 2190 521 2271 547; x_wconf 88' lang='lat' dir='ltr'><strong>quan-</strong></span> 
     </span>
     <span class='ocr_line' id='line_1_153' title="bbox 1631 558 2270 592; baseline -0.002 -7"><span class='ocrx_word' id='word_1_982' title='bbox 1631 563 1687 586; x_wconf 90' lang='lat' dir='ltr'><strong>tum</strong></span> <span class='ocrx_word' id='word_1_983' title='bbox 1713 560 1748 585; x_wconf 88' lang='lat' dir='ltr'><strong>ad</strong></span> <span class='ocrx_word' id='word_1_984' title='bbox 1773 559 1935 592; x_wconf 89' lang='lat' dir='ltr'><strong>baptismum</strong></span> <span class='ocrx_word' id='word_1_985' title='bbox 1961 559 2004 584; x_wconf 93' lang='lat' dir='ltr'><strong>Vll</strong></span> <span class='ocrx_word' id='word_1_986' title='bbox 2030 559 2063 585; x_wconf 89' lang='grc'><strong>13</strong></span> <span class='ocrx_word' id='word_1_987' title='bbox 2082 558 2098 584; x_wconf 93' lang='grc'>7</span> <span class='ocrx_word' id='word_1_988' title='bbox 2117 572 2153 578; x_wconf 91' lang='lat'><em>-</em></span> <span class='ocrx_word' id='word_1_989' title='bbox 2176 558 2270 584; x_wconf 86' lang='lat' dir='ltr'><strong>Miseri-</strong></span> 
     </span>
     <span class='ocr_line' id='line_1_154' title="bbox 1631 602 2271 630; baseline -0.002 -1"><span class='ocrx_word' id='word_1_990' title='bbox 1631 604 1720 630; x_wconf 89' lang='lat' dir='ltr'><strong>cordia</strong></span> <span class='ocrx_word' id='word_1_991' title='bbox 1750 604 1795 629; x_wconf 88' lang='lat' dir='ltr'><strong>Dei</strong></span> <span class='ocrx_word' id='word_1_992' title='bbox 1825 604 1980 629; x_wconf 86' lang='lat' dir='ltr'><strong>acceleravit</strong></span> <span class='ocrx_word' id='word_1_993' title='bbox 2003 603 2207 629; x_wconf 88' lang='lat' dir='ltr'><strong>incarnationem</strong></span> <span class='ocrx_word' id='word_1_994' title='bbox 2238 602 2271 628; x_wconf 91' lang='grc'><strong>42</strong></span> 
     </span>
     <span class='ocr_line' id='line_1_155' title="bbox 1633 647 2273 680; baseline 0 -7"><span class='ocrx_word' id='word_1_995' title='bbox 1633 648 1683 674; x_wconf 92' lang='grc'><strong>138</strong></span> <span class='ocrx_word' id='word_1_996' title='bbox 1698 662 1731 666; x_wconf 93' lang='lat'><strong>—-</strong></span> <span class='ocrx_word' id='word_1_997' title='bbox 1745 648 1860 674; x_wconf 90' lang='lat' dir='ltr'><strong>visitavit</strong></span> <span class='ocrx_word' id='word_1_998' title='bbox 1878 651 1974 674; x_wconf 89' lang='lat' dir='ltr'><strong>terram</strong></span> <span class='ocrx_word' id='word_1_999' title='bbox 1994 655 2042 680; x_wconf 90' lang='lat' dir='ltr'><strong>per</strong></span> <span class='ocrx_word' id='word_1_1000' title='bbox 2054 647 2273 678; x_wconf 87' lang='lat' dir='ltr'><strong>incarnationem,</strong></span> 
     </span>
     <span class='ocr_line' id='line_1_156' title="bbox 1632 692 2272 725; baseline -0.002 -7"><span class='ocrx_word' id='word_1_1001' title='bbox 1632 692 1740 725; x_wconf 87' lang='lat' dir='ltr'><strong>quando</strong></span> <span class='ocrx_word' id='word_1_1002' title='bbox 1758 699 1863 718; x_wconf 89' lang='lat' dir='ltr'><strong>carnem</strong></span> <span class='ocrx_word' id='word_1_1003' title='bbox 1883 693 1977 718; x_wconf 89' lang='lat' dir='ltr'><strong>sumsit</strong></span> <span class='ocrx_word' id='word_1_1004' title='bbox 1994 699 2025 718; x_wconf 87' lang='lat' dir='ltr'><strong>ex</strong></span> <span class='ocrx_word' id='word_1_1005' title='bbox 2047 692 2155 724; x_wconf 83' lang='lat' dir='ltr'><strong>Virgine</strong></span> <span class='ocrx_word' id='word_1_1006' title='bbox 2173 692 2206 717; x_wconf 87' lang='grc'><strong>39</strong></span> <span class='ocrx_word' id='word_1_1007' title='bbox 2221 692 2272 717; x_wconf 92' lang='grc'><strong>122</strong></span> 
     </span>
    </p>

    <p class='ocr_par' dir='ltr' id='par_1_27' title="bbox 1633 736 2279 1344">
     <span class='ocr_line' id='line_1_157' title="bbox 1685 736 2274 763; baseline 0 -2"><span class='ocrx_word' id='word_1_1008' title='bbox 1685 750 1721 755; x_wconf 94' lang='grc'>-</span> <span class='ocrx_word' id='word_1_1009' title='bbox 1740 737 1766 762; x_wconf 92' lang='lat' dir='ltr'><strong>ln</strong></span> <span class='ocrx_word' id='word_1_1010' title='bbox 1785 736 1962 762; x_wconf 90' lang='lat' dir='ltr'><strong>incarnatione</strong></span> <span class='ocrx_word' id='word_1_1011' title='bbox 1978 736 2170 763; x_wconf 88' lang='lat' dir='ltr'><strong>consummatio</strong></span> <span class='ocrx_word' id='word_1_1012' title='bbox 2188 739 2227 762; x_wconf 90' lang='lat' dir='ltr'><strong>est</strong></span> <span class='ocrx_word' id='word_1_1013' title='bbox 2240 737 2274 761; x_wconf 90' lang='lat' dir='ltr'><strong>fa-</strong></span> 
     </span>
     <span class='ocr_line' id='line_1_158' title="bbox 1633 780 2273 813; baseline 0 -7"><span class='ocrx_word' id='word_1_1014' title='bbox 1633 783 1672 807; x_wconf 86' lang='lat' dir='ltr'><strong>cta</strong></span> <span class='ocrx_word' id='word_1_1015' title='bbox 1686 781 1807 807; x_wconf 89' lang='lat' dir='ltr'><strong>omnium</strong></span> <span class='ocrx_word' id='word_1_1016' title='bbox 1821 780 2010 807; x_wconf 82' lang='lat' dir='ltr'><strong>beneficiorum</strong></span> <span class='ocrx_word' id='word_1_1017' title='bbox 2025 781 2215 813; x_wconf 90' lang='lat' dir='ltr'><strong>promissorum</strong></span> <span class='ocrx_word' id='word_1_1018' title='bbox 2230 780 2273 806; x_wconf 93' lang='lat' dir='ltr'><strong>Vli</strong></span> 
     </span>
     <span class='ocr_line' id='line_1_159' title="bbox 1635 824 2274 858; baseline -0.002 -7"><span class='ocrx_word' id='word_1_1019' title='bbox 1635 825 1668 851; x_wconf 86' lang='grc'><strong>34</strong></span> <span class='ocrx_word' id='word_1_1020' title='bbox 1693 826 1743 850; x_wconf 92' lang='grc'><strong>100</strong></span> <span class='ocrx_word' id='word_1_1021' title='bbox 1768 839 1804 845; x_wconf 89' lang='grc'>-</span> <span class='ocrx_word' id='word_1_1022' title='bbox 1827 826 1856 851; x_wconf 93' lang='lat' dir='ltr'><strong>ln</strong></span> <span class='ocrx_word' id='word_1_1023' title='bbox 1883 825 1985 852; x_wconf 91' lang='lat' dir='ltr'><strong>Christo</strong></span> <span class='ocrx_word' id='word_1_1024' title='bbox 2010 826 2134 858; x_wconf 89' lang='lat' dir='ltr'><strong>impletae</strong></span> <span class='ocrx_word' id='word_1_1025' title='bbox 2152 828 2212 851; x_wconf 91' lang='lat' dir='ltr'><strong>sunt</strong></span> <span class='ocrx_word' id='word_1_1026' title='bbox 2231 824 2274 851; x_wconf 85' lang='lat' dir='ltr'><strong>be-</strong></span> 
     </span>
     <span class='ocr_line' id='line_1_160' title="bbox 1635 869 2273 901; baseline 0 -7"><span class='ocrx_word' id='word_1_1027' title='bbox 1635 869 1797 895; x_wconf 90' lang='lat' dir='ltr'><strong>nedictiones</strong></span> <span class='ocrx_word' id='word_1_1028' title='bbox 1816 870 1921 896; x_wconf 74' lang='lat' dir='ltr'><strong>patrum</strong></span> <span class='ocrx_word' id='word_1_1029' title='bbox 1941 870 1970 895; x_wconf 86' lang='grc'><strong>61</strong></span> <span class='ocrx_word' id='word_1_1030' title='bbox 1988 870 2022 895; x_wconf 87' lang='grc'><strong>76</strong></span> <span class='ocrx_word' id='word_1_1031' title='bbox 2041 869 2078 890; x_wconf 66' lang='grc' dir='ltr'>ι’·-</span> <span class='ocrx_word' id='word_1_1032' title='bbox 2099 870 2127 895; x_wconf 90' lang='lat' dir='ltr'><strong>ln</strong></span> <span class='ocrx_word' id='word_1_1033' title='bbox 2149 869 2273 901; x_wconf 88' lang='lat' dir='ltr'><strong>mysterio</strong></span> 
     </span>
     <span class='ocr_line' id='line_1_161' title="bbox 1636 904 2275 946; baseline 0 -7"><span class='ocrx_word' id='word_1_1034' title='bbox 1636 913 1820 939; x_wconf 89' lang='lat' dir='ltr'><strong>incarnationis</strong></span> <span class='ocrx_word' id='word_1_1035' title='bbox 1839 917 1878 940; x_wconf 91' lang='lat' dir='ltr'><strong>est</strong></span> <span class='ocrx_word' id='word_1_1036' title='bbox 1896 917 2001 940; x_wconf 85' lang='lat' dir='ltr'><strong>nostrae</strong></span> <span class='ocrx_word' id='word_1_1037' title='bbox 2019 914 2110 942; x_wconf 86' lang='lat' dir='ltr'><strong>salutis</strong></span> <span class='ocrx_word' id='word_1_1038' title='bbox 2122 913 2234 946; x_wconf 89' lang='lat' dir='ltr'><strong>initium,</strong></span> <span class='ocrx_word' id='word_1_1039' title='bbox 2247 904 2275 939; x_wconf 84' lang='lat' dir='ltr'><strong>in</strong></span> 
     </span>
     <span class='ocr_line' id='line_1_162' title="bbox 1637 958 2276 990; baseline 0 -7"><span class='ocrx_word' id='word_1_1040' title='bbox 1637 958 1805 984; x_wconf 89' lang='lat' dir='ltr'><strong>Sacramento</strong></span> <span class='ocrx_word' id='word_1_1041' title='bbox 1824 958 1997 990; x_wconf 88' lang='lat' dir='ltr'><strong>reparationis</strong></span> <span class='ocrx_word' id='word_1_1042' title='bbox 2016 961 2056 984; x_wconf 89' lang='lat' dir='ltr'><strong>est</strong></span> <span class='ocrx_word' id='word_1_1043' title='bbox 2073 958 2276 988; x_wconf 89' lang='lat' dir='ltr'><strong>incrementum,</strong></span> 
     </span>
     <span class='ocr_line' id='line_1_163' title="bbox 1636 1002 2276 1034; baseline 0 -7"><span class='ocrx_word' id='word_1_1044' title='bbox 1636 1002 1663 1027; x_wconf 91' lang='lat' dir='ltr'><strong>in</strong></span> <span class='ocrx_word' id='word_1_1045' title='bbox 1683 1002 1779 1028; x_wconf 88' lang='lat' dir='ltr'><strong>iudicio</strong></span> <span class='ocrx_word' id='word_1_1046' title='bbox 1798 1002 1976 1028; x_wconf 88' lang='lat' dir='ltr'><strong>retributionis</strong></span> <span class='ocrx_word' id='word_1_1047' title='bbox 1995 1005 2034 1028; x_wconf 92' lang='lat' dir='ltr'><strong>est</strong></span> <span class='ocrx_word' id='word_1_1048' title='bbox 2051 1003 2276 1034; x_wconf 89' lang='lat' dir='ltr'><strong>complementum</strong></span> 
     </span>
     <span class='ocr_line' id='line_1_164' title="bbox 1636 1046 2276 1078; baseline 0 -6"><span class='ocrx_word' id='word_1_1049' title='bbox 1636 1046 1670 1073; x_wconf 91' lang='lat'><strong>79</strong></span> <span class='ocrx_word' id='word_1_1050' title='bbox 1695 1047 1728 1072; x_wconf 87' lang='lat'><strong>38</strong></span> <span class='ocrx_word' id='word_1_1051' title='bbox 1752 1060 1786 1065; x_wconf 86' lang='lat'>-</span> <span class='ocrx_word' id='word_1_1052' title='bbox 1815 1047 1841 1071; x_wconf 89' lang='lat' dir='ltr'><strong>ln</strong></span> <span class='ocrx_word' id='word_1_1053' title='bbox 1871 1046 2048 1072; x_wconf 86' lang='lat' dir='ltr'><strong>incarnatione</strong></span> <span class='ocrx_word' id='word_1_1054' title='bbox 2076 1046 2170 1072; x_wconf 88' lang='lat' dir='ltr'><strong>umbra</strong></span> <span class='ocrx_word' id='word_1_1055' title='bbox 2199 1046 2276 1078; x_wconf 87' lang='lat' dir='ltr'><strong>Legis</strong></span> 
     </span>
     <span class='ocr_line' id='line_1_165' title="bbox 1637 1091 2277 1121; baseline 0 -5"><span class='ocrx_word' id='word_1_1056' title='bbox 1637 1098 1765 1117; x_wconf 88' lang='lat' dir='ltr'><strong>conversa</strong></span> <span class='ocrx_word' id='word_1_1057' title='bbox 1783 1094 1823 1117; x_wconf 90' lang='lat' dir='ltr'><strong>est</strong></span> <span class='ocrx_word' id='word_1_1058' title='bbox 1842 1091 1868 1116; x_wconf 91' lang='grc'><strong>111</strong></span> <span class='ocrx_word' id='word_1_1059' title='bbox 1886 1091 2033 1121; x_wconf 88' lang='lat' dir='ltr'><strong>veritatem,</strong></span> <span class='ocrx_word' id='word_1_1060' title='bbox 2053 1091 2166 1117; x_wconf 88' lang='lat' dir='ltr'><strong>varietas</strong></span> <span class='ocrx_word' id='word_1_1061' title='bbox 2179 1091 2277 1117; x_wconf 86' lang='lat' dir='ltr'><strong>sacrifl-</strong></span> 
     </span>
     <span class='ocr_line' id='line_1_166' title="bbox 1637 1134 2278 1167; baseline 0 -6"><span class='ocrx_word' id='word_1_1062' title='bbox 1637 1135 1738 1161; x_wconf 90' lang='lat' dir='ltr'><strong>ciorum</strong></span> <span class='ocrx_word' id='word_1_1063' title='bbox 1758 1134 1783 1161; x_wconf 93' lang='lat' dir='ltr'><strong>in</strong></span> <span class='ocrx_word' id='word_1_1064' title='bbox 1802 1135 1936 1166; x_wconf 87' lang='lat' dir='ltr'><strong>unitatem,</strong></span> <span class='ocrx_word' id='word_1_1065' title='bbox 1948 1135 2075 1167; x_wconf 82' lang='lat' dir='ltr'><strong>asperitas</strong></span> <span class='ocrx_word' id='word_1_1066' title='bbox 2088 1142 2233 1167; x_wconf 88' lang='lat' dir='ltr'><strong>poenarum</strong></span> <span class='ocrx_word' id='word_1_1067' title='bbox 2250 1135 2278 1161; x_wconf 91' lang='lat' dir='ltr'><strong>in</strong></span> 
     </span>
     <span class='ocr_line' id='line_1_167' title="bbox 1637 1179 2278 1211; baseline 0 -6"><span class='ocrx_word' id='word_1_1068' title='bbox 1637 1179 1785 1211; x_wconf 87' lang='lat' dir='ltr'><strong>levitatem,</strong></span> <span class='ocrx_word' id='word_1_1069' title='bbox 1804 1179 1953 1211; x_wconf 84' lang='lat' dir='ltr'><strong>aenigmata</strong></span> <span class='ocrx_word' id='word_1_1070' title='bbox 1978 1179 2003 1205; x_wconf 92' lang='lat' dir='ltr'><strong>in</strong></span> <span class='ocrx_word' id='word_1_1071' title='bbox 2028 1179 2129 1210; x_wconf 91' lang='lat' dir='ltr'><strong>lucem,</strong></span> <span class='ocrx_word' id='word_1_1072' title='bbox 2154 1180 2233 1205; x_wconf 92' lang='lat' dir='ltr'><strong>timor</strong></span> <span class='ocrx_word' id='word_1_1073' title='bbox 2252 1180 2278 1205; x_wconf 92' lang='lat' dir='ltr'><strong>in</strong></span> 
     </span>
     <span class='ocr_line' id='line_1_168' title="bbox 1637 1223 2278 1255; baseline 0.002 -7"><span class='ocrx_word' id='word_1_1074' title='bbox 1637 1230 1771 1255; x_wconf 91' lang='lat' dir='ltr'><strong>amorem,</strong></span> <span class='ocrx_word' id='word_1_1075' title='bbox 1791 1223 1979 1255; x_wconf 87' lang='lat' dir='ltr'><strong>promissiones</strong></span> <span class='ocrx_word' id='word_1_1076' title='bbox 1997 1223 2023 1249; x_wconf 91' lang='lat' dir='ltr'><strong>in</strong></span> <span class='ocrx_word' id='word_1_1077' title='bbox 2052 1223 2220 1255; x_wconf 90' lang='lat' dir='ltr'><strong>adeptionem</strong></span> <span class='ocrx_word' id='word_1_1078' title='bbox 2245 1224 2278 1249; x_wconf 85' lang='lat' dir='ltr'><strong>Vl</strong></span> 
     </span>
     <span class='ocr_line' id='line_1_169' title="bbox 1639 1268 2279 1294; baseline 0.002 -1"><span class='ocrx_word' id='word_1_1079' title='bbox 1639 1268 1690 1294; x_wconf 88' lang='grc'><strong>270</strong></span> <span class='ocrx_word' id='word_1_1080' title='bbox 1711 1269 1743 1293; x_wconf 89' lang='grc'><strong>-12</strong></span> <span class='ocrx_word' id='word_1_1081' title='bbox 1761 1281 1798 1287; x_wconf 92' lang='grc'>-</span> <span class='ocrx_word' id='word_1_1082' title='bbox 1818 1268 1842 1293; x_wconf 87' lang='lat' dir='ltr'><strong>ln</strong></span> <span class='ocrx_word' id='word_1_1083' title='bbox 1862 1268 2041 1293; x_wconf 85' lang='lat' dir='ltr'><strong>incarnatione</strong></span> <span class='ocrx_word' id='word_1_1084' title='bbox 2059 1268 2097 1293; x_wconf 91' lang='lat' dir='ltr'><strong>sol</strong></span> <span class='ocrx_word' id='word_1_1085' title='bbox 2116 1268 2223 1294; x_wconf 89' lang='lat' dir='ltr'><strong>recessit</strong></span> <span class='ocrx_word' id='word_1_1086' title='bbox 2236 1268 2279 1294; x_wconf 89' lang='lat' dir='ltr'><strong>de-</strong></span> 
     </span>
     <span class='ocr_line' id='line_1_170' title="bbox 1639 1311 2030 1344; baseline -0.003 -6"><span class='ocrx_word' id='word_1_1087' title='bbox 1639 1319 1697 1338; x_wconf 91' lang='lat' dir='ltr'><strong>cem</strong></span> <span class='ocrx_word' id='word_1_1088' title='bbox 1716 1311 1845 1344; x_wconf 87' lang='lat' dir='ltr'><strong>gradibus</strong></span> <span class='ocrx_word' id='word_1_1089' title='bbox 1863 1312 1906 1337; x_wconf 94' lang='lat' dir='ltr'><strong>Vll</strong></span> <span class='ocrx_word' id='word_1_1090' title='bbox 1926 1312 1977 1338; x_wconf 86' lang='lat'><strong>387</strong></span> <span class='ocrx_word' id='word_1_1091' title='bbox 1998 1312 2030 1337; x_wconf 89' lang='grc'><strong>16</strong></span> 
     </span>
    </p>

    <p class='ocr_par' dir='ltr' id='par_1_28' title="bbox 1640 1356 2282 1833">
     <span class='ocr_line' id='line_1_171' title="bbox 1691 1356 2279 1383; baseline 0 -1"><span class='ocrx_word' id='word_1_1092' title='bbox 1691 1370 1727 1376; x_wconf 87' lang='grc'>-</span> <span class='ocrx_word' id='word_1_1093' title='bbox 1746 1357 1793 1382; x_wconf 82' lang='lat' dir='ltr'><strong>Per</strong></span> <span class='ocrx_word' id='word_1_1094' title='bbox 1811 1356 2016 1383; x_wconf 88' lang='lat' dir='ltr'><strong>incarnationem</strong></span> <span class='ocrx_word' id='word_1_1095' title='bbox 2030 1356 2123 1383; x_wconf 89' lang='lat' dir='ltr'><strong>Christi</strong></span> <span class='ocrx_word' id='word_1_1096' title='bbox 2136 1361 2279 1383; x_wconf 90' lang='lat' dir='ltr'><strong>renovatur</strong></span> 
     </span>
     <span class='ocr_line' id='line_1_172' title="bbox 1640 1400 2278 1427; baseline 0 -1"><span class='ocrx_word' id='word_1_1097' title='bbox 1640 1402 1720 1427; x_wconf 91' lang='lat' dir='ltr'><strong>homo</strong></span> <span class='ocrx_word' id='word_1_1098' title='bbox 1738 1404 1764 1427; x_wconf 91' lang='lat' dir='ltr'><strong>et</strong></span> <span class='ocrx_word' id='word_1_1099' title='bbox 1788 1401 1903 1426; x_wconf 91' lang='lat' dir='ltr'><strong>mundus</strong></span> <span class='ocrx_word' id='word_1_1100' title='bbox 1928 1401 1971 1426; x_wconf 91' lang='lat' dir='ltr'><strong>Vll</strong></span> <span class='ocrx_word' id='word_1_1101' title='bbox 1991 1401 2025 1426; x_wconf 92' lang='grc'><strong>20</strong></span> <span class='ocrx_word' id='word_1_1102' title='bbox 2045 1400 2073 1426; x_wconf 92' lang='grc'><strong>41</strong></span> <span class='ocrx_word' id='word_1_1103' title='bbox 2097 1415 2132 1420; x_wconf 94' lang='grc'>-</span> <span class='ocrx_word' id='word_1_1104' title='bbox 2151 1402 2178 1427; x_wconf 85' lang='grc'><strong>111</strong></span> <span class='ocrx_word' id='word_1_1105' title='bbox 2197 1401 2278 1427; x_wconf 83' lang='grc'><strong>111031·-</strong></span> 
     </span>
     <span class='ocr_line' id='line_1_173' title="bbox 1641 1445 2280 1477; baseline 0 -6"><span class='ocrx_word' id='word_1_1106' title='bbox 1641 1446 1744 1471; x_wconf 88' lang='lat' dir='ltr'><strong>natione</strong></span> <span class='ocrx_word' id='word_1_1107' title='bbox 1762 1452 1810 1477; x_wconf 92' lang='lat' dir='ltr'><strong>per</strong></span> <span class='ocrx_word' id='word_1_1108' title='bbox 1829 1445 1984 1471; x_wconf 89' lang='lat' dir='ltr'><strong>miraculum</strong></span> <span class='ocrx_word' id='word_1_1109' title='bbox 1999 1446 2065 1471; x_wconf 85' lang='lat' dir='ltr'><strong>facta</strong></span> <span class='ocrx_word' id='word_1_1110' title='bbox 2079 1448 2118 1471; x_wconf 89' lang='lat' dir='ltr'><strong>est</strong></span> <span class='ocrx_word' id='word_1_1111' title='bbox 2130 1445 2280 1471; x_wconf 90' lang='lat' dir='ltr'><strong>coniunctio</strong></span> 
     </span>
     <span class='ocr_line' id='line_1_174' title="bbox 1642 1489 2281 1521; baseline -0.002 -5"><span class='ocrx_word' id='word_1_1112' title='bbox 1642 1490 1738 1516; x_wconf 83' lang='lat' dir='ltr'><strong>infinite</strong></span> <span class='ocrx_word' id='word_1_1113' title='bbox 1756 1490 1908 1516; x_wconf 91' lang='lat' dir='ltr'><strong>distantium</strong></span> <span class='ocrx_word' id='word_1_1114' title='bbox 1938 1490 1990 1515; x_wconf 87' lang='grc'><strong>296</strong></span> <span class='ocrx_word' id='word_1_1115' title='bbox 2015 1490 2049 1515; x_wconf 87' lang='grc'><strong>60</strong></span> <span class='ocrx_word' id='word_1_1116' title='bbox 2069 1503 2104 1509; x_wconf 90' lang='grc'>-</span> <span class='ocrx_word' id='word_1_1117' title='bbox 2123 1497 2170 1521; x_wconf 87' lang='lat' dir='ltr'><strong>per</strong></span> <span class='ocrx_word' id='word_1_1118' title='bbox 2188 1489 2281 1515; x_wconf 84' lang='lat' dir='ltr'><strong>carita-</strong></span> 
     </span>
     <span class='ocr_line' id='line_1_175' title="bbox 1641 1533 2282 1561; baseline -0.003 0"><span class='ocrx_word' id='word_1_1119' title='bbox 1641 1538 1693 1561; x_wconf 89' lang='lat' dir='ltr'><strong>tem</strong></span> <span class='ocrx_word' id='word_1_1120' title='bbox 1712 1534 1817 1561; x_wconf 87' lang='lat' dir='ltr'><strong>exhibet</strong></span> <span class='ocrx_word' id='word_1_1121' title='bbox 1835 1542 1864 1561; x_wconf 88' lang='lat' dir='ltr'><strong>se</strong></span> <span class='ocrx_word' id='word_1_1122' title='bbox 1882 1533 1960 1560; x_wconf 84' lang='lat' dir='ltr'><strong>nobis</strong></span> <span class='ocrx_word' id='word_1_1123' title='bbox 1979 1535 2084 1560; x_wconf 89' lang='lat' dir='ltr'><strong>fratrem</strong></span> <span class='ocrx_word' id='word_1_1124' title='bbox 2107 1541 2213 1560; x_wconf 88' lang='lat' dir='ltr'><strong>carnem</strong></span> <span class='ocrx_word' id='word_1_1125' title='bbox 2240 1541 2282 1560; x_wconf 89' lang='lat' dir='ltr'><strong>as-</strong></span> 
     </span>
     <span class='ocr_line' id='line_1_176' title="bbox 1640 1578 2281 1606; baseline -0.002 -1"><span class='ocrx_word' id='word_1_1126' title='bbox 1640 1579 1772 1606; x_wconf 87' lang='lat' dir='ltr'><strong>sumendo·</strong></span> <span class='ocrx_word' id='word_1_1127' title='bbox 1789 1582 1813 1605; x_wconf 90' lang='lat' dir='ltr'><strong>et</strong></span> <span class='ocrx_word' id='word_1_1128' title='bbox 1834 1579 1988 1605; x_wconf 78' lang='lat' dir='ltr'><strong>familiarem</strong></span> <span class='ocrx_word' id='word_1_1129' title='bbox 2008 1579 2033 1604; x_wconf 92' lang='lat' dir='ltr'><strong>in</strong></span> <span class='ocrx_word' id='word_1_1130' title='bbox 2048 1578 2124 1605; x_wconf 92' lang='lat' dir='ltr'><strong>nobis</strong></span> <span class='ocrx_word' id='word_1_1131' title='bbox 2138 1579 2281 1605; x_wconf 89' lang='lat' dir='ltr'><strong>habitando</strong></span> 
     </span>
     <span class='ocr_line' id='line_1_177' title="bbox 1641 1623 2282 1657; baseline -0.003 -6"><span class='ocrx_word' id='word_1_1132' title='bbox 1641 1625 1674 1651; x_wconf 95' lang='lat' dir='ltr'><strong>Vi</strong></span> <span class='ocrx_word' id='word_1_1133' title='bbox 1694 1624 1746 1650; x_wconf 87' lang='grc'><strong>537</strong></span> <span class='ocrx_word' id='word_1_1134' title='bbox 1776 1625 1784 1649; x_wconf 87' lang='grc'><strong>1</strong></span> <span class='ocrx_word' id='word_1_1135' title='bbox 1808 1638 1844 1643; x_wconf 95' lang='grc'><strong>-</strong></span> <span class='ocrx_word' id='word_1_1136' title='bbox 1863 1627 1902 1650; x_wconf 85' lang='grc'><strong>051</strong></span> <span class='ocrx_word' id='word_1_1137' title='bbox 1928 1623 2062 1654; x_wconf 89' lang='lat' dir='ltr'><strong>amabilis,</strong></span> <span class='ocrx_word' id='word_1_1138' title='bbox 2085 1624 2146 1657; x_wconf 86' lang='lat' dir='ltr'><strong>quia</strong></span> <span class='ocrx_word' id='word_1_1139' title='bbox 2172 1626 2282 1656; x_wconf 89' lang='lat' dir='ltr'><strong>apparet</strong></span> 
     </span>
     <span class='ocr_line' id='line_1_178' title="bbox 1641 1668 2282 1701; baseline -0.002 -7"><span class='ocrx_word' id='word_1_1140' title='bbox 1641 1669 1724 1695; x_wconf 87' lang='lat' dir='ltr'><strong>dulcis</strong></span> <span class='ocrx_word' id='word_1_1141' title='bbox 1742 1676 1773 1694; x_wconf 86' lang='lat' dir='ltr'><strong>ex</strong></span> <span class='ocrx_word' id='word_1_1142' title='bbox 1792 1675 1922 1701; x_wconf 90' lang='lat' dir='ltr'><strong>personae</strong></span> <span class='ocrx_word' id='word_1_1143' title='bbox 1941 1668 2100 1701; x_wconf 84' lang='lat' dir='ltr'><strong>gratiositate</strong></span> <span class='ocrx_word' id='word_1_1144' title='bbox 2118 1671 2144 1694; x_wconf 91' lang='lat' dir='ltr'><strong>et</strong></span> <span class='ocrx_word' id='word_1_1145' title='bbox 2163 1668 2232 1694; x_wconf 88' lang='lat' dir='ltr'><strong>utilis</strong></span> <span class='ocrx_word' id='word_1_1146' title='bbox 2250 1675 2282 1694; x_wconf 83' lang='lat' dir='ltr'><strong>ex</strong></span> 
     </span>
     <span class='ocr_line' id='line_1_179' title="bbox 1640 1712 2279 1740; baseline -0.002 -1"><span class='ocrx_word' id='word_1_1147' title='bbox 1640 1714 1747 1740; x_wconf 79' lang='lat' dir='ltr'><strong>effectus</strong></span> <span class='ocrx_word' id='word_1_1148' title='bbox 1767 1713 1873 1739; x_wconf 87' lang='lat' dir='ltr'><strong>utilitate</strong></span> <span class='ocrx_word' id='word_1_1149' title='bbox 1893 1713 1943 1739; x_wconf 83' lang='grc'><strong>543</strong></span> <span class='ocrx_word' id='word_1_1150' title='bbox 1965 1714 1975 1738; x_wconf 89' lang='grc'><strong>1</strong></span> <span class='ocrx_word' id='word_1_1151' title='bbox 1999 1727 2035 1733; x_wconf 93' lang='grc'>-</span> <span class='ocrx_word' id='word_1_1152' title='bbox 2053 1714 2102 1739; x_wconf 82' lang='lat' dir='ltr'><strong>Pro</strong></span> <span class='ocrx_word' id='word_1_1153' title='bbox 2121 1712 2216 1739; x_wconf 88' lang='lat' dir='ltr'><strong>Christi</strong></span> <span class='ocrx_word' id='word_1_1154' title='bbox 2235 1720 2279 1738; x_wconf 91' lang='lat' dir='ltr'><strong>na-</strong></span> 
     </span>
     <span class='ocr_line' id='line_1_180' title="bbox 1642 1757 2281 1789; baseline 0 -6"><span class='ocrx_word' id='word_1_1155' title='bbox 1642 1758 1740 1783; x_wconf 87' lang='lat' dir='ltr'><strong>tivitate</strong></span> <span class='ocrx_word' id='word_1_1156' title='bbox 1758 1761 1797 1783; x_wconf 91' lang='lat' dir='ltr'><strong>est</strong></span> <span class='ocrx_word' id='word_1_1157' title='bbox 1816 1757 1986 1789; x_wconf 84' lang='lat' dir='ltr'><strong>gaudendum</strong></span> <span class='ocrx_word' id='word_1_1158' title='bbox 2006 1757 2106 1783; x_wconf 89' lang='lat' dir='ltr'><strong>ratione</strong></span> <span class='ocrx_word' id='word_1_1159' title='bbox 2126 1757 2240 1783; x_wconf 91' lang='lat' dir='ltr'><strong>utilitatis</strong></span> <span class='ocrx_word' id='word_1_1160' title='bbox 2255 1760 2281 1783; x_wconf 93' lang='lat' dir='ltr'><strong>et</strong></span> 
     </span>
     <span class='ocr_line' id='line_1_181' title="bbox 1641 1801 2066 1833; baseline -0.002 -5"><span class='ocrx_word' id='word_1_1161' title='bbox 1641 1802 1741 1828; x_wconf 89' lang='lat' dir='ltr'><strong>ratione</strong></span> <span class='ocrx_word' id='word_1_1162' title='bbox 1760 1802 1895 1833; x_wconf 88' lang='lat' dir='ltr'><strong>dignitatis</strong></span> <span class='ocrx_word' id='word_1_1163' title='bbox 1916 1802 1957 1827; x_wconf 88' lang='lat' dir='ltr'><strong>Vll</strong></span> <span class='ocrx_word' id='word_1_1164' title='bbox 1978 1801 2011 1827; x_wconf 91' lang='grc'><strong>49</strong></span> <span class='ocrx_word' id='word_1_1165' title='bbox 2032 1801 2066 1827; x_wconf 87' lang='grc'><strong>24</strong></span> 
     </span>
    </p>

    <p class='ocr_par' dir='ltr' id='par_1_29' title="bbox 1642 1845 2285 2405">
     <span class='ocr_line' id='line_1_182' title="bbox 1693 1845 2282 1873; baseline -0.003 0"><span class='ocrx_word' id='word_1_1166' title='bbox 1693 1860 1730 1866; x_wconf 90' lang='grc'><strong>-</strong></span> <span class='ocrx_word' id='word_1_1167' title='bbox 1749 1845 1812 1873; x_wconf 75' lang='lat' dir='ltr'><strong>Caro</strong></span> <span class='ocrx_word' id='word_1_1168' title='bbox 1831 1845 1924 1872; x_wconf 89' lang='lat' dir='ltr'><strong>Christi</strong></span> <span class='ocrx_word' id='word_1_1169' title='bbox 1937 1845 2131 1872; x_wconf 86' lang='lat' dir='ltr'><strong>assimilabatur</strong></span> <span class='ocrx_word' id='word_1_1170' title='bbox 2149 1846 2221 1871; x_wconf 90' lang='lat' dir='ltr'><strong>carni</strong></span> <span class='ocrx_word' id='word_1_1171' title='bbox 2235 1847 2282 1871; x_wconf 91' lang='lat' dir='ltr'><strong>ho-</strong></span> 
     </span>
     <span class='ocr_line' id='line_1_183' title="bbox 1642 1891 2282 1923; baseline -0.003 -6"><span class='ocrx_word' id='word_1_1172' title='bbox 1642 1892 1719 1918; x_wconf 87' lang='lat' dir='ltr'><strong>minis</strong></span> <span class='ocrx_word' id='word_1_1173' title='bbox 1737 1891 1881 1917; x_wconf 85' lang='lat' dir='ltr'><strong>innocentis</strong></span> <span class='ocrx_word' id='word_1_1174' title='bbox 1899 1891 1926 1916; x_wconf 92' lang='lat' dir='ltr'><strong>in</strong></span> <span class='ocrx_word' id='word_1_1175' title='bbox 1939 1891 2052 1923; x_wconf 87' lang='lat' dir='ltr'><strong>puritate</strong></span> <span class='ocrx_word' id='word_1_1176' title='bbox 2070 1891 2103 1916; x_wconf 92' lang='lat' dir='ltr'><strong>Vl</strong></span> <span class='ocrx_word' id='word_1_1177' title='bbox 2122 1891 2174 1916; x_wconf 87' lang='grc'><strong>289</strong></span> <span class='ocrx_word' id='word_1_1178' title='bbox 2194 1891 2228 1916; x_wconf 78' lang='grc'><strong>62</strong></span> <span class='ocrx_word' id='word_1_1179' title='bbox 2247 1904 2282 1910; x_wconf 95' lang='grc'><strong>-</strong></span> 
     </span>
     <span class='ocr_line' id='line_1_184' title="bbox 1642 1934 2283 1967; baseline -0.003 -5"><span class='ocrx_word' id='word_1_1180' title='bbox 1642 1936 1708 1962; x_wconf 92' lang='lat' dir='ltr'><strong>Caro</strong></span> <span class='ocrx_word' id='word_1_1181' title='bbox 1720 1936 1873 1967; x_wconf 83' lang='lat' dir='ltr'><strong>designatur</strong></span> <span class='ocrx_word' id='word_1_1182' title='bbox 1886 1942 1934 1967; x_wconf 92' lang='lat' dir='ltr'><strong>per</strong></span> <span class='ocrx_word' id='word_1_1183' title='bbox 1952 1934 2050 1961; x_wconf 87' lang='lat' dir='ltr'><strong>nubem</strong></span> <span class='ocrx_word' id='word_1_1184' title='bbox 2065 1935 2108 1960; x_wconf 91' lang='lat' dir='ltr'><strong>Vll</strong></span> <span class='ocrx_word' id='word_1_1185' title='bbox 2125 1934 2176 1960; x_wconf 88' lang='grc'><strong>237</strong></span> <span class='ocrx_word' id='word_1_1186' title='bbox 2196 1934 2229 1960; x_wconf 93' lang='grc'><strong>64</strong></span> <span class='ocrx_word' id='word_1_1187' title='bbox 2248 1948 2283 1954; x_wconf 96' lang='grc'>-</span> 
     </span>
     <span class='ocr_line' id='line_1_185' title="bbox 1642 1979 2284 2012; baseline -0.002 -6"><span class='ocrx_word' id='word_1_1188' title='bbox 1642 1980 1708 2006; x_wconf 91' lang='lat' dir='ltr'><strong>Caro</strong></span> <span class='ocrx_word' id='word_1_1189' title='bbox 1727 1983 1907 2012; x_wconf 86' lang='lat' dir='ltr'><strong>contemperat</strong></span> <span class='ocrx_word' id='word_1_1190' title='bbox 1925 1980 2013 2006; x_wconf 91' lang='lat' dir='ltr'><strong>lumen</strong></span> <span class='ocrx_word' id='word_1_1191' title='bbox 2037 1979 2183 2006; x_wconf 88' lang='lat' dir='ltr'><strong>Divinitatis</strong></span> <span class='ocrx_word' id='word_1_1192' title='bbox 2201 1979 2284 2005; x_wconf 88' lang='lat' dir='ltr'><strong>oculis</strong></span> 
     </span>
     <span class='ocr_line' id='line_1_186' title="bbox 1642 2023 2282 2056; baseline 0 -6"><span class='ocrx_word' id='word_1_1193' title='bbox 1642 2024 1751 2054; x_wconf 83' lang='lat' dir='ltr'><strong>nostris,</strong></span> <span class='ocrx_word' id='word_1_1194' title='bbox 1771 2027 1799 2050; x_wconf 92' lang='lat' dir='ltr'><strong>ut</strong></span> <span class='ocrx_word' id='word_1_1195' title='bbox 1817 2024 1950 2056; x_wconf 92' lang='lat' dir='ltr'><strong>possimus</strong></span> <span class='ocrx_word' id='word_1_1196' title='bbox 1963 2024 2056 2050; x_wconf 91' lang='lat' dir='ltr'><strong>intueri</strong></span> <span class='ocrx_word' id='word_1_1197' title='bbox 2075 2023 2138 2050; x_wconf 79' lang='lat' dir='ltr'><strong>ibid.</strong></span> <span class='ocrx_word' id='word_1_1198' title='bbox 2159 2039 2194 2043; x_wconf 97' lang='lat'><strong>—</strong></span> <span class='ocrx_word' id='word_1_1199' title='bbox 2214 2023 2282 2050; x_wconf 87' lang='lat' dir='ltr'><strong>Caro</strong></span> 
     </span>
     <span class='ocr_line' id='line_1_187' title="bbox 1643 2068 2283 2101; baseline 0 -7"><span class='ocrx_word' id='word_1_1200' title='bbox 1643 2071 1682 2094; x_wconf 89' lang='lat' dir='ltr'><strong>est</strong></span> <span class='ocrx_word' id='word_1_1201' title='bbox 1700 2068 1805 2094; x_wconf 88' lang='lat' dir='ltr'><strong>divinae</strong></span> <span class='ocrx_word' id='word_1_1202' title='bbox 1826 2068 1892 2094; x_wconf 89' lang='lat' dir='ltr'><strong>lucis</strong></span> <span class='ocrx_word' id='word_1_1203' title='bbox 1910 2068 2062 2094; x_wconf 88' lang='lat' dir='ltr'><strong>vehiculum</strong></span> <span class='ocrx_word' id='word_1_1204' title='bbox 2081 2075 2162 2101; x_wconf 89' lang='lat' dir='ltr'><strong>super</strong></span> <span class='ocrx_word' id='word_1_1205' title='bbox 2186 2072 2283 2094; x_wconf 90' lang='lat' dir='ltr'><strong>terram</strong></span> 
     </span>
     <span class='ocr_line' id='line_1_188' title="bbox 1644 2111 2283 2139; baseline 0 -1"><span class='ocrx_word' id='word_1_1206' title='bbox 1644 2111 1809 2139; x_wconf 89' lang='lat' dir='ltr'><strong>tenebrosam</strong></span> <span class='ocrx_word' id='word_1_1207' title='bbox 1829 2111 1891 2138; x_wconf 79' lang='lat' dir='ltr'><strong>ibid.</strong></span> <span class='ocrx_word' id='word_1_1208' title='bbox 1909 2126 1945 2131; x_wconf 98' lang='lat'><strong>—</strong></span> <span class='ocrx_word' id='word_1_1209' title='bbox 1963 2112 2030 2138; x_wconf 89' lang='lat' dir='ltr'><strong>Caro</strong></span> <span class='ocrx_word' id='word_1_1210' title='bbox 2048 2115 2136 2138; x_wconf 90' lang='lat' dir='ltr'><strong>ortum</strong></span> <span class='ocrx_word' id='word_1_1211' title='bbox 2156 2113 2231 2139; x_wconf 83' lang='lat' dir='ltr'><strong>traxit</strong></span> <span class='ocrx_word' id='word_1_1212' title='bbox 2249 2112 2283 2138; x_wconf 87' lang='lat' dir='ltr'><strong>de</strong></span> 
     </span>
     <span class='ocr_line' id='line_1_189' title="bbox 1644 2156 2284 2188; baseline 0.002 -6"><span class='ocrx_word' id='word_1_1213' title='bbox 1644 2156 1819 2182; x_wconf 86' lang='lat' dir='ltr'><strong>amaritudine</strong></span> <span class='ocrx_word' id='word_1_1214' title='bbox 1837 2159 1862 2182; x_wconf 90' lang='lat' dir='ltr'><strong>et</strong></span> <span class='ocrx_word' id='word_1_1215' title='bbox 1881 2157 2037 2188; x_wconf 86' lang='lat' dir='ltr'><strong>poenalitate</strong></span> <span class='ocrx_word' id='word_1_1216' title='bbox 2058 2160 2167 2183; x_wconf 90' lang='lat' dir='ltr'><strong>naturae</strong></span> <span class='ocrx_word' id='word_1_1217' title='bbox 2191 2158 2284 2183; x_wconf 89' lang='lat' dir='ltr'><strong>huma-</strong></span> 
     </span>
     <span class='ocr_line' id='line_1_190' title="bbox 1644 2199 2283 2235; baseline 0 -8"><span class='ocrx_word' id='word_1_1218' title='bbox 1644 2207 1693 2227; x_wconf 89' lang='lat' dir='ltr'><strong>nae</strong></span> <span class='ocrx_word' id='word_1_1219' title='bbox 1712 2199 1773 2227; x_wconf 84' lang='lat' dir='ltr'><strong>ibid.</strong></span> <span class='ocrx_word' id='word_1_1220' title='bbox 1785 2214 1821 2220; x_wconf 91' lang='lat'><strong>—</strong></span> <span class='ocrx_word' id='word_1_1221' title='bbox 1833 2199 1900 2227; x_wconf 84' lang='lat' dir='ltr'><strong>Caro</strong></span> <span class='ocrx_word' id='word_1_1222' title='bbox 1918 2203 1958 2226; x_wconf 86' lang='lat' dir='ltr'><strong>est</strong></span> <span class='ocrx_word' id='word_1_1223' title='bbox 1975 2200 2075 2233; x_wconf 72' lang='lat' dir='ltr'><strong>nubea,</strong></span> <span class='ocrx_word' id='word_1_1224' title='bbox 2093 2208 2162 2233; x_wconf 82' lang='lat' dir='ltr'><strong>quae</strong></span> <span class='ocrx_word' id='word_1_1225' title='bbox 2186 2208 2283 2235; x_wconf 87' lang='lat' dir='ltr'><strong>aquam</strong></span> 
     </span>
     <span class='ocr_line' id='line_1_191' title="bbox 1644 2244 2285 2278; baseline 0 -7"><span class='ocrx_word' id='word_1_1226' title='bbox 1644 2245 1743 2278; x_wconf 87' lang='lat' dir='ltr'><strong>gratiae</strong></span> <span class='ocrx_word' id='word_1_1227' title='bbox 1761 2244 1893 2275; x_wconf 85' lang='lat' dir='ltr'><strong>salutaris,</strong></span> <span class='ocrx_word' id='word_1_1228' title='bbox 1918 2251 1998 2277; x_wconf 87' lang='lat' dir='ltr'><strong>quam</strong></span> <span class='ocrx_word' id='word_1_1229' title='bbox 2018 2245 2104 2270; x_wconf 87' lang='lat' dir='ltr'><strong>hausit</strong></span> <span class='ocrx_word' id='word_1_1230' title='bbox 2122 2245 2147 2270; x_wconf 91' lang='lat' dir='ltr'><strong>in</strong></span> <span class='ocrx_word' id='word_1_1231' title='bbox 2166 2252 2213 2271; x_wconf 90' lang='lat' dir='ltr'><strong>sua</strong></span> <span class='ocrx_word' id='word_1_1232' title='bbox 2236 2245 2285 2271; x_wconf 87' lang='lat' dir='ltr'><strong>ori-</strong></span> 
     </span>
     <span class='ocr_line' id='line_1_192' title="bbox 1644 2289 2285 2322; baseline 0 -7"><span class='ocrx_word' id='word_1_1233' title='bbox 1644 2290 1720 2322; x_wconf 83' lang='lat' dir='ltr'><strong>gine,</strong></span> <span class='ocrx_word' id='word_1_1234' title='bbox 1739 2289 1861 2321; x_wconf 80' lang='lat' dir='ltr'><strong>effundit,</strong></span> <span class='ocrx_word' id='word_1_1235' title='bbox 1880 2296 1941 2314; x_wconf 91' lang='lat' dir='ltr'><strong>cum</strong></span> <span class='ocrx_word' id='word_1_1236' title='bbox 1964 2289 2077 2321; x_wconf 88' lang='lat' dir='ltr'><strong>agitatur</strong></span> <span class='ocrx_word' id='word_1_1237' title='bbox 2095 2292 2174 2315; x_wconf 91' lang='lat' dir='ltr'><strong>vento</strong></span> <span class='ocrx_word' id='word_1_1238' title='bbox 2193 2290 2285 2316; x_wconf 88' lang='lat' dir='ltr'><strong>oratio-</strong></span> 
     </span>
     <span class='ocr_line' id='line_1_193' title="bbox 1645 2327 2284 2361; baseline -0.003 0"><span class='ocrx_word' id='word_1_1239' title='bbox 1645 2335 1684 2361; x_wconf 89' lang='lat' dir='ltr'><strong>nis</strong></span> <span class='ocrx_word' id='word_1_1240' title='bbox 1707 2327 1769 2361; x_wconf 66' lang='lat' dir='ltr'><strong>ibi&#39;d.</strong></span> <span class='ocrx_word' id='word_1_1241' title='bbox 1798 2347 1835 2353; x_wconf 92' lang='lat'>—</span> <span class='ocrx_word' id='word_1_1242' title='bbox 1862 2334 1889 2359; x_wconf 95' lang='lat' dir='ltr'><strong>ln</strong></span> <span class='ocrx_word' id='word_1_1243' title='bbox 1918 2334 2078 2359; x_wconf 87' lang='lat' dir='ltr'><strong>humanitate</strong></span> <span class='ocrx_word' id='word_1_1244' title='bbox 2105 2334 2166 2360; x_wconf 90' lang='lat' dir='ltr'><strong>latet</strong></span> <span class='ocrx_word' id='word_1_1245' title='bbox 2193 2334 2284 2360; x_wconf 90' lang='lat' dir='ltr'><strong>divina</strong></span> 
     </span>
     <span class='ocr_line' id='line_1_194' title="bbox 1644 2377 1846 2405; baseline -0.005 0"><span class='ocrx_word' id='word_1_1246' title='bbox 1644 2379 1767 2405; x_wconf 89' lang='lat' dir='ltr'><strong>maiestas</strong></span> <span class='ocrx_word' id='word_1_1247' title='bbox 1784 2377 1846 2405; x_wconf 83' lang='lat' dir='ltr'><strong>ibid.</strong></span> 
     </span>
    </p>

    <p class='ocr_par' dir='ltr' id='par_1_30' title="bbox 1645 2422 2287 2808">
     <span class='ocr_line' id='line_1_195' title="bbox 1698 2422 2286 2449; baseline -0.003 0"><span class='ocrx_word' id='word_1_1248' title='bbox 1698 2437 1732 2443; x_wconf 91' lang='grc'>-</span> <span class='ocrx_word' id='word_1_1249' title='bbox 1752 2422 1875 2449; x_wconf 89' lang='lat' dir='ltr'><strong>assumsit</strong></span> <span class='ocrx_word' id='word_1_1250' title='bbox 1893 2429 1998 2448; x_wconf 84' lang='lat' dir='ltr'><strong>carnem</strong></span> <span class='ocrx_word' id='word_1_1251' title='bbox 2019 2423 2052 2449; x_wconf 86' lang='lat' dir='ltr'><strong>de</strong></span> <span class='ocrx_word' id='word_1_1252' title='bbox 2081 2422 2215 2449; x_wconf 83' lang='lat' dir='ltr'><strong>altitudine</strong></span> <span class='ocrx_word' id='word_1_1253' title='bbox 2240 2423 2286 2448; x_wconf 89' lang='lat' dir='ltr'><strong>hu-</strong></span> 
     </span>
     <span class='ocr_line' id='line_1_196' title="bbox 1645 2466 2286 2500; baseline -0.002 -7"><span class='ocrx_word' id='word_1_1254' title='bbox 1645 2474 1739 2494; x_wconf 88' lang='lat' dir='ltr'><strong>manae</strong></span> <span class='ocrx_word' id='word_1_1255' title='bbox 1758 2471 1867 2493; x_wconf 81' lang='lat' dir='ltr'><strong>naturae</strong></span> <span class='ocrx_word' id='word_1_1256' title='bbox 1892 2474 1940 2499; x_wconf 90' lang='lat' dir='ltr'><strong>per</strong></span> <span class='ocrx_word' id='word_1_1257' title='bbox 1968 2467 2101 2500; x_wconf 79' lang='lat' dir='ltr'><strong>quandam</strong></span> <span class='ocrx_word' id='word_1_1258' title='bbox 2121 2466 2286 2492; x_wconf 84' lang='lat' dir='ltr'><strong>assimilatio-</strong></span> 
     </span>
     <span class='ocr_line' id='line_1_197' title="bbox 1646 2510 2285 2547; baseline -0.003 -9"><span class='ocrx_word' id='word_1_1259' title='bbox 1646 2519 1705 2538; x_wconf 91' lang='lat' dir='ltr'><strong>nem</strong></span> <span class='ocrx_word' id='word_1_1260' title='bbox 1719 2512 1753 2538; x_wconf 94' lang='lat' dir='ltr'><strong>Vl</strong></span> <span class='ocrx_word' id='word_1_1261' title='bbox 1767 2512 1818 2537; x_wconf 89' lang='grc'><strong>288</strong></span> <span class='ocrx_word' id='word_1_1262' title='bbox 1832 2512 1866 2537; x_wconf 89' lang='grc'><strong>62</strong></span> <span class='ocrx_word' id='word_1_1263' title='bbox 1879 2525 1914 2531; x_wconf 92' lang='lat'>-</span> <span class='ocrx_word' id='word_1_1264' title='bbox 1927 2511 2030 2547; x_wconf 87' lang='lat' dir='ltr'><strong>Corpus</strong></span> <span class='ocrx_word' id='word_1_1265' title='bbox 2042 2510 2137 2537; x_wconf 85' lang='lat' dir='ltr'><strong>Christi</strong></span> <span class='ocrx_word' id='word_1_1266' title='bbox 2150 2514 2190 2537; x_wconf 89' lang='lat' dir='ltr'><strong>est</strong></span> <span class='ocrx_word' id='word_1_1267' title='bbox 2208 2513 2285 2536; x_wconf 87' lang='lat' dir='ltr'><strong>terre-</strong></span> 
     </span>
     <span class='ocr_line' id='line_1_198' title="bbox 1645 2556 2286 2589; baseline -0.003 -7"><span class='ocrx_word' id='word_1_1268' title='bbox 1645 2563 1725 2587; x_wconf 90' lang='lat' dir='ltr'><strong>num,</strong></span> <span class='ocrx_word' id='word_1_1269' title='bbox 1743 2556 1806 2589; x_wconf 83' lang='lat' dir='ltr'><strong>quia</strong></span> <span class='ocrx_word' id='word_1_1270' title='bbox 1825 2556 1859 2582; x_wconf 92' lang='lat' dir='ltr'><strong>de</strong></span> <span class='ocrx_word' id='word_1_1271' title='bbox 1887 2558 1955 2581; x_wconf 91' lang='lat' dir='ltr'><strong>terra</strong></span> <span class='ocrx_word' id='word_1_1272' title='bbox 1984 2558 2073 2581; x_wconf 87' lang='lat' dir='ltr'><strong>nostra</strong></span> <span class='ocrx_word' id='word_1_1273' title='bbox 2101 2558 2217 2581; x_wconf 86' lang='lat' dir='ltr'><strong>sumtum</strong></span> <span class='ocrx_word' id='word_1_1274' title='bbox 2246 2557 2286 2580; x_wconf 91' lang='lat' dir='ltr'><strong>est</strong></span> 
     </span>
     <span class='ocr_line' id='line_1_199' title="bbox 1646 2599 2285 2631; baseline -0.003 -5"><span class='ocrx_word' id='word_1_1275' title='bbox 1646 2601 1698 2626; x_wconf 89' lang='grc'><strong>282</strong></span> <span class='ocrx_word' id='word_1_1276' title='bbox 1717 2601 1751 2626; x_wconf 90' lang='grc'><strong>22</strong></span> <span class='ocrx_word' id='word_1_1277' title='bbox 1769 2614 1806 2618; x_wconf 94' lang='grc'>-</span> <span class='ocrx_word' id='word_1_1278' title='bbox 1825 2606 1878 2625; x_wconf 83' lang='grc'><strong>11011</strong></span> <span class='ocrx_word' id='word_1_1279' title='bbox 1896 2599 1989 2625; x_wconf 89' lang='lat' dir='ltr'><strong>habuit</strong></span> <span class='ocrx_word' id='word_1_1280' title='bbox 2007 2606 2104 2631; x_wconf 88' lang='lat' dir='ltr'><strong>corpus</strong></span> <span class='ocrx_word' id='word_1_1281' title='bbox 2123 2600 2285 2629; x_wconf 86' lang='lat' dir='ltr'><strong>aethereum,</strong></span> 
     </span>
     <span class='ocr_line' id='line_1_200' title="bbox 1646 2642 2284 2675; baseline -0.003 -5"><span class='ocrx_word' id='word_1_1282' title='bbox 1646 2644 1694 2670; x_wconf 90' lang='lat' dir='ltr'><strong>sed</strong></span> <span class='ocrx_word' id='word_1_1283' title='bbox 1712 2650 1806 2670; x_wconf 91' lang='lat' dir='ltr'><strong>verum</strong></span> <span class='ocrx_word' id='word_1_1284' title='bbox 1825 2646 1982 2675; x_wconf 82' lang='lat' dir='ltr'><strong>conceptum</strong></span> <span class='ocrx_word' id='word_1_1285' title='bbox 2002 2650 2033 2669; x_wconf 90' lang='lat' dir='ltr'><strong>ex</strong></span> <span class='ocrx_word' id='word_1_1286' title='bbox 2050 2643 2159 2675; x_wconf 81' lang='lat' dir='ltr'><strong>Virgine</strong></span> <span class='ocrx_word' id='word_1_1287' title='bbox 2174 2643 2218 2669; x_wconf 93' lang='lat' dir='ltr'><strong>Vll</strong></span> <span class='ocrx_word' id='word_1_1288' title='bbox 2233 2642 2284 2668; x_wconf 88' lang='grc'><strong>297</strong></span> 
     </span>
     <span class='ocr_line' id='line_1_201' title="bbox 1647 2686 2286 2718; baseline -0.003 -4"><span class='ocrx_word' id='word_1_1289' title='bbox 1647 2688 1676 2714; x_wconf 88' lang='grc'><strong>61</strong></span> <span class='ocrx_word' id='word_1_1290' title='bbox 1699 2701 1735 2707; x_wconf 91' lang='lat'><em>-</em></span> <span class='ocrx_word' id='word_1_1291' title='bbox 1754 2688 1838 2714; x_wconf 90' lang='lat' dir='ltr'><strong>l-lomo</strong></span> <span class='ocrx_word' id='word_1_1292' title='bbox 1858 2687 1906 2713; x_wconf 87' lang='lat' dir='ltr'><strong>fuit</strong></span> <span class='ocrx_word' id='word_1_1293' title='bbox 1917 2687 1944 2713; x_wconf 90' lang='lat' dir='ltr'><strong>in</strong></span> <span class='ocrx_word' id='word_1_1294' title='bbox 1957 2686 2059 2713; x_wconf 87' lang='lat' dir='ltr'><strong>Christo</strong></span> <span class='ocrx_word' id='word_1_1295' title='bbox 2072 2686 2219 2712; x_wconf 88' lang='lat' dir='ltr'><strong>secundum</strong></span> <span class='ocrx_word' id='word_1_1296' title='bbox 2233 2687 2286 2718; x_wconf 89' lang='lat' dir='ltr'><strong>ple-</strong></span> 
     </span>
     <span class='ocr_line' id='line_1_202' title="bbox 1646 2730 2287 2763; baseline -0.005 -5"><span class='ocrx_word' id='word_1_1297' title='bbox 1646 2732 1782 2758; x_wconf 88' lang='lat' dir='ltr'><strong>nissimam</strong></span> <span class='ocrx_word' id='word_1_1298' title='bbox 1802 2731 1929 2757; x_wconf 87' lang='lat' dir='ltr'><strong>rationem</strong></span> <span class='ocrx_word' id='word_1_1299' title='bbox 1955 2734 1981 2756; x_wconf 91' lang='lat' dir='ltr'><strong>et</strong></span> <span class='ocrx_word' id='word_1_1300' title='bbox 2004 2733 2133 2763; x_wconf 82' lang='lat' dir='ltr'><strong>quantum</strong></span> <span class='ocrx_word' id='word_1_1301' title='bbox 2152 2730 2186 2755; x_wconf 81' lang='lat' dir='ltr'><strong>nd</strong></span> <span class='ocrx_word' id='word_1_1302' title='bbox 2204 2731 2287 2762; x_wconf 87' lang='lat' dir='ltr'><strong>perfe-</strong></span> 
     </span>
     <span class='ocr_line' id='line_1_203' title="bbox 1647 2773 2285 2808; baseline -0.005 -6"><span class='ocrx_word' id='word_1_1303' title='bbox 1647 2776 1760 2802; x_wconf 89' lang='lat' dir='ltr'><strong>ctionem</strong></span> <span class='ocrx_word' id='word_1_1304' title='bbox 1770 2778 1796 2801; x_wconf 89' lang='lat' dir='ltr'><strong>et</strong></span> <span class='ocrx_word' id='word_1_1305' title='bbox 1807 2777 1935 2808; x_wconf 88' lang='lat' dir='ltr'><strong>quantum</strong></span> <span class='ocrx_word' id='word_1_1306' title='bbox 1949 2775 1982 2800; x_wconf 89' lang='lat' dir='ltr'><strong>ad</strong></span> <span class='ocrx_word' id='word_1_1307' title='bbox 1996 2774 2172 2800; x_wconf 85' lang='lat' dir='ltr'><strong>infirmitatem</strong></span> <span class='ocrx_word' id='word_1_1308' title='bbox 2186 2773 2237 2799; x_wconf 88' lang='grc'><strong>346</strong></span> <span class='ocrx_word' id='word_1_1309' title='bbox 2252 2774 2285 2800; x_wconf 90' lang='grc'><strong>39</strong></span> 
     </span>
    </p>

    <p class='ocr_par' dir='ltr' id='par_1_31' title="bbox 1647 2818 2288 2935">
     <span class='ocr_line' id='line_1_204' title="bbox 1699 2818 2287 2845; baseline -0.002 0"><span class='ocrx_word' id='word_1_1310' title='bbox 1699 2833 1735 2839; x_wconf 89' lang='grc'>-</span> <span class='ocrx_word' id='word_1_1311' title='bbox 1755 2819 1802 2845; x_wconf 87' lang='lat' dir='ltr'><strong>fuit</strong></span> <span class='ocrx_word' id='word_1_1312' title='bbox 1821 2819 1846 2844; x_wconf 91' lang='lat' dir='ltr'><strong>in</strong></span> <span class='ocrx_word' id='word_1_1313' title='bbox 1864 2822 1953 2844; x_wconf 88' lang='lat' dir='ltr'><strong>nostra</strong></span> <span class='ocrx_word' id='word_1_1314' title='bbox 1973 2822 2064 2844; x_wconf 87' lang='lat' dir='ltr'><strong>natura</strong></span> <span class='ocrx_word' id='word_1_1315' title='bbox 2083 2818 2219 2844; x_wconf 87' lang='lat' dir='ltr'><strong>inconfuse</strong></span> <span class='ocrx_word' id='word_1_1316' title='bbox 2232 2818 2287 2844; x_wconf 90' lang='lat' dir='ltr'><strong>sine</strong></span> 
     </span>
     <span class='ocr_line' id='line_1_205' title="bbox 1647 2861 2288 2895; baseline -0.002 -5"><span class='ocrx_word' id='word_1_1317' title='bbox 1647 2861 1827 2890; x_wconf 88' lang='lat' dir='ltr'><strong>conversione</strong></span> <span class='ocrx_word' id='word_1_1318' title='bbox 1839 2866 1865 2889; x_wconf 92' lang='lat' dir='ltr'><strong>et</strong></span> <span class='ocrx_word' id='word_1_1319' title='bbox 1884 2862 1996 2889; x_wconf 89' lang='lat' dir='ltr'><strong>indivise</strong></span> <span class='ocrx_word' id='word_1_1320' title='bbox 2008 2862 2065 2889; x_wconf 88' lang='lat' dir='ltr'><strong>sine</strong></span> <span class='ocrx_word' id='word_1_1321' title='bbox 2077 2863 2241 2895; x_wconf 83' lang='lat' dir='ltr'><strong>separatione</strong></span> <span class='ocrx_word' id='word_1_1322' title='bbox 2253 2863 2288 2889; x_wconf 89' lang='lat' dir='ltr'><strong>vl</strong></span> 
     </span>
     <span class='ocr_line' id='line_1_206' title="bbox 1647 2908 1752 2935; baseline -0.019 0"><span class='ocrx_word' id='word_1_1323' title='bbox 1647 2909 1699 2935; x_wconf 79' lang='grc'><strong>252</strong></span> <span class='ocrx_word' id='word_1_1324' title='bbox 1719 2908 1752 2934; x_wconf 90' lang='grc'><strong>29</strong></span> 
     </span>
    </p>

    <p class='ocr_par' dir='ltr' id='par_1_32' title="bbox 1648 2951 2287 3029">
     <span class='ocr_line' id='line_1_207' title="bbox 1701 2951 2287 2984; baseline 0.002 -7"><span class='ocrx_word' id='word_1_1325' title='bbox 1701 2966 1735 2972; x_wconf 92' lang='grc'>-</span> <span class='ocrx_word' id='word_1_1326' title='bbox 1754 2954 1809 2978; x_wconf 82' lang='lat' dir='ltr'><strong>erat</strong></span> <span class='ocrx_word' id='word_1_1327' title='bbox 1821 2952 1887 2977; x_wconf 92' lang='lat' dir='ltr'><strong>inter</strong></span> <span class='ocrx_word' id='word_1_1328' title='bbox 1903 2951 1957 2977; x_wconf 90' lang='lat' dir='ltr'><strong>duo</strong></span> <span class='ocrx_word' id='word_1_1329' title='bbox 1971 2951 2091 2978; x_wconf 89' lang='lat' dir='ltr'><strong>animalia</strong></span> <span class='ocrx_word' id='word_1_1330' title='bbox 2111 2954 2139 2978; x_wconf 89' lang='lat' dir='ltr'><strong>ut</strong></span> <span class='ocrx_word' id='word_1_1331' title='bbox 2158 2954 2248 2984; x_wconf 88' lang='lat' dir='ltr'><strong>pastus</strong></span> <span class='ocrx_word' id='word_1_1332' title='bbox 2261 2954 2287 2977; x_wconf 89' lang='lat' dir='ltr'><strong>et</strong></span> 
     </span>
     <span class='ocr_line' id='line_1_208' title="bbox 1648 2995 2129 3029; baseline -0.002 -7"><span class='ocrx_word' id='word_1_1333' title='bbox 1648 2999 1737 3029; x_wconf 87' lang='lat' dir='ltr'><strong>pastor</strong></span> <span class='ocrx_word' id='word_1_1334' title='bbox 1754 2996 1867 3028; x_wconf 83' lang='lat' dir='ltr'><strong>duplicis</strong></span> <span class='ocrx_word' id='word_1_1335' title='bbox 1885 2995 1961 3022; x_wconf 81' lang='lat' dir='ltr'><strong>ovilis</strong></span> <span class='ocrx_word' id='word_1_1336' title='bbox 1980 2996 2023 3022; x_wconf 93' lang='lat' dir='ltr'><strong>Vll</strong></span> <span class='ocrx_word' id='word_1_1337' title='bbox 2044 2995 2077 3022; x_wconf 91' lang='grc'><strong>47</strong></span> <span class='ocrx_word' id='word_1_1338' title='bbox 2098 2996 2129 3021; x_wconf 90' lang='grc'><strong>13</strong></span> 
     </span>
    </p>

    <p class='ocr_par' dir='ltr' id='par_1_33' title="bbox 1648 3039 2288 3420">
     <span class='ocr_line' id='line_1_209' title="bbox 1700 3039 2288 3073; baseline -0.003 -7"><span class='ocrx_word' id='word_1_1339' title='bbox 1700 3054 1736 3059; x_wconf 94' lang='grc'><strong>-</strong></span> <span class='ocrx_word' id='word_1_1340' title='bbox 1754 3043 1830 3066; x_wconf 90' lang='lat' dir='ltr'><strong>natus</strong></span> <span class='ocrx_word' id='word_1_1341' title='bbox 1848 3043 1888 3066; x_wconf 88' lang='lat' dir='ltr'><strong>est</strong></span> <span class='ocrx_word' id='word_1_1342' title='bbox 1906 3040 1931 3066; x_wconf 90' lang='lat' dir='ltr'><strong>in</strong></span> <span class='ocrx_word' id='word_1_1343' title='bbox 1951 3040 2099 3067; x_wconf 90' lang='lat' dir='ltr'><strong>diversorio</strong></span> <span class='ocrx_word' id='word_1_1344' title='bbox 2118 3043 2226 3073; x_wconf 87' lang='lat' dir='ltr'><strong>propter</strong></span> <span class='ocrx_word' id='word_1_1345' title='bbox 2245 3039 2288 3065; x_wconf 90' lang='lat' dir='ltr'><strong>de-</strong></span> 
     </span>
     <span class='ocr_line' id='line_1_210' title="bbox 1649 3083 2288 3110; baseline -0.002 0"><span class='ocrx_word' id='word_1_1346' title='bbox 1649 3085 1743 3110; x_wconf 90' lang='lat' dir='ltr'><strong>fectum</strong></span> <span class='ocrx_word' id='word_1_1347' title='bbox 1773 3083 1915 3110; x_wconf 84' lang='lat' dir='ltr'><strong>habitaculi</strong></span> <span class='ocrx_word' id='word_1_1348' title='bbox 1939 3084 1983 3110; x_wconf 84' lang='lat' dir='ltr'><strong>Vll</strong></span> <span class='ocrx_word' id='word_1_1349' title='bbox 2010 3083 2042 3110; x_wconf 86' lang='lat'><strong>47</strong></span> <span class='ocrx_word' id='word_1_1350' title='bbox 2064 3083 2097 3110; x_wconf 81' lang='grc'><strong>14</strong></span> <span class='ocrx_word' id='word_1_1351' title='bbox 2121 3097 2157 3104; x_wconf 90' lang='grc'>-</span> <span class='ocrx_word' id='word_1_1352' title='bbox 2181 3083 2288 3109; x_wconf 88' lang='lat' dir='ltr'><strong>indutus</strong></span> 
     </span>
     <span class='ocr_line' id='line_1_211' title="bbox 1648 3127 2288 3161; baseline -0.003 -7"><span class='ocrx_word' id='word_1_1353' title='bbox 1648 3131 1688 3154; x_wconf 88' lang='lat' dir='ltr'><strong>est</strong></span> <span class='ocrx_word' id='word_1_1354' title='bbox 1710 3128 1806 3160; x_wconf 87' lang='lat' dir='ltr'><strong>pannis</strong></span> <span class='ocrx_word' id='word_1_1355' title='bbox 1833 3131 1862 3154; x_wconf 91' lang='lat' dir='ltr'><strong>ut</strong></span> <span class='ocrx_word' id='word_1_1356' title='bbox 1886 3135 1987 3161; x_wconf 86' lang='lat' dir='ltr'><strong>pauper</strong></span> <span class='ocrx_word' id='word_1_1357' title='bbox 2012 3128 2045 3154; x_wconf 87' lang='lat'><strong>46</strong></span> <span class='ocrx_word' id='word_1_1358' title='bbox 2075 3128 2102 3154; x_wconf 87' lang='grc'><strong>11</strong></span> <span class='ocrx_word' id='word_1_1359' title='bbox 2134 3142 2170 3147; x_wconf 91' lang='lat'>—</span> <span class='ocrx_word' id='word_1_1360' title='bbox 2194 3127 2288 3159; x_wconf 87' lang='lat' dir='ltr'><strong>pannis</strong></span> 
     </span>
     <span class='ocr_line' id='line_1_212' title="bbox 1649 3171 2287 3206; baseline -0.005 -7"><span class='ocrx_word' id='word_1_1361' title='bbox 1649 3173 1781 3199; x_wconf 90' lang='lat' dir='ltr'><strong>involutus</strong></span> <span class='ocrx_word' id='word_1_1362' title='bbox 1799 3173 1844 3199; x_wconf 85' lang='lat' dir='ltr'><strong>dat</strong></span> <span class='ocrx_word' id='word_1_1363' title='bbox 1861 3173 2011 3206; x_wconf 87' lang='lat' dir='ltr'><strong>exemplum</strong></span> <span class='ocrx_word' id='word_1_1364' title='bbox 2030 3172 2192 3205; x_wconf 80' lang='lat' dir='ltr'><strong>paupertatis</strong></span> <span class='ocrx_word' id='word_1_1365' title='bbox 2206 3171 2239 3198; x_wconf 86' lang='lat'><strong>50</strong></span> <span class='ocrx_word' id='word_1_1366' title='bbox 2253 3171 2287 3196; x_wconf 83' lang='grc'><strong>26</strong></span> 
     </span>
     <span class='ocr_line' id='line_1_213' title="bbox 1648 3215 2287 3249; baseline -0.005 -6"><span class='ocrx_word' id='word_1_1367' title='bbox 1648 3231 1683 3235; x_wconf 93' lang='grc'>-</span> <span class='ocrx_word' id='word_1_1368' title='bbox 1696 3216 1797 3249; x_wconf 86' lang='lat' dir='ltr'><strong>positus</strong></span> <span class='ocrx_word' id='word_1_1369' title='bbox 1815 3217 1841 3243; x_wconf 90' lang='lat' dir='ltr'><strong>in</strong></span> <span class='ocrx_word' id='word_1_1370' title='bbox 1863 3217 2002 3249; x_wconf 88' lang='lat' dir='ltr'><strong>praesepio</strong></span> <span class='ocrx_word' id='word_1_1371' title='bbox 2026 3219 2135 3248; x_wconf 86' lang='lat' dir='ltr'><strong>propter</strong></span> <span class='ocrx_word' id='word_1_1372' title='bbox 2156 3215 2287 3241; x_wconf 86' lang='lat' dir='ltr'><strong>defectum</strong></span> 
     </span>
     <span class='ocr_line' id='line_1_214' title="bbox 1648 3259 2288 3293; baseline -0.006 -6"><span class='ocrx_word' id='word_1_1373' title='bbox 1648 3261 1733 3288; x_wconf 86' lang='lat' dir='ltr'><strong>lectuli</strong></span> <span class='ocrx_word' id='word_1_1374' title='bbox 1748 3261 1780 3287; x_wconf 88' lang='lat'><strong>47</strong></span> <span class='ocrx_word' id='word_1_1375' title='bbox 1796 3262 1828 3287; x_wconf 83' lang='grc'><strong>12</strong></span> <span class='ocrx_word' id='word_1_1376' title='bbox 1841 3275 1877 3280; x_wconf 95' lang='grc'>-</span> <span class='ocrx_word' id='word_1_1377' title='bbox 1889 3261 1996 3293; x_wconf 87' lang='lat' dir='ltr'><strong>ponitur</strong></span> <span class='ocrx_word' id='word_1_1378' title='bbox 2009 3260 2033 3286; x_wconf 90' lang='lat' dir='ltr'><strong>in</strong></span> <span class='ocrx_word' id='word_1_1379' title='bbox 2049 3259 2189 3292; x_wconf 87' lang='lat' dir='ltr'><strong>praesepio</strong></span> <span class='ocrx_word' id='word_1_1380' title='bbox 2202 3261 2231 3284; x_wconf 90' lang='lat' dir='ltr'><strong>ut</strong></span> <span class='ocrx_word' id='word_1_1381' title='bbox 2244 3264 2288 3290; x_wconf 87' lang='lat' dir='ltr'><strong>pa-</strong></span> 
     </span>
     <span class='ocr_line' id='line_1_215' title="bbox 1649 3301 2288 3338; baseline -0.005 -7"><span class='ocrx_word' id='word_1_1382' title='bbox 1649 3305 1688 3331; x_wconf 86' lang='lat' dir='ltr'><strong>nis</strong></span> <span class='ocrx_word' id='word_1_1383' title='bbox 1707 3305 1740 3331; x_wconf 90' lang='lat' dir='ltr'><strong>de</strong></span> <span class='ocrx_word' id='word_1_1384' title='bbox 1758 3306 1843 3338; x_wconf 82' lang='lat' dir='ltr'><strong>caelo,</strong></span> <span class='ocrx_word' id='word_1_1385' title='bbox 1866 3305 1932 3331; x_wconf 87' lang='lat' dir='ltr'><strong>inter</strong></span> <span class='ocrx_word' id='word_1_1386' title='bbox 1954 3304 2009 3330; x_wconf 92' lang='lat' dir='ltr'><strong>duo</strong></span> <span class='ocrx_word' id='word_1_1387' title='bbox 2027 3303 2147 3330; x_wconf 87' lang='lat' dir='ltr'><strong>animalia</strong></span> <span class='ocrx_word' id='word_1_1388' title='bbox 2171 3301 2234 3329; x_wconf 82' lang='lat' dir='ltr'><strong>ibid.</strong></span> <span class='ocrx_word' id='word_1_1389' title='bbox 2252 3314 2288 3322; x_wconf 92' lang='lat'>—</span> 
     </span>
     <span class='ocr_line' id='line_1_216' title="bbox 1648 3345 2288 3382; baseline -0.008 -6"><span class='ocrx_word' id='word_1_1390' title='bbox 1648 3349 1750 3382; x_wconf 87' lang='lat' dir='ltr'><strong>positus</strong></span> <span class='ocrx_word' id='word_1_1391' title='bbox 1768 3349 1793 3375; x_wconf 89' lang='lat' dir='ltr'><strong>in</strong></span> <span class='ocrx_word' id='word_1_1392' title='bbox 1812 3349 1951 3381; x_wconf 84' lang='lat' dir='ltr'><strong>praesepio</strong></span> <span class='ocrx_word' id='word_1_1393' title='bbox 1970 3348 2015 3375; x_wconf 84' lang='lat' dir='ltr'><strong>dat</strong></span> <span class='ocrx_word' id='word_1_1394' title='bbox 2033 3347 2182 3380; x_wconf 84' lang='lat' dir='ltr'><strong>exemplum</strong></span> <span class='ocrx_word' id='word_1_1395' title='bbox 2205 3345 2288 3372; x_wconf 90' lang='lat' dir='ltr'><strong>humi-</strong></span> 
     </span>
     <span class='ocr_line' id='line_1_217' title="bbox 1648 3393 1830 3420; baseline -0.005 -1"><span class='ocrx_word' id='word_1_1396' title='bbox 1648 3393 1725 3420; x_wconf 83' lang='lat' dir='ltr'><strong>litatis</strong></span> <span class='ocrx_word' id='word_1_1397' title='bbox 1744 3393 1777 3419; x_wconf 81' lang='lat'><strong>50</strong></span> <span class='ocrx_word' id='word_1_1398' title='bbox 1797 3393 1830 3419; x_wconf 82' lang='grc'><strong>26</strong></span> 
     </span>
    </p>
   </div>
  </div>
 </body>
</html>
