2476 3921
18 962 128 1005 [Mu-actis>

17 1003 140 1032 peccatoris.

7 1667 136 1689 Notandum.

0 2362 64 2389 Quoad
73 2364 140 2384 relar-

14 2389 113 2411 dativum.

748 238 944 271 COMMENT.
968 238 1006 271 IN
1030 237 1271 271 EVANGELIUM
1296 239 1414 272 LUCAE
1438 240 1470 272 C.
1496 241 1570 273 XIX.

158 338 272 372 quam,
296 328 429 361 transito
452 327 599 366 Iordane,
623 326 853 360 subverterunt
875 326 998 365 ludaei,
1015 335 1124 359 secun-

156 383 232 416 dum
255 381 340 424 quod
363 381 480 414 dicitur
504 381 593 414 losue
617 381 753 419 sexto¹;
778 379 832 413 sed
849 379 1049 412 reaedificata
1064 379 1125 411 suit

157 436 217 470 sub
240 434 364 474 Achab,
387 434 598 476 regelsraeh
622 433 707 466 unde
738 433 822 466 tertii
854 433 973 475 Regum
1001 432 1124 466 decimo

157 492 265 523 sexto:
296 501 312 517 «
328 488 361 520 In
384 487 497 521 diebus
520 487 625 520 Achab
648 486 825 520 aedificavit
856 486 921 519 Hiel
945 486 984 519 de
1015 486 1124 519 Bethel

154 542 285 575 Iericho.
305 542 337 574 ln
353 541 497 580 Abiram,
522 540 684 583 primitivo
700 549 770 579 suo,
788 539 932 573 fundavit
949 549 1017 573 eam
1035 543 1066 573 et
1091 540 1122 572 in

157 595 271 638 Segub,
296 594 468 628 novissimo
484 603 553 633 suo,
569 593 675 636 posuit
698 596 806 635 portas
829 593 917 632 eius,
942 593 1035 626 iuxta
1051 602 1123 626 ver—

154 648 232 681 bum
255 647 398 687 Domini,
422 647 507 690 quod
530 647 656 680 locutus
679 646 784 680 fuerat
807 646 961 680 Dominus
977 646 1009 679 in
1025 655 1122 679 manu

155 702 261 741 Iosue,
285 701 340 734 filii
364 701 435 734 Nun
452 714 482 733 ».
500 700 754 733 Hanc·D0minus
769 709 828 733 sua
844 700 1015 733 illustravit
1031 709 1123 742 prae-

155 754 273 794 sentia,
296 763 360 797 qua
383 754 602 797 peccatoribus
625 753 911 792 condescendebat,
936 763 1000 796 qua
1026 753 1121 786 etiam

154 809 335 849 peccatores
358 806 397 839 ad
420 815 454 840 se
477 806 666 839 attrahebat.
690 806 791 840 Pietas
814 806 898 840 enim
915 806 1048 840 attrahit
1064 806 1123 838 mi-

155 869 260 906 seros,
285 860 367 893 sicut
390 859 517 893 adamas
540 859 662 893 ferrum
676 860 699 892 2.

245 914 275 947 3.
299 914 402 954 (Vers.
427 914 483 955 2).
509 913 578 946 Ideo
602 913 750 947 subditur
783 914 939 947 attractio
971 918 1122 956 peccato-

154 967 225 1005 rz·s;
248 970 378 1009 propter
412 967 497 1010 quod
528 967 689 1009 sequitur:
716 968 755 1000 Et
785 977 873 1007 ecce,
905 967 961 1000 vir
988 968 1122 1000 nomine

154 1019 328 1053 Zachaeus
336 1033 348 1059 ,·
372 1021 464 1054 cuius
487 1030 602 1054 nomen
633 1024 702 1054 erat
725 1024 837 1054 notum
872 1022 915 1054 et'
937 1021 1120 1064 vulgatum,

154 1084 217 1107 non
241 1074 371 1116 propter
394 1074 510 1107 samam
534 1074 678 1113 virtutis,
703 1075 758 1108 sed
782 1075 942 1108 infamiam
967 1074 1121 1117 rapacita-

155 1127 204 1161 tis.
229 1147 274 1152 —
297 1127 383 1161 Unde
407 1127 530 1161 subdit:
559 1129 596 1160 Et
620 1126 673 1161 liic
696 1132 770 1161 erat
788 1129 946 1171 princeps
966 1128 1122 1171 publica-

154 1191 297 1220 norum,
321 1181 376 1223 qui
407 1181 526 1214 scilicet
557 1181 647 1214 lucra
681 1182 798 1214 saeculi
830 1182 1035 1215 sectabantur
1063 1192 1121 1225 per

154 1234 201 1268 fas
223 1238 255 1267 et
278 1234 364 1268 nefas
377 1233 400 1266 ³.
425 1235 514 1267 Hunc
537 1237 645 1268 autem
674 1235 912 1277 principatum
935 1245 997 1268 non
1023 1236 1120 1269 habe-

154 1289 208 1322 bat
230 1292 361 1331 propter
385 1288 555 1328 iustitiam,
580 1288 635 1321 sed
659 1292 790 1331 propter
814 1290 991 1331 pecuniam.
1017 1308 1059 1315 —
1085 1290 1121 1323 Et

155 1342 224 1376 ideo
247 1342 347 1375 addit:
373 1343 414 1374 Ec
437 1341 506 1384 ipse
529 1341 639 1381 dives,
664 1345 696 1375 et
719 1342 762 1374 ita
785 1342 937 1384 gibbosus
961 1343 1044 1376 sicut
1068 1353 1119 1376 ca-

153 1396 256 1429 melus
278 1399 309 1428 et
332 1395 459 1438 ineptus
482 1395 521 1428 ad
545 1404 697 1438 regnum;
714 1404 813 1437 supra
828 1395 951 1429 decimo
967 1398 1135 1430 octavo&

159 1464 174 1479 «
185 1449 316 1483 Facilius
327 1453 386 1489 est,
399 1449 553 1482 camelum
567 1449 687 1482 intrare
700 1458 756 1491 per
768 1449 910 1482 foramen
926 1459 1003 1483 acus
1015 1464 1030 1480 »
1049 1455 1120 1490 etc.;

154 1507 186 1537 et
210 1506 315 1536 tamen
338 1503 445 1536 divina
467 1503 586 1536 virtute
609 1502 669 1535 fuit
685 1503 905 1542 introductus,
922 1504 997 1546 quia
1013 1514 1121 1538 amore

144 1557 255 1607 'ipsius
278 1557 395 1590 Christi
418 1557 479 1589 fuit
502 1560 684 1595 attractus„

245 1609 275 1644 [ι.
302 1609 404 1651 (Vers.
433 1608 488 1650 3.).
514 1609 600 1642 Unde
624 1612 655 1642 et
678 1609 845 1642 subditur:
878 1611 919 1643 Et
941 1611 1122 1653 quaerebat

154 1663 265 1696 videre
288 1663 416 1701 Iesum,
440 1662 516 1706 quis
539 1666 641 1701 essct:
659 1663 744 1706 quod
767 1673 830 1696 non
853 1663 897 1696 ita
920 1664 1038 1697 faceret
1054 1668 1121 1698 stu-

155 1716 258 1755 diose,
275 1716 335 1749 nisi
352 1719 490 1755 amaret,
514 1724 573 1749 nec
588 1720 709 1749 amaret
726 1716 776 1749 vel
792 1716 953 1756 crederet,
971 1717 1030 1750 nisi
1052 1718 1121 1751 eius

154 1769 255 1812 gratia
277 1772 469 1812 praeventus
493 1773 585 1809 esset,
603 1770 678 1812 quia
694 1770 817 1803 Ioannis
833 1774 926 1804 sexto
938 1771 969 1803 ⁵:
993 1784 1009 1800 «
1025 1771 1121 1804 Nemo

154 1823 240 1857 venit
262 1823 301 1856 ad
325 1832 390 1863 me,
414 1823 474 1856 nisi
497 1823 588 1856 Pater
619 1832 728 1863 meus,
752 1824 808 1866 qui
831 1824 917 1857 misit
951 1834 1021 1864 me,
1057 1828 1122 1858 tra-

154 1876 240 1909 xerit
262 1885 335 1910 eum
352 1890 383 1909 ».
408 1877 496 1910 Hunc
528 1877 628 1910 traxit
659 1877 763 1917 Iesus,
787 1880 825 1910 ut
847 1881 930 1911 esset
953 1878 985 1911 in
1010 1887 1121 1912 exem-

153 1931 242 1973 plum
266 1930 344 1963 aliis.
370 1931 456 1964 Unde
479 1931 538 1964 iste
555 1930 615 1963 iam
639 1931 791 1973 implebat
806 1932 974 1965 consilium
991 1932 1121 1974 Sapien-

153 1984 211 2023 tis,
236 1983 410 2017 secundum
433 1984 512 2017 illud
543 1984 788 2018 Proverbiorum
817 1985 972 2018 octavo⁶:
1003 1986 1120 2019 «Acci-

153 2037 217 2079 pite
240 2037 437 2079 disciplinam
462 2046 565 2070 meam
588 2041 619 2071 et
642 2047 704 2070 non
734 2038 911 2080 pecuniam,
942 2038 1118 2072 doctrinam

152 2090 252 2133 magis
275 2099 370 2133 quam
395 2100 512 2123 aurum
535 2091 683 2133 eligite».
709 2091 769 2133 Qui
793 2091 838 2124 sic
861 2091 988 2133 quaerit
1015 2091 1119 2124 Iesum

153 2144 290 2184 invenit,
315 2144 491 2177 secundum
516 2144 594 2177 illud
618 2144 795 2186 Sapientiae
818 2144 940 2186 primo:
963 2157 979 2173 «
994 2145 1028 2177 ln
1044 2145 1119 2178 sim-

153 2198 293 2240 plicitate
307 2198 411 2231 cordis
427 2198 571 2240 quaerite
587 2198 695 2237 illum,
720 2198 868 2240 quoniam
893 2198 1055 2231 invenitur
1079 2199 1119 2232 ab

152 2251 203 2284 his
226 2251 282 2293 qui
306 2260 369 2284 non
386 2253 508 2283 tentant
531 2251 620 2283 illum
637 2264 652 2280 »
682 2254 742 2284 etc.

244 2305 273 2336 5.
299 2303 442 2337 Secundo
477 2307 631 2346 quantum
667 2304 707 2337 ad
740 2304 1009 2344 reem-dativum,
1033 2306 1119 2347 quod

153 2356 214 2390 fuit
234 2357 413 2400 frequentia
437 2357 562 2399 populi,
587 2357 711 2390 subdit:
738 2359 777 2390 Et
800 2367 868 2390 non
887 2361 1019 2400 poterat
1032 2368 1119 2400 prae

155 2409 272 2449 turba,
297 2410 379 2453 quia
402 2414 540 2444 statura
560 2411 707 2453 pusillus
722 2415 805 2444 erat.
823 2411 903 2444 Haec
927 2411 1028 2444 turba
1044 2421 1117 2445 eum

153 2462 358 2504 impediebat,
382 2472 465 2505 quae
480 2472 605 2505 semper
621 2463 773 2505 impedire
790 2464 955 2497 consuevit
977 2465 1119 2497 volentes

2087 246 2151 279 473

1188 327 1297 359 venire
1321 327 1359 360 ad
1383 328 1555 361 Christum.
1580 329 1660 362 Haec
1683 340 1820 372 namque
1843 332 1937 364 turba
1964 333 2152 374 impediebat
2166 343 2237 373 rusia
2252 344 2318 374 impe-

1188 378 1467 413 illuminationem
1490 381 1596 420 caeci;
1613 391 1711 424 supra
1726 383 1848 416 decimo
1872 388 1982 417 octavo
1995 386 2021 416 ⁷:
2045 399 2060 413 «
2073 386 2150 418 Cum
2184 370 2299 417 ‘'2222ssssss

1187 432 1313 465 audiret
1341 432 1468 465 turbam
1497 438 1781 475 praetereuntem»
1802 440 1860 469 ete.
1891 450 1906 465 «
1924 438 1959 469 At
1982 438 2025 470 illi
2051 438 2152 471 incre-

1188 485 1304 527 pabant
1339 494 1432 525 eum,
1456 490 1492 519 ut
1517 491 1635 520 taceret
1651 501 1686 527 ¹²3
1712 489 1919 522 curationem
1949 490 2152 533 paralytici,-

1187 538 1284 571 Marci
1305 538 1460 572 secundo:
1492 552 1507 568 «
1524 540 1687 573 Venerunt
1709 541 1748 574 ad
1772 550 1845 574 eum
1869 542 2006 575 serentes
2030 544 2153 585 paraly-

1186 592 1303 631 ticum,
1327 592 1383 634 qui
1407 602 1426 625 a
1449 597 1588 635 quatuor
1620 595 1828 636 portabatur3
1852 598 1883 628 et
1914 606 1975 628 non
2008 600 2153 638 poterant

1186 645 1302 679 offerre
1326 646 1370 678 illi
1395 655 1471 688 prae
1489 647 1583 680 turba
1600 660 1630 687 »;
1649 647 1874 680 liberationem
1892 650 1993 681 surdi
2007 654 2035 681 et
2051 650 2152 688 muti;

1187 699 1281 732 Marci
1317 700 1472 742 septimo:
1510 713 1525 729 «
1543 700 1789 742 Apprehendens
1824 710 1897 734 eum
1934 711 2077 735 seorsum
2115 703 2153 735 de

1187 752 1301 792 turba,
1331 753 1417 786 misit
1447 753 1561 796 digitos
1592 754 1623 786 in
1655 754 1816 788 auriculas
1847 755 1916 788 eius
1939 758 1971 788 et
1994 764 2154 797 exspuens

1187 806 1288 849 tetigit
1312 806 1452 849 linguam
1488 807 1557 840 eius
1571 820 1601 847 »;
1625 808 1875 841 suscitationem
1907 809 2034 841 mortui
2042 821 2053 847 ;
2078 810 2153 841 Mat-

1187 860 1270 893 thaei
1295 860 1422 893 nono⁸:
1452 873 1467 890 α
1484 861 1564 894 Cum
1587 861 1687 895 eiecta
1718 865 1801 895 esset
1833 862 1945 901 turba,
1970 862 2099 894 intravit
2123 865 2154 895 et

1185 913 1289 947 tenuit
1312 923 1441 946 manum
1473 913 1543 947 eius
1560 927 1590 946 n.
1617 914 1747 956 Impedit
1770 914 1864 947 etiam
1888 915 2153 958 approximatio-

1185 977 1259 1000 nem
1283 966 1447 1006 Zachaei,
1472 967 1554 1000 sicut
1577 961 1693 1001 dicitur
1726 968 1795 1007 hic,
1821 968 1895 1010 quia
1926 978 1993 1001 non
2022 973 2154 1011 poterat

1181 1030 1269 1064 prae
1292 1020 1393 1053 turba
1406 1020 1429 1053 ⁹.
1455 1021 1563 1054 Turba
1581 1021 1670 1068 ‚enirn
1695 1030 1796 1063 prona
1826 1021 1864 1054 ad
1898 1022 2016 1054 malum
2041 1031 2058 1054 a
2083 1022 2152 1054 lesu

1186 1078 1314 1108 revocat
1348 1075 1454 1117 potius
1482 1084 1578 1117 quam
1613 1075 1652 1108 ad
1688 1075 1792 1117 ipsum
1817 1075 1990 1117 perducat,
2021 1079 2150 1117 propter

1185 1128 1270 1171 quod
1294 1128 1500 1161 Ecclesiastici
1517 1128 1639 1162 decimo
1655 1133 1765 1161 octavo
1779 1129 1823 1160 1⁰:
1846 1141 1861 1157 «
1878 1129 1921 1161 Ne
1937 1129 2103 1162 oblecteris
2120 1129 2151 1161 in

1186 1182 1289 1215 turbis
1312 1191 1370 1216 nec
1393 1182 1425 1214 in
1453 1182 1601 1222 modicis;
1630 1182 1757 1215 assidua
1779 1183 1862 1215 enim
1895 1186 1943 1216 est
1973 1183 2151 1216 commissio

1184 1236 1314 1269 illorum
1331 1249 1360 1268 n.
1386 1236 1457 1268 ideo
1481 1236 1580 1269 Exodi
1605 1236 1755 1278 vigesimo
1780 1237 1891 1269 tertio:
1923 1250 1937 1265 r<
1954 1236 2019 1268 Non
2037 1245 2149 1279 seque-

1185 1289 1230 1322 ris
1254 1289 1382 1322 turbam
1406 1289 1445 1322 ad
1468 1289 1645 1322 faciendum
1671 1290 1790 1322 malum
1813 1299 1871 1323 nec
1895 1290 1926 1322 in
1948 1290 2063 1322 iudicio
2081 1290 2151 1332 plu-

1185 1344 1341 1376 rimorum
1365 1343 1547 1385 acquiesces
1571 1343 1762 1382 sententiae,
1786 1346 1824 1376 ut
1846 1353 1864 1376 a
1899 1352 1975 1376 vero
1998 1343 2103 1376 devies
2120 1357 2150 1375 ».

1186 1397 1255 1430 ideo
1278 1397 1395 1430 dicitur
1412 1396 1559 1429 Matthaei
1574 1396 1695 1429 decimo
1711 1400 1844 1438 quarto:
1867 1410 1882 1425 «
1896 1397 2030 1429 Dimissa
2046 1396 2150 1435 turba,

1184 1450 1325 1484 ascendit
1349 1451 1435 1483 lesus
1458 1450 1490 1483 in
1514 1453 1654 1483 montem
1679 1450 1766 1483 solus
1782 1460 1882 1494 ,orare
1897 1464 1928 1483 ».

1276 1505 1305 1536 6.
1331 1504 1433 1544 (Vers.
1458 1504 1514 1545 4.).
1540 1504 1646 1536 Tertio
1670 1495 1823 1546 quantum
1849 1503 1887 1536 ad
1911 1503 2317 1545 expeditivum,ouqaaexp2.

1185 1557 1270 1600 quod
1294 1557 1423 1600 quidem
1447 1560 1516 1590 erat
1539 1557 1708 1590 eminentia
1731 1557 1856 1590 arboris
1879 1556 2052 1598 sycomori,
2077 1556 2151 1589 sub-
2190 1539 2289 1560 ‘mmm'

1184 1611 1304 1653 iungit:
1331 1611 1371 1643 Et
1390 1620 1621 1652 praecurrens
1645 1610 1795 1642 ascendit
1818 1610 1854 1642 in
1879 1609 2035 1642 arborem
2058 1620 2151 1653 syco-

1185 1660 1339 1703 morum,
1364 1668 1402 1696 ut
1424 1664 1549 1696 videret
1572 1663 1667 1696 illum
1682 1664 1720 1702 ¹¹,
1747 1662 1830 1706 quia
1846 1662 1922 1695 inde
1937 1667 2011 1695 erat
2027 1663 2151 1696 transi-

1186 1721 1295 1750 turus.
1320 1718 1353 1750 ln
1378 1727 1442 1760 quo
1466 1720 1597 1760 apparet
1621 1717 1690 1750 eius
1706 1716 1888 1761 studiositas
1904 1719 1935 1749 et
1951 1716 1983 1749 in
2000 1725 2151 1758 praecur-

1185 1770 1283 1804 rendo
1306 1774 1337 1804 et
1361 1771 1393 1803 in
1409 1771 1605 1804 ascendendo
1620 1771 1653 1803 in
1670 1771 1786 1809 altum,
1803 1773 1839 1803 ut
1855 1769 1940 1812 quod
1964 1770 2023 1803 sibi
2043 1770 2151 1803 deerat

1185 1824 1348 1866 suppleret
1372 1833 1429 1866 per
1464 1824 1659 1857 adiutorium
1683 1824 1831 1857 alienum.
1864 1823 1951 1857 Unde
1980 1822 2148 1856 Glossa12:

1190 1891 1206 1907 «
1223 1878 1302 1919 Quia
1326 1878 1492 1911 devotione
1516 1877 1588 1910 fidei
1612 1877 1651 1910 ad
1668 1877 1837 1910 videndum
1855 1877 2047 1910 Salvatorem
2065 1876 2150 1919 quod

1184 1933 1300 1962 natura
1323 1930 1429 1962 minus
1454 1930 1548 1963 habet
1579 1938 1636 1971 per
1667 1938 1832 1963 ascensum
1857 1930 1981 1962 arboris
2005 1929 2147 1971 supplet;

1184 1982 1284 2022 iuste,
1302 1982 1387 2024 quod
1404 1991 1516 2024 rogare
1540 1991 1603 2014 non
1619 1982 1769 2021 audebat,
1786 1982 1960 2015 dominicae
1976 1981 2148 2023 susceptio-

1184 2036 1233 2069 nis
1256 2036 1506 2069 benedictionem
1530 2035 1668 2077 accepit,
1692 2044 1789 2077 quam
1813 2035 2057 2070 desiderabat».

1274 2093 1304 2123 7.
1329 2089 1388 2123 Sed
1413 2089 1464 2121 hic
1488 2087 1730 2127 attendendum,
1760 2087 1845 2130 quod
1877 2088 2073 2130 Evangelista
2104 2088 2148 2120 sic
2158 2097 2312 2127 Mysteripmin

1182 2145 1349 2187 diligenter
1372 2151 1494 2175 nomen
1514 2141 1679 2180 civitatis,
1705 2149 1819 2174 nomen
1843 2139 1988 2173 hominis
2002 2140 2027 2159 ¹³
2045 2144 2076 2173 et
2092 2150 2147 2173 no·
2167 2126 2305 2172 εῗιὲῗξῖἓῗέιὲ.

1183 2207 1254 2231 men
1291 2196 1427 2230 arboris
1458 2198 1588 2237 propter
1623 2194 1821 2238 mysterium
1858 2194 1962 2236 'magis
1996 2194 2147 2236 exprimit

1183 2260 1278 2294 quam
1303 2252 1434 2293 propter
1457 2248 1649 2291 exigentiam
1673 2247 1864 2280 narrationis
1887 2246 1979 2290 sacti.
2006 2265 2047 2270 --
2072 2247 2146 2279 Pro-

1182 2308 1253 2347 pter
1269 2303 1354 2346 quod
1370 2301 1626 2344 intelligendum,
1644 2300 1728 2343 quod
1750 2301 1809 2333 iste
1833 2300 2036 2343 publicanus
2060 2303 2146 2333 recte

1181 2358 1324 2400 designat
1346 2356 1500 2398 populum
1535 2355 1692 2398 gentilem.
1726 2353 1870 2393 Iericlw,
1895 2363 1976 2396 quae
1999 2354 2075 2386 luna
2099 2354 2145 2386 in-
2167 2361 2197 2384 ne
2212 2362 2302 2384 iericho.

1182 2413 1378 2452 terpretatur
1389 2435 1396 2449 ,
1414 2409 1496 2442 sicut
1512 2417 1610 2451 supra
1624 2409 1650 2427 ¹⁴
1674 2410 1792 2441 tactum
1810 2410 1880 2446 est,
1891 2407 2032 2449 designat
2049 2416 2144 2439 ntun-

1182 2464 1264 2496 clum
1287 2466 1418 2505 propter
1443 2462 1492 2495 sui
1515 2461 1672 2495 defectum
1703 2454 1744 2494 et
1766 2460 2026 2499 mutabilitatem;
2052 2460 2144 2502 quia,

226 2656 235 2670 ¹
256 2657 332 2682 Vers.
351 2657 395 2682 20.
414 2659 440 2682 et
459 2657 554 2683 deinde
574 2657 610 2683 lll.
630 2658 694 2689 Reg.
717 2658 764 2689 46,
785 2658 832 2689 34,
852 2658 877 2684 in
896 2659 972 2685 cuius
991 2659 1042 2685 fine
1062 2660 1120 2685 alle-

155 2704 232 2732 gatur
251 2701 326 2727 losue
345 2701 376 2733 6,
396 2702 438 2727 26.
458 2702 507 2727 Pro
532 2701 592 2728 Hicl
619 2701 702 2728 ACD
727 2706 752 2728 et
777 2702 855 2728 Card.
874 2703 952 2735 Hugo
977 2703 1068 2735 Ahiel,
1101 2704 1119 2729 F

155 2745 247 2773 Aclciel
266 2746 311 2779 (ita
331 2747 409 2772 etiam
430 2747 600 2779 Septuaginta
620 2750 645 2773 et
663 2746 810 2780 Rabauus).
947 2751 950 2755 ·

226 2790 237 2805 ²
257 2792 368 2823 Seneca,
387 2791 509 2823 Thyestis
528 2794 577 2817 act.
598 2792 623 2817 3.
642 2799 669 2817 v.
689 2791 758 2817 550:

388 2880 459 2905 Nulla
480 2879 520 2906 vis
539 2879 623 2906 maior
641 2880 738 2912 pietate
756 2886 818 2905 vera
839 2882 887 2905 est.

226 2965 237 2980 ⁸
256 2968 288 2993 Ut
305 2967 421 2994 insinuat
439 2968 529 2994 Glossa
548 2967 734 2995 interlinearis
762 2967 787 2993 in
814 2968 876 2993 Luc.
897 2967 943 2999 45,
967 2968 993 3000 1;
1013 2968 1059 2993 cfr.
1078 2975 1119 2993 su-

156 3019 203 3044 pra
223 3019 286 3044 pag.
306 3013 372 3050 382,
391 3015 451 3038 nota
472 3014 496 3038 2.

213 3055 238 3070 ¹⁴
257 3057 332 3088 Vors.
352 3058 395 3083 25.
413 3071 449 3076 —
467 3058 556 3083 Glossa
575 3056 719 3083 ordinaria
739 3057 780 3090 (ex
800 3056 880 3089 Beda)
902 3056 928 3082 in
947 3058 1010 3083 Luc.
1030 3057 1073 3088 49,
1095 3058 1118 3083 4.

156 3108 227 3134 scq.:
247 3102 322 3132 Ecce,
340 3102 471 3132 camelus,
491 3102 610 3133 deposita
631 3102 732 3128 sarcina
753 3101 841 3134 gibbi,
860 3109 909 3135 per
923 3103 1040 3128 foramen
1055 3108 1118 3127 acus

157 3144 261 3175 transit,
280 3144 359 3176 dum,
378 3147 530 3177 contempto
549 3152 629 3171 censu
657 3146 805 3177 fraudium,
832 3149 971 3178 angustam
999 3148 1117 3177 portam,

157 3195 227 3222 quae
245 3187 320 3214 ducit
336 3187 373 3214 ad
390 3188 474 3215 vitam
493 3188 594 3223 [Matth.
614 3189 647 3220 7,
667 3189 734 3223 44.],
754 3191 881 3216 ascendit.

228 3231 239 3246 ⁵
258 3232 334 3258 Vers.
363 3232 406 3258 44.
424 3247 459 3252 —
477 3232 564 3264 Cyrill.
590 3233 737 3265 Alexandr„
765 3234 791 3259 in
817 3234 879 3260 Luc.
900 3234 947 3265 49,
967 3235 997 3259 2:
1026 3233 1117 3265 Cupie-

157 3276 203 3302 bat
221 3277 305 3302 lesum
324 3276 431 3308 videre,
450 3277 513 3309 quia
532 3277 622 3303 salutis
639 3285 730 3303 semen
750 3278 801 3304 iam
822 3278 848 3304 in
867 3285 899 3304 eo
919 3277 1092 3310 germinabat.

229 3319 240 3334 ⁰
259 3320 333 3346 Vers.
354 3320 396 3352 40,
415 3319 460 3345 ubi
480 3327 529 3352 pro
556 3328 660 3348 aurum
687 3322 737 3347 AF
756 3324 782 3348 et
805 3321 881 3348 Card.
907 3322 985 3353 nugo
1013 3320 1117 3347 thesau-

157 3371 237 3396 rum,
256 3363 307 3390 CD
326 3364 477 3391 thesauros.
497 3379 530 3383 —
550 3365 674 3399 Sequitur
693 3366 753 3398 Sap.
775 3366 805 3397 4,
829 3367 850 3392 t.
870 3373 925 3399 seq.

229 3407 239 3422 ⁷
260 3409 335 3435 Vers.
354 3409 397 3435 36.
416 3412 441 3435 et
460 3410 504 3436 39.
521 3423 557 3430 —
576 3411 727 3443 Sequuntur
746 3411 823 3436 Marc.
843 3411 873 3442 2,
885 3411 913 3436 3.
927 3417 980 3443 seq.
996 3413 1021 3436 ct
1035 3410 1060 3441 7,
1075 3409 1116 3434 33.

265 3462 296 3489 S.
315 3462 419 3489 Bonav.
430 3476 465 3482 —
480 3463 558 3489 Tom.
570 3464 631 3494 Vll.

1254 2656 1265 2671 ⁸
1286 2657 1361 2683 Vers.
1380 2656 1423 2681 25.
1442 2669 1477 2674 —
1496 2655 1545 2680 Pro
1574 2653 1776 2680 suscitationem
1801 2653 1904 2680 mortui
1932 2654 1976 2686 (ita
2002 2654 2064 2686 BH)
2085 2653 2143 2679 Yat.

1183 2710 1244 2728 cum
1265 2702 1320 2728 aliis
1339 2701 1418 2726 codd.
1440 2698 1609 2732 curationem
1627 2698 1738 2725 mortui.

1255 2745 1266 2761 ⁹
1285 2747 1375 2772 Glossa
1400 2743 1543 2771 ordinaria
1569 2742 1610 2775 (ex
1636 2743 1716 2775 Beda)
1746 2742 1769 2767 in
1796 2743 1859 2768 Luc.
1881 2743 1927 2774 49,
1957 2743 1978 2767 l.
1998 2749 2052 2775 seq.
2073 2743 2143 2775 apud

1183 2793 1330 2824 Lyranum:
1359 2789 1410 2816 Sed
1436 2788 1527 2818 turba,
1546 2787 1574 2812 id
1593 2790 1632 2813 est
1657 2787 1781 2812 vitiorum
1804 2787 1983 2818 consuetudo,
2003 2794 2070 2820 quae
2090 2794 2144 2812 cae-

1183 2843 1243 2863 cum
1264 2836 1421 2861 clamantem
1441 2831 1606 2864 increpabat,
1632 2831 1709 2856 etiam
1736 2832 1806 2857 hunc
1835 2831 2022 2863 suspicientem
2052 2831 2144 2857 tardat.

1184 2880 1235 2905 Sed
1254 2880 1321 2905 sicut
1340 2877 1453 2910 amplius
1471 2875 1609 2902 clamando
1638 2881 1731 2899 caecus
1760 2873 1866 2899 turbam
1885 2874 1961 2905 vicit,
1981 2875 2015 2900 ita
2035 2875 2144 2906 pusillus

1183 2928 1285 2950 terrena
1305 2921 1493 2955 relinquendo,
1519 2919 1642 2945 arborem
1666 2918 1752 2944 crucis
1782 2918 1950 2944 ascendendo
1977 2918 2080 2944 turbam
2101 2918 2144 2944 ob-

1182 2971 1292 2994 stantem
1312 2965 1483 2995 transcendit·,
1504 2964 1619 2989 clamans
1632 2969 1693 2988 cum
1707 2962 1832 2994 Apostolo
1851 2961 1918 2995 [Gal.
1940 2963 1970 2993 6,
1994 2962 2058 2996 14,];
2078 2962 2146 2988 Mihi

1182 3010 1252 3038 absit
1270 3009 1389 3044 qlorz‘ari
1406 3008 1460 3035 nisi
1478 3007 1506 3034 in
1526 3014 1605 3034 cruce
1624 3009 1672 3032 etc.

1254 3053 1275 3068 ¹⁰
1296 3055 1372 3080 Vers.
1394 3053 1436 3078 32.
1450 3066 1485 3071 —
1499 3052 1555 3077 Duo
1575 3057 1650 3084 seqq.
1669 3050 1719 3076 loci
1738 3053 1798 3076 sunt
1817 3050 1897 3076 Exod.
1911 3051 1958 3081 23,
1980 3051 2004 3075 2.
2018 3053 2041 3076 et
2056 3051 2143 3076 Matth.

1182 3099 1230 3130 114,
1250 3100 1293 3125 23.

1253 3143 1273 3158 ¹¹
1295 3144 1328 3169 lta
1349 3142 1427 3168 etiam
1446 3141 1516 3167 Beda
1536 3144 1560 3166 et
1580 3139 1656 3166 Card.
1676 3139 1767 3171 Ilug03
1788 3139 1846 3164 Vat.
1865 3146 1926 3165 cum
1947 3140 2059 3171 Vulgata
2073 3145 2142 3165 eum.

1253 3186 1275 3202 ¹²
1296 3187 1399 3213 Scilicet
1418 3184 1560 3212 ordinaria
1580 3184 1621 3217 (ex
1640 3183 1722 3216 Beda)
1737 3183 1762 3208 in
1776 3183 1838 3209 Luc.
1860 3183 1904 3214 49,
1926 3184 1948 3209 l.
1969 3190 2036 3216 seq,
2051 3183 2076 3208 in
2090 3189 2142 3215 qua

1181 3240 1230 3265 pro
1249 3231 1341 3258 minus
1361 3229 1439 3257 habet
1466 3233 1550 3255 textus
1574 3228 1709 3260 originalis
1738 3226 1873 3253 substituit
1903 3227 1992 3253 mimis
2021 3226 2140 3253 habebat.

1181 3277 1241 3302 Vat.
1260 3275 1341 3302 verba
1361 3275 1459 3305 Bedae,
1479 3281 1532 3300 non
1551 3273 1657 3299 Glossae
1676 3273 1757 3298 affert.

1253 3319 1275 3334 ²³
1296 3320 1354 3345 Vat.
1373 3325 1435 3344 cum
1461 3318 1552 3350 paucis
1579 3316 1658 3343 codd.
1677 3316 1771 3342 omittit
1789 3316 1831 3342 hic
1851 3322 1947 3342 nomen
1966 3315 2094 3347 hominis,
2117 3319 2141 3340 et

1181 3364 1290 3391 inferius
1308 3362 1380 3397 sacti.

1254 3407 1276 3422 ¹⁴
1296 3407 1357 3439 Cap.
1377 3407 1422 3438 18,
1442 3407 1484 3432 35.
1504 3413 1530 3432 n.
1551 3406 1594 3431 58.
1613 3419 1648 3424 —
1667 3404 1790 3438 Sequitur
1810 3405 1827 3430 l.
1846 3405 1916 3430 loan.
1936 3404 1965 3434 2,
1987 3403 2028 3434 47.

2001 3456 2034 3481 60
