2476 3921
163 422 232 444 Aliter
245 427 258 442 a

130 450 287 477 chrysostomo.

145 1169 244 1191 Firmitas
258 1171 288 1190 at-

157 1195 277 1218 testationis

154 1223 284 1250 Scripturae.

141 1434 238 1455 Christus
253 1433 290 1454 mi·

155 1466 179 1482 re
191 1460 286 1482 humilis.

167 1806 192 1827 Et
207 1807 289 1832 potens.

147 1911 229 1933 Dicitur
235 1911 297 1938 lapis.

295 272 359 305 508

295 360 446 404 quosdam
478 357 676 400 respondisse
700 355 786 399 quod
810 355 984 388 Matthaeus
1008 355 1253 391 commemorat;

295 413 447 457 quosdam
481 421 575 451 vero,
608 410 693 453 quod
723 410 822 442 Lucas
838 422 869 440 ».
895 426 937 432 —-
960 407 1055 440 Aliter
1087 405 1255 448 respondet

295 467 537 508 chrysostomus
550 465 561 484 ¹
572 490 580 504 ,
597 463 683 506 quod
703 475 719 491 α
732 471 840 495 unum
851 461 1004 494 dixerunt
1016 459 1126 498 corde,
1138 458 1256 491 scilicet

296 520 381 564 quod
403 519 579 552 Matthaeus
602 517 698 555 dicit;
722 516 819 549 atiud
841 523 914 553 ore,
939 513 1058 547 scilicet
1080 512 1166 555 quod
1181 511 1257 544 dicit

297 576 405 608 Lucas.
429 572 516 606 Unde
539 570 729 605 conscientia
751 572 819 603 erat
843 577 979 602 consona
993 566 1116 600 divinae
1133 568 1257 598 senten-

298 629 359 661 tiae
382 630 413 660 et
429 621 620 669 parabolae,
645 624 699 658 sed
724 624 831 665 lingua
854 626 922 655 erat
945 620 1146 654 contraria».
1171 618 1257 652 Unde

298 682 405 714 Glossa
418 681 449 713 ²:
471 693 487 708 ει
502 677 727 712 Contradicunt
743 676 931 714 sententiae,
948 683 1043 717 quam
1060 677 1170 707 contra
1186 681 1258 714 per-

299 735 404 768 fidiam
428 742 518 766 suam
541 732 656 765 dictam
672 732 886 772 cognoscunt;
904 727 989 770 quod
1005 727 1088 760 enim
1105 726 1137 758 in
1154 728 1258 758 mente

299 788 450 831 gerebant
472 787 503 819 10
527 784 677 828 parabola
699 783 852 817 contineri
876 780 1138 823 intelligebant».
1164 779 1200 811 Et
1216 787 1258 811 ex

301 842 360 874 hoc
392 840 509 872 mirum
541 838 594 871 Dei
627 839 759 879 apparet
789 835 959 873 iudicium,
988 833 1073 876 quod
1104 831 1260 865 contradi-

300 894 398 928 cendo
421 893 567 926 volebant
590 891 705 929 latere,
729 893 761 923 et
784 892 888 922 tamen
905 897 938 921 se
954 887 1039 929 ipsos
1054 885 1259 928 detegebant,

300 948 377 980 dum
401 946 526 979 veritati
550 954 584 978 se
607 944 691 986 ipsos
711 942 920 985 opponebant,
937 943 1047 973 contra
1063 938 1139 971 illud
1158 938 1261 970 Eccle-

302 1000 416 1034 siastici
441 998 601 1042 quarto³:
637 998 734 1030 «Non
766 995 961 1029 contradicas
989 992 1087 1026 verbo
1119 991 1262 1024 veritatis

303 1054 368 1087 ullo
390 1052 493 1091 mod0,
517 1055 548 1084 et
570 1051 609 1084 de
634 1048 796 1083 mendacio
811 1061 827 1077 n
856 1050 916 1080 etc.

391 1098 446 1139 ²23ss
469 1105 571 1147 (Vers.
597 1103 675 1145 17).
699 1102 805 1135 Tertio
828 1103 983 1144 quantum
1008 1099 1047 1132 ad
1069 1097 1262 1141 firmitatem

303 1158 523 1193 attestationis
547 1157 746 1199 Scripturae
770 1154 954 1196 subiungit:
983 1153 1040 1185 ute
1071 1155 1182 1184 autem
1212 1160 1263 1183 re-

303 1212 472 1256 spiciens4
495 1221 559 1250 eos,
584 1210 655 1243 ait:
683 1208 772 1250 Quid
795 1211 842 1240 cst
863 1216 942 1249 cryo
971 1205 1031 1238 hoc
1062 1205 1150 1248 quod
1180 1203 1264 1236 scri-

301 1271 398 1309 ptum
421 1268 488 1297 cst:
505 1263 676 1305 Lapidem,
693 1270 789 1305 quem
805 1259 1067 1303 reprobaverunt
1083 1257 1265 1299 aedifican-

305 1325 362 1359 tes,
387 1318 439 1351 liic
461 1316 576 1360 factus
598 1319 645 1348 cst
667 1315 704 1348 in
727 1318 830 1356 caput
853 1312 994 1355 anyuliP
1023 1312 1084 1344 Hoc
1115 1310 1265 1344 scribitur

305 1373 337 1405 in
363 1370 526 1409 Psalmo⁶,
550 1369 605 1402 ubi
631 1367 737 1401 statim
760 1366 945 1399 3111111111·εά
962 1366 983 1397 Α
1001 1364 1133 1397 Domino
1148 1363 1266 1395 factum

305 1430 353 1460 est
376 1424 460 1458 istud
477 1437 492 1453 ι)
521 1426 579 1456 etc.
605 1422 636 1454 ln
662 1422 723 1454 hoc
743 1422 848 1453 autem
864 1417 1043 1451 ostenditur
1059 1417 1152 1450 mira
1171 1415 1267 1449 Chri-

306 1479 350 1512 sti
377 1477 562 1515 humilitas,
594 1475 649 1517 qui
680 1473 782 1507 voluit
812 1471 996 1514 reprobari;
1021 1474 1151 1513 propter
1182 1469 1267 1512 quod

307 1531 482 1565 admiratur
518 1528 612 1562 lsaias
650 1525 912 1570 quinquagesimo
947 1523 1087 1557 terti0⁶:
1119 1522 1267 1561 Domine,

314 1598 329 1614 α
346 1584 418 1627 111115
442 1582 574 1616 credidit
597 1580 719 1614 auditui
742 1582 878 1612 nostro?
901 1578 937 1611 Et
960 1577 1127 1610 brachium
1145 1575 1268 1608 Domini

308 1638 359 1671 cui
383 1637 557 1670 revelatum
581 1638 656 1668 est?
681 1633 716 1666 Et
739 1632 887 1666 ascendet
911 1631 993 1664 sicut
1016 1630 1192 1672 virgultum
1216 1638 1268 1662 co-

309 1701 376 1725 ram
401 1700 437 1724 eo
461 1694 492 1723 et
515 1690 598 1722 sicut
629 1687 722 1721 radix
753 1687 792 1720 de
817 1689 903 1719 terra
926 1684 1090 1718 sitienti».
1121 1696 1136 1712 «
1152 1683 1188 1716 Et
1211 1691 1269 1716 nos

309 1744 528 1787 reputavimus
558 1751 631 1775 eum
663 1740 753 1783 quasi
784 1740 945 1782 leprosum
973 1742 1004 1771 et
1036 1745 1223 1780 percussum
1250 1745 1269 1769 a

308 1799 373 1831 Deo
397 1801 427 1830 et
452 1796 653 1829 humiliatum
670 1808 701 1826 ».
727 1794 758 1826 ln
783 1794 843 1826 hoc
867 1792 960 1825 etiam
976 1791 1154 1824 ostenditur
1176 1790 1270 1823 mira

313 1850 437 1885 Christi
462 1852 627 1892 polanae,
652 1847 737 1890 quod
760 1846 918 1880 disiuncta
941 1845 1081 1878 maxime
1103 1843 1142 1876 ad
1166 1843 1270 1876 unitass

310 1908 373 1938 tem
396 1902 526 1936 reduxit
550 1901 639 1944 quasi
663 1900 742 1943 lapis
765 1899 935 1941 angularis.
954 1917 998 1922 ——
1014 1897 1136 1930 Dicitur
1163 1900 1270 1929 autem

311 1958 456 1991 Christus
479 1956 566 1998 lapis
590 1957 720 1996 propter
744 1951 992 1995 permanentiam
1016 1950 1211 1988 stabilitatis,
1232 1949 1271 1982 de

312 2020 375 2053 1103
399 2009 534 2042 Danielis
557 2006 742 2040 secundo⁷z
773 2018 788 2033 «
805 2005 875 2037 Post
898 2005 976 2037 haec
999 2003 1145 2041 videbas,
1172 2002 1271 2035 donec

301 2063 470 2096 vabscissus
493 2063 541 2093 est
563 2060 602 2092 de
625 2062 732 2091 monte
746 2052 834 2099 ‘lapis
850 2057 916 2089 sine
933 2055 1079 2088 manibus
1095 2059 1126 2088 et
1142 2063 1272 2097 percus-

176 2228 296 2256 Anguiaris.

314 2115 353 2148 sit
384 2117 519 2147 statuam
536 2125 566 2144 ».
596 2125 612 2140 «ι
628 2110 719 2153 Lapis
750 2113 875 2148 autem,
899 2108 955 2151 qui
978 2110 1179 2150 percusserat
1210 2110 1272 2139 sta-

314 2172 419 2206 tuam,
448 2166 550 2199 factus
580 2168 628 2197 est
658 2172 749 2196 mons
773 2171 905 2204 magnus
928 2164 960 2194 et
982 2160 1122 2202 implevit
1145 2159 1273 2193 univer-

314 2230 380 2255 sam
408 2224 526 2253 terram
543 2232 572 2250 ».
599 2236 639 2241 -
664 2216 786 2250 Dicitur
809 2218 915 2248 autem
939 2213 1119 2257 anyularis
1142 2217 1272 2256 propter

317 2420 508 2445 commemorat
536 2417 644 2442 dicens:
672 2414 756 2442 Aiunt
783 2414 843 2441 illi:
872 2414 959 2441 Malos
987 2413 1058 2440 male
1073 2413 1193 2447 perdet...
1213 2413 1274 2440 aliis

317 2461 460 2497 apricolis,
479 2461 610 2494 quosdam
630 2467 695 2486 vero
715 2459 776 2485 illud
796 2459 868 2492 quod
888 2459 971 2485 Lucas
990 2466 1040 2484 non
1054 2459 1147 2490 tacuit,
1168 2460 1217 2485 hoc
1236 2462 1276 2484 est

317 2506 401 2534 Absit.

388 2550 400 2566 ²
417 2550 511 2576 Homil.
533 2549 574 2575 40.
594 2549 618 2574 in
638 2549 726 2574 Matth.
746 2548 788 2579 al,
809 2547 852 2573 41.
872 2547 932 2580 (Op.
951 2547 1125 2581 imperfect.):
1145 2549 1171 2574 ln
1190 2548 1275 2580 prima

318 2595 428 2629 quidem
448 2594 513 2620 faeie
532 2593 654 2619 videntur
681 2599 739 2618 esse
764 2592 907 2624 contraria,
926 2599 1018 2617 revera
1037 2594 1125 2617 autem
1145 2599 1197 2617 11οο
1217 2595 1276 2617 sunt

319 2639 462 2669 contraria,
481 2638 528 2663 sed
548 2637 651 2663 diversa
671 2636 770 2662 ratione
789 2639 849 2661 sunt
867 2636 945 2661 dicta.
964 2636 1005 2661 llle
1028 2636 1098 2661 enim
1113 2634 1216 2669 [Lucas]
1237 2642 1277 2661 se-

319 2683 436 2709 cundum
463 2681 662 2713 responsionem
692 2679 819 2705 sermonis
847 2679 950 2705 illorum
970 2679 1103 2711 exposuit,
1124 2679 1171 2705 iste
1189 2682 1277 2704 autem

320 2727 465 2753 secundum
493 2724 692 2756 responsionem
721 2724 814 2749 cordis.
844 2724 908 2749 Nam
932 2730 996 2749 vere
1014 2723 1150 2749 visibiliter
1168 2723 1277 2755 quidem

321 2771 346 2797 in
365 2770 429 2796 facie
448 2769 674 2798 contradixerunt,
694 2768 810 2793 dicentes
829 2767 917 2800 Absit,
939 2768 966 2793 in
991 2767 1071 2793 corde
1095 2770 1183 2792 nutem
1209 2771 1234 2792 et
1253 2767 1278 2792 in

321 2813 478 2839 conscientia
507 2819 553 2837 sua
579 2814 766 2843 susceperunt,
791 2811 923 2837 dicentes:
949 2810 1036 2837 Malos
1061 2810 1133 2836 male
1160 2809 1278 2843 perdet...

323 2857 410 2883 Posuit
428 2857 498 2882 enim
519 2857 588 2881 Deus
606 2855 739 2888 quendam
760 2855 881 2887 spiritum
901 2855 1023 2880 scientiae
1043 2854 1105 2880 boni
1124 2858 1149 2879 et
1168 2853 1230 2879 mali
1254 2853 1278 2878 in

322 2901 485 2933 hominibus,
505 2903 545 2932 ut,
565 2900 783 2933 quotiescumque
802 2906 956 2931 peccamus,
977 2889 1016 2924 ille
1034 2899 1061 2924 in
1084 2898 1185 2924 silentio
1204 2897 1279 2930 quasi

322 2947 418 2972 sactum
437 2948 555 2971 nostrum
575 2947 709 2970 accuset...
727 2945 879 2976 Propterea,
899 2944 920 2969 si
940 2943 1031 2969 fecerit
1043 2945 1123 2968 homo
1137 2942 1235 2968 malum
1254 2944 1280 2967 et

323 2991 504 3022 deprehensus
523 2989 599 3015 fuerit
617 2988 644 3014 in
662 2996 709 3019 eo,
728 2987 818 3014 verbis
844 2988 952 3021 quidem
981 2987 1095 3019 denegat
1117 2989 1142 3012 et
1160 2988 1280 3015 excusat,

323 3034 356 3061 ab
375 3035 445 3060 intus
463 3037 551 3060 autem
570 3033 727 3059 conscientia
747 3033 804 3059 eius
817 3032 981 3064 recognoscit
992 3034 1019 3057 et
1030 3031 1080 3057 sibi
1094 3031 1149 3063 ipsa
1162 3030 1280 3056 discussa

323 3087 370 3112 per
389 3079 509 3111 spiritum
530 3078 665 3104 confltetur
684 3077 756 3111 quod
775 3078 833 3103 fecit
852 3079 901 3103 etc.
920 3090 955 3096 —
974 3076 1023 3102 Pro
1042 3074 1115 3110 quod
1132 3081 1220 3101 unum
1245 3073 1280 3100 da>

322 3124 424 3150 xerunt
443 3122 493 3149 AC
504 3123 525 3148 D
544 3121 616 3156 quod
634 3121 696 3148 bene
715 3120 865 3149 dzzverunt..

393 3166 404 3182 ²
424 3167 525 3193 Scilicet
542 3166 684 3193 ordinaria
704 3165 744 3198 (ex
764 3165 855 3197 Beda).

394 3210 405 3226 ³
425 3213 499 3238 Vers.
523 3212 565 3236 30.
584 3224 620 3230 -
644 3211 733 3236 Glossa
759 3208 902 3236 ordinaria
927 3208 968 3241 (ex
993 3208 1074 3241 Beda)
1100 3207 1125 3233 in
1151 3208 1213 3233 Luc.
1233 3207 1281 3237 20,

325 3257 372 3282 46:
392 3255 552 3288 Negantibus
570 3262 634 3287 ergo
654 3254 768 3285 ludaeis,
786 3254 885 3280 iustum
905 3255 960 3279 tore
978 3252 1084 3278 divinae
1101 3251 1235 3278 scientiam
1249 3251 1283 3276 le-

325 3302 378 3334 gis,
397 3308 478 3334 quam
497 3300 546 3332 ipsi
565 3298 737 3331 spernebant,
754 3298 788 3325 ad
808 3301 900 3330 gemes
913 3298 1059 3330 transferri,
1077 3296 1143 3331 quid
1162 3296 1282 3323 Salvator

325 3345 484 3378 respondeat
502 3344 622 3370 attende:
640 3342 688 3370 Ille
707 3344 799 3369 autem
817 3340 949 3376 aspiciens
967 3344 1016 3367 etc.

395 3387 407 3403 ⁴
426 3389 538 3421 Vulgata
551 3387 701 3422 aspiciem,·
719 3388 766 3413 cfr.
779 3387 807 3412 B.
821 3386 932 3418 Albert.‚
944 3386 990 3419 qui
1003 3386 1081 3412 etiam
1095 3392 1156 3412 cum
1169 3384 1188 3412 C
1199 3385 1220 3410 D
1230 3385 1250 3410 G
1261 3384 1283 3410 fl

326 3439 375 3465 pro
393 3432 431 3459 ait
449 3432 582 3458 substituit
600 3431 679 3458 davit.

882 265 1077 298 COMMENT.
1102 264 1138 297 IN
1162 262 1403 296 EVANGELIUM
1426 260 1545 294 LUCAE
1569 259 1601 292 C.
1627 257 1688 291 XX.

1320 350 1470 383 virtutem
1493 346 1720 386 connexionis;
1745 345 1785 379 ad
1808 345 1958 388 Ephesios
1974 344 2160 378 seeundofl:
2183 357 2199 373 α
2215 345 2282 386 lpse

1319 406 1367 436 est
1389 412 1453 445 pax
1477 404 1602 439 nostra,
1626 400 1680 443 qui
1704 399 1778 432 fecit
1800 403 1938 441 utraque
1962 407 2079 437 unum,
2095 401 2127 431 et
2143 397 2281 431 medium

1320 456 1477 498 parietem
1496 454 1650 488 maceriae
1673 453 1799 486 solvens
1816 464 1847 491 ‘²3
1876 464 1893 481 α
1908 455 1945 485 111
1960 451 2042 484 duos
2057 451 2171 484 condat
2186 450 2217 483 in
2235 459 2284 483 se-

1320 509 1489 551 metipsum
1506 508 1539 541 in
1555 516 1654 541 unum
1672 515 1791 540 novum
1808 505 1980 544 hominem,
1996 504 2113 538 faciens
2129 512 2237 546 pacem
2249 516 2281 535 ν).

1321 563 1365 595 De
1391 563 1449 595 hoc
1472 561 1525 594 Iob
1553 560 1715 603 trigesimo
1738 559 1896 592 octav0⁹:
1925 571 1941 587 α
1957 558 2015 591 Ubi
2038 566 2128 596 eras,
2159 556 2286 599 quando

1320 615 1475 658 ponebam
1506 614 1709 647 fundamenta
1732 615 1865 646 terrae?
1890 611 1967 654 Quis
1990 610 2096 653 posuit
2119 618 2287 643 mensuras

1321 669 1404 707 eius,
1428 670 1484 701 aut
1507 667 1579 710 quis
1594 666 1719 700 demisit
1743 666 1877 708 lapidem
1895 665 2079 707 angularem
2096 664 2166 697 eius
2181 666 2217 696 »2
2233 662 2287 696 Hic

1322 722 1400 764 lapis
1423 721 1585 764 angularis
1608 724 1713 753 terrae
1736 723 1784 752 est
1807 719 1887 761 lapis
1902 718 2045 751 unitivus
2061 716 2232 755 Ecclesiae,
2249 716 2288 751 de

1323 785 1388 818 quo
1404 775 1499 808 Isaiae
1515 774 1666 817 vigesimo
1689 776 1799 806 octavo
1813 773 1856 804 l⁰:
1887 785 1903 801 (ι
1919 772 2014 811 Ecce,
2036 780 2096 817 ego
2116 770 2236 803 mittam
2254 769 2287 802 in

1323 828 1535 862 fundamentis
1559 828 1631 860 Sion
1655 826 1807 869 lapidem,
1832 825 1966 868 lapidem
1984 825 2171 867 probatum,
2189 832 2288 865 angu-

1325 883 1441 921 larem,
1467 881 1659 924 pretiosum,
1676 880 1708 913 in
1725 879 1929 912 fundamento
1944 877 2110 910 fundatum
2128 890 2158 909 ».
2177 894 2219 901 -
2236 875 2289 908 Di-

1325 937 1408 970 citur
1433 936 1526 969 etiam
1550 938 1653 977 caput
1675 933 1796 976 anyuli
1818 935 1947 975 propter
1976 931 2189 964 summitatem
2217 938 2290 972 per-

1325 989 1486 1028 fectionis;
1509 988 1549 1021 ad
1573 987 1723 1030 Ephesios
1746 985 1885 1019 secundo
1899 986 1946 1017 1¹:
1969 997 1985 1013 α
2001 985 2070 1027 Ipso
2087 993 2212 1017 summo
2231 992 2288 1016 an-

1325 1042 1428 1084 gulari
1453 1041 1554 1083 lapide
1577 1040 1720 1079 Christo,
1750 1039 1783 1071 in
1807 1048 1876 1081 quo·
1894 1038 1996 1071 omnis
2019 1037 2193 1070 aedificatio
2216 1045 2290 1070 con-

1326 1098 1447 1128 structa
1468 1094 1582 1127 crescit
1605 1093 1637 1126 10
1662 1093 1815 1135 templum
1836 1095 1982 1125 sanctum
1997 1086 2030 1123 10
2045 1090 2178 1123 Βο111100
2193 1103 2209 1119 »
2231 1092 2290 1123 etc.

1327 1148 1363 1180 Et
1386 1147 1455 1180 ideo
1479 1147 1599 1189 primae
1627 1146 1709 1179 Petri
1732 1144 1892 1179 secundo:
1922 1157 1938 1173 ι(
1955 1144 1998 1177 Ad
2022 1152 2117 1186 quem
2140 1143 2291 1176 acceden-

1327 1204 1392 1239 tes,
1424 1200 1559 1242 lapidem
1590 1199 1717 1238 vivum,
1748 1199 1789 1231 ab
1820 1198 2004 1231 hominibus
2035 1196 2241 1239 reprobatum
2257 1209 2287 1228 n.

1334 1267 1349 1283 «ι
1366 1254 1403 1286 Et
1425 1253 1485 1295 ipsi
1516 1257 1667 1295 tanquam
1699 1252 1817 1294 lapides
1845 1251 1940 1285 vivi»
1969 1254 2028 1284 etc.
2053 1268 2095 1274 —
2120 1249 2293 1292 Imaginan-

1329 1307 1389 1340 dus
1412 1310 1460 1340 est
1483 1316 1559 1349 ergo
1589 1306 1735 1339 Christus
1766 1309 1917 1348 tanquam
1941 1305 2020 1347 lapis
2043 1303 2191 1339 centralis
2202 1303 2230 1323 12
2261 1303 2294 1336 in

1331 1364 1396 1394 toto
1418 1369 1551 1402 corpore
1579 1359 1751 1398 Ecclesiae,
1776 1358 1861 1401 quod
1885 1357 2158 1391 circumferentiae
2181 1356 2293 1389 circuli

1331 1417 1553 1455 comparatur;
1577 1412 1616 1445 ad
1632 1421 1726 1454 quem
1743 1411 1871 1454 quidem
1887 1419 1998 1444 omnes
2019 1410 2118 1443 lineae
2141 1409 2293 1442 deductae

1331 1467 1483 1509 angulum
1514 1466 1633 1499 faciunt
1664 1469 1695 1499 et
1725 1465 1883 1498 uniuntur
1914 1465 1946 1497 in
1978 1464 2046 1507 ipso
2078 1466 2230 1506 tanquam
2261 1463 2294 1495 in

1330 1524 1449 1563 puncto
1472 1520 1744 1558 indivisibilitatis,
1768 1519 1800 1552 10
1824 1528 1888 1561 quo
1912 1518 1948 1551 fit
1970 1518 2115 1551 osculum
2140 1517 2296 1550 linearum

1331 1574 1437 1607 crucis
1467 1574 1498 1607 in
1530 1573 1632 1606 medio
1663 1573 1713 1606 sui
1744 1572 2005 1605 concurrentium
2036 1571 2068 1604 in
2095 1579 2207 1604 unum.
2244 1569 2296 1603 Est

1332 1628 1428 1671 igitur
1452 1627 1531 1670 lapis
1554 1627 1613 1660 iste
1637 1626 1799 1671 stabiliens
1814 1626 1948 1665 electos,
1965 1628 1997 1659 et
2012 1627 2143 1659 econtra
2157 1627 2205 1658 est
2221 1633 2296 1657 con-

1333 1685 1439 1715 terens
1462 1680 1660 1714 adversarios
1683 1683 1714 1713 et
1737 1680 1899 1722 reprobos.
2270 1698 2272 1701 ν

1422 1735 1475 1767 24.
1501 1734 1602 1776 (Vers.
1630 1734 1705 1775 18).
1738 1733 1776 1766 Et
1805 1733 1876 1766 ideo
1906 1732 2034 1766 subdit:
2070 1731 2205 1771 Omnis,
2237 1730 2297 1775 qui

1333 1788 1486 1821 ceciderit
1507 1797 1609 1830 super
1632 1786 1727 1820 illum
1745 1786 1902 1829 lapidem,
1920 1785 2221 1829 conquassabitur,
2238 1793 2296 1827 per

1334 1841 1570 1883 corruptionem
1594 1840 1736 1883 peccati;
1759 1849 1862 1882 super
1885 1849 1981 1883 quem
1998 1843 2111 1872 autem
2127 1837 2297 1877 ceciderit,

1334 1894 1533 1927 comminuet
1555 1903 1629 1926 eum
1644 1894 1689 1933 ¹³,
1706 1902 1763 1936 per
1779 1893 1932 1926 ultionem
1948 1892 2055 1926 iudicii
2071 1891 2183 1925 futuri.
2200 1891 2299 1933 Culpa

1335 1948 1419 1981 enim
1450 1951 1598 1981 naturam
1627 1947 1785 1980 infirmam
1816 1946 1937 1986 reddit,
1969 1945 2024 1979 sed
2047 1954 2148 1988 poena
2170 1947 2299 1978 aeterna

1335 2001 1472 2033 totaliter
1495 2000 1630 2033 conterit
1653 2003 1684 2033 et
1707 2000 1738 2033 in
1763 2000 1926 2042 pulverem
1952 1997 2084 2032 reducit.
2110 1999 2196 2032 Unde
2211 1998 2299 2032 Glos-

1336 2062 1370 2086 sa
1383 2053 1430 2085 ¹4:
1460 2066 1475 2081 α
1493 2053 1553 2095 Qui
1576 2052 1668 2085 modo
1692 2053 1863 2086 contemnit
1886 2056 1917 2086 et
1940 2052 2066 2086 iniuriis
2089 2042 2203 2091 afficit,
2220 2060 2299 2084 non-

1336 2107 1411 2139 dum
1436 2106 1563 2148 penitus
1586 2106 1711 2145 interit,
1736 2106 1790 2139 sed
1814 2109 2003 2148 quassatur,
2019 2108 2135 2139 utnon
2158 2104 2299 2138 ambulet

1336 2163 1460 2199 rectus3
1485 2160 1575 2193 cadet
1597 2163 1703 2193 autem
1728 2168 1825 2202 super
1841 2168 1914 2192 eum
1938 2159 2035 2201 lapis,
2059 2168 2154 2201 quem
2171 2158 2300 2192 veniens

1337 2213 1369 2246 in
1392 2213 1508 2246 iudicio
1531 2213 1734 2256 opprimet».
1759 2212 1802 2246 Ad
1827 2213 1913 2246 hunc
1937 2221 2013 2255 ergo
2036 2212 2171 2255 lapidem
2186 2211 2300 2254 pedem

1410 2412 1421 2427 ⁶
1440 2414 1532 2440 Psalm.
1554 2414 1563 2438 1l
1576 2413 1618 2445 17,
1638 2413 1681 2439 22.
1700 2416 1726 2439 et
1745 2412 1840 2438 deinde
1859 2419 1886 2438 v.
1907 2412 1953 2444 23,
1966 2418 2046 2445 quem
2066 2411 2126 2437 Vat.
2144 2411 2239 2437 omittit
2251 2418 2301 2437 una

1340 2466 1400 2484 cum
1421 2458 1533 2484 vocibus
1551 2459 1583 2484 In
1602 2457 1652 2484 hoc
1670 2459 1762 2484 autem
1784 2456 1943 2484 ostenditur.
1962 2456 2014 2483 Cir.
2032 2456 2151 2489 Hieron.‚
2171 2456 2208 2481 lll.
2228 2455 2303 2482 Corn-

1339 2506 1421 2528 ment.
1442 2503 1466 2528 in
1487 2503 1572 2528 Matth.
1587 2502 1629 2533 211,
1651 2502 1693 2527 42.

1412 2547 1423 2562 ⁰
1443 2548 1516 2573 Vers.
1538 2547 1561 2572 i.
1580 2554 1636 2580 seq.
1649 2538 1681 2572 ‘et
1701 2546 1724 2572 4.

1412 2590 1422 2606 ⁷
1443 2592 1516 2617 Vers.
1537 2591 1578 2617 34.
1599 2594 1625 2617 01
1642 2590 1685 2616 35.

1412 2633 1423 2649 θ
1444 2636 1519 2661 Vers.
1539 2634 1581 2660 44.
1600 2638 1626 2660 et
1645 2635 1693 2667 45;
1712 2635 1759 2660 cfr.
1778 2641 1859 2666 supra
1878 2641 1941 2666 pag.
1960 2633 2026 2665 345,
2046 2636 2108 2659 nota
2129 2633 2170 2659 ⁴4.
2190 2635 2215 2659 et
2240 2639 2302 2665 pag.

1343 2679 1408 2710 483,
1427 2682 1489 2705 nota
1509 2679 1534 2705 5.

1413 2722 1424 2737 ⁹
1444 2723 1519 2748 vers.
1534 2722 1589 2748 4-6.
1901 2754 1904 2756 .

1414 2766 1437 2781 ¹⁰
1457 2767 1532 2793 Vers.
1552 2767 1598 2798 16;
1617 2768 1663 2792 cfr.
1689 2773 1768 2799 supra
1797 2773 1860 2798 pag.
1880 2766 1946 2797 1142,
1973 2768 2033 2792 nota
2054 2766 2078 2791 2.
2106 2768 2132 2791 et
2155 2771 2218 2797 pag.
2238 2763 2302 2797 464,

1342 2814 1402 2837 nota
1422 2811 1446 2836 9.
1466 2811 1515 2836 Pro
1534 2810 1561 2836 in
1579 2809 1755 2844 fundamento
1776 2809 1824 2836 AC
1837 2810 1888 2835 ΒΗ
1907 2809 1935 2836 in
1954 2808 2147 2843 fundamentis.

1415 2854 1435 2869 ²¹
1456 2855 1530 2880 Vers.
1551 2855 1593 2880 20.
1612 2862 1681 2887 seq.;
1701 2855 1796 2880 deinde
1815 2855 1832 2880 1.
1852 2855 1919 2880 Ρο11.
1939 2855 1968 2884 2,
1989 2853 2013 2879 4.
2032 2856 2058 2879 et
2076 2854 2100 2879 5.

1415 2898 1436 2914 ¹²
1457 2899 1514 2924 Vat.
1528 2898 1690 2931 essentialis,
1710 2906 1779 2932 quae
1792 2899 1870 2924 etiam
1884 2898 1993 2924 inferius
2005 2898 2100 2924 omittit
2112 2896 2304 2924 indivisibilita-

1345 2943 1387 2970 tis,
1407 2943 1524 2969 Subinde
1543 2950 1592 2975 pro
1611 2942 1784 2969 adversarios
1804 2942 1917 2968 CDGH
1937 2941 2074 2968 adversos.

1416 2987 1438 3002 ¹³
1459 2988 1518 3013 Vat.
1537 2994 1597 3012 cum
1623 2987 1736 3019 Vulgata
1761 2985 1840 3013 illum
1847 2995 1858 3019 ;
1877 2987 1923 3012 cfr.
1947 2986 2035 3011 Matth.
2054 2985 2101 3017 2¹¹,
2122 2985 2170 3011 44:
2189 2987 2304 3012 conteret

1344 3039 1406 3058 eum
1426 3031 1503 3064 (itam
1522 3031 1600 3057 etiam
1621 3031 1663 3064 H).

1416 3075 1438 3090 ¹⁴
1457 3076 1560 3102 scillcet
1578 3074 1721 3102 ordinaria
1737 3075 1778 3107 (ex
1792 3074 1875 3107 Beda,
1888 3075 1933 3108 qui
1946 3074 2065 3107 sequitur
2078 3075 2201 3107 August,
2221 3074 2238 3100 1.
2254 3075 2304 3107 Qq.

1346 3119 1510 3151 Evangelior.
1529 3126 1555 3152 q.
1575 3119 1643 3151 30),
1662 3125 1731 3151 quae
1749 3118 1827 3144 etiam
1847 3119 1924 3144 aliam
1944 3118 2143 3155 exp11cationem
2163 3117 2305 3150 praemittit

1348 3164 1387 3196 (ex
1407 3163 1490 3195 Beda,
1509 3162 1555 3196 qui
1580 3162 1698 3195 sequitur
1723 3162 1841 3194 Hieron.‚
1866 3163 1903 3188 lll.
1923 3162 2070 3189 Comment.
2098 3162 2125 3188 in
2150 3162 2237 3188 Matth.
2257 3161 2304 3194 2⁴,

1346 3207 1413 3240 44.):
1434 3207 1484 3240 Qui
1502 3206 1585 3233 credit
1603 3209 1629 3232 et
1648 3209 1734 3232 tamen
1753 3209 1845 3238 peccat
1868 3206 1937 3232 cadit
1959 3213 2040 3239 super
2062 3206 2176 3238 lapidem
2202 3208 2228 3232 et
2252 3212 2303 3232 non

1346 3251 1500 3282 conteritur,
1519 3251 1566 3277 sed
1591 3250 1777 3283 confringitur,
1796 3251 1858 3284 quia
1883 3258 1931 3283 per
1955 3250 2108 3283 patientiam
2133 3250 2169 3276 ad
2192 3250 2303 3276 sulutem

1346 3298 1495 3322 reservatur
1502 3304 1509 3326 ;
1529 3292 1576 3321 sed
1593 3295 1635 3321 cui
1655 3295 1719 3327 lapis
1738 3294 1825 3326 irruit,
1844 3295 1870 3321 id
1883 3298 1935 3325 est,
1949 3294 1995 3328 qui
2013 3297 2092 3327 negat
2110 3293 2226 3326 penitus,
2245 3300 2304 3319 con-

1347 3340 1452 3370 teritur,
1471 3342 1499 3365 ut
1517 3346 1565 3365 nec
1590 3342 1653 3367 testa
1677 3341 1819 3365 remaneat.
1843 3338 1896 3365 Cir.
1920 3338 2067 3371 chrysost,
2092 3337 2186 3364 Homil.
2212 3336 2255 3363 40.
2279 3336 2306 3362 in

1348 3384 1436 3410 Matth.
1455 3383 1502 3414 211,
1522 3382 1563 3409 44.
1585 3382 1644 3416 (Op.
1663 3382 1830 3416 Imperfect.).

2298 1271 2300 1273 ,
2312 1253 2332 1285 N.
2333 1253 2409 1275 clauda

2325 1286 2402 1307 imago.

2315 1733 2429 1761 Coi-ruptio

2328 1761 2418 1789 peccati.

2313 1894 2369 1917 Ultio
2379 1893 2450 1916 iudicii
