2427 3872
393 213 460 240 AUG

158 261 290 285 Aucusrus
308 273 344 277 —
362 257 471 290 proprio
484 257 591 283 nornine
610 256 658 282 tuit
670 255 745 281 Octa-

104 303 213 335 vianus,
232 303 278 329 sed
298 309 313 328 a
333 302 396 328 lulio
414 301 526 328 Caesare
545 300 748 333 cognominatus

105 351 144 375 est
162 348 258 375 Caesar
276 347 319 373 Vll
340 346 373 372 44
393 346 409 372 3
427 360 463 365 -
482 345 569 371 (1181115
593 347 633 371 est
657 345 748 376 Augu-

105 395 174 424 stus,
192 392 254 425 quia
282 390 475 423 rempublicam
505 389 575 416 auxit
599 387 661 415 ibid.
684 387 748 414 Vide

105 444 130 464 v.
149 435 258 463 Caesar.

157 483 275 507 Auaeota
293 494 329 499 —
352 478 415 506 Vide
433 486 459 506 v.
477 477 644 505 Praemium.

158 526 237 551 Anius
254 538 290 544 —
309 524 421 557 percipit
445 530 539 549 vocem
565 523 694 555 prolatam
716 521 749 547 V1

106 570 138 595 46
158 568 177 595 b
194 583 230 589 —
249 568 360 595 audiunt
384 568 553 594 consonantia
579 567 612 592 93
632 574 659 592 ν.
680 565 695 591 4
713 579 750 584 -

104 614 200 641 dicitur
210 620 263 640 non
270 613 382 639 saturari
393 615 421 638 ut
430 619 560 644 organum
571 611 705 643 appetitus
716 609 748 635 47

105 667 131 692 q.
145 660 161 685 2
176 659 204 684 4·
218 673 252 677 -
265 665 316 684 11011
330 658 455 690 impletur
467 656 560 682 auditu
573 655 608 681 ob
619 655 749 687 pruritum

105 703 229 730 audiendi
249 709 319 729 nova
337 705 363 728 et
381 702 499 733 curiosa,
512 700 560 727 sed
572 707 624 726 non
637 699 750 732 percipit

105 748 183 780 illud,
207 747 233 773 in
257 754 311 780 quo
336 749 375 773 est
400 753 464 772 vera
489 745 594 772 satietas
621 745 652 770 15
678 743 696 769 b
715 758 749 762 ——

106 794 163 820 vult
181 800 250 819 nova
269 791 407 825 percipere
427 791 459 816 46
479 797 494 816 3

160 852 195 856 —-
213 836 335 863 Auricula
349 836 454 862 dextera
467 837 602 867 amputata
620 833 751 866 significat

106 881 285 909 obedientiam
304 881 337 907 Vl
359 879 410 906 480
431 880 464 905 48
483 893 519 898 -
539 879 677 905 Auriculae
696 885 750 904 am-

107 926 208 960 putatio
226 925 356 958 significat
369 924 576 950 incredulitatem
594 923 749 949 ludaeorum

107 974 133 997 et
151 970 320 997 amissionem
340 968 482 1002 spiritualis
501 967 687 1000 intelligentiae
706 967 750 993 Vll

108 1015 161 1042 560
180 1015 214 1041 63
233 1029 269 1034 —
288 1015 379 1041 Petrus
392 1021 445 1039 non
460 1012 565 1039 abstulit
584 1013 686 1039 ludaeis
704 1019 750 1038 au-

107 1067 164 1086 rem
183 1059 326 1092 spiritualis
344 1058 544 1091 intelligentiae,
569 1057 617 1084 sed
635 1057 750 1083 ablatam

107 1104 221 1131 ostendit
239 1103 301 1131 ibid.
314 1118 350 1123 —
367 1104 415 1129 Per
434 1103 597 1129 sanationem
617 1102 751 1128 auriculae

108 1151 260 1182 amputatae
279 1147 445 1180 intelligitur,
463 1147 537 1180 quod
561 1147 690 1172 Dominus
708 1146 750 1172 ali-

107 1193 215 1228 quando
226 1193 346 1219 restituet
358 1192 478 1218 auditum
493 1194 518 1217 et
537 1191 696 1217 intellectum
709 1198 752 1217 ve-

109 1238 193 1265 ritatis
210 1238 311 1270 populo
330 1237 487 1263 ludaeorum
507 1235 540 1262 ib.
562 1235 596 1261 64

164 1283 256 1309 Auaun
275 1296 310 1300 -—-
328 1285 368 1308 est
387 1284 455 1307 terra
468 1281 629 1307 infructuosa
649 1280 682 1306 Vl
701 1280 750 1306 452

111 1334 138 1354 v.
157 1327 173 1353 9
192 1341 228 1346 —
246 1326 330 1353 oritur
347 1326 382 1352 de
407 1329 476 1352 terra
496 1325 546 1351 453
567 1332 594 1350 v.
619 1325 635 1350 9
654 1338 690 1344 -—
709 1324 752 1350 de-

109 1379 201 1399 orsum
219 1371 298 1397 trahit
316 1371 351 1397 ad
369 1373 466 1397 terram
486 1369 548 1397 ibid.

161 1430 198 1436 —
216 1416 347 1448 significat
371 1415 506 1441 caritatem
530 1414 564 1440 Vl
589 1415 622 1440 22
646 1413 673 1440 b.
699 1413 751 1440 549

110 1461 135 1487 4.
157 1461 209 1486 598
235 1461 250 1486 3
271 1475 305 1479 —
324 1462 364 1486 est
386 1460 514 1492 sapientia
542 1459 591 1484 450
617 1466 644 1484 v.
663 1459 698 1484 25
716 1472 752 1477 -

109 1508 170 1532 511111
182 1505 290 1538 perfecti
304 1505 348 1530 Vll
369 1504 419 1530 459
439 1504 473 1529 89
486 1503 560 1529 —in
580 1504 686 1529 fornace
699 1510 751 1529 non

109 1550 207 1582 uritur,
225 1550 272 1576 sed
292 1548 420 1582 probatur
439 1549 473 1575 Vl
494 1548 545 1574 427
565 1556 591 1574 v,
612 1548 627 1573 6

162 1595 265 1621 Aus'rsn
283 1608 318 1613 —
337 1593 468 1626 significat
481 1593 592 1625 gratiam
610 1592 643 1618 Vl
663 1592 716 1617 595
736 1593 751 1618 3

108 1654 143 1658 —
161 1640 207 1666 dat
225 1639 369 1671 intelligere
388 1638 500 1664 calorem
521 1637 636 1663 caritatis
659 1640 685 1662 et
704 1640 754 1663 sta-

107 1687 163 1711 tum
183 1684 283 1717 gloriae
303 1684 336 1709 88
355 1691 383 1709 v.
402 1684 417 1708 2
436 1696 472 1702 -
490 1683 539 1708 Ρ81·
558 1684 676 1707 austrum
692 1682 752 1707 ssan—

108 1732 162 1755 tem
185 1728 339 1761 intelligitur
364 1728 441 1753 ssatus
466 1727 579 1759 Spiritus
602 1726 683 1752 sancti
706 1733 752 1751 ve-

107 1773 202 1800 nientis
228 1773 253 1799 in
278 1772 422 1804 discipulos
447 1772 490 1797 Vll
516 1770 567 1797 334
594 1771 627 1796 82
645 1784 682 1790 -
703 1771 752 1796 Ρ81·

107 1822 227 1845 austrum
247 1818 353 1843 flantem
367 1816 519 1849 intelligitur
537 1815 644 1842 devotio
663 1815 753 1841 laetiti-

108 1871 171 1890 cans
189 1862 223 1889 ib.
244 1863 277 1888 83

161 1909 321 1934 Ausremns
338 1921 374 1926 —
392 1906 463 1932 vitae
481 1906 587 1938 signum
601 1907 641 1931 est
658 1904 753 1931 sancti-

107 1953 167 1979 tatis
185 1951 316 1978 interioris
334 1951 379 1977 Vll
405 1951 438 1976 46
458 1950 492 1976 24
510 1964 547 1969 -
566 1949 687 1975 8011ιί11113
713 1951 753 1975 851

107 1997 255 2024 necessaria
285 1997 319 2023 ad
350 1996 507 2022 imitandum
538 1994 671 2021 Christum
700 1994 752 2020 228

109 2042 143 2068 37
161 2056 198 2062 -
216 2041 364 2068 11888553113
381 2040 467 2066 estad
485 2039 689 2072 ingrediendum
704 2046 752 2071 per

108 2089 249 2119 angustam
280 2088 385 2118 portam
417 2085 468 2111 350
501 2085 535 2111 52
563 2099 598 2103 -
625 2083 752 2110 Diabolus

98 2131 222 2157 >maxime
240 2129 409 2163 persequitur
424 2136 470 2155 eos
489 2129 535 2163 qui
554 2129 649 2155 vivunt
666 2129 694 2154 in
708 2136 752 2154 au·

107 2175 222 2202 steritate
240 2174 310 2200 vitae
330 2174 364 2200 95
385 2173 418 2200 24

161 2220 299 2246 Auruuuus
311 2233 346 2238 —
360 2218 478 2245 caelestis
494 2217 574 2244 habet
592 2219 693 2244 tructus
718 2217 751 2243 Vl

114 2265 159 2290 421
184 2272 210 2290 ν.
229 2263 246 2289 7

161 2308 286 2335 Auximum
305 2322 341 2327 —
359 2315 411 2334 non
424 2307 586 2340 sperandum
600 2314 616 2333 a
635 2307 751 2338 mundo,

109 2353 157 2380 sed
175 2360 190 2380 a
208 2353 264 2379 Deo
283 2353 316 2379 Vl
337 2352 352 2378 4
373 2353 389 2378 6

162 2398 285 2424 ΑνΑιιιτιΑ
304 2411 340 2417 -
358 2399 445 2430 potest
456 2396 509 2423 dici
522 2396 656 2429 appetitus
668 2395 753 2422 cuius-

108 2441 172 2469 libet
189 2442 252 2468 boni
270 2441 413 2468 transitorii
431 2441 475 2468 Vll
490 2440 542 2467 347
561 2441 595 2467 24
608 2454 644 2460 -
663 2443 703 2467 851
714 2440 753 2466 111-

107 2487 218 2514 1111111ι35
237 2487 271 2513 Vl
289 2486 341 2512 587
362 2486 378 2512 6
390 2500 426 2506 -
438 2488 478 2512 851
496 2492 569 2512 111015
587 2486 682 2518 culpae
699 2485 752 2511 589

109 2533 126 2559 5
137 2546 174 2552 -
186 2532 309 2558 Studium
325 2531 450 2557 avaritiae
469 2533 509 2557 est
527 2531 626 2556 malum
639 2529 673 2556 27
686 2529 704 2555 b
718 2544 752 2548 —

109 2576 266 2609 Cupiditatis
284 2582 359 2602 amor
385 2578 424 2602 est
447 2575 532 2601 malus
551 2575 603 2601 624
624 2576 640 2600 2
658 2588 695 2594 -
713 2577 753 2600 851

111 2621 200 2655 iniqua
219 2621 263 2647 Vll
288 2620 339 2647 372
360 2620 393 2646 42
412 2633 448 2640 -
466 2620 554 2652 palliat
572 2626 601 2645 se
625 2618 676 2646 sub
695 2626 752 2652 spe-

108 2666 149 2693 cie
171 2665 353 2699 providentiae
371 2663 434 2691 ibid.
452 2678 489 2684 —
511 2664 591 2691 Avari
615 2671 666 2690 non
690 2666 753 2691 sunt

108 2709 229 2737 imitandi
247 2710 300 2736 519
319 2709 353 2736 55
367 2723 401 2728 —-
414 2712 454 2735 est
465 2709 584 2735 cavenda
597 2709 650 2735 347
663 2708 697 2735 24
717 2723 752 2727 -

108 2755 265 2788 prohibetur
282 2754 309 2780 in
328 2753 505 2787 prohibitione
524 2753 584 2779 furti
604 2753 655 2780 462
672 2754 706 2779 38

162 2813 198 2819 —
216 2801 256 2826 est
275 2799 373 2825 malum
392 2798 486 2831 culpae
498 2800 525 2824 et
542 2804 645 2831 poenae
663 2798 698 2824 Vl
718 2798 752 2824 27

111 2843 140 2870 b.
159 2843 192 2869 49
212 2851 240 2877 q.
259 2844 269 2869 4
293 2857 329 2863 -
347 2843 450 2870 Avarus
476 2845 545 2869 totus
567 2842 700 2869 evanescit
724 2842 752 2868 in

109 2886 205 2915 effectu
215 2887 369 2921 laborando,
382 2887 408 2913 in
418 2888 512 2913 affectu
522 2887 664 2920 cupiendo,
677 2887 703 2912 in
717 2887 752 2912 in-

109 2932 212 2959 tellectu
231 2939 283 2959 non
296 2931 467 2965 recogitando
479 2931 514 2958 de
532 2932 641 2964 proprio
654 2931 752 2958 damno

109 2976 143 3002 39
162 2984 190 3003 v.
211 2975 228 3002 7
239 2990 276 2996 -
288 2976 390 3002 Avarus
402 2975 491 3008 primo
509 2976 609 3008 appetit
622 2975 752 3001 sufficien-

109 3021 188 3052 tiam,
207 3027 289 3054 quam
302 3027 355 3047 non
374 3019 454 3047 habet
467 3027 497 3047 ex
517 3020 615 3046 divitiis
634 3019 667 3046 46
686 3027 714 3047 v.
735 3021 751 3046 9

110 3079 145 3084 -
163 3065 268 3092 Avarus
280 3064 360 3091 habet
372 3065 551 3091 difficultatem
570 3065 699 3097 largiendi
711 3072 752 3090 ra-

110 3109 181 3136 tione
199 3109 398 3136 inordinationis
421 3109 564 3135 voluntatis
588 3109 622 3135 59
641 3117 669 3143 q.
689 3110 698 3135 4
723 3108 752 3135 2·

110 3167 146 3173 -
168 3153 272 3179 Avarus
296 3153 416 3179 aestimat
439 3152 522 3179 vitam
546 3153 693 3179 ordinatam
717 3153 751 3180 ad

110 3197 231 3229 lucrum,
250 3196 328 3223 etiam
342 3196 458 3223 illicitum
472 3197 524 3223 207
536 3204 563 3223 v.
577 3197 610 3223 42
624 3211 659 3216 -
672 3197 751 3223 Avari

111 3241 203 3268 intenti
221 3241 331 3268 emtioni
348 3244 375 3267 et
392 3241 536 3267 venditioni
555 3241 599 3267 Vll
618 3240 670 3267 442
691 3241 724 3267 49

166 3300 200 3305 -
223 3285 311 3312 reddit
335 3285 473 3312 sollicitum
499 3288 525 3312 et
547 3286 682 3313 curiosum
708 3285 750 3312 Vll

113 3330 164 3356 372
185 3330 217 3356 42
230 3343 266 3349 -
279 3332 360 3363 auget
378 3329 577 3357 sollicitudinem
592 3333 617 3356 et
635 3337 680 3357 cor
693 3337 752 3357 eva-

774 167 811 199 lN
834 165 1128 199 COMMENTARIOS
1151 166 1180 198 S.
1206 165 1432 198 SCRIPTURAE

784 257 845 281 cuat
861 254 912 280 317
932 255 966 280 28
985 268 1021 273 ——
1039 257 1078 280 est
1091 261 1170 280 causa
1190 254 1372 280 sollicitudinis
1385 254 1427 279 de-

784 299 903 326 struendi
924 300 988 324 tacta
1008 302 1034 324 et
1052 298 1207 324 aedificandi
1226 305 1294 324 nova
1315 297 1376 324 ibid.
1392 312 1428 317 —

785 344 889 370 Avarus
907 344 1059 369 continuam
1079 349 1171 369 curam
1191 342 1270 368 habet
1287 342 1321 368 de
1339 349 1428 374 super-

785 389 845 415 lluis
865 388 916 414 372
937 388 970 413 42
989 401 1024 407 —-
1044 387 1104 413 tacit
1123 387 1258 413 hominem
1284 393 1383 412 vanum
1403 390 1429 412 et

785 433 841 460 sine
860 433 941 459 corde
960 433 993 458 Vl
1013 433 1029 458 5
1050 433 1082 458 40

838 492 874 498 -
893 478 1001 504 Vanitas
1016 477 1143 503 avaritiae
1155 476 1242 502 reddit
1261 476 1428 509 negotiosum

786 526 812 549 et
831 530 879 556 per
898 524 948 549 hoc
967 523 1056 548 multis
1075 521 1210 548 laboribus
1232 521 1372 547 obnoxium
1397 521 1429 547 Vl

787 568 804 593 5
823 568 852 593 44
875 581 911 587 -
930 567 1040 593 Divitiae
1059 569 1121 593 sunt
1139 567 1174 592 dii
1195 566 1285 598 alieni,
1305 566 1351 599 qui
1377 572 1429 591 non

787 612 850 638 dant
868 612 988 645 requiem
1008 612 1034 637 in
1048 611 1184 637 laboribus
1202 610 1266 637 ibid.
1278 624 1314 629 —
1327 610 1431 635 Avarus

787 656 889 683 laborat
906 656 941 682 ad
960 656 1122 682 desiderium
1148 655 1352 688 complendum,
1378 661 1430 680 non

787 706 874 729 tamen
884 701 1031 733 completur
1041 701 1152 733 pecunia
1163 701 1191 726 54
1211 707 1237 725 v.
1252 699 1267 725 4
1279 713 1316 719 -
1328 700 1431 725 Avarus

788 748 813 774 in
826 753 927 773 vanum
942 753 970 773 se
983 746 1074 778 affligit
1087 745 1233 771 laborando
1247 744 1280 770 48
1295 744 1341 777 45,
1355 743 1431 769 17-

787 793 890 818 Avarus
909 790 1020 817 sustinet
1038 790 1104 816 mala
1129 793 1155 815 et
1174 796 1226 815 non
1252 792 1341 821 gustat
1360 788 1430 814 bona

788 837 817 863 51
841 844 868 870 q.
887 836 903 861 3
917 850 952 855 -
965 835 1069 861 Avarus
1082 841 1135 860 non
1149 833 1228 860 habet
1243 833 1430 866 experientiam

788 881 850 907 boni
869 879 903 907 ib.
929 888 955 906 v.
982 879 997 905 4
1020 893 1055 899 —-
1075 880 1178 905 Avarus
1202 878 1344 904 manducat
1369 885 1430 904 cum

788 926 889 952 tristitia
910 925 943 951 48
965 925 973 950 4
982 925 997 950 5
1011 939 1045 943 -
1058 924 1160 950 Avarus
1174 923 1266 949 fruitur
1280 922 1356 949 bonis
1369 925 1431 948 tem-

788 970 938 1004 poralibus,
957 969 1005 995 sed
1014 969 1073 995 sine
1086 968 1259 995 delectatione
1272 968 1305 993 52
1325 975 1352 1000 q.
1372 968 1387 993 3
1404 966 1431 992 t·

788 1030 823 1035 —
842 1015 945 1041 Avarus
964 1021 1016 1040 non
1037 1013 1172 1046 cognoscit
1190 1012 1260 1039 bona
1286 1019 1334 1044 per
1353 1018 1431 1044 expe-

788 1060 923 1092 rientiam,
937 1059 999 1092 quia
1012 1065 1118 1091 semper
1137 1057 1217 1084 habet
1236 1058 1303 1083 mala
1318 1064 1366 1083 nec
1385 1058 1432 1083 ha-

788 1105 833 1131 bet
857 1104 1055 1131 delectationem
1080 1102 1243 1136 spiritualem
1269 1109 1319 1128 nec
1343 1108 1432 1127 carna-

788 1150 839 1176 lem
859 1148 893 1175 ib.
913 1148 942 1174 2*
955 1162 990 1168 -
1003 1149 1106 1174 Avarus
1125 1146 1204 1173 habet
1222 1146 1366 1179 potentiam
1382 1146 1432 1171 sru-

788 1195 865 1225 endi,
883 1194 930 1220 sed
944 1193 1097 1225 impeditam
1110 1192 1244 1224 superflua
1258 1191 1432 1217 sollicitudine

788 1243 814 1266 et
832 1239 927 1265 timore
945 1241 971 1264 et
989 1238 1080 1264 dolore
1098 1237 1127 1263 54
1145 1244 1171 1270 q.
1191 1237 1201 1262 4
1221 1251 1251 1255 -
1268 1236 1303 1262 ad
1321 1236 1432 1262 retinen-

788 1285 854 1311 dum
881 1285 966 1309 aufert
993 1281 1138 1314 possidenti
1161 1281 1306 1313 potentiam
1330 1279 1431 1306 fruendi

789 1329 823 1355 50
842 1336 869 1354 v.
890 1328 899 1353 4
923 1341 959 1347 -
977 1327 1081 1353 Avarus
1099 1327 1193 1352 frustra
1208 1327 1348 1351 conservat
1360 1324 1431 1350 bona

788 1372 850 1400 ibid.
869 1388 905 1391 —
924 1374 1027 1398 Avarus
1042 1372 1136 1397 frustra
1149 1370 1222 1396 venit
1235 1370 1262 1395 in
1275 1370 1345 1395 hunc
1359 1376 1432 1395 mun-

788 1418 853 1444 dum
867 1424 916 1443 nec
935 1419 1072 1449 permanet
1090 1423 1120 1441 re
1139 1421 1187 1441 nec
1200 1414 1309 1440 nomine
1322 1413 1356 1440 ib.
1375 1421 1402 1439 v.
1417 1413 1432 1439 4

787 1477 824 1482 -
843 1463 877 1488 Ex
897 1460 1106 1487 consideratione
1125 1459 1198 1485 avari
1212 1461 1299 1491 potest
1310 1465 1339 1484 se
1352 1459 1432 1484 homo

789 1507 899 1533 excitare
909 1506 943 1532 ad
953 1504 1154 1531 sollicitudinem
1165 1503 1319 1537 acquirendi
1329 1503 1433 1535 sapien-

789 1552 851 1578 tiam
872 1551 915 1576 Vll
937 1550 987 1576 407
1005 1550 1037 1575 42

842 1609 877 1615 -
897 1595 985 1620 Tenax·
1005 1598 1031 1620 et
1049 1600 1147 1619 avarus
1170 1593 1248 1618 etiarn
1276 1592 1301 1618 in
1321 1599 1432 1625 prospe-

788 1641 864 1666 ritate
883 1639 1018 1672 temporali
1038 1638 1117 1664 habet
1130 1638 1239 1663 multam
1259 1637 1392 1663 miseriam
1406 1639 1431 1662 et

789 1685 930 1710 vanitatem
945 1684 976 1710 Vl
991 1683 1025 1709 50
1041 1690 1068 1709 v.
1082 1684 1107 1713 2,
1121 1683 1136 1708 3
1156 1696 1192 1701 -
1210 1672 1375 1714 Cupidorum
1389 1688 1431 1706 an-

788 1730 869 1756 xietas
887 1728 1059 1761 etangustia
1080 1728 1123 1754 Vll
1144 1727 1195 1753 447
1216 1726 1249 1752 48
1268 1740 1305 1745 -
1328 1727 1431 1752 Avarus

788 1774 823 1800 ab
841 1772 966 1800 omnibus
984 1773 1082 1806 patitur
1101 1771 1154 1798 554
1174 1771 1207 1797 47
1227 1785 1261 1790 -
1280 1771 1329 1796 Ρ81·
1348 1771 1431 1796 avari-

789 1819 850 1845 tiam
870 1818 961 1844 incidit
985 1819 1065 1844 hemo
1084 1817 1111 1843 in
1136 1816 1252 1849 pericula
1272 1816 1324 1842 347
1344 1815 1378 1841 24
1395 1829 1431 1835 -

789 1864 901 1897 Sequela
920 1862 1071 1895 cupiditatis
1090 1864 1115 1887 et
1135 1861 1261 1887 indicium
1286 1860 1430 1886 tenacitatis

779 1911 828 1935 ,est
855 1908 955 1934 tristitia
980 1914 1030 1939 pro
1058 1907 1168 1932 horrore
1190 1904 1352 1938 paupertatis
1378 1904 1429 1930 463

790 1952 823 1985 42
841 1967 877 1972 -
896 1951 1047 1978 Sollicitudo
1061 1956 1225 1977 terrenorum
1244 1957 1297 1976 non
1316 1953 1356 1976 est
1369 1949 1429 1975 data

789 1997 878 2028 bonis,
902 1997 949 2023 sed
974 1996 1048 2022 malis
1066 1996 1156 2021 divino
1182 1994 1279 2021 iudicio
1305 1995 1336 2019 Vl
1357 1994 1391 2020 27
1412 1993 1430 2019 b

790 2056 824 2061 —-
842 2042 973 2068 Dominus
991 2047 1087 2067 avaros
1106 2040 1131 2065 in
1154 2039 1286 2072 praesenti
1308 2038 1373 2065 ditat
1391 2038 1431 2064 di-

788 2087 843 2113 vini
863 2086 952 2113 iudicii
972 2085 1167 2118 dispensatione
1186 2084 1237 2110 412
1258 2084 1291 2109 42
1312 2083 1341 2109 2·

843 2146 877 2150 -
902 2137 1038 2164 nunquam
1063 2129 1151 2156 satiari
1179 2131 1266 2162 potest
1294 2128 1431 2161 temporali

788 2176 922 2209 opulentia
942 2175 985 2201 Vll
1004 2175 1051 2201 361
1077 2175 1105 2200 44
1128 2188 1165 2193 -
1184 2173 1320 2199 Voracitas
1333 2173 1432 2206 cupidi-

789 2221 848 2247 tatis
872 2227 1009 2253 nunquam
1034 2219 1143 2245 satiatur
1168 2219 1219 2245 5l9
1246 2217 1280 2243 55
1298 2232 1334 2237 -
1357 2217 1431 2251 Aqua

789 2265 916 2292 avaritiae
934 2271 988 2290 non
1006 2264 1082 2290 satiat
1096 2264 1127 2289 Vl
1147 2263 1199 2289 626
1220 2264 1236 2288 2
1254 2276 1291 2281 -
1309 2262 1346 2288 518
1365 2264 1433 2288 satu-

789 2314 829 2336 rat
847 2310 972 2341 divitem,
992 2312 1021 2335 ut
1045 2315 1151 2340 semper
1171 2309 1296 2334 samescat
1315 2307 1360 2333 Vll
1380 2306 1432 2333 224

790 2354 824 2381 27
842 2368 879 2373 -
897 2353 948 2380 Cor
967 2353 1039 2379 avari
1059 2356 1099 2379 est
1120 2359 1226 2385 semper
1245 2358 1360 2378 vacuum
1380 2351 1432 2377 317

790 2400 823 2425 28
843 2413 878 2418 -
896 2398 1034 2431 Cupiditas
1052 2400 1091 2423 est
1110 2396 1263 2423 insatiabilis
1281 2403 1330 2422 nec
1354 2395 1433 2422 habet

789 2443 974 2470 sufficientiam
995 2442 1045 2468 476
1067 2441 1099 2468 42
1113 2456 1149 2461 -
1165 2441 1212 2468 Cui
1231 2441 1293 2467 nihil
1307 2441 1382 2467 deest
1394 2448 1432 2468 se-

789 2488 907 2515 cundum
926 2494 982 2513 rem
1003 2490 1028 2513 et
1041 2489 1175 2517 naturam,
1194 2488 1284 2512 tamen
1302 2485 1377 2512 deest
1395 2493 1433 2512 se-

789 2533 907 2560 cundum
926 2539 1001 2558 suam
1028 2531 1236 2558 aestimationem
1262 2531 1295 2557 Vl
1316 2530 1345 2556 54
1369 2538 1395 2564 q.
1416 2532 1432 2556 2

789 2592 824 2597 -
837 2577 931 2604 8185811
949 2584 1010 2603 811111
1030 2575 1128 2602 divitiis
1148 2576 1176 2602 24
1200 2582 1216 2601 3
1233 2589 1270 2594 -
1288 2575 1433 2602 iuvenescit

789 2621 815 2647 in
835 2620 944 2647 senibus
962 2620 1005 2646 Vll
1026 2619 1078 2646 342
1094 2618 1128 2645 24
1140 2633 1176 2638 -
1194 2618 1272 2645 durat
1284 2625 1332 2651 per
1348 2621 1431 2645 totum

788 2668 895 2699 tempus
913 2665 983 2691 vitae
1002 2663 1064 2691 ibid.

842 2724 878 2730 —
887 2710 966 2736 Avari
976 2709 1161 2742 deprimuntur
1170 2708 1204 2734 ad
1215 2711 1312 2734 terram
1322 2708 1366 2734 Vll
1381 2708 1426 2734 451

789 2756 833 2782 58.
846 2754 898 2781 372
919 2754 953 2780 42
967 2768 1002 2773 -
1014 2753 1065 2780 Cor
1083 2753 1156 2779 avari
1170 2753 1239 2779 circa
1253 2755 1356 2778 terrena
1370 2759 1432 2778 con-

789 2806 897 2826 versum
916 2801 956 2825 est
970 2798 1021 2824 464
1042 2797 1121 2823 44-
1132 2796 1215 2823 Cibus
1232 2797 1359 2823 avaritiae
1371 2800 1432 2822 sunt

788 2843 896 2871 divitiae
915 2843 1007 2869 mundi
1028 2843 1061 2868 Vl
1080 2841 1132 2868 557
1153 2842 1162 2867 4
1187 2856 1221 2860 -
1241 2848 1295 2867 11011
1313 2843 1398 2866 88553ι
1415 2847 1431 2866 3

788 2888 880 2915 1311018
905 2894 954 2921 pro
979 2886 1057 2913 bonis
1080 2885 1272 2919 temporalibus
1297 2885 1331 2911 27
1356 2892 1371 2911 a
1395 2898 1431 2904 —

789 2933 928 2960 lnflrmitas
946 2930 1099 2964 cupiditatis
1122 2930 1235 2962 insurgit
1257 2936 1288 2955 ex
1307 2929 1431 2961 concupi-

789 2977 887 3004 scentia
905 2976 1057 3003 divitiarum
1079 2975 1130 3001 629
1150 2975 1165 3000 8
1185 2987 1221 2994 -
1238 2974 1342 3007 quaerit
1365 2976 1430 2999 18111-

789 3021 889 3055 poralia
909 3021 952 3047 Vll
966 3019 1017 3046 317
1038 3019 1071 3045 24
1086 3033 1117 3037 -
1133 3019 1181 3044 Per
1196 3017 1297 3043 bonum
1317 3017 1430 3043 exterius

790 3065 882 3092 mundi
901 3063 1024 3091 diabolus
1048 3063 1126 3089 allicit
1143 3062 1179 3088 ad
1203 3061 1341 3088 avaritiam
1360 3061 1394 3086 90
1414 3061 1429 3086 8

788 3123 824 3129 —
840 3108 994 3135 Sollicitudo
1007 3107 1134 3134 avaritiae
1145 3106 1249 3140 quaerit
1268 3108 1368 3132 tantum
1383 3108 1430 3131 ter-

788 3160 850 3179 rena
870 3155 982 3179 tractare
999 3151 1050 3178 372
1071 3151 1104 3177 42
1120 3165 1152 3170 -
1164 3153 1333 3182 comparatur
1346 3148 1430 3175 labori

788 3196 871 3224 boum
890 3200 987 3223 terram
1001 3195 1176 3223 exercentium
1195 3193 1257 3221 ibid.
1276 3208 1310 3213 --
1326 3194 1431 3220 Avarus

788 3241 927 3274 copulatus
940 3241 994 3267 suis
1013 3239 1225 3273 possessionibus
1244 3245 1291 3272 per
1311 3245 1429 3264 amorem

788 3288 828 3312 est
845 3285 922 3319 quasi
941 3285 1037 3311 animal
1057 3287 1254 3311 monstruosum
1273 3286 1299 3309 et
1322 3289 1430 3315 compa—

788 3333 861 3356 ratur
885 3330 987 3356 camelo
1014 3329 1065 3356 464
1086 3329 1120 3355 44
1138 3343 1173 3349 —
1191 3328 1313 3355 incurvat
1332 3334 1377 3354 cor
1396 3327 1429 3353 ad

2040 167 2101 200 675

1756 211 1823 236 AVA

1466 254 1618 286 temporalia
1638 261 1686 280 nec
1706 255 1766 280 sinit
1785 254 1917 287 respicere
1930 262 2036 281 sursum
2057 256 2107 281 342

1467 299 1499 324 24
1514 313 1548 317 -
1560 302 1682 325 excaecat
1696 300 1840 330 hominem,
1851 307 1883 325 ne
1896 300 1984 326 videat
2003 304 2106 326 aeterna

1466 343 1518 368 317
1538 343 1571 369 24
1592 358 1625 363 —-
1644 343 1695 370 Cor
1713 344 1787 369 avari
1807 347 1907 370 tantum
1934 345 2012 370 distat
2031 352 2044 370 a
2065 352 2106 371 re-

1467 395 1519 420 gno
1539 388 1600 419 Dei,
1629 392 1758 421 quantum
1785 389 1887 415 caelum
1915 396 1929 414 a
1959 392 2027 415 terra
2058 389 2108 415 464

1468 432 1502 458 44
1522 447 1555 451 -
1580 433 1658 459 Avari
1678 440 1731 459 non
1757 437 1817 459 sunt
1841 434 1938 460 divites
1963 434 1987 459 in
2008 434 2107 460 meritis

1468 477 1520 502 348
1538 477 1567 502 34

1521 535 1557 541 -
1576 529 1622 548 cor
1642 522 1666 548 in
1686 523 1839 548 servitutem
1853 523 1950 555 redigit
1970 523 2001 549 Vl
2023 523 2069 549 414
2094 525 2109 549 6

1468 580 1503 585 -
1523 566 1583 592 tacit
1601 573 1711 592 avarum
1729 574 1837 593 servum
1857 567 2009 593 divitiarum
2030 568 2062 593 48
2084 576 2109 593 ν.

1471 612 1503 636 42
1522 625 1558 629 -
1577 612 1680 637 Avarus
1699 611 1761 643 iugo
1780 612 1913 638 servitutis
1932 613 2108 644 opprimitur,

1468 656 1530 688 quia
1550 655 1669 681 vendidit
1694 656 1866 688 semetipsum
1887 657 1929 682 Vll
1950 657 2002 682 372
2022 657 2055 682 42
2075 671 2109 675 --

1468 701 1542 732 Opus
1555 701 1681 726 avaritiae
1694 704 1734 726 est
1746 701 1880 727 servitutis
1893 702 1945 727 360
1959 702 1975 726 9
1985 715 2020 720 -
2030 702 2109 727 Avari

1468 745 1588 771 serviunt
1607 745 1674 771 visui
1696 746 1726 770 Vl
1747 746 1798 771 558
1820 746 1829 771 4
1856 760 1888 763 -
1908 745 2003 778 Cupidi
2023 746 2111 772 colunt

1468 790 1550 815 solem
1571 791 1635 815 haec
1655 790 1776 815 inferiora
1798 790 1949 822 gignentem
1977 790 2027 816 493
2048 798 2074 816 v.
2094 791 2110 816 2

1468 848 1503 853 —-
1516 837 1555 860 est
1573 841 1651 860 causa
1672 834 1832 860 idololatriae
1848 835 1897 860 196
1918 843 1943 861 ν.
1965 836 1980 861 2
1993 849 2029 854 —-
2042 836 2111 861 Ava-

1468 886 1515 905 rus
1533 882 1572 904 est
1596 885 1690 905 servus
1715 879 1846 905 idolorum
1877 879 1909 905 48
1937 887 1964 905 v.
1997 880 2039 905 42.
2066 880 2110 905 Vll

1469 923 1516 949 414
1539 923 1571 949 24

1522 982 1557 987 -
1576 967 1712 1000 Cupiditas
1736 968 1862 994 adhaeret
1886 969 1985 995 mundo
2005 972 2031 994 ot
2058 969 2111 995 dia-

1468 1012 1529 1039 bolo
1548 1013 1574 1038 in
1599 1016 1780 1045 contemptum
1806 1013 1852 1039 Dei
1874 1013 1915 1039 Vll
1944 1013 1988 1039 411
2020 1014 2054 1039 22
2074 1028 2108 1033 -

1468 1058 1612 1090 opponitur
1631 1058 1702 1083 dono
1721 1058 1821 1083 consilii
1840 1058 1892 1083 295
1913 1058 1946 1083 56

1523 1117 1557 1121 -
1576 1103 1679 1128 Avarus
1692 1103 1808 1128 animam
1825 1102 1870 1128 dat
1883 1109 1931 1135 pro
1951 1103 2061 1135 pecunia
2078 1104 2109 1129 Vl

1471 1147 1503 1172 46
1523 1154 1549 1172 v.
1569 1147 1585 1173 9
1598 1161 1634 1166 -
1647 1147 1727 1173 Avari
1741 1147 1855 1179 perdunt
1867 1148 1981 1172 animam
1996 1147 2038 1174 Vll
2059 1147 2109 1173 549

1470 1192 1504 1217 32
1523 1205 1559 1210 -
1577 1192 1655 1217 Avari
1669 1192 1785 1217 animam
1805 1191 1923 1217 vendunt
1937 1199 1984 1224 pro
2004 1195 2071 1218 terra
2085 1196 2110 1217 et

1470 1243 1516 1262 cor
1533 1236 1676 1268 proliciunt
1699 1243 1780 1268 super
1804 1236 1931 1262 exteriora
1952 1236 2003 1261 372
2024 1236 2057 1262 42
2076 1250 2112 1255 -

1471 1281 1623 1307 Thesaurus
1642 1281 1714 1306 avari
1735 1284 1774 1306 est
1786 1284 1857 1306 extra
1876 1288 1904 1306 se
1925 1281 1950 1306 in
1967 1284 2035 1306 terra
2049 1280 2111 1307 ibid.

1471 1340 1505 1344 —-
1524 1325 1575 1358 Qui
1588 1324 1668 1351 habet
1680 1326 1832 1351 thesaurum
1847 1328 1916 1350 extra
1936 1325 2015 1351 habet
2033 1315 2111 1351 etiam

1470 1377 1516 1396 cor
1525 1373 1596 1396 extra
1608 1370 1640 1395 Vl
1652 1370 1668 1395 5
1681 1370 1712 1394 10
1723 1383 1757 1388 -
1769 1369 1817 1395 Per
1827 1370 1974 1402 appetitum
1985 1370 2113 1402 cupidita-

1470 1415 1503 1441 tis
1521 1417 1547 1440 et
1566 1414 1693 1440 avaritiae
1711 1414 1831 1446 signatur
1850 1414 1877 1439 in
1897 1415 2004 1440 homine
2023 1422 2112 1447 super·

1470 1459 1577 1491 scriptio
1602 1458 1735 1484 mundana
1761 1458 1804 1484 Vll
1830 1459 1877 1484 511
1903 1459 1936 1484 30
1957 1473 1989 1477 -
2009 1462 2048 1485 851
2072 1467 2112 1485 su-

1469 1503 1626 1536 perscriptio
1646 1503 1817 1534 terrenitatis,
1837 1510 1907 1536 quae
1931 1502 2061 1529 invenitur
2086 1504 2112 1529 in

1470 1547 1613 1574 mundanis
1632 1546 1778 1580 mentibus,
1799 1547 1824 1572 in
1849 1546 1947 1580 quibus
1973 1555 2021 1579 pro
2041 1548 2112 1580 cupi-

1469 1591 1595 1618 ditatibus
1613 1592 1695 1617 variis
1713 1591 1789 1625 quasi
1806 1592 1832 1617 in
1853 1592 1922 1619 mari,
1941 1595 1980 1618 est
1999 1593 2111 1624 procella

1469 1640 1494 1662 et
1506 1639 1650 1669 tempestas
1666 1635 1700 1662 ib.
1721 1636 1750 1661 31

1521 1695 1557 1700 -
1575 1681 1683 1707 arefacit
1702 1681 1817 1706 animam
1831 1681 1873 1706 Vll
1896 1680 1946 1706 440
1967 1682 1995 1706 21
2019 1695 2055 1700 -
2074 1685 2113 1708 est

1467 1726 1587 1759 ariditas,
1607 1732 1676 1759 quae
1692 1729 1800 1751 sanatur
1814 1725 1950 1758 largiendo
1969 1726 2111 1758 eleemosy-

1467 1778 1528 1797 nam
1549 1770 1584 1797 ib.
1603 1771 1637 1796 23
1656 1784 1692 1790 -
1712 1774 1832 1796 excaecat
1851 1771 1985 1796 hominem
2006 1771 2058 1797 317
2079 1771 2112 1796 24

1466 1829 1503 1835 -
1532 1815 1748 1847 Concupiscentia
1775 1815 1959 1847 temporalium
1990 1819 2111 1841 excaecat

1468 1860 1519 1886 470
1539 1860 1572 1886 58
1592 1873 1627 1879 —-
1646 1859 1750 1885 Avarus
1774 1863 1814 1886 est
1839 1860 1864 1885 in
1888 1859 2005 1885 tenebris
2024 1860 2056 1885 Vl
2077 1860 2110 1886 50

1467 1912 1493 1931 v.
1515 1904 1530 1930 4
1552 1918 1588 1923 —
1609 1905 1713 1930 Avarus
1731 1911 1783 1930 non
1804 1903 1883 1930 habet
1906 1905 1994 1930 lumen
2021 1905 2111 1936 cogni-

1467 1949 1545 1975 tionis
1564 1949 1696 1975 delectans
1715 1949 1744 1975 54
1770 1956 1795 1974 v.
1817 1948 1832 1974 4

1521 2008 1557 2012 —
1576 1994 1680 2019 Avarus
1699 2000 1751 2019 non
1771 1993 1827 2019 vult
1844 1992 1943 2019 habere
1962 1997 2110 2019 consortem

1467 2039 1495 2064 in
1514 2038 1613 2065 divitiis
1634 2038 1665 2064 Vl
1682 2038 1716 2063 39
1736 2045 1762 2063 v.
1776 2037 1803 2070 7,
1822 2038 1849 2063 9.
1868 2037 1902 2063 40
1921 2045 1948 2070 q.
1969 2038 1979 2062 4
1997 2052 2033 2057 -
2046 2040 2112 2064 Ava-

1467 2091 1526 2116 rus,
1541 2090 1603 2109 cum
1622 2083 1655 2109 sit
1668 2083 1740 2109 solus
1753 2089 1802 2108 nec
1814 2082 1877 2108 velit
1887 2081 1985 2108 habere
1998 2083 2109 2115 socium,

1468 2128 1495 2154 in
1515 2127 1627 2154 modicis
1646 2126 1755 2153 deberet
1773 2134 1831 2153 esse
1850 2130 1987 2153 contentus
2007 2127 2040 2153 39
2054 2135 2081 2152 v.
2093 2127 2111 2153 7

1468 2187 1504 2192 —
1522 2173 1635 2205 Spiritus
1657 2172 1784 2198 avaritiae
1809 2173 1868 2198 iacit
1887 2171 1937 2198 sibi
1963 2172 2010 2198 soli
2030 2172 2111 2198 inten-

1469 2217 1532 2244 dere
1551 2220 1577 2243 et
1594 2218 1678 2243 aufert
1702 2217 1849 2250 loquelam,
1867 2223 1937 2250 quae
1961 2219 2001 2243 est
2019 2217 2052 2242 ad
2071 2224 2112 2243 ae-

1469 2262 1631 2289 dificandum
1650 2262 1802 2294 proximum
1821 2261 1864 2287 Vll
1885 2262 1936 2287 289
1957 2262 1990 2287 39
2005 2276 2038 2280 -
2051 2261 2112 2287 red—

1470 2307 1508 2333 dit
1525 2307 1623 2333 durum
1643 2306 1677 2332 ad
1693 2313 1773 2338 opera
1787 2306 1984 2332 misericordiae
2004 2306 2055 2332 269
2076 2306 2110 2332 55

1470 2365 1505 2371 -
1523 2351 1564 2378 Ob
1583 2358 1701 2377 amorem
1718 2351 1847 2383 pecuniae
1859 2350 2021 2376 subvertitur
2039 2351 2112 2376 iusti-

1470 2396 1504 2423 tia
1523 2396 1557 2422 Vl
1577 2396 1610 2421 86
1629 2403 1657 2421 v.
1678 2395 1709 2421 49

1522 2454 1558 2460 -
1576 2441 1678 2466 Avaros
1695 2440 1766 2466 Deus
1779 2439 1922 2466 detestatur
1943 2440 1985 2465 Vll
2005 2439 2057 2465 519
2078 2439 2111 2465 55

1468 2499 1505 2505 -
1523 2485 1637 2512 maxime
1655 2485 1797 2511 damnatur
1816 2484 1841 2510 in
1860 2484 1962 2511 clericis
1982 2484 2032 2510 498
2052 2484 2086 2509 70

1521 2543 1559 2549 —
1576 2530 1729 2556 Peccatores
1748 2529 1859 2555 invitant
1878 2529 1912 2555 ad
1926 2529 2063 2555 avaritiam
2079 2529 2110 2554 Vl

1470 2575 1516 2600 424
1541 2581 1568 2600 v.
1587 2574 1602 2600 6
1622 2588 1658 2593 -
1676 2574 1756 2599 Avari
1773 2574 1914 2606 capiuntur
1933 2574 2027 2607 laqueo
2046 2574 2112 2600 divi-

1469 2619 1565 2645 tiarum
1594 2619 1628 2644 76
1656 2618 1674 2644 b
1692 2631 1729 2637 —
1748 2618 1795 2644 Per
1815 2618 1952 2644 avaritiam
1972 2625 1986 2643 a
2006 2617 2111 2644 diabolo

1469 2665 1607 2690 trahuntur
1626 2663 1716 2696 cupidi
1739 2663 1790 2689 568
1810 2662 1827 2688 7
1847 2677 1881 2681 —
1900 2663 1978 2688 Avari
2006 2664 2111 2688 trahun-

1469 2711 1511 2734 tur
1530 2708 1639 2734 ssumine
1657 2707 1809 2733 divitiarum
1830 2707 1880 2732 568
1900 2707 1926 2732 7.
1946 2707 1998 2732 627
2018 2707 2034 2733 5

1521 2766 1557 2771 -
1575 2755 1615 2778 est
1633 2751 1834 2778 tundamentum
1847 2751 1959 2777 civitatis
1971 2750 2112 2783 Babylonis

1469 2797 1513 2823 Vll
1533 2796 1585 2822 475
1605 2795 1632 2822 44
1656 2809 1693 2815 -
1711 2795 1873 2827 significatur
1886 2802 1934 2827 per
1952 2802 2033 2828 opera
2052 2796 2111 2821 late-

1465 2847 1527 2867 rum
1548 2840 1720 2866 lsraelitarum
1750 2839 1783 2865 Vl
1810 2839 1860 2865 176
1880 2846 1905 2864 v.
1927 2839 1960 2864 45
1979 2853 2015 2858 -
2033 2839 2110 2871 signi-

1468 2885 1560 2910 ficatur
1579 2890 1627 2916 per
1640 2883 1776 2909 mulierem
1793 2886 1954 2909 contractam
1975 2883 2026 2909 587
2046 2883 2063 2908 7
2076 2897 2110 2901 —

1468 2928 1619 2960 intelligitur
1637 2934 1685 2960 per
1705 2927 1773 2953 sitim
1796 2927 1839 2952 Vll
1860 2927 1906 2952 361
1933 2927 1960 2951 41
1986 2941 2020 2945 —
2040 2927 2110 2953 intel-

1467 2972 1555 3004 ligitur
1573 2978 1622 3004 per
1646 2970 1742 2997 bestias
1762 2971 1794 2997 Vl
1822 2971 1867 2996 484
1891 2978 1919 2997 v.
1942 2971 1974 2996 49
1994 2984 2030 2990 -
2048 2971 2110 2997 Pec-

1467 3019 1523 3043 cata
1543 3016 1668 3042 avaritiae
1687 3015 1834 3047 figurantur
1853 3015 1878 3041 in
1891 3015 1974 3047 spinis
1994 3015 2037 3041 Vll
2058 3015 2109 3041 504

1469 3062 1501 3087 42
1521 3075 1556 3079 -
1568 3064 1607 3086 est
1625 3060 1717 3085 vinum
1731 3059 1909 3085 abominabile
1925 3059 1958 3085 vt
1973 3059 2026 3085 547
2047 3060 2061 3085 3
2075 3073 2110 3079 -

1467 3108 1506 3131 est
1525 3105 1609 3130 lutum
1630 3107 1764 3130 terrenum
1783 3107 1809 3129 et
1827 3111 1941 3136 opacum
1968 3104 2014 3130 581
2040 3103 2056 3129 5
2076 3118 2110 3122 -

1466 3152 1506 3175 851
1524 3149 1612 3182 pulvis
1630 3155 1728 3174 nocens
1752 3148 1835 3174 oculis
1859 3147 2039 3180 spiritualibus
2058 3148 2110 3174 579

1467 3194 1483 3219 5
1503 3207 1537 3212 -
1555 3195 1595 3219 est
1613 3193 1715 3226 pulvis,
1734 3193 1780 3226 qui
1800 3193 1865 3219 solet
1889 3193 2033 3219 adhaerere
2052 3193 2111 3219 atie-

1467 3237 1553 3264 ctibus
1571 3237 1784 3270 praedicatorum
1804 3237 1848 3263 Vll
1869 3236 1920 3263 258
1942 3237 1975 3263 20

1521 3296 1556 3301 --
1575 3282 1707 3308 Avaritiae
1726 3282 1839 3308 daemon
1863 3281 1965 3308 eiicitur
1991 3288 2039 3314 per
2057 3288 2112 3307 1118-

1467 3327 1580 3353 1110113111
1606 3327 1738 3360 passionis
1761 3326 1910 3353 dominicae
1935 3326 1979 3352 Vll
2005 3326 2056 3353 289
2078 3326 2111 3352 39
