2427 3872
275 260 339 293 792

560 302 628 329 MAT

280 349 307 374 in
327 348 522 374 matrimonium
540 350 579 373 est
597 347 682 373 licitus
704 350 729 372 et
756 353 807 372 non
835 348 916 371 aufert

277 392 453 425 virginitatem
473 390 709 423 irrecuperabiliter
729 391 780 416 272
801 391 833 416 15

330 451 365 456 -
390 436 540 462 Secundum
568 435 729 467 spiritualem
758 435 916 460 intellectum

278 484 391 514 quatuor
417 483 478 506 sunt
506 486 602 512 genera
630 479 857 505 matrimoniorum
884 478 916 503 Vl

277 525 328 550 545
348 526 363 550 2
384 539 417 542 -
436 530 514 549 omne
542 524 601 549 facit
628 530 659 549 ex
687 522 806 555 pluribus
835 529 916 548 unum

278 569 328 595 546
350 570 364 593 8
384 583 419 586 —
438 568 541 594 carnale
560 567 619 593 facit
638 567 691 593 duo
711 568 735 592 in
756 573 806 592 una
826 573 916 597 carne,

278 613 304 638 id
324 616 363 639 est
391 613 417 638 in
445 619 494 638 una
515 612 676 642 carnalitate,
705 611 838 643 spirituale
859 611 918 636 facit

280 665 360 683 unum
381 657 405 683 in
425 664 476 682 uno
500 656 607 688 spiritu,
627 656 815 682 sacramentale
834 662 917 681 unum

280 702 307 727 in
326 708 378 727 uno
398 708 507 733 corpore
533 701 658 733 mystico,
684 700 811 726 aeternale
836 706 917 725 unum

279 746 304 772 in
324 753 374 772 una
395 745 552 771 beatitudine
572 744 633 771 ibid.

331 805 366 809 *-
379 790 481 815 carnale
494 789 607 815 initiatur
620 789 645 814 in
659 789 726 814 mala
740 788 919 818 delectatione,

278 835 420 861 ratificatur
429 835 456 860 in
466 841 604 865 consensu,
614 836 814 859 consummatur
825 834 849 858 in
859 839 920 864 ope-

279 886 308 904 re
322 879 352 904 Vl
367 878 418 904 545
433 879 447 904 4
461 893 495 896 —
509 879 659 910 nuptiarum
679 877 852 909 spiritualium
873 877 920 902 1111-

279 924 370 949 tiatum
381 923 459 948 fuitin
466 922 559 948 Christi
570 922 743 954 promissione
751 922 816 946 facta
824 921 920 946 sanctis

279 967 406 999 Patribus,
413 967 568 992 ratificatum
577 966 600 991 111
609 966 793 997 incarnatione,
801 972 920 990 consum-

280 1015 380 1038 matum
400 1012 425 1036 in
439 1011 559 1043 passione
579 1010 630 1035 546
650 1010 665 1035 6
679 1023 714 1029 --
728 1010 919 1040 Religiosorum

281 1063 341 1082 cum
362 1056 415 1081 Deo
444 1055 557 1081 initiatur
581 1055 606 1080 in
630 1054 749 1086 ingressu
773 1054 919 1085 religionis,

280 1100 421 1126 ratificatur
435 1100 460 1124 in
480 1102 541 1124 voto
555 1098 736 1130 professionis,
756 1104 920 1124 consumma-

281 1148 322 1170 tur
342 1144 365 1169 in
380 1144 495 1175 perfecta
508 1142 659 1174 impletione
672 1142 853 1174 promissionis
868 1141 920 1166 545

280 1188 296 1213 5
316 1202 350 1206 -
369 1188 435 1213 inter
454 1187 572 1213 divinam
591 1190 616 1212 et
639 1188 781 1212 humanam
801 1189 919 1212 naturam

280 1238 305 1258 et
334 1233 399 1258 inter
427 1232 558 1258 Christum
580 1234 606 1256 et
631 1231 772 1256 Ecclesiam
801 1237 921 1256 consum-

280 1280 381 1303 matum
401 1279 439 1302 est
463 1277 489 1301 in
513 1276 607 1301 talamo
632 1276 699 1301 uteri
723 1275 858 1307 virginalis
877 1275 920 1300 Vll

282 1322 332 1347 362
354 1321 385 1346 16

334 1366 489 1391 ΜΑττΗΑΕυ5
500 1379 536 1384 -
549 1364 595 1390 fuit
615 1363 747 1390 binomius
760 1364 804 1389 Vll
823 1364 873 1389 129
888 1363 921 1388 65

282 1424 316 1428 —-
336 1410 518 1441 interpretatur
536 1409 661 1439 donatus,
680 1411 706 1434 et
730 1415 778 1440 per
803 1415 863 1433 eum
884 1408 921 1433 in-

282 1454 405 1486 telligitur
423 1453 541 1479 doctrina
561 1452 737 1478 aedificatoria
757 1453 791 1478 ad
813 1459 922 1484 operan-

282 1498 347 1524 dum
368 1497 418 1523 144
439 1498 471 1523 38

335 1556 370 1561 -
390 1545 445 1568 erat
463 1542 560 1567 electus
578 1542 603 1567 in
618 1541 707 1567 divino
728 1541 864 1573 proposito
878 1540 921 1566 Vll

284 1587 334 1612 129
349 1587 382 1612 64
401 1600 436 1605 -
455 1586 549 1612 sedens
568 1586 602 1611 ad
616 1585 742 1611 telonium
754 1588 862 1611 vocatus
876 1585 923 1610 fuit

283 1638 297 1656 a
317 1631 417 1657 Christo
437 1630 470 1656 ib.
485 1631 531 1661 66,
552 1630 585 1655 67
604 1644 640 1649 —
659 1630 771 1661 perfecte
791 1629 923 1654 consensit

283 1678 409 1708 quantum
424 1675 457 1700 ad
476 1681 608 1700 recessum
623 1681 637 1699 a
652 1675 720 1699 malo
734 1676 759 1699 et
776 1674 922 1705 profectum

284 1720 309 1745 in
329 1719 398 1744 bono
417 1722 443 1744 et
462 1718 714 1744 consummationem
735 1717 760 1742 in
779 1720 845 1743 statu
867 1723 922 1748 per-

284 1765 349 1789 fecto
369 1762 402 1789 ib.
417 1763 449 1788 68
463 1777 497 1781 —
511 1762 621 1788 surrexit
639 1762 775 1793 expeditus
788 1764 813 1786 et
832 1761 923 1786 veloci-

284 1811 322 1833 ter
341 1814 388 1839 per
407 1808 477 1832 viam
498 1807 674 1838 perfectionis,
688 1813 740 1832 non
754 1806 857 1831 levitate
876 1805 924 1830 du-

285 1855 356 1882 ctus,
376 1851 421 1877 sed
441 1851 537 1876 virtute
565 1857 676 1882 operum
696 1849 789 1876 Christi
818 1852 923 1875 secutus

284 1899 322 1921 est
341 1903 402 1921 eum
431 1895 481 1920 130
502 1895 533 1920 69
554 1909 588 1914 -·-
608 1895 666 1920 fecit
693 1894 844 1919 convivium
870 1900 923 1918 ma-

284 1947 365 1972 gnum
386 1940 410 1964 in
430 1939 510 1965 domo
529 1946 576 1964 sua
595 1938 630 1965 ib.
648 1939 682 1964 72
701 1953 736 1956 —
755 1938 789 1964 ad
813 1944 921 1963 coenam

282 1984 437 2009 invitaverat
456 1983 559 2009 turbam
586 1983 694 2008 multam
721 1982 921 2015 publicanorum

281 2027 315 2054 ib.
334 2027 368 2053 73

340 2086 376 2091 ——
406 2072 545 2104 descripsit
575 2072 757 2104 genealogiam
789 2071 919 2096 carnalem

282 2116 422 2142 Salvatoris
441 2117 483 2141 Vll
503 2117 536 2141 86
557 2117 589 2141 59
610 2131 645 2134 -
664 2116 801 2141 Generatio
827 2115 921 2142 Christi

280 2161 427 2186 secundum
459 2167 564 2186 carnem
602 2163 640 2186 est
672 2160 833 2192 principium
864 2160 921 2186 eius

280 2205 414 2237 Evangelii
433 2205 466 2229 87
487 2205 519 2229 60

335 2250 479 2275 MecuANictl
498 2264 533 2267 —
558 2249 584 2274 ln
609 2248 736 2281 operibus
761 2249 920 2274 mechanicis

280 2297 319 2319 est
338 2293 474 2319 curiositas
493 2294 526 2319 Vl
545 2294 574 2319 21
599 2300 625 2318 v.
642 2293 657 2318 4
674 2307 704 2312 —-
719 2293 804 2325 Opera
817 2295 920 2319 mecha-

280 2338 336 2364 nica
356 2338 499 2370 respiciunt
517 2344 547 2363 ea
567 2345 634 2371 quae
654 2338 771 2369 corporis
785 2340 845 2363 sunt
858 2337 918 2364 ibid.

333 2382 466 2407 Memnon
488 2396 523 2401 —
545 2381 662 2408 Christus
680 2382 752 2408 venit
768 2385 795 2408 ut
821 2382 917 2408 media-

280 2429 320 2451 tor
340 2426 373 2451 ad
393 2425 559 2452 liberandum
580 2426 613 2451 Vl
640 2426 690 2451 597
710 2434 735 2452 v.
757 2426 789 2452 46
814 2425 875 2453 Vide
894 2433 918 2452 v.

280 2469 403 2496 Christus
423 2469 467 2496 15.

333 2507 456 2539 ΜἘυιοιΝΑ
475 2528 510 2533 -—
529 2517 568 2539 cst
586 2514 691 2540 scientia
705 2515 761 2540 sani
780 2522 828 2547 per
846 2522 875 2540 se
894 2518 919 2541 et

279 2558 351 2590 aegri
371 2565 417 2590 per
435 2558 556 2583 accidens
575 2558 607 2583 Vl
627 2558 643 2583 7
663 2565 689 2591 q.
710 2559 725 2584 2

333 2617 366 2620 -
386 2602 478 2627 Medici
505 2609 548 2627 ars
576 2605 615 2627 est
639 2601 789 2633 laudabilis,
812 2603 917 2635 quando

279 2645 396 2678 sequitur
418 2653 560 2677 supernam
585 2646 727 2677 potentiam
754 2649 779 2672 et
798 2650 916 2672 naturam

279 2689 446 2720 substratam,
459 2692 484 2714 et
499 2689 691 2721 vituperabilis,
713 2691 820 2722 quando
840 2691 918 2722 negli-

280 2733 316 2764 git
335 2733 375 2758 vel
395 2733 561 2758 considerare
583 2736 716 2764 naturam,
736 2734 777 2759 vel
803 2741 854 2759 non
875 2741 917 2759 an-

279 2777 378 2808 teponit
397 2777 513 2802 divinam
532 2777 673 2808 potentiam
694 2777 736 2802 Vll
757 2778 802 2802 211
829 2778 862 2803 80

332 2834 367 2839 -
386 2821 526 2852 spiritualis
550 2821 713 2853 quadruplex
739 2824 777 2847 est
802 2822 834 2847 Vl
864 2821 910 2846 561

278 2872 305 2890 ν.
329 2865 357 2889 14

331 2909 470 2934 ΜεῡιτΛτιο
495 2923 530 2928 -
554 2916 729 2941 supernorum
757 2910 917 2941 significatur

277 2960 324 2985 per
343 2954 448 2978 oculum
469 2953 586 2978 dextrum
602 2954 634 2978 Vl
654 2954 704 2979 622
725 2954 740 2979 3
760 2968 795 2973 -
815 2955 917 2980 Medita-

277 2997 372 3022 tionem
396 3004 571 3029 supernorum
597 2998 718 3023 amittunt
752 2998 796 3031 qui
822 3005 915 3030 pacem

276 3044 445 3072 peccatorum
462 3042 550 3067 ineunt
569 3041 630 3068 ibid.

329 3099 364 3103 —
383 3092 472 3110 sacrae
489 3086 638 3117 scripturae
651 3086 764 3112 iucunda
778 3090 817 3112 est
836 3087 868 3112 Vl
881 3087 914 3112 74

276 3136 300 3154 v.
323 3130 355 3154 10
375 3144 409 3148 ——
429 3130 607 3155 Meditationes
632 3134 736 3156 sanctae
761 3134 821 3156 sunt
839 3131 915 3164 quasi

275 3174 405 3205 quaedam
434 3175 574 3204 fenestrae,
600 3181 647 3206 per
675 3182 741 3208 quas
769 3175 915 3207 ingreditur

276 3217 364 3243 divina
384 3218 515 3244 irradIatio
534 3219 559 3243 in
579 3219 693 3244 animam
708 3219 759 3245 549
779 3219 794 3244 4
813 3233 849 3238 —
868 3221 913 3244 fre-

275 3269 359 3294 quens
379 3265 417 3287 est
435 3263 520 3290 carnis
539 3263 642 3289 afflictio
662 3263 696 3289 25
715 3271 742 3289 ν.
768 3264 810 3289 17.
831 3264 863 3289 98
884 3271 910 3289 v.

276 3306 308 3330 12
328 3319 362 3325 -
392 3306 494 3332 Secreta
524 3307 673 3334 meditanda
698 3311 771 3339 sunt,
800 3311 828 3333 ut
855 3308 914 3341 quis

274 3349 392 3380 proficiat
410 3353 435 3376 et
453 3351 487 3376 ad
501 3350 600 3377 donum
615 3352 759 3378 intellectus
777 3353 914 3384 perveniat

271 3393 326 3418 283
347 3394 379 3419 28

1134 258 1248 291 INDEX
1272 258 1400 291 RERUM

1007 361 1041 365 —
1061 347 1146 372 Homo
1165 346 1199 372 ab
1219 353 1270 372 una
1290 346 1459 372 meditatione
1481 346 1551 372 cadit
1570 346 1596 371 in

954 390 1030 416 aliam
1050 390 1083 416 Vl
1104 390 1137 415 49
1157 397 1183 423 q.
1205 391 1219 415 2
1453 421 1455 423 ¹

1008 435 1109 460 1111Εο11111
1127 448 1164 453 -
1183 437 1221 460 est
1240 435 1281 459 vel
1298 435 1444 466 distantiae,
1464 435 1504 460 vel
1525 435 1595 460 colli-

955 479 1066 510 gantiae,
1080 479 1121 505 vel
1134 479 1323 510 congruentiae
1342 479 1375 504 Vl
1395 480 1446 505 389
1467 479 1495 504 31
1520 479 1548 504 2*
1562 493 1597 498 -

955 523 1046 548 Anima
1066 526 1105 548 est
1132 523 1249 549 medium
1279 523 1465 555 congruentiae
1490 523 1596 549 uniendi

954 567 1073 592 divinam
1092 570 1211 593 naturam
1232 568 1335 599 corpori
1356 567 1390 593 ib.
1410 568 1438 592 31
1464 581 1497 585 -
1512 571 1550 593 est
1564 568 1597 593 lo-

955 618 1002 637 cus
1015 611 1119 637 unitatis
1128 631 1134 643 ‚
1147 612 1355 642 communitatis,
1369 612 1532 645 aequalitatis
1545 611 1592 637 541

956 657 971 681 8
993 670 1026 675 —-
1045 659 1083 682 est
1107 656 1179 682 locus
1203 655 1366 688 humilitatis,
1386 656 1596 689 communitatis,

956 701 1075 731 unitatis,
1095 700 1256 733 stabilitatis,
1276 701 1447 732 proximitatis
1467 700 1517 726 259
1539 701 1572 726 59

1009 758 1045 764 -
1063 745 1132 777 sapit
1144 747 1263 770 naturam
1277 748 1454 770 extremorum
1470 745 1501 770 Vl
1516 745 1566 770 248
1581 745 1597 770 7

957 803 991 808 -
1010 789 1132 815 omnibus
1157 789 1277 821 partibus
1302 789 1468 821 approximat
1492 789 1542 815 259
1563 790 1596 815 59

957 847 992 852 -
1010 841 1089 865 saepe
1108 834 1213 859 sortitur
1232 840 1329 859 nomen
1348 836 1525 859 extremorum
1548 833 1598 859 495

958 879 991 904 25
1010 893 1045 896 —-
1065 878 1187 903 convenit
1200 878 1304 910 utrique
1320 880 1495 903 extremorum
1516 877 1562 903 541
1583 879 1597 903 8

957 937 992 940 -
1011 922 1152 954 aequaliter
1180 922 1258 947 distat
1276 921 1310 947 ab
1337 922 1459 947 extremis
1483 921 1545 948 ibid.
1563 935 1600 941 ·—

959 967 1076 991 Extrema
1096 973 1144 997 per
1163 966 1281 991 medium
1301 966 1425 992 uniuntur
1445 965 1508 992 ibid.

1011 1024 1044 1028 —
1064 1010 1177 1036 Medium
1198 1010 1302 1042 inspicit
1320 1010 1400 1042 ratio,
1420 1010 1503 1036 virtus
1516 1013 1541 1035 et
1554 1017 1599 1035 na-

958 1057 1015 1080 tura
1037 1055 1067 1080 Vl
1088 1054 1133 1080 541
1159 1055 1174 1079 6
1196 1069 1230 1072 -
1249 1054 1322 1080 Circa
1349 1055 1466 1080 medium
1492 1054 1600 1080 rationis

958 1099 1074 1125 consistit
1091 1099 1220 1125 certitudo
1239 1099 1370 1130 veritatis,
1389 1099 1458 1124 circa
1481 1099 1598 1124 medium

958 1143 1040 1169 moris
1066 1143 1195 1169 rectitudo
1220 1143 1323 1169 virtutis
1342 1144 1383 1169 vel
1405 1143 1510 1175 salutiS‚
1530 1144 1598 1169 circa

958 1188 1075 1214 medium
1089 1191 1199 1214 naturae
1217 1189 1334 1214 valitudo
1353 1188 1470 1214 sanitatis
1488 1187 1551 1214 ibid.
1563 1185 1599 1206 —‘

958 1233 1065 1259 rationis
1084 1236 1198 1262 extrema
1226 1233 1343 1264 ordinat,
1371 1233 1489 1259 medium
1516 1232 1599 1258 moris

958 1280 1072 1303 extrema
1087 1277 1218 1309 moderat,
1233 1277 1350 1303 medium
1362 1280 1471 1302 naturae
1484 1280 1598 1302 extrema

959 1324 1138 1354 contemperat
1165 1321 1227 1348 ibid.
1245 1335 1281 1340 —
1306 1321 1423 1347 Christus
1452 1321 1499 1347 fuit
1523 1321 1599 1354 quasi

960 1366 1076 1391 medium
1097 1366 1236 1396 rationale,
1256 1366 1368 1397 morale,
1394 1365 1510 1391 naturale
1530 1364 1563 1391 ib.
1583 1365 1600 1390 7

1011 1424 1047 1429 —
1066 1410 1147 1435 teneri
1165 1409 1245 1436 debet
1270 1410 1294 1435 in
1308 1410 1425 1440 actione,
1444 1409 1600 1435 declinando

959 1455 1123 1486 superfluum
1142 1457 1168 1480 et
1193 1454 1351 1480 diminutum
1377 1454 1420 1479 Vll
1441 1453 1492 1479 434
1513 1454 1600 1479 23·-

959 1499 1039 1524 teneri
1059 1497 1138 1524 debet
1156 1498 1181 1524 in
1201 1498 1368 1530 praelatione,
1387 1498 1542 1524 declinando
1561 1505 1601 1523 ac-

960 1543 1134 1575 ceptationem
1149 1549 1323 1574 personarum
1342 1541 1404 1569 ibid.
1417 1556 1452 1561 —
1463 1542 1545 1568 teneri
1558 1542 1600 1568 de·

960 1587 1004 1613 bet
1022 1587 1048 1612 in
1069 1587 1289 1619 contemplatione
1301 1587 1368 1613 sicut
1387 1587 1524 1618 Seraphim
1538 1585 1600 1613 ibid.

1013 1632 1203 1657 Mstcmsaneca
1222 1645 1257 1650 —
1277 1631 1324 1656 fuit
1347 1638 1393 1656 rex
1417 1631 1501 1656 Salem
1527 1633 1553 1656 et
1570 1631 1601 1656 si-

961 1676 1015 1701 mul
1035 1676 1157 1701 sacerdos
1173 1675 1217 1701 Vll
1238 1676 1269 1700 13
1290 1676 1305 1700 8
1319 1689 1354 1694 -
1367 1675 1548 1701 benedicendo
1562 1678 1601 1701 est

962 1720 1046 1752 figura
1066 1720 1122 1745 lesu
1141 1719 1235 1745 Christi
1252 1719 1303 1745 546
1324 1720 1357 1745 25
1371 1733 1406 1738 -
1419 1720 1444 1744 111
1463 1726 1511 1745 suo
1525 1719 1601 1745 sacri-

962 1764 1019 1789 ficio
1045 1763 1240 1796 praefigurabat
1265 1765 1462 1790 Sacramentum
1486 1764 1601 1789 euchari-

961 1809 1024 1834 stiae
1038 1807 1100 1834 ibid.

1014 1853 1106 1878 MEtius
1124 1866 1159 1872 -
1185 1852 1269 1878 Omne
1293 1853 1385 1878 melius
1414 1855 1452 1878 est
1479 1855 1601 1884 appeten-

959 1897 1024 1923 dum
1043 1900 1068 1922 et
1081 1897 1296 1929 praeeligendum
1312 1897 1343 1922 Vl
1364 1897 1396 1921 39
1410 1904 1437 1929 q.
1450 1897 1465 1922 3
1480 1911 1514 1915 -—
1528 1897 1600 1930 quod

959 1941 1069 1967 similius
1088 1944 1127 1966 est
1155 1941 1254 1966 meliori
1280 1943 1319 1966 est
1338 1941 1432 1966 melius
1459 1940 1493 1965 70
1519 1948 1546 1973 q.
1565 1955 1600 1960 -

959 1985 1041 2011 Omne
1055 1986 1149 2011 melius
1161 1988 1200 2011 est
1210 1985 1263 2010 Deo
1278 1984 1447 2011 tribuendum
1461 1985 1512 2010 216
1526 1992 1551 2010 v.
1566 1985 1599 2010 28

1012 2030 1129 2055 Mardonia
1151 2044 1183 2048 —
1203 2031 1230 2055 In
1249 2029 1336 2055 anima
1356 2032 1394 2055 est
1412 2030 1453 2055 vis
1472 2036 1600 2055 memora-

959 2074 1011 2099 tiva
1031 2074 1064 2099 Vl
1085 2074 1118 2099 15
1138 2081 1163 2099 ν.
1187 2075 1200 2099 8
1221 2087 1257 2092 -
1276 2074 1315 2099 Ad
1335 2073 1536 2099 memorandum
1559 2080 1599 2098 re-

958 2118 1070 2151 quiritur
1091 2118 1162 2144 fortis
1184 2118 1322 2150 impressio
1341 2121 1367 2143 et
1386 2119 1508 2151 frequens
1527 2118 1600 2143 reite-

958 2162 1023 2188 ratio
1044 2162 1094 2187 120
1114 2170 1140 2187 v.
1160 2162 1175 2187 5

1010 2220 1045 2225 -
1063 2209 1089 2232 et
1107 2206 1299 2232 reminiscentia
1313 2206 1456 2232 verborum
1478 2206 1521 2231 Dei
1536 2207 1600 2232 mul-

958 2253 1013 2276 tum
1033 2252 1102 2277 valet
1121 2251 1154 2276 ad
1182 2251 1269 2276 omnia
1294 2251 1360 2276 mala
1390 2251 1545 2282 perferenda
1564 2250 1598 2276 Vl

958 2295 1009 2320 455
1029 2295 1043 2321 4
1063 2309 1098 2314 —
1118 2295 1265 2321 Meminisse
1277 2294 1407 2321 debemus
1420 2295 1478 2327 Dei,
1492 2295 1598 2321 laudem

957 2342 982 2364 et
1000 2339 1192 2365 confessionem
1212 2339 1235 2365 ei
1254 2339 1343 2365 dando
1364 2339 1397 2364 92
1417 2347 1444 2365 v.
1464 2340 1473 2365 1
1497 2352 1533 2358 -
1552 2339 1599 2365 Re-

956 2384 1073 2409 cordatio
1092 2390 1243 2409 sermonum
1264 2383 1310 2409 Dei
1330 2383 1463 2409 hominem
1484 2383 1561 2415 erigit
1574 2386 1599 2409 et

957 2428 1046 2459 dirigit
1066 2428 1117 2453 455
1138 2428 1152 2453 4
1171 2442 1207 2447 —
1226 2427 1340 2461 Quilibet
1363 2435 1421 2454 esse
1444 2427 1524 2454 dehet
1544 2435 1598 2453 me-

957 2479 1014 2497 mor
1033 2474 1256 2498 sacramentorum
1277 2472 1322 2497 Dei
1342 2472 1375 2498 ad
1396 2472 1558 2498 credendum
1573 2475 1599 2498 et

955 2516 1146 2547 confitendum,
1174 2516 1362 2542 beneficiorum
1393 2517 1427 2542 ad
1457 2517 1598 2548 regratian-

956 2561 1032 2593 dum,
1054 2560 1210 2586 iudiciorum
1234 2561 1269 2586 ad
1297 2561 1506 2591 formidandum,
1536 2568 1597 2593 pro-

955 2605 1095 2630 missorum
1115 2605 1149 2630 ad
1168 2605 1386 2637 exspectandum,
1412 2605 1596 2631 mandatorum

955 2649 987 2674 ad
1002 2649 1148 2674 faciendum
1157 2668 1164 2679 ,
1177 2650 1359 2681 exemplorum
1372 2649 1406 2675 ad
1426 2649 1595 2679 imitandum,

954 2693 1142 2724 suppliciorum
1154 2693 1187 2718 ad
1200 2693 1430 2724 compatiendum,
1443 2693 1594 2718 solatiorum

954 2736 987 2761 ad
998 2736 1233 2767 congaudendum,
1247 2743 1358 2768 operum
1373 2737 1406 2762 ad
1425 2737 1595 2769 laudandum,

955 2780 1141 2805 charismatum
1160 2780 1194 2805 ad
1214 2780 1398 2811 postulandum
1418 2781 1461 2806 Vll
1482 2781 1514 2806 36
1535 2780 1586 2806 114

1009 2837 1042 2841 -
1062 2823 1193 2855 Sapientia
1213 2824 1239 2848 in
1252 2824 1379 2849 memoria
1399 2827 1438 2850 est
1456 2823 1595 2850 scribenda

954 2870 979 2892 et
999 2867 1106 2892 firmiter
1125 2867 1260 2893 retinenda
1280 2868 1313 2892 Vl
1341 2868 1390 2893 108
1415 2876 1441 2894 v.
1463 2869 1477 2893 3
1497 2883 1531 2887 -—
1552 2869 1595 2893 Sa-

954 2912 1067 2943 pientiae
1086 2912 1161 2937 flrma
1181 2912 1289 2938 retentio
1317 2912 1428 2944 pertinet
1446 2912 1480 2938 ad
1497 2919 1594 2938 memo-

954 2956 1019 2981 riam
1052 2956 1101 2981 107
1128 2963 1156 2981 ν.
1177 2957 1185 2981 1
1209 2971 1243 2974 -
1264 2956 1375 2982 Plurima
1404 2963 1496 2982 eorum
1525 2964 1594 2990 quae

955 3001 1018 3026 sacta
1038 3005 1111 3032 sunt,
1125 3000 1150 3026 in
1170 3003 1257 3026 nostra
1271 3001 1398 3027 memoria
1418 3004 1478 3027 sunt
1493 3001 1523 3026 17
1537 3009 1563 3034 q.
1577 3001 1592 3027 4

1006 3059 1041 3062 —
1067 3051 1155 3070 rerum
1181 3052 1232 3070 non
1256 3048 1393 3076 permanet
1412 3045 1443 3070 Vl
1466 3045 1498 3070 16
1518 3053 1544 3071 v.
1562 3046 1586 3071 lt

953 3102 987 3107 —
1001 3088 1116 3114 Plurium
1135 3091 1174 3114 est
1193 3088 1292 3114 oblivio
1311 3096 1391 3122 quam
1411 3090 1538 3115 memoria
1560 3089 1591 3114 17

952 3139 978 3165 q.
999 3131 1014 3157 4
1033 3146 1068 3151 -
1087 3133 1142 3158 Νο11
1167 3136 1206 3158 est
1228 3133 1313 3164 magis
1337 3133 1464 3159 memoria
1493 3133 1527 3159 de
1555 3141 1593 3159 sa-

952 3176 1037 3208 piente
1056 3183 1136 3209 quam
1156 3177 1190 3202 de
1208 3177 1286 3202 stulto
1306 3177 1339 3202 25
1359 3184 1385 3202 v.
1400 3178 1431 3202 16
1452 3192 1487 3196 -—
1507 3178 1591 3210 Quan-

952 3223 1006 3245 tum
1027 3221 1060 3246 ad
1080 3221 1199 3246 homines
1218 3224 1271 3246 tam
1291 3220 1422 3247 bonorum
1435 3229 1516 3254 quam
1536 3229 1592 3247 ma-

951 3264 1036 3290 lorum
1050 3264 1140 3290 transit
1152 3265 1280 3290 memoria
1300 3265 1333 3290 26
1347 3272 1372 3298 q.
1392 3265 1407 3290 3
1427 3279 1463 3284 -
1479 3269 1591 3292 mortuo-

951 3315 1010 3334 rum
1029 3308 1153 3334 oblivioni
1167 3312 1206 3334 est
1225 3308 1317 3334 tradita
1336 3308 1370 3334 74
1384 3316 1411 3335 v.
1425 3310 1440 3335 5
1461 3323 1494 3328 —-
1515 3310 1590 3342 lmpii

950 3355 1010 3384 post
1037 3355 1148 3378 mortem
1173 3360 1224 3379 nou
1253 3356 1432 3379 memorantur
1460 3354 1588 3379 memoria

952 3396 1075 3422 laudabili
1094 3397 1136 3423 vel
1156 3397 1194 3422 eis
1213 3396 1268 3423 utili
1290 3397 1340 3423 120
1360 3404 1387 3422 ν.
1407 3396 1422 3422 4

1924 303 1990 328 MER

1685 347 1836 372 Mexmcmm
1853 360 1889 365 —
1908 346 2032 372 Homines
2048 353 2079 372 ex
2099 347 2227 378 pronitate
2241 347 2274 373 ad

1634 390 1773 416 iurandum
1794 390 1891 422 passim
1921 391 1993 416 facile
2013 390 2130 416 incidunt
2156 391 2182 416 in
2202 385 2271 417 men-

1633 434 1739 460 dacium
1758 435 1792 460 Vl
1811 435 1844 460 66
1858 442 1884 467 q.
1905 435 1914 459 1
1941 434 1968 459 t·
1987 449 2022 453 —-
2039 435 2065 460 ln
2085 435 2222 461 mendacio
2236 438 2276 461 est

1634 479 1749 504 curvitas
1768 479 1910 504 intellectus
1930 479 1981 504 366
2003 479 2031 504 61

1687 537 1722 542 -
1741 523 1841 548 Mentiri
1862 523 1929 548 Deus
1947 530 2000 548 non
2014 525 2099 555 potest
2112 523 2145 549 Vl
2165 524 2198 549 66
2218 531 2245 556 q.
2260 524 2269 548 1

1640 581 1668 585 -
1688 568 1824 600 loquentes
1837 567 1929 599 perdet
1943 567 2070 593 Dominus
2084 567 2134 592 116
2148 575 2175 594 ν.
2195 568 2204 592 1
2216 568 2222 593 1

1687 626 1723 629 -
1742 611 1838 637 occidit
1863 611 1894 636 Vl
1916 612 1966 636 116
1994 619 2019 636 v.
2044 612 2076 637 12
2094 625 2130 631 -
2148 612 2275 644 pernicio-

1634 662 1694 681 sum
1714 658 1753 681 est
1771 656 1880 681 mortale
1903 654 1938 682 ib.
1956 662 1983 681 ν.
2003 656 2030 680 11
2055 669 2090 675 -
2109 660 2147 682 est
2170 656 2276 682 levioris

1634 701 1743 732 culpae,
1763 707 1824 726 cum
1853 700 1913 733 quis
1932 700 2090 732 praestando
2119 699 2276 727 heneficium

1636 744 1758 770 mentitur
1783 743 1845 770 ibid.
1862 758 1898 763 —
1917 745 1966 777 Qui
1986 745 2078 770 falsum
2108 744 2169 770 dicit
2188 751 2276 771 errore

1636 789 1763 821 deceptus
1781 796 1835 814 non
1855 789 1979 814 mentitur
1998 789 2049 814 338
2070 788 2099 814 3·

1689 848 1724 851 —
1735 836 1773 859 est
1784 833 1920 865 proprium
1934 833 2040 863 diaboli,
2051 833 2112 866 quia
2123 840 2137 859 a
2148 841 2176 859 se
2189 832 2277 865 habet,

1637 885 1690 903 non
1709 878 1759 903 alio
1779 881 1937 909 suggerente
1956 878 1989 903 Vl
2010 877 2061 903 367
2081 878 2110 903 61

1690 936 1725 940 -
1738 922 1783 947 Est
1803 929 1871 954 opus
1888 922 2013 954 sapientis
2029 923 2195 948 manifestare
2209 917 2278 948 men-

1637 966 1728 991 tientes
1748 969 1773 991 et
1791 973 1844 991 non
1863 966 1966 992 mentiri
1985 966 2018 991 de
2035 966 2132 999 quibus
2151 966 2225 992 novit
2243 967 2276 992 Vl

1637 1009 1688 1035 345
1708 1010 1741 1035 27

1689 1067 1725 1073 -
1744 1054 1799 1079 Non
1818 1057 1857 1079 est
1881 1057 2077 1080 remuneratum
2107 1053 2278 1081 obstetricum

1636 1097 1818 1129 mendacium,
1838 1098 1884 1124 sed
1910 1098 2012 1130 pietatis
2036 1097 2219 1124 benevolentia
2243 1099 2277 1125 Vl

1637 1142 1688 1167 116
1707 1150 1734 1168 v.
1755 1143 1782 1167 11

1689 1187 1843 1213 liii-:unientis
1852 1200 1887 1206 —
1896 1187 2016 1219 exemplo
2026 1187 2212 1219 Apostolorum
2225 1194 2278 1213 am·

1635 1231 1763 1263 plexanda
1788 1231 1832 1256 Vll
1858 1231 1910 1256 255
1930 1232 1944 1256 8
1963 1245 1999 1249 -
2017 1231 2146 1263 refugitur
2171 1234 2279 1264 propter

1636 1275 1811 1301 infirmitatem
1824 1275 1874 1301 405
1886 1276 1910 1307 5,
1921 1275 1936 1300 6
1946 1289 1982 1294 —
1991 1276 2144 1301 Mendicatio
2155 1276 2279 1308 producit

1636 1319 1844 1346 erubescentiam
1865 1323 1973 1352 propter
1985 1323 2059 1346 actus
2077 1320 2279 1353 contemptibilis

1636 1365 1761 1390 vilitatem
1781 1363 1814 1390 ib.
1829 1365 1844 1390 5
1857 1378 1892 1384 -·
1905 1367 1945 1390 est
1957 1364 2069 1390 difficilis
2087 1365 2187 1391 homini
2206 1365 2280 1390 infir-

1638 1415 1695 1440 mo,
1714 1409 1761 1434 sed
1775 1408 1855 1434 facilis
1868 1410 1984 1441 perfecto
2001 1408 2148 1435 Christiano
2166 1408 2201 1435 ib.
2214 1409 2229 1434 6
2243 1423 2279 1429 —

1637 1452 1755 1479 Christus
1783 1453 1844 1479 facit
1871 1453 2065 1479 mendicitatem
2098 1453 2279 1480 honorabilem

1638 1496 1699 1524 ibid.
1718 1511 1754 1516 —
1773 1498 1801 1523 ln
1820 1490 1994 1524 mendicando
2013 1505 2065 1524 non
2085 1501 2188 1530 oportet
2206 1505 2278 1524 vere-

1638 1542 1747 1568 cundari
1761 1541 1823 1568 ibid.
1833 1557 1867 1561 -
1880 1542 2094 1568 Mendicationem
2109 1546 2278 1569 contemnere

1638 1594 1689 1612 non
1702 1589 1742 1612 est
1760 1587 1899 1612 infirmitas
1912 1587 2059 1618 toleranda,
2077 1587 2125 1613 sed
2138 1590 2177 1613 est
2189 1587 2280 1619 impie·

1639 1634 1676 1657 tas
1695 1631 1847 1657 detestanda
1866 1630 1927 1657 ibid.

1688 1689 1725 1694 -
1743 1675 1876 1701 Mendicus
1895 1678 1934 1701 est
1951 1675 1997 1709 qui
2016 1676 2102 1708 pulsat
2129 1676 2163 1701 ad
2182 1676 2279 1702 ostium

1637 1727 1685 1752 per
1704 1720 1854 1752 petitionem
1868 1721 2095 1752 eleemosynarum
2110 1720 2154 1746 Vll
2173 1719 2224 1745 417
2245 1716 2272 1745 41

1691 1765 1760 1790 Meus
1778 1779 1813 1782 —
1832 1765 1917 1790 Mente
1928 1765 2000 1790 solus
2013 1765 2083 1791 Deus
2102 1768 2141 1790 est
2158 1764 2279 1797 superior

1637 1808 1671 1833 Vl
1691 1808 1741 1834 427
1762 1808 1795 1834 14
1814 1822 1849 1828 —-
1868 1812 1956 1834 nostra
1981 1809 2015 1834 ad
2044 1809 2128 1835 Deum
2148 1816 2277 1835 conversa

1638 1853 1805 1884 illuminatur,
1818 1853 1968 1879 melioratur
1987 1856 2013 1879 et
2025 1853 2158 1885 perficitur
2169 1854 2212 1879 Vll
2227 1853 2278 1879 234

1638 1897 1671 1923 55
1690 1912 1726 1915 -
1745 1897 1879 1923 mundana
1896 1897 1931 1923 ob
1950 1897 2037 1923 varias
2059 1898 2215 1930 cupiditates
2234 1899 2277 1923 ha-

1637 1941 1681 1967 bet
1700 1942 1727 1967 in
1746 1949 1773 1967 se
1792 1942 1920 1974 procellas
1938 1944 1964 1968 et
1982 1945 2149 1974 tempestates
2172 1943 2219 1968 511
2243 1943 2277 1968 30

1636 2000 1672 2005 -
1691 1985 1769 2012 habet
1783 1989 1917 2018 unguenta
1930 1986 2105 2019 contritionis,
2118 1987 2279 2019 compassio-

1636 2031 1676 2056 nis
1695 2033 1721 2056 et
1739 2031 1888 2056 devotionis
1907 2031 1958 2057 586
1978 2031 2012 2057 72

1690 2075 1775 2101 Men-sit
1795 2089 1830 2094 —
1853 2074 1916 2101 Vide
1933 2082 1958 2102 υ.
1978 2074 2058 2102 Cibus
2076 2089 2112 2094 —
2131 2075 2218 2102 altaris
2239 2078 2280 2102 est

1637 2119 1722 2151 figura
1741 2118 1834 2145 Christi
1854 2119 1898 2145 Vll
1918 2119 1969 2145 596
1989 2119 2024 2145 34

1690 2164 1789 2190 Menses
1807 2178 1843 2183 —
1861 2166 1913 2190 tres
1933 2164 2042 2196 mystice
2061 2164 2200 2196 designant
2219 2171 2278 2197 pro-

1636 2209 1731 2234 fectum
1752 2208 1829 2233 trium
1850 2208 1991 2239 virtutum,
2010 2209 2108 2235 scilicet
2127 2209 2200 2241 fidei,
2220 2209 2278 2241 spei

1635 2255 1661 2278 et
1679 2253 1793 2278 caritatis
1812 2253 1856 2278 Vll
1876 2252 1910 2278 34
1931 2253 1981 2278 102

1690 2297 1808 2323 Mensam
1828 2310 1864 2316 -
1883 2298 1925 2322 Est
1944 2304 2066 2323 mensura
2079 2297 2239 2323 limitationis
2252 2300 2277 2323 et

1635 2340 1774 2367 divisionis
1792 2340 1825 2365 Vl
1845 2341 1896 2365 289
1917 2340 1949 2365 63
1969 2354 2005 2359 -
2023 2344 2158 2366 creaturae
2182 2340 2277 2366 dicitur

1635 2386 1691 2412 eius
1705 2388 1773 2411 certa
1786 2385 1929 2418 quantitas,
1943 2392 1995 2418 qua
2015 2385 2109 2411 dicitur
2125 2392 2221 2417 magna
2234 2386 2277 2411 vel

1636 2437 1718 2462 parva
1738 2430 1779 2463 vel
1793 2429 1933 2455 mediocris
1948 2430 1998 2455 182
2012 2437 2038 2455 v.
2059 2430 2087 2455 21
2105 2443 2140 2449 -
2154 2430 2223 2456 idem
2238 2433 2277 2456 est

1635 2474 1707 2507 quod
1728 2474 1824 2499 modus
1843 2473 1904 2500 ibid.
1930 2487 1965 2492 —
1984 2474 2010 2499 ln
2030 2480 2152 2500 mensura
2171 2474 2276 2506 respici-

1635 2521 1677 2544 tur
1695 2518 1806 2551 qualitas
1825 2517 1886 2544 ibid.

1688 2575 1722 2581 —
1735 2562 1805 2588 Deus
1819 2565 1857 2588 est
1871 2569 1992 2588 mensura
2007 2562 2063 2588 sine
2081 2569 2205 2588 mensura
2218 2563 2275 2588 uni-

1634 2606 1730 2639 cuique
1749 2607 1786 2632 rei
1800 2606 1909 2632 modum
1924 2606 2071 2638 praefigens
2090 2607 2121 2632 Vl
2137 2607 2186 2632 t82
2200 2614 2226 2632 V.
2241 2607 2269 2632 21

1633 2665 1668 2668 -
1687 2651 1756 2675 Deus
1774 2650 1861 2675 omnia
1882 2650 1908 2675 in
1927 2657 2050 2676 mensura
2068 2650 2198 2683 disposuit
2216 2658 2276 2677 con-

1633 2696 1670 2719 tra
1684 2694 1776 2719 vitium
1791 2694 1977 2726 superfluitatis
1991 2693 2052 2720 ibid.
2067 2708 2101 2713 —
2113 2696 2225 2721 refertur
2238 2695 2273 2721 ad

1633 2738 1797 2763 clementiam
1817 2738 1994 2763 conservantis
2014 2737 2074 2764 ibid.

1685 2782 1861 2807 Mmcemmus
1890 2796 1924 2800 —
1952 2783 2171 2809 Mercenariorum
2199 2790 2274 2810 amor

1632 2832 1684 2851 non
1704 2828 1743 2851 est
1756 2832 1831 2851 amor
1843 2833 1923 2851 verus
1937 2826 1968 2851 Vl
1989 2826 2040 2851 386
2062 2827 2093 2852 16
2106 2841 2142 2846 -
2155 2834 2207 2853 11011
2229 2828 2274 2854 dat

1631 2870 1712 2895 vitam
1733 2876 1781 2901 pro
1809 2869 1906 2896 ovibus
1933 2869 1995 2896 ibid.
2016 2884 2051 2890 -
2071 2871 2095 2896 in
2119 2872 2273 2898 necessitate

1631 2921 1740 2946 gregem
1754 2914 1874 2946 dimittit,
1892 2922 1945 2940 non
1965 2914 2092 2941 adhibens
2110 2916 2271 2948 praesidium

1630 2958 1789 2984 defensionis
1813 2959 1864 2984 582
1891 2959 1906 2984 6
1932 2973 1967 2978 -
1987 2959 2066 2991 fugit,
2091 2960 2153 2992 quia
2179 2961 2271 2992 lupum

1631 3003 1703 3028 timet
1722 3006 1747 3028 et
1766 3010 1831 3029 oves
1849 3010 1901 3029 non
1915 3006 1985 3029 amat
2004 3004 2055 3029 386
2077 3004 2109 3029 17
2123 3018 2157 3022 ——
2169 3004 2210 3030 Ad
2225 3004 2273 3030 ad-

1630 3049 1738 3072 ventum
1758 3047 1812 3079 lupi
1831 3047 1934 3079 rapacis
1959 3047 2064 3074 dimittit
2082 3055 2147 3074 oves
2165 3048 2217 3074 387
2238 3049 2271 3074 17

1629 3104 1664 3109 -
1677 3091 1756 3122 fugit,
1769 3091 1829 3123 quia
1844 3091 1927 3123 diligit
1942 3092 2090 3118 mercedem
2103 3095 2128 3117 et
2141 3099 2192 3118 non
2206 3099 2271 3118 oves

1629 3133 1662 3160 ib.
1690 3135 1731 3159 18.
1752 3135 1794 3160 Vll
1809 3134 1860 3160 205
1880 3135 1913 3160 60
1927 3149 1962 3153 -
1976 3135 2058 3167 pascit
2076 3136 2152 3168 lupos
2171 3136 2204 3161 Vl
2217 3136 2268 3161 626

1629 3185 1654 3203 ν.
1676 3178 1708 3203 16
1729 3192 1762 3197 ·-
1782 3179 1863 3204 servit
1876 3186 1925 3211 pro
1944 3180 2017 3205 lucro
2037 3180 2088 3205 386
2113 3180 2142 3205 17

1681 3236 1716 3240 -
1735 3225 1774 3248 est
1792 3223 1943 3249 tolerandus
1963 3223 1994 3249 Vl
2021 3224 2072 3249 388
2097 3224 2132 3249 27
2151 3238 2185 3243 -
2204 3224 2269 3250 veri-

1628 3268 1707 3292 tatem
1726 3266 1789 3292 dicit
1807 3269 1832 3292 et
1850 3274 1915 3293 oves
1933 3270 2073 3294 conservat
2091 3267 2152 3294 ibid.

1679 3324 1715 3329 —
1734 3310 1792 3336 mali
1818 3310 1954 3337 abundant
1973 3312 2114 3345 aliquando
2132 3312 2160 3338 in
2184 3312 2266 3338 domo

1628 3355 1725 3380 summi
1739 3355 1820 3380 Patris
1839 3355 1952 3387 panibus
1965 3355 2153 3390 materialibus,
2167 3363 2219 3382 non
2233 3359 2267 3382 ta-

1627 3404 1687 3424 men
1706 3398 1885 3431 spiritualibus
1904 3399 1948 3425 Vll
1964 3399 2015 3425 393
2036 3400 2069 3426 29
2082 3413 2117 3419 —·
2133 3399 2195 3427 boni
2208 3403 2268 3427 sunt
