2427 3872
339 283 403 315 740

629 324 679 350 Dis

339 371 412 396 missi
439 372 499 396 sunt
527 372 555 395 ut
582 368 642 394 boni
670 371 789 400 pastores
816 374 864 400 pro
893 367 976 393 salute

339 415 430 441 ovium
449 414 502 440 254
521 414 537 439 5
555 426 591 432 -
609 413 681 438 missi
701 415 761 438 sunt
774 412 807 438 ad
821 413 935 442 luctum,
950 414 977 437 ut

338 461 472 492 reportent
490 458 617 490 gaudium
626 477 632 488 ,
646 457 679 483 ad
693 456 835 488 proelium,
848 458 877 481 ut
889 462 977 487 repor-

340 507 393 530 tent
420 503 583 534 triumphurn
612 500 674 527 ibid.
692 515 728 519 --
755 500 826 526 missi
855 502 915 525 sunt
943 491 980 524 in-

341 553 380 575 ter
398 548 508 580 impios,
527 545 656 578 superbos
675 548 700 570 et
720 545 857 576 malignos,
877 547 906 569 ut
924 544 980 569 vin-

340 596 399 619 cant
418 591 618 617 mansuetudine
636 588 669 615 ib.
690 589 705 614 6
725 603 759 608 —
779 589 852 614 missi
871 591 932 614 sunt
949 591 979 614 ut

339 643 483 669 pauperes,
503 628 536 661 ut⁴
544 635 577 660 ad
596 636 776 666 paupertatem
796 633 881 664 magis
894 639 978 658 exem-

340 681 389 713 plis
407 687 488 713 quam
509 678 598 704 verbis
617 680 742 703 vocarent
760 677 812 702 255
833 677 847 702 8

392 738 428 744 --
446 727 506 750 sunt
525 728 670 755 pauperes,
698 720 796 754 quibus
818 721 977 752 promittitur

340 775 453 801 regnum
482 768 525 793 Vll
554 767 604 792 448
634 766 667 791 50
695 779 730 784 -
752 765 849 791 debent
867 765 977 790 multilo-

341 814 434 846 quium
453 812 598 843 declinare‚
617 817 669 836 non
683 809 872 841 benignitatem
892 811 918 834 et
935 816 977 834 cu-

341 857 478 883 rialitatem
498 856 549 881 255
569 856 584 880 9
607 869 639 873 -
658 853 789 879 Prohibita
814 856 853 878 est
878 853 916 878 eis
939 859 977 878 sa-

342 901 431 927 lutatio
449 901 476 926 in
494 900 537 925 via
556 898 589 925 ib.
615 899 648 923 10
667 912 702 917 -
720 900 782 923 sunt
810 897 882 929 pacis
909 902 977 921 ama-

342 949 411 971 tores
430 948 455 970 et
473 943 667 969 annuntiatores
679 941 714 967 ib.
731 942 759 966 44
784 955 816 958 —
831 939 978 965 habuerunt

342 989 453 1021 gratiam
472 988 611 1013 sanitatum
631 986 664 1011 ad
684 984 908 1011 confirmationem
933 983 978 1009 do-

342 1033 440 1059 ctrinae
459 1031 627 1062 evangelicae
646 1029 697 1055 257
719 1028 750 1053 47

395 1091 430 1095 --
449 1083 500 1101 non
519 1074 616 1100 debent
638 1073 755 1105 gaudere
779 1072 805 1097 in
830 1071 977 1102 miraculis,

342 1121 389 1146 sed
408 1120 495 1152 potius
520 1119 544 1144 in
573 1117 709 1143 tormentis
736 1119 761 1141 et
788 1116 914 1141 conviciis
933 1115 977 1140 Vll

343 1165 394 1190 263
415 1165 447 1189 33
467 1177 503 1182 -
522 1162 690 1195 Quadruplex
715 1167 793 1186 causa
812 1160 868 1185 veri
888 1159 977 1191 gaudii

342 1215 391 1240 pro
410 1207 545 1239 discipulis
563 1205 657 1232 Christi
676 1204 710 1231 ib.
730 1204 764 1230 34
783 1219 818 1222 —
836 1211 866 1230 ex
885 1204 978 1229 latente

342 1251 466 1284 superbia
486 1250 653 1282 gaudebant,
667 1249 727 1282 quia
743 1249 861 1274 fortiores
874 1248 978 1274 daemo-

344 1296 421 1322 nibus
441 1295 500 1321 facti
519 1297 592 1320 erant
610 1294 657 1319 261
682 1294 723 1324 29,
744 1294 776 1319 30
789 1306 825 1312 -
838 1292 978 1318 subiectio-

343 1347 402 1366 nem
422 1340 581 1366 daemonum
601 1337 777 1364 attribuebant
795 1345 845 1363 non
859 1336 917 1367 sibi,
931 1336 977 1362 sed

343 1384 444 1410 nomini
462 1383 566 1409 Domini
594 1382 627 1409 ib.
653 1383 686 1408 30
705 1396 740 1401 -
759 1381 921 1407 laudabiliter
941 1387 978 1406 re-

343 1427 511 1454 vertebantur
530 1427 563 1453 ad
584 1428 680 1452 fontem
699 1426 857 1458 gratiarum,
882 1425 978 1457 gratias

343 1472 557 1504 recognoscendo
576 1474 601 1496 et
620 1471 705 1496 eidem
724 1471 821 1502 gratias
839 1469 975 1495 referendo

344 1516 406 1542 ibid.
425 1530 460 1535 -
479 1516 512 1541 de
531 1515 640 1541 elatione
662 1515 889 1547 reprehenduntur
916 1512 978 1540 ibid.

344 1574 379 1579 -—
398 1568 490 1586 eorum
510 1559 634 1592 superbia
648 1566 662 1584 a
676 1559 786 1584 Domino
799 1565 918 1590 repressa
932 1560 979 1588 est,

345 1605 378 1632 ib.
400 1605 427 1630 31
451 1618 486 1623 -
505 1607 575 1629 recte
589 1611 603 1629 a
617 1604 727 1629 Domino
747 1606 850 1635 petunt,
870 1600 981 1634 qualiter

345 1653 370 1675 et
390 1648 437 1681 ip'si
457 1655 531 1674 orare
550 1647 676 1674 deberent
688 1647 739 1673 278
754 1648 769 1672 3
787 1660 823 1666 -
836 1646 898 1672 1)οηί
911 1645 981 1672 Chri-

345 1694 375 1719 sti
396 1694 508 1718 clamant
527 1692 663 1718 suadendo
682 1690 847 1717 auditoribus
859 1690 914 1716 suis
927 1689 979 1715 544

346 1739 377 1763 48
406 1752 441 1755 —
469 1744 560 1762 omnes
588 1737 712 1767 clamant,
742 1738 770 1761 ut
798 1736 981 1760 contemnatur

345 1782 473 1812 mundus,
492 1785 518 1807 et
535 1781 657 1812 diligatur
676 1780 746 1805 Deus
764 1778 826 1805 ibid.

398 1840 432 1844 -—
451 1825 568 1851 Christus
586 1832 637 1850 non
657 1831 685 1849 se
705 1822 880 1848 manifestavit
905 1821 982 1847 disci-

346 1871 415 1902 pulis
442 1873 551 1901 propter
577 1875 669 1894 eorum
699 1866 922 1898 imperfectionem
948 1866 981 1891 Vl

346 1914 397 1940 550
417 1921 443 1939 ν.
463 1913 496 1938 24
514 1927 550 1932 -
575 1912 713 1943 Discipulis
741 1910 901 1942 imperfectis
929 1917 982 1936 non

345 1961 419 1983 erant
438 1960 537 1983 secreta
556 1955 787 1986 communicanda,
808 1961 840 1979 ne
858 1954 982 1980 scandali-

345 2005 464 2028 zarentur
484 2001 526 2026 Vll
548 2000 598 2025 145
619 2000 646 2025 41
671 2012 707 2018 —-
725 2006 739 2024 a
759 1998 861 2024 Christo
874 1998 981 2024 admissi

345 2049 419 2071 erant
437 2040 523 2070 vocati
542 2044 654 2069 exterius
682 2046 708 2068 et
735 2043 880 2068 secundum
909 2049 982 2075 prae-

346 2093 445 2116 sentem
466 2089 603 2120 iustitiam‚
623 2088 669 2113 sed
698 2095 749 2113 non
777 2095 868 2113 omnes
891 2094 982 2113 secun-

347 2135 411 2160 dum
431 2133 584 2159 electionem
604 2135 734 2158 aeternam
756 2132 787 2157 Vl
808 2132 858 2157 336
880 2132 930 2157 100

398 2191 433 2197 -
452 2177 617 2203 scandalizati
645 2179 810 2202 recesserunt
838 2183 852 2201 a
880 2176 981 2202 Christo

346 2224 388 2248 Vli
410 2222 460 2248 445
491 2222 518 2247 44
551 2236 586 2239 —
615 2220 815 2247 murmurabant
842 2221 877 2246 de
903 2226 982 2246 carne

345 2267 438 2293 Christi
459 2266 642 2292 manducanda
663 2266 694 2291 Vl
709 2265 759 2291 336
774 2265 816 2297 95,
829 2265 863 2290 96
877 2278 912 2284 --
924 2264 982 2297 qui-

345 2312 407 2337 dam
428 2310 642 2341 murmurabant,
661 2310 722 2342 quia
743 2309 821 2335 fldem
841 2316 892 2334 non
906 2308 983 2334 habe-

347 2355 409 2381 bant
428 2355 461 2381 ib.
482 2355 532 2380 100
551 2368 586 2373 -
606 2354 676 2379 Multi
695 2360 726 2379 ex
748 2353 883 2384 discipulis
904 2355 983 2378 retro-

346 2400 443 2426 cedunt
462 2399 512 2424 337
534 2399 584 2424 102
603 2412 637 2417 —-
656 2404 708 2423 non
734 2396 876 2423 credebant
901 2399 926 2422 ct
944 2404 984 2422 re-

347 2447 495 2474 cesserunt,
515 2443 576 2475 quia
596 2449 648 2467 non
667 2441 812 2473 specialiter
824 2441 898 2466 electi
912 2443 984 2466 erant

347 2489 399 2514 336
421 2488 481 2512 100.
500 2486 551 2512 337
573 2487 632 2516 102,
652 2485 703 2510 107
722 2499 757 2504 -
770 2485 893 2516 Discipuli
908 2492 922 2510 a
937 2485 983 2510 Do-

348 2532 419 2558 mino
439 2530 537 2556 abeunt
554 2533 624 2555 retro
643 2529 794 2561 aspiciendo
818 2536 865 2561 per
890 2529 984 2561 cogita-

348 2577 460 2605 tionem,
489 2578 557 2600 rctro
577 2574 716 2606 aspirando
736 2581 783 2605 per
812 2574 983 2603 affectionem,

348 2624 416 2646 retro
437 2619 583 2644 incedendo
603 2624 649 2649 per
678 2618 905 2643 conversationem
932 2618 983 2643 568

349 2671 375 2689 v.
394 2664 428 2688 67
446 2676 482 2681 -
501 2662 662 2694 reliquerunt
679 2661 810 2688 Christum
831 2663 928 2687 fontem
949 2661 984 2685 vi-

348 2711 389 2733 tae
409 2707 459 2732 337
481 2707 530 2731 103

403 2765 438 2770 -
457 2753 548 2776 euntes
568 2750 593 2774 in
612 2748 731 2774 Emmaus
759 2749 906 2780 signiflcant
924 2748 985 2773 flde-

350 2796 386 2821 les
405 2795 439 2821 de
459 2794 588 2820 mandatis
606 2794 640 2819 ad
654 2793 759 2819 consilia
772 2793 939 2824 proflcientcs
952 2792 983 2817 Vl

350 2839 400 2864 623
420 2845 447 2864 v,
467 2838 499 2863 44

403 2897 437 2900 —
456 2882 607 2912 credebant,
626 2881 756 2907 Christum
781 2881 819 2906 ire
845 2880 869 2905 in
890 2880 984 2905 lerusa-

350 2927 400 2952 lem
420 2926 453 2951 ad
472 2933 536 2951 suae
562 2925 651 2957 regiae
680 2925 813 2956 potestatis
841 2924 986 2950 ostentatio-

350 2977 410 2996 nem
431 2970 474 2995 Vll
494 2969 544 2994 477
565 2969 597 2994 17
616 2982 651 2988 -
667 2968 859 2999 existimabant,
872 2974 984 2999 regnum

351 3006 397 3040 Dei
417 3021 476 3039 mox
495 3020 553 3039 esse
577 3017 716 3038 venturum
737 3012 787 3038 478
808 3012 840 3037 17
860 3026 894 3030 ——
914 3014 987 3037 erant

351 3058 384 3084 de
403 3061 487 3083 morte
505 3060 531 3082 et
549 3057 683 3088 sepultura
711 3056 815 3082 Domini
843 3056 920 3086 certi,
939 3055 986 3081 sed

351 3103 384 3128 de
403 3106 494 3128 octava
518 3101 714 3126 resurrectionis
741 3100 815 3126 dubii
843 3103 868 3125 et
896 3100 986 3126 incerti

352 3146 403 3171 592
424 3147 455 3171 18

405 3204 439 3209 -
458 3188 632 3222 loquebantur
651 3189 684 3215 de
703 3189 743 3214 his
756 3196 823 3221 quae
836 3188 904 3214 circa
917 3187 987 3214 Chri-

352 3237 421 3260 stum
442 3237 514 3265 gesta
536 3236 609 3259 erant
637 3233 680 3258 Vll
709 3233 760 3258 592
785 3233 818 3258 19
837 3247 871 3251 -
891 3233 986 3258 Eorum

352 3278 488 3304 collocutio
517 3280 572 3303 erat
600 3276 749 3307 laudabilis,
779 3277 841 3309 quia
859 3277 893 3302 de
917 3276 986 3302 bona

352 3325 407 3347 erat
425 3321 532 3347 materia
552 3320 612 3347 ibid.
626 3334 662 3340 -
673 3321 707 3346 de
725 3319 826 3346 Christo
846 3319 987 3353 loqueban-

354 3369 410 3396 tur,
437 3366 498 3398 quia
527 3366 560 3391 de
588 3365 628 3390 illo
656 3364 802 3396 specialiter
823 3364 986 3397 cogitabant,

353 3409 413 3441 quia
433 3408 555 3435 amabant
573 3408 634 3435 ibid.

1203 278 1316 310 INDEX
1340 278 1467 311 RERUM

1068 381 1103 385 —
1122 366 1296 399 loquebantur
1319 366 1415 397 verba,
1434 373 1504 399 quae
1522 366 1651 392 certitudi-

1015 417 1076 436 nem
1098 417 1151 436 non
1177 410 1309 436 habebant
1337 411 1377 436 Vll
1406 412 1457 436 592
1484 411 1517 435 20
1535 423 1571 429 -—
1589 410 1651 442 quia

1016 454 1160 480 concordes
1182 458 1256 480 erant
1283 455 1310 480 in
1328 454 1415 480 eundo
1433 457 1459 480 et
1477 453 1652 487 loquebantur

1017 499 1051 524 de
1069 498 1153 531 bono,
1173 499 1232 524 ideo
1250 499 1324 530 digni
1341 499 1424 524 eflecti
1443 502 1504 524 sunt
1521 498 1652 524 consortio

1016 542 1111 569 Christi
1129 542 1190 569 ibid.
1209 557 1245 561 —
1263 542 1393 569 Christum
1414 542 1538 568 amabant
1554 541 1589 568 ib.
1609 542 1651 574 49,

1017 587 1050 613 20
1069 601 1105 606 -
1123 587 1193 612 intus
1205 586 1342 619 amabant,
1355 590 1380 612 et
1393 589 1481 612 tamen
1496 585 1652 612 dubitabant

1015 630 1049 657 ib.
1070 632 1112 662 49,
1131 632 1160 657 21
1184 646 1219 650 -
1238 634 1311 657 erant
1339 631 1457 663 percussi
1480 630 1579 655 aorasia
1600 630 1650 655 593

1015 677 1044 701 21
1060 690 1094 694 -
1107 676 1168 708 quia
1181 676 1298 701 nondum
1312 676 1426 707 perfecte
1437 674 1586 705 credebant,
1598 681 1650 699 non

1014 719 1162 745 debuerunt
1181 719 1278 744 habere
1296 718 1388 745 Christi
1408 718 1524 744 notitiam
1544 718 1595 744 592
1617 718 1644 743 21

1067 778 1102 781 -
1121 770 1174 789 non
1193 766 1267 788 erant
1286 762 1371 788 idonei
1396 762 1430 788 ad
1454 761 1651 794 suscipiendam

1015 807 1108 833 Christi
1127 807 1301 839 praesentiam
1330 808 1447 838 apertam
1478 806 1519 831 Vll
1545 806 1596 831 593
1617 806 1645 831 21

1014 865 1049 871 -
1067 851 1213 877 ordinatius
1237 850 1398 882 perducendi
1426 853 1500 875 erant
1526 850 1561 875 ad
1585 850 1651 876 noti-

1015 896 1077 920 tiam
1096 895 1191 921 Christi
1219 894 1417 926 percipiendam
1436 893 1500 920 ibid.
1517 908 1551 914 ——-
1570 894 1591 919 si
1611 900 1651 919 co-

1015 939 1169 971 gnovissent
1195 938 1340 969 Christum,
1367 945 1419 963 non
1439 937 1590 963 habuissent
1617 938 1650 963 ita

1014 983 1166 1008 familiarem
1186 983 1384 1009 collocutionem
1405 982 1431 1007 in
1450 982 1493 1007 via
1512 981 1574 1008 ibid.

1066 1040 1102 1046 —
1121 1027 1155 1052 de
1174 1027 1266 1058 spiritu
1285 1026 1319 1052 ad
1338 1033 1443 1051 carnem
1462 1026 1652 1051 descenderant

1015 1071 1180 1102 desperando
1200 1071 1233 1096 de
1252 1070 1434 1101 redemptione
1460 1072 1567 1101 propter
1592 1076 1651 1101 pas-

1014 1115 1115 1140 sionem
1134 1114 1228 1141 Christi
1242 1115 1284 1140 Vll
1299 1114 1350 1139 595
1365 1115 1397 1139 32
1410 1127 1446 1132 -
1459 1120 1582 1144 magnam
1600 1120 1652 1138 ma-

1014 1159 1105 1185 teriam
1126 1159 1224 1185 doloris
1243 1158 1391 1184 habuerunt
1409 1157 1444 1183 oh
1457 1157 1651 1183 damnationem

1014 1203 1109 1230 Christi
1136 1210 1184 1235 per
1212 1203 1345 1235 principes
1366 1202 1523 1228 ludaeorum
1546 1201 1598 1227 594
1617 1201 1651 1226 26

1014 1261 1050 1267 --
1068 1248 1234 1273 manifestant
1252 1253 1328 1272 suam
1348 1246 1519 1272 diffidentiam
1532 1245 1600 1271 circa
1614 1251 1652 1270 re-

1015 1292 1194 1324 demptionem
1205 1297 1235 1316 ex
1248 1291 1360 1316 maxima
1380 1290 1480 1316 tristitia
1493 1289 1527 1315 ib.
1542 1289 1584 1314 27.
1599 1289 1651 1314 595

1015 1337 1049 1362 32
1074 1350 1108 1354 --
1132 1336 1281 1362 ceciderant
1305 1335 1330 1360 in
1355 1334 1484 1360 tristitiam
1516 1333 1651 1365 perdendo

1015 1380 1137 1406 fiduciam
1158 1379 1210 1405 594
1230 1380 1263 1404 27
1282 1392 1318 1397 -
1337 1378 1425 1403 Tertia
1444 1377 1488 1403 die
1506 1377 1581 1403 dolor
1599 1384 1650 1402 non

1014 1427 1054 1450 est
1081 1423 1199 1450 sublatus
1217 1422 1307 1448 abeis
1331 1425 1357 1447 et
1375 1422 1494 1452 afflictio,
1513 1421 1559 1447 sed
1578 1421 1653 1447 addi-

1015 1471 1056 1494 tus
1075 1470 1114 1493 est
1136 1470 1219 1493 terror
1238 1470 1264 1492 et
1282 1465 1410 1492 dubitatio
1429 1464 1463 1491 ib.
1482 1466 1515 1491 28

1067 1526 1104 1531 —
1133 1512 1325 1543 intellexerunt,
1356 1510 1488 1536 Christum
1513 1510 1654 1542 praeterire

1016 1558 1083 1583 velle
1101 1564 1160 1587 eos,
1179 1556 1241 1588 quia
1260 1555 1286 1580 in
1305 1555 1440 1581 diversum
1460 1554 1514 1580 ibat
1533 1555 1575 1580 Vll
1601 1554 1651 1580 596

1018 1602 1051 1626 35
1071 1616 1105 1619 -
1124 1600 1264 1626 redeuntes
1282 1599 1316 1624 ab
1335 1600 1459 1624 Emmaus
1478 1599 1601 1624 viderunt
1619 1599 1652 1624 10-

1018 1652 1078 1671 sum
1103 1651 1162 1670 cum
1183 1644 1240 1669 aliis
1259 1644 1291 1670 Vl
1312 1643 1364 1669 545
1384 1643 1417 1669 54

1071 1703 1106 1708 —
1125 1689 1217 1721 Magna
1237 1695 1338 1714 merces
1357 1688 1404 1713 fuit
1422 1688 1474 1718 eis,
1493 1687 1565 1720 quod
1584 1686 1654 1713 Chri-

1018 1736 1095 1765 stum,
1114 1733 1237 1766 quamvis
1255 1739 1307 1758 non
1327 1735 1522 1764 cognoscerent,
1538 1732 1655 1763 peregri-

1019 1784 1082 1803 num
1101 1780 1127 1803 et
1144 1777 1218 1810 quasi
1238 1777 1367 1802 advenam
1381 1777 1507 1802 violenter
1519 1776 1551 1802 ad
1566 1783 1594 1801 se
1607 1779 1655 1801 tra-

1018 1825 1110 1848 xerunt
1130 1822 1171 1846 Vll
1191 1822 1242 1847 596
1262 1821 1295 1846 36
1315 1835 1349 1839 -
1369 1824 1551 1853 cognoverunt
1568 1821 1655 1846 Domi-

1018 1873 1081 1891 num
1102 1866 1190 1897 potius
1214 1866 1241 1891 in
1270 1866 1394 1891 fractione
1421 1865 1497 1897 panis
1524 1871 1604 1897 quam
1629 1864 1653 1889 in

1019 1910 1180 1941 expositione
1209 1909 1403 1941 scripturarum
1432 1908 1483 1935 597
1506 1909 1548 1939 37,
1568 1909 1601 1934 38
1620 1921 1655 1927 -

1018 1954 1130 1986 regressi
1149 1956 1208 1980 sunt
1227 1954 1252 1979 in
1270 1954 1409 1979 Ierusalem
1428 1953 1462 1978 ad
1484 1953 1654 1978 nuntiandum

1019 1999 1113 2024 statim·
1125 1999 1198 2031 quod
1226 1998 1346 2024 viderant
1365 1998 1416 2023 598
1437 1997 1479 2028 43,
1499 1997 1532 2022 45
1551 2005 1586 2015 ὲ-
1604 2004 1655 2022 non

1019 2044 1123 2068 fuerunt
1141 2042 1264 2068 retardati
1281 2042 1439 2067 obscuritate
1452 2048 1500 2067 nec
1513 2041 1656 2073 prolixitate

1018 2087 1079 2112 viae
1098 2094 1160 2119 prae
1180 2089 1283 2112 fervore
1301 2086 1399 2112 amoris
1417 2085 1452 2112 ib:
1475 2086 1507 2111 43

1071 2146 1107 2150 —
1126 2130 1229 2157 Ioannis
1254 2133 1327 2156 erant
1353 2130 1434 2155 invidi
1453 2133 1479 2155 et
1497 2130 1656 2155 detractores

1018 2175 1113 2202 Christi
1132 2176 1166 2201 Vl
1187 2175 1238 2200 289
1252 2176 1268 2200 2
1281 2188 1316 2194 --
1328 2182 1358 2200 ex
1378 2174 1477 2200 invidia
1496 2174 1657 2205 interrogant

1019 2227 1080 2246 eum
1109 2220 1142 2246 de
1172 2220 1274 2246 Christo
1303 2219 1353 2244 173
1385 2219 1419 2244 35
1450 2233 1484 2236 —
1512 2218 1559 2251 qui
1584 2218 1656 2244 missi

1020 2266 1123 2290 fuerunt
1141 2264 1174 2290 ad
1194 2264 1340 2294 Christum,
1368 2263 1499 2295 designati
1525 2264 1586 2288 sunt
1609 2270 1656 2295 per

1019 2309 1087 2334 duos
1106 2309 1282 2340 exploratores
1309 2308 1403 2333 m1ssos
1431 2308 1498 2333 ultra
1521 2307 1656 2333 lordanem

1022 2353 1072 2378 474
1092 2353 1125 2378 37
1143 2366 1179 2371 -
1198 2353 1321 2378 dicuntur
1338 2352 1400 2383 viri,
1428 2352 1489 2384 quia
1508 2351 1614 2377 viriliter
1633 2354 1658 2376 et

1021 2397 1130 2423 fideliter
1150 2397 1325 2428 impleverunt
1352 2396 1425 2428 quod
1453 2396 1491 2421 eis
1511 2397 1594 2421 fuerat
1612 2395 1658 2420 im·

1021 2444 1141 2473 peratum
1161 2440 1222 2466 ibid.
1241 2454 1277 2459 —
1295 2440 1361 2466 intra
1380 2447 1408 2465 se
1432 2441 1517 2465 ferunt
1540 2440 1657 2465 animum

1021 2485 1132 2511 dubium
1153 2484 1214 2510 ibid.
1238 2498 1274 2503 —
1302 2491 1349 2516 per
1368 2485 1490 2510 loannem
1510 2484 1658 2515 diriguntur

1022 2529 1056 2554 ad
1075 2529 1206 2555 Christum
1225 2528 1287 2554 ibid.
1302 2543 1335 2547 —
1349 2529 1528 2560 crediderunt,
1547 2528 1609 2560 quia
1623 2528 1658 2552 vi-

1021 2573 1118 2598 derunt
1138 2572 1188 2598 475
1208 2573 1241 2598 39

1075 2631 1110 2636 -
1129 2621 1187 2648 post
1211 2617 1322 2642 multum
1352 2617 1482 2642 silentium
1512 2616 1659 2641 efllciuntur

1023 2661 1142 2692 magistri
1161 2661 1203 2686 Vll
1224 2661 1275 2686 603
1295 2662 1328 2686 62

1076 2705 1210 2730 Disconun
1232 2719 1264 2723 —
1283 2704 1393 2730 destruit
1412 2711 1454 2729 res
1473 2704 1600 2729 maximas
1617 2702 1658 2727 Vll

1022 2748 1068 2773 291
1093 2747 1126 2773 44

1076 2792 1210 2818 Drscnrrrro
1229 2806 1263 2811 —
1283 2792 1402 2823 Tempus
1420 2790 1583 2817 discretionis
1601 2790 1659 2816 inci-

1022 2836 1060 2867 pit
1077 2835 1111 2861 ab
1130 2843 1197 2861 anno
1217 2836 1375 2862 duodecimo
1395 2836 1436 2860 Vll
1456 2835 1489 2860 66
1510 2835 1542 2859 99

1075 2893 1110 2899 --
1122 2880 1298 2906 convertenda
1309 2879 1393 2905 estad
1407 2878 1506 2904 bonum
1522 2878 1563 2904 Vll
1578 2879 1611 2904 66
1624 2879 1657 2904 98

1022 2937 1057 2943 —
1076 2925 1101 2949 ln
1122 2928 1240 2956 tempore
1253 2923 1416 2949 discretionis
1429 2926 1467 2948 est
1480 2928 1585 2954 tempus
1597 2930 1658 2949 con-

1023 2968 1141 2994 vertendi
1170 2969 1204 2994 ad
1224 2967 1322 2994 bonum
1341 2966 1376 2993 ib.
1396 2967 1428 2992 99
1448 2981 1483 2985 -—
1502 2968 1589 2999 lmpiis
1608 2975 1657 2993 non

1023 3015 1062 3038 est
1080 3013 1145 3038 ratio
1164 3013 1196 3038 ad
1223 3011 1424 3037 discernendum
1445 3010 1543 3037 bonum
1563 3014 1587 3037 et
1607 3019 1658 3037 ma-

1023 3057 1076 3082 lum
1095 3057 1129 3082 Vl
1146 3056 1180 3082 75
1200 3063 1228 3081 v.
1248 3056 1280 3081 10
1300 3069 1333 3074 —-
1353 3055 1489 3081 Prudentis
1508 3060 1546 3082 est
1564 3056 1659 3082 discer-

1023 3107 1100 3132 nere,
1119 3100 1165 3126 ubi
1184 3099 1309 3131 contingit
1327 3106 1414 3125 errare
1433 3100 1466 3125 57
1486 3107 1512 3125 v.
1532 3100 1559 3125 44

1075 3159 1111 3163 —
1131 3144 1208 3170 Visus
1220 3143 1384 3169 discretionis
1396 3144 1525 3169 clauditur
1537 3151 1551 3169 a
1565 3151 1657 3170 somno

1024 3189 1117 3220 culpae
1137 3188 1169 3213 Vl
1191 3187 1242 3213 587
1262 3194 1289 3212 v.
1309 3188 1350 3212 44.
1369 3187 1419 3213 589
1441 3195 1465 3213 v.
1480 3188 1508 3213 21
1526 3202 1561 3206 -—
1575 3188 1659 3214 Amis-

1024 3233 1063 3258 slo
1082 3239 1175 3258 sensus
1193 3231 1358 3257 discretionis
1385 3235 1423 3257 est
1441 3232 1547 3263 signum
1568 3232 1658 3258 mortis

1024 3276 1164 3308 spiritualis
1177 3275 1228 3300 558
1242 3282 1267 3299 v.
1288 3274 1322 3300 47
1334 3288 1369 3294 —
1382 3275 1554 3307 Recuperatio
1567 3283 1658 3302 sensus

1024 3319 1188 3346 discretionis
1197 3321 1237 3344 est
1246 3319 1350 3350 signum
1364 3319 1433 3345 vitae
1446 3319 1585 3351 spiritualis
1597 3319 1658 3346 ibid.

1077 3364 1236 3390 Discuiissns
1247 3377 1282 3381 —
1296 3363 1401 3395 proprie
1414 3367 1453 3389 est
1465 3364 1657 3390 comedentium

1026 3408 1058 3434 Vl
1078 3408 1129 3433 320
1149 3407 1191 3433 15.
1210 3406 1260 3433 523
1281 3407 1313 3432 23

1972 322 2029 347 DlV

1742 365 1882 392 Discursus
1899 379 1935 385 —
1953 369 1993 392 est
2019 373 2146 399 quaerere
2174 367 2215 392 vel
2242 367 2325 400 inqui-

1688 416 1747 435 rere
1765 410 1798 435 Vl
1817 409 1850 435 54
1869 417 1897 443 q.
1919 411 1934 436 2

1742 453 1881 479 Discum-:tm
1899 467 1935 473 —
1953 454 2023 479 Deus
2042 454 2068 479 in
2087 461 2132 479 sua
2159 454 2325 486 providentia

1688 497 1776 523 omnia
1798 497 1928 529 disposuit
1946 497 1978 523 Vl
1998 498 2031 524 53
2051 505 2078 523 v.
2097 498 2112 523 9
2131 511 2167 517 —
2186 498 2324 530 Dispositio

1689 541 1846 567 iudiciorum
1867 542 1912 567 Dei
1925 548 1978 567 non
1990 544 2029 567 est
2042 543 2230 573 perscrutanda
2242 541 2275 569 ib.
2290 543 2324 568 10

1741 585 1890 611 Disrunno
1910 599 1943 603 —
1962 588 2001 611 est
2028 585 2163 618 quoddam
2192 589 2324 612 certamen

1688 629 1845 661 opponentis
1863 632 1889 655 et
1906 629 2091 661 respondentis
2114 630 2149 655 Vl
2174 630 2225 655 165
2243 637 2270 656 V.
2290 631 2323 655 18

1688 687 1723 692 -
1742 673 1827 699 omnis
1846 673 2013 699 articulorum
2033 673 2094 699 fldei
2112 674 2210 699 lumine
2225 674 2324 705 gratiae

1688 720 1727 742 est
1744 717 1833 743 sobria
1852 717 1886 743 54
1905 724 1931 750 q.
1951 718 1966 742 2
1987 731 2021 736 ·-
2039 718 2200 743 contentiosa
2228 718 2325 744 inutilis

1688 764 1727 787 est
1746 762 1774 787 21
1799 768 1825 786 v.
1846 762 1861 786 3

1741 806 1914 831 Dissiuutsrio
1942 820 1977 824 —
2002 805 2083 831 Risus
2113 806 2325 832 dissimulationis

1687 849 1762 881 peior
1779 852 1819 875 est
1836 849 1874 874 ira
1892 850 2051 881 corripiente
2069 850 2102 875 Vl
2121 850 2155 875 55
2173 857 2200 876 v.
2220 850 2235 876 4

1740 894 1871 920 Disswime
1890 909 1925 912 ——
1939 894 2009 919 Bona
2023 894 2069 920 Dei
2083 894 2193 926 dissipat
2204 894 2249 927 qui
2263 897 2325 920 tem-

1688 938 1787 969 poralia
1807 939 1849 963 vel
1868 939 1936 963 male
1954 938 2060 970 retinet,
2080 939 2121 963 vel
2141 939 2209 964 male
2221 939 2324 970 accipit,

1687 982 1729 1006 vel
1748 982 1817 1007 male
1834 982 1969 1013 dispensat
1988 982 2032 1007 Vll
2051 982 2102 1007 403
2122 983 2137 1007 3

1741 1017 1885 1051 DisSOLurio
1903 1040 1938 1043 —
1957 1026 2046 1051 lniusti
2065 1026 2134 1051 vilae
2161 1026 2326 1052 dissolutioni

1687 1072 1783 1094 vacant
1810 1069 1941 1100 celeriter,
1969 1069 2147 1101 abundanter,
2175 1070 2325 1103 evidenter,

1688 1113 1882 1144 universaliter,
1902 1113 2017 1139 hilariter
2035 1114 2067 1139 Vl
2088 1114 2138 1139 120
2155 1121 2181 1139 v.
2195 1114 2211 1139 5
2224 1128 2260 1133 —
2272 1114 2326 1140 Dis-

1688 1157 1764 1182 soluti
1795 1157 1933 1183 destruunt
1964 1157 2094 1190 quidquid
2121 1158 2326 1184 aedificaverunt

1688 1200 1723 1226 de
1740 1200 1812 1226 bono
1831 1201 1874 1226 Vll
1895 1201 1946 1226 378
1966 1201 1999 1227 59

1741 1245 1892 1270 Dis‘rmicrio
1919 1259 1954 1264 —
1981 1248 2020 1270 est
2047 1246 2185 1278 occupatio
2216 1246 2324 1277 mentis,

1688 1295 1757 1321 quae
1775 1289 1868 1314 avertit
1895 1291 1921 1315 et
1947 1289 2068 1315 distrahit
2085 1292 2111 1315 et
2128 1290 2249 1323 illaqueat
2272 1291 2325 1316 ani-

1689 1339 1760 1358 mam
1781 1333 1813 1358 18
1832 1340 1859 1358 ν.
1879 1333 1911 1358 13

1741 1377 1901 1403 Dis'rnisurio
1929 1392 1962 1396 —
1990 1378 2144 1404 universalis
2171 1381 2197 1404 et
2223 1385 2324 1404 aecom-
2374 1387 2377 1388 ⁷

1690 1421 1769 1447 moda
1798 1421 1831 1446 Vl
1860 1421 1910 1446 183
1930 1429 1958 1447 ν.
1976 1422 2005 1447 21
2028 1437 2064 1440 -
2082 1423 2254 1449 accommoda
2273 1423 2324 1449 212

1690 1472 1717 1491 v.
1738 1466 1769 1490 12
1788 1479 1824 1484 -
1843 1466 1868 1491 ln
1887 1466 2069 1492 distributione
2087 1467 2259 1493 accommoda
2272 1474 2326 1493 non

1690 1513 1729 1535 est
1747 1510 1852 1536 serenda
1872 1510 1992 1536 instantia
2011 1511 2045 1536 28
2064 1518 2090 1544 q.
2110 1511 2134 1537 4.
2155 1511 2201 1537 421
2225 1511 2259 1537 54

1742 1568 1778 1573 -
1796 1555 1908 1586 Accepta
1928 1555 2109 1581 distribuenda
2134 1558 2195 1581 sunt
2220 1556 2253 1581 Vl
2274 1556 2325 1582 239

1691 1606 1718 1624 ν.
1736 1598 1753 1624 7
1773 1613 1806 1617 -
1826 1602 1994 1631 acceptorum
2015 1600 2105 1626 dilatat
2123 1600 2175 1626 539
2194 1600 2211 1625 7

1744 1643 1916 1669 Divsnsoniuu
1939 1657 1975 1663 —
1999 1644 2094 1670 dicitur
2112 1645 2197 1676 locus,
2217 1643 2263 1670 ubi
2287 1644 2327 1670 di-

1691 1688 1759 1713 versi
1780 1688 1953 1719 conveniunt,
1973 1689 2014 1714 vel
2033 1695 2064 1714 eo
2092 1688 2164 1721 quod
2193 1687 2272 1714 habet
2290 1688 2327 1714 di-

1691 1739 1767 1758 versa
1795 1732 1894 1758 orisscia
1923 1733 1966 1758 Vll
1996 1732 2028 1758 47
2058 1732 2091 1758 44
2118 1747 2154 1751 -—
2177 1735 2216 1758 est
2242 1732 2327 1764 platea

1692 1783 1775 1802 vacua
1794 1775 1856 1803 ibid.

1744 1821 1828 1846 Divuvi
1847 1836 1881 1839 —
1901 1824 1961 1846 sunt
1979 1821 2025 1853 qui
2043 1823 2105 1847 sunt
2131 1820 2216 1852 magis
2235 1820 2327 1846 illumi-

1691 1865 1744 1890 nati
1763 1872 1777 1890 a
1798 1865 1851 1890 Deo
1871 1865 1902 1890 Vl
1922 1864 1968 1890 354
1993 1864 2026 1890 59

1745 1909 1839 1935 Divisio
1857 1923 1892 1928 —
1910 1912 1950 1934 est
1968 1908 2074 1934 vitanda
2102 1909 2145 1934 Vll
2169 1908 2220 1934 274
2239 1908 2269 1934 71
2293 1923 2328 1927 -

1692 1956 1730 1979 est
1749 1960 1828 1979 causa
1847 1953 1938 1979 ruinae
1966 1956 1991 1978 et
2019 1953 2136 1979 interitus
2163 1953 2209 1978 291
2240 1952 2273 1978 44
2292 1967 2328 1971 —-

1692 2004 1811 2023 errorum
1827 1998 1851 2023 in
1864 1998 1992 2023 intellectu
2011 1996 2166 2028 prohibetur
2185 1997 2219 2023 ab
2231 1998 2329 2023 unitate

1693 2041 1769 2072 ndei,
1796 2042 1892 2067 divisio
1921 2041 2111 2075 desideriorum
2131 2041 2156 2066 in
2175 2042 2268 2067 affectu
2293 2040 2327 2066 ab

1693 2086 1790 2111 unitate
1809 2086 1936 2116 caritatiS,
1955 2085 2051 2111 divisio
2069 2085 2239 2111 schismatum
2253 2085 2279 2111 in
2291 2086 2328 2111 ef-

1693 2130 1761 2155 fectu
1781 2129 1815 2155 ab
1833 2130 1932 2155 unitate
1950 2129 2023 2161 pacis
2043 2129 2074 2154 Vl
2095 2130 2139 2155 111
2164 2137 2191 2155 ν.
2212 2130 2221 2155 1

1745 2175 1860 2201 ΒινιτιΑΕ
1878 2187 1914 2193 --
1932 2181 1945 2199 a
1967 2174 2020 2199 Deo
2048 2176 2108 2199 sunt
2127 2174 2158 2199 Vl
2179 2174 2211 2199 48
2236 2181 2262 2199 v.
2286 2174 2328 2198 18.

1693 2220 1728 2246 50
1748 2227 1776 2245 ν.
1795 2220 1810 2245 2
1831 2233 1865 2237 —-
1884 2218 2007 2247 dicuntur
2019 2218 2124 2251 iniquus
2138 2225 2272 2244 mammon
2285 2218 2328 2244 Vll

1694 2264 1744 2290 409
1765 2264 1797 2289 -19
1816 2277 1852 2282 -
1870 2265 1930 2288 sunt
1948 2262 2024 2288 cibus
2043 2263 2134 2288 mundi
2153 2263 2186 2288 Vl
2200 2262 2250 2289 557
2266 2263 2275 2287 4
2293 2276 2328 2281 -—-

1693 2308 1843 2334 mundanae
1862 2307 2041 2339 significantur
2060 2314 2106 2338 per
2119 2310 2219 2333 vestem
2233 2306 2329 2333 Christi

1694 2358 1855 2384 purpuream
1874 2351 1926 2376 617
1945 2351 1961 2376 7
1981 2364 2016 2370 —-
2034 2351 2150 2377 Divitum
2177 2351 2244 2377 bona
2269 2353 2329 2377 sunt

1694 2395 1789 2422 uberes
1808 2397 1908 2421 fructus
1927 2396 2110 2427 temporalium
2132 2396 2173 2422 Vll
2193 2396 2245 2421 317
2266 2395 2298 2420 26

1748 2454 1781 2459 -
1801 2446 1852 2465 non
1872 2442 1932 2465 sunt
1949 2440 2114 2471 appetendae
2133 2441 2165 2466 Vl
2186 2440 2218 2465 46
2238 2446 2262 2465 a.
2280 2439 2325 2464 464

1694 2491 1720 2509 v.
1740 2484 1756 2509 5
1774 2498 1810 2502 —-
1829 2487 1890 2509 sunt
1913 2484 2082 2510 detestandae
2106 2488 2132 2510 et
2150 2483 2330 2515 aspernandae

1697 2528 1728 2553 46
1755 2535 1781 2553 v.
1801 2528 1825 2552 9.
1846 2527 1879 2553 47
1899 2535 1924 2553 v.
1946 2529 1972 2553 44
1996 2543 2031 2547 —
2050 2528 2204 2554 Divitiarum
2233 2526 2330 2558 appeti-

1694 2575 1736 2598 tus
1753 2571 1909 2603 reprobatur
1929 2572 1971 2598 Vll
1990 2572 2042 2597 519
2061 2573 2095 2598 55
2114 2587 2149 2591 -
2169 2570 2268 2597 Diaboli
2291 2577 2329 2596 sa·

1695 2616 1786 2641 tellites
1804 2616 1911 2648 cupiunt
1929 2617 2034 2643 diuitias
2054 2618 2099 2642 -111
2118 2617 2151 2642 93

1748 2673 1783 2679 -
1802 2662 1881 2685 Amor
1900 2661 2050 2687 divitiarum
2074 2663 2113 2686 est
2140 2666 2224 2685 vanus
2242 2658 2276 2684 Vl
2295 2657 2328 2683 46

1695 2711 1722 2729 v.
1744 2704 1759 2728 9
1778 2717 1813 2723 —
1832 2704 1962 2730 Laborare
1981 2712 2029 2737 pro
2047 2704 2145 2730 divitiis
2163 2702 2330 2735 acquirendis

1695 2751 1734 2773 est
1752 2746 1871 2773 laborare
1889 2749 1915 2774 in
1934 2752 2043 2774 ventum
2070 2748 2101 2773 48
2128 2755 2153 2773 v.
2174 2747 2207 2772 45
2222 2761 2258 2765 —
2277 2746 2329 2771 Va-

1695 2799 1759 2817 num
1778 2795 1817 2818 est
1835 2799 1997 2824 congregare
2021 2792 2126 2818 divitias
2144 2790 2231 2816 usuris
2250 2790 2283 2816 27
2303 2797 2329 2815 v.

1696 2837 1728 2861 26
1748 2850 1783 2855 -
1802 2839 1881 2862 vento
1905 2839 2091 2868 (imperantur
2109 2837 2216 2866 propter
2234 2834 2331 2860 vanita-

1695 2884 1746 2906 tem
1768 2881 1800 2906 48
1820 2888 1846 2905 v.
1867 2881 1900 2906 15
1918 2894 1953 2900 -
1971 2880 2070 2906 Divites
2097 2878 2266 2911 consequitur
2287 2885 2331 2904 va-

1695 2925 1761 2951 nitas
1780 2925 1813 2950 50
1834 2932 1860 2950 v.
1881 2925 1890 2950 4

1747 2983 1784 2989 —
1801 2969 1948 3001 significant
1975 2967 2081 2994 mobilia
2109 2968 2140 2992 Vl
2162 2968 2195 2993 50
2215 2975 2241 2993 v.
2262 2968 2271 2993 4
2295 2981 2335 2999 —,

1695 3016 1754 3040 sunt
1780 3014 1943 3039 transitoriae
1963 3012 2014 3038 140
2034 3019 2060 3037 v.
2079 3012 2095 3036 9
2113 3025 2149 3031 -
2167 3015 2227 3038 sunt
2246 3018 2330 3045 aquae

1695 3058 1870 3084 transeundae
1889 3056 1940 3082 627
1965 3063 1991 3081 ν.
2021 3056 2053 3081 13
2072 3070 2107 3074 -
2126 3058 2330 3088 corrumpuntur

1696 3102 1745 3127 153
1765 3109 1791 3127 v,
1811 3102 1826 3126 9

1746 3160 1781 3164 -—
1800 3151 1868 3177 quae
1887 3147 2046 3176 appetuntur
2059 3152 2109 3170 non
2123 3144 2263 3175 sufficiunt,
2276 3150 2330 3169 non

1714 3192 1818 3221 rosunt,
1838 3189 1883 3214 sed
1903 3189 2021 3220 affligunt
2050 3189 2082 3214 Vl
2110 3189 2142 3214 46
2163 3196 2189 3214 v.
2208 3189 2224 3213 9
2244 3201 2278 3206 —
2296 3189 2331 3213 af-

1695 3234 1788 3266 fligunt
1806 3236 1832 3259 et
1850 3233 1986 3266 quiescere
2005 3240 2056 3258 non
2078 3233 2232 3264 permittunt
2252 3231 2284 3257 47
2304 3239 2329 3256 v.

1696 3279 1723 3303 44
1747 3292 1782 3297 -
1801 3277 1879 3303 Dives
1898 3278 1991 3302 multas
2011 3276 2089 3302 habet
2116 3283 2192 3302 curas
2215 3275 2276 3302 ibid.
2295 3290 2329 3293 —

1696 3322 1793 3347 faciunt
1812 3321 1945 3347 hominem
1964 3327 2021 3346 esse
2040 3321 2065 3346 in
2079 3320 2149 3346 curis
2161 3322 2186 3345 et
2198 3319 2330 3346 aerumnis

1697 3365 1729 3390 48
1748 3373 1776 3390 ν.
1798 3365 1830 3390 46
1850 3378 1885 3384 —
1903 3364 1981 3390 avide
1999 3367 2160 3397 quaeruntur
2178 3366 2203 3389 et
2224 3363 2330 3389 sollicite

1696 3412 1833 3435 servantur
1862 3408 1905 3435 Vll
1934 3407 1985 3433 495
2017 3408 2049 3433 20
2074 3422 2109 3426 —-
2134 3407 2203 3434 curis
2230 3410 2331 3433 mentes
