2476 3921
16 743 96 779 {tortian
103 747 158 769 mill-

16 790 17 800 ,
35 778 76 797 tum
90 776 156 796 mter-

15 803 17 838 ᾗ
33 801 120 829 rogatio.

19 1706 103 1728 *loannis
117 1711 150 1727 re-

20 1812 90 1834 lllicita
103 1818 151 1839 pro-

771 227 964 260 COMMENT.
992 226 1028 259 ΙΝ
1053 227 1291 260 EVANGELnJM
1316 228 1433 260 LUCAE
1458 229 1489 260 C.
1516 229 1560 261 lll.

175 320 279 356 notat,
303 326 376 350 cum
400 317 492 350 dicit:
525 315 619 349 Nihil
649 316 815 358 amplias,
839 324 929 354 ecce,
953 324 1135 352 mensura,-

174 380 274 414 quam
292 370 380 414 quod
393 366 611 402 'constitutum
627 373 689 408 est,
704 377 778 402 ecce
788 395 796 408 ‚
811 368 1016 406 auctoritas,-
1031 367 1134 406 vobis,

174 423 203 456 id
247 427 275 455 st
298 423 337 455 ad
361 422 526 455 utilitatem
551 421 799 460 communitatis,
823 429 914 460 ecce,
938 422 1081 453 eausa1.
1099 421 1135 452 Et

173 474 248 518 quia
271 476 348 509 haec
383 485 457 508 raro
491 478 675 514 servantur,
700 475 769 507 ideo
799 474 877 507 tales
899 477 1135 507 consueverunt

172 537 241 562 esse
264 531 444 570 peccatores
459 531 490 561 et
507 528 656 567 infames,
673 537 735 560 non
752 527 826 570 quia
842 528 930 560 nullo
946 526 1038 560 modo
1055 527 1134 560 bene

172 581 270 623 possit
292 581 360 614 fieri
384 581 524 614 officium
548 581 644 619 illud,
660 580 715 613 sed
731 581 807 623 quia
822 580 949 614 difficile
972 584 1003 613 et
1021 588 1132 613 rarum

172 637 236 672 est,
260 637 296 666 ut
319 643 381 666 non
405 633 561 666 excedant
583 633 798 666 constitutum
811 633 833 665 ².

262 686 314 720 31.
339 687 441 728 (Vers.
469 687 543 728 14).
569 686 675 719 Tertio
698 694 774 719 vero
806 686 968 719 militibus
988 695 1133 728 percun-

171 740 337 773 ctantibus
359 739 412 772 dat
434 739 658 773 documentum
675 740 713 772 de
730 739 864 783 rapinis
878 740 1042 779 vitandis,
1060 748 1133 773 cum

171 793 336 827 subditur:
362 792 620 835 Interroyabant
643 797 754 826 autem
770 803 845 825 enm
869 797 899 825 ec
920 792 1058 832 milites,
1083 793 1133 826 di-

171 851 293 880 centes:
319 846 408 887 Qaz'd
429 845 595 888 faciemus
617 850 647 878 ec
669 845 754 878 nos?
778 846 815 878 Et
838 850 941 885 recte,
958 846 1132 879 secundum
1155 875 1160 885 ,

171 899 334 933 consilium
359 899 473 932 Tobiae
496 902 611 941 quarto
624 899 652 931 ³:
682 912 698 927 «
714 899 885 932 Consilium
909 907 1034 941 semper
1050 908 1069 931 a
1084 907 1134 932 sa—

170 953 274 996 piente
297 953 448 995 perquire
464 967 494 985 υ.
520 953 557 985 Et
580 952 612 985 in
648 953 708 986 hoc
739 962 853 995 magna
875 956 1007 995 apparet
1031 952 1134 986 virtus

169 1006 201 1039 in
226 1006 338 1039 Ioanne
361 1005 574 1048 praedicante,
599 1009 636 1038 ut
658 1005 698 1038 ad
721 1015 755 1039 se
779 1006 884 1038 trahat
908 1004 1061 1045 homines,
1078 1006 1134 1048 qui

170 1059 308 1092 maxime
343 1059 491 1092 videntur
521 1059 682 1092 mundani.
719 1059 805 1092 Unde
836 1059 961 1092 Glossa:
992 1060 1134 1102 «Magna

170 1112 217 1145 vis
240 1113 271 1145 in
296 1121 441 1145 sermone
465 1112 601 1151 Ioannis,
626 1112 680 1155 qui
704 1116 736 1146 et
756 1112 941 1155 publicanos
964 1117 996 1146 et
1019 1113 1134 1146 milites

170 1166 208 1199 ad
236 1166 400 1199 consilium
436 1175 512 1199 suae
544 1166 655 1200 salutis
690 1166 819 1209 cogit».
854 1165 890 1199 Et
920 1170 1012 1206 nota,
1049 1166 1134 1209 quod

170 1223 345 1262 quaerunt:
365 1219 453 1261 Quid
464 1218 653 1262 faciemus?
670 1220 845 1254 secundum
862 1220 939 1253 illud
955 1220 1134 1253 adolescen—

170 1272 227 1312 tis,
251 1272 333 1306 infra
355 1273 476 1306 decimo
500 1274 653 1306 octavo-1:
683 1286 698 1302 α
715 1273 878 1315 Magister,
907 1273 985 1315 quid
1017 1272 1134 1306 faciens

170 1326 266 1359 vitam
289 1329 449 1360 aeternam
473 1326 637 1369 possidebo
650 1330 689 1359 n?
712 1327 779 1359 Non
810 1325 855 1359 sic
879 1326 1054 1364 Pharisaei,
1079 1326 1133 1359 sed

170 1380 294 1413 curiose
308 1380 505 1422 -requirunt;
529 1380 651 1413 Ioannis
674 1380 795 1421 primo:
827 1392 842 1408 ιι
858 1379 1011 1412 Miserunt
1028 1379 1132 1412 ludaei

169 1433 209 1466 ab
233 1433 429 1475 lerosolymis
452 1432 630 1465 sacerdotes
645 1436 677 1465 et
700 1432 822 1465 Levitas
845 1432 884 1465 ad
909 1432 1071 1471 loannem,
1096 1435 1133 1464 ut

168 1486 400 1529 interrogarent
433 1494 524 1518 eum:
560 1483 607 1518 Tu
642 1485 714 1528 quis
738 1494 772 1518 es
788 1488 826 1518 xo?
863 1488 895 1518 et
924 1488 1008 1528 post:
1039 1498 1054 1514 «ι
1072 1485 1132 1527 Qui

123 1537 127 1543 '
169 1539 254 1572 missi
279 1539 419 1578 fuerant,
444 1541 535 1571 erant
558 1547 600 1571 ex
616 1538 791 1572 Pharisaeis
806 1542 838 1572 et
853 1539 1132 1581 interrogaverunt

39 1732 131 1761 sponsio.

47 1838 114 1861 hibet.

169 1601 260 1626 eum:
285 1592 366 1634 Quid
390 1601 466 1635 ergo
490 1592 629 1634 baptizas
641 1595 678 1624 »¹2

174 1649 181 1652 ”
258 1645 310 1679 3-2.
326 1642 372 1678 'Et
395 1645 543 1688 quoniam
568 1646 706 1679 salutare
730 1646 895 1679 consilium
920 1645 1130 1688 quaerebant,

169 1704 199 1733 et
222 1700 355 1733 verbum
380 1699 412 1731 in
437 1702 578 1742 tempore
601 1700 712 1733 salutis
735 1709 798 1733 non
822 1703 870 1733 est
893 1699 1095 1733 retinendum
1107 1700 1131 1738 ⁶,

169 1752 238 1786 ideo
262 1761 448 1794 responsum
465 1752 635 1786 audierunt
652 1753 861 1793 salutiferum,
878 1762 950 1786 cum
968 1753 1131 1786 subditur:

172 1807 211 1851 Eg.
233 1806 282 1847 ait
306 1805 380 1838 illis.
406 1806 438 1838 In
463 1816 527 1849 quo
548 1806 736 1840 documento
752 1807 860 1840 illicita
883 1807 1041 1849 prohibet,
1058 1816 1131 1840 cum

170 1859 230 1892 ait:
255 1859 424 1892 Neminem
459 1861 675 1900 concutiatis,
712 1861 743 1894 id
778 1865 825 1894 est
860 1861 1046 1904 opprimatis
1074 1870 1131 1904 per

169 1913 232 1946 vim
257 1913 430 1955 potentiae;
454 1924 556 1958 neque
579 1914 785 1947 calumniam
801 1913 960 1957 faciatis,
978 1915 1038 1948 sub
1062 1924 1132 1957 spe-

169 1966 216 1999 cie
238 1966 392 2007 iustitiae3
416 1967 542 2001 Levitici
565 1968 686 2001 decimo
709 1968 833 2001 nono⁶:
856 1981 872 1996 α
889 1969 954 2001 Non
971 1968 1065 2002 facies
1081 1978 1131 2002 ca-

170 2019 320 2052 lumniam
345 2021 492 2062 proximo
516 2025 572 2054 tuo
595 2030 653 2054 nec
676 2022 706 2054 vi
723 2021 884 2064 opprimes
899 2028 972 2055 eum
986 2035 1016 2054 υ.
1034 2022 1133 2055 Econ·

169 2077 219 2106 tra
241 2073 332 2107 malis
354 2074 471 2108 malum
494 2075 704 2108 comminatur
728 2076 880 2108 Dominus
904 2075 998 2109 Isaiae
1022 2076 1130 2109 tertio:

175 2127 311 2168 «Quare
341 2128 475 2161 atteritis
507 2128 660 2170 populum
688 2137 813 2167 meum,
837 2132 869 2161 et
892 2128 986 2161 facies
1013 2137 1131 2171 paupe-

170 2189 242 2213 rum
268 2182 453 2215 commolitis
467 2185 502 2214 »?
531 2195 546 2210 «ι
565 2182 681 2223 Rapina
716 2182 866 2223 pauperis
896 2182 927 2214 in
959 2182 1052 2214 domo
1078 2191 1131 2215 ve-

170 2237 234 2267 stra
249 2248 281 2267 ».
306 2235 337 2267 ln
363 2235 421 2268 hoc
445 2238 679 2268 consueverunt
703 2234 818 2267 milites
842 2243 989 2276 peccare3
1014 2238 1044 2267 et
1062 2234 1131 2268 ideo

169 2288 253 2320 illam
277 2288 368 2321 docet
391 2291 540 2331 tanquam
564 2287 703 2320 illicitam
729 2296 850 2320 cavere.

243 2480 251 2495 ¹
273 2480 410 2512 Ambros„
431 2481 456 2506 ll.
478 2480 503 2506 in
521 2481 584 2509 Luc.
606 2488 631 2506 n.
651 2480 702 2506 77:
732 2480 880 2507 Publicanis
902 2480 1073 2515 [responsum
1093 2482 1134 2508 tri-

171 2525 253 2559 buit],
273 2533 305 2551 nc
325 2526 390 2551 ultra
411 2529 582 2558 praeceptum
602 2526 716 2558 exigant.
734 2525 787 2552 Csr.
806 2526 890 2552 Serm.
905 2527 946 2552 82.
962 2527 1039 2559 (inter
1052 2534 1133 2559 opera

171 2570 298 2602 Angust.;
324 2570 387 2595 alias
408 2570 449 2595 49.
472 2570 506 2595 de
534 2569 629 2596 Verbis
655 2570 773 2602 Domini,
792 2574 818 2597 et
836 2575 897 2603 post
916 2571 940 2596 3.
960 2571 984 2597 in
1005 2571 1132 2605 append.)

171 2622 197 2640 n.
217 2616 249 2640 2:
270 2615 316 2640 Hic
338 2618 425 2640 autem
446 2615 582 2640 moderate
601 2615 743 2647 praecipit,
759 2619 824 2641 utet
838 2616 960 2649 iniqnitas
978 2617 1065 2642 locum
1079 2623 1133 2641 non

172 2658 280 2689 habeat,
300 2663 325 2685 et
344 2659 513 2685 constitutum
534 2659 629 2685 habeat
648 2660 761 2691 vectigal
780 2661 911 2686 effectum.
931 2661 988 2686 Non
1007 2661 1077 2686 enim
1098 2661 1133 2686 di-

171 2704 224 2729 xit:
245 2704 310 2729 Niliil
329 2704 456 2736 exigatis;
475 2704 539 2730 sed:
559 2703 634 2731 Nihil
653 2703 772 2738 amplius
791 2704 909 2737 exigatis.
928 2705 1002 2731 Unde
1016 2705 1134 2737 intelligi-

172 2755 246 2781 mus,
265 2748 337 2782 quod
357 2749 429 2780 apud
448 2749 532 2774 Deum
552 2756 604 2774 non
624 2752 675 2774 tam
696 2748 794 2774 exactio
820 2756 901 2782 quam
922 2750 1021 2776 exactio
1043 2749 1133 2783 iniqua

172 2793 312 2819 damnetur
331 2796 381 2819 ete.

243 2836 253 2851 ²
273 2837 324 2863 Csr.
345 2839 468 2869 (Ji-egon,
493 2838 522 2863 ll.
540 2837 633 2863 Homil.
653 2837 679 2862 iu
700 2838 799 2870 Evang.
819 2839 907 2864 homil.
928 2839 970 2864 24.
991 2846 1017 2864 n.
1038 2839 1068 2871 l,
1088 2839 1133 2865 ubi

172 2888 221 2913 pro
240 2888 286 2912 eo,
306 2882 377 2914 quod
398 2882 541 2907 Matthaeus
560 2885 619 2913 post
638 2882 838 2908 conversionem
859 2890 934 2909 suam
955 2883 987 2909 ad
1008 2884 1132 2909 telonium

173 2933 225 2951 non
244 2925 365 2956 redierit,
390 2927 457 2951 lianc
477 2926 549 2951 affert
568 2926 714 2952 rationem:
734 2927 799 2952 Sunt
819 2928 889 2953 enim
910 2929 1035 2961 pleraque
1054 2935 1134 2960 nego-

173 2971 222 3001 tia,
240 2977 309 3003 quae
328 2970 383 2996 sine
402 2971 517 3002 peccatis
536 2970 652 2996 exhiberi
672 2974 717 2997 aut
729 2972 785 3002 vix,
799 2975 844 2998 aut
856 2973 1003 2999 nullatenus
1016 2977 1134 3005 possunt.
1165 2979 1168 2993 1

173 3015 245 3047 Quae
264 3021 328 3046 crgo
348 3014 380 3040 ad
401 3017 538 3046 peccatum
559 3015 706 3048 implicant,
726 3016 760 3042 ad
779 3017 844 3042 haec
864 3024 970 3043 necesse
983 3021 1063 3044 estut
1076 3020 1135 3050 post

173 3059 373 3085 conversionem
393 3059 497 3085 animus
516 3065 567 3085 non
593 3063 719 3086 recurrat.
738 3073 773 3079 —
791 3061 841 3087 Pro
860 3061 993 3088 excedant
1013 3062 1070 3088 Vat.
1090 3069 1135 3089 ezr-

172 3102 254 3130 cedat.

244 3146 255 3162 Β
274 3148 348 3173 Vers.
369 3148 411 3174 ¹¹9.
431 3162 466 3168 ——
484 3150 589 3182 Glossa,
613 3156 682 3183 quae
700 3150 833 3183 seqnitur,
852 3155 891 3177 est
909 3151 983 3184 apud
1001 3152 1134 3184 Lyranum

174 3191 318 3219 ordinaria
338 3192 379 3226 (ex
399 3193 483 3225 Beda,
503 3195 521 3220 l.
539 3194 565 3220 in
586 3195 647 3220 Luc.
668 3195 698 3225 3,
719 3194 782 3227 1l3.).

245 3235 255 3250 ⁴
276 3236 352 3262 Vers.
375 3237 416 3262 ts.
436 3236 519 3264 Codd.
539 3238 652 3270 allegant
670 3238 756 3264 Matth.
779 3239 826 3270 l9,
848 3239 895 3270 -l6,
915 3239 960 3265 ubi
974 3239 1066 3265 eadem
1080 3247 1135 3266 sen-

175 3280 269 3313 tentia,
289 3281 336 3307 sed
355 3288 414 3307 non·
427 3282 520 3308 iisdem
540 3282 629 3308 verbis
648 3283 762 3309 affertur.
782 3296 817 3302 —
831 3284 955 3317 Sequitur
968 3285 1036 3310 loun.
1054 3286 1074 3316 l,
1094 3286 1135 3311 l9.

175 3324 261 3359 et-24.
281 3332 336 3358 seq.

246 3367 257 3383 ⁶
276 3370 423 3402 Respicitur
444 3371 519 3397 Eccli.
541 3371 570 3403 t,
585 3372 635 3398 28:
652 3372 702 3398 Nec
716 3372 829 3398 retineas
842 3372 955 3399 verbum
975 3373 1001 3399 in
1016 3376 1135 3406 tempore

176 3413 272 3439 solutis.

2123 233 2163 263 77

1288 315 1342 348 33.
1368 317 1426 349 Sed
1450 325 1490 350 ne
1515 318 1573 350 hoc
1598 318 1741 351 videatur
1773 319 1818 352 eis
1848 328 1962 361 grave,
1988 320 2056 352 ideo
2082 320 2163 352 licita

1199 368 1360 407 coneedit,
1384 377 1457 401 cum
1482 370 1606 402 subdit:
1633 371 1672 403 Ec
1696 372 1838 403 contenti
1871 376 1966 404 estote
1989 372 2164 414 stipendiis

1199 422 1338 459 vestris:
1361 422 1552 464 stipendiis,
1578 423 1606 455 id
1630 427 1679 456 est
1701 424 1868 457 eventibus
1892 434 1950 466 pro
1984 425 2164 458 defensione

1199 474 1391 516 reipublicae
1422 475 1549 507 statutis
1572 485 1590 507 a
1614 476 1834 518 superioribus
1859 478 1990 516 vestris,
2019 478 2093 520 quia
2118 483 2163 510 ta-

1199 526 1237 559 lis
1260 526 1325 559 Deo
1340 530 1489 569 acceptus
1504 531 1568 566 est;
1591 528 1760 561 Ezechielis
1783 528 1905 562 decimo
1930 531 2081 563 octavo⁷:
2105 531 2162 563 «Si

1198 579 1247 612 vir
1271 579 1367 613 suerit
1390 580 1494 613 iustus
1517 585 1548 614 et
1572 582 1730 614 hominem
1755 591 1816 614 non
1841 583 2092 622 contristaverit,
2118 585 2163 626 pi-

1198 641 1280 674 gnus
1302 633 1435 666 debitori
1460 634 1649 674 reddiderit,
1675 644 1731 677 per
1757 636 1818 668 vim
1838 636 1914 668 nihil
1933 638 2076 678 rapuerit
2091 642 2163 676 etc,

1198 685 1262 718 vita
1285 686 1415 719 vivet».
1442 687 1524 721 Talis
1547 688 1630 721 enim
1655 693 1822 722 contentus
1844 693 1893 723 est
1908 690 2070 732 stipendiis
2087 692 2162 723 suis.

1198 739 1257 772 Sed
1280 749 1342 772 non
1367 744 1442 773 sunt
1466 741 1543 774 tales
1566 745 1749 781 exactores,
1774 743 1812 776 de
1837 743 1954 786 quibus
1980 745 2074 777 lsaiae
2100 749 2162 777 ter-

1199 792 1282 825 ti0⁸z
1312 806 1327 821 α
1346 793 1499 835 Populum
1524 804 1629 828 meum
1654 800 1821 829 exactores
1837 797 1885 829 sui
1904 798 2161 839 spoliaverunt».

1200 846 1236 878 Et
1259 846 1328 887 ideo
1362 848 1556 890 Augustinus
1590 848 1628 881 de
1662 849 1772 882 Verbis
1807 850 1947 882 Domini:
1983 851 2164 893 «Quisquis

1199 900 1327 933 militiae
1350 909 1426 933 suae
1450 901 1576 944 cingulo
1600 903 1702 935 utitur
1726 906 1757 936 et
1780 904 1934 946 stipendia
1956 905 2013 937 sibi
2040 905 2163 947 publice

1198 953 1325 986 decreta
1360 955 1582 997 consequitur;
1608 956 1631 987 si
1668 956 1804 998 amplius
1835 957 1977 999 quaerit,
2014 962 2162 999 tanquam

1199 1007 1408 1040 calumniator
1439 1012 1486 1041 est
1521 1012 1552 1042 et
1587 1018 1768 1043 concussor.
1794 1010 1864 1043 ideo
1899 1011 1980 1043 enim
2011 1011 2164 1053 stipendia

1199 1060 1352 1094 militibus
1375 1062 1547 1094 constituta
1570 1067 1662 1102 sunt,
1687 1072 1743 1103 ne,
1768 1064 1845 1096 dum
1869 1068 2021 1106 quaestus
2037 1065 2163 1106 qnaeri-

1200 1117 1271 1154 tur,
1296 1115 1414 1157 praedo
1437 1120 1600 1158 grassetur
1617 1131 1647 1148 n.

1289 1168 1341 1201 34.
1369 1169 1403 1201 Et
1428 1173 1517 1208 nota,
1543 1170 1626 1212 quod
1663 1170 1788 1203 videtur
1823 1171 1935 1204 beatus
1960 1172 2087 1204 loannes
2112 1172 2162 1205 hic
2181 1178 2290 1205 Quaestio-

1199 1222 1335 1255 militare
1358 1222 1496 1255 officium
1520 1223 1714 1265 approbare,
1739 1232 1811 1257 cum
1831 1228 1933 1257 tamen
1951 1225 2095 1258 videatur
2113 1234 2162 1258 re-

1199 1283 1340 1317 pugnare
1364 1275 1534 1315 mandatis,
1552 1276 1669 1318 quibus
1684 1277 1893 1319 praecipitur,
1911 1281 1946 1310 ut
1964 1278 2049 1310 nullo
2071 1278 2162 1311 modo

1198 1336 1232 1360 se
1256 1328 1391 1361 vindicet
1415 1329 1486 1370 quis
1510 1338 1567 1362 nec
1592 1330 1746 1372 propellat
1774 1331 1940 1370 iniuriam;
1967 1332 2062 1364 immo
2085 1332 2161 1365 dici-

1198 1383 1252 1412 tur
1276 1381 1420 1413 Matthaei
1445 1381 1557 1423 quinto
1570 1382 1600 1414 ⁹:
1630 1395 1645 1410 α
1662 1383 1721 1424 Qui
1747 1387 1777 1415 te
1794 1384 1986 1425 percusserit
2004 1385 2033 1416 in
2050 1384 2161 1417 dexte-

1198 1440 1265 1465 ram
1290 1433 1450 1466 maxillam
1476 1438 1582 1473 tuam,
1607 1436 1722 1477 praebe
1747 1436 1773 1468 ei
1798 1440 1830 1469 et
1852 1437 1983 1470 alteram
2003 1451 2032 1468 ».
2058 1456 2100 1460 -
2127 1438 2162 1470 Et
2181 1444 2272 1465 Solutio-

1196 1486 1266 1519 ideo
1289 1490 1380 1526 nota,
1405 1487 1489 1529 quod
1514 1495 1592 1521 usus
1615 1489 1744 1521 militiae
1779 1492 1880 1531 potest
1904 1499 1971 1523 esse
1997 1490 2107 1523 licitas
2130 1494 2161 1524 et

1197 1539 1353 1578 illicitus;
1377 1540 1415 1573 ad
1440 1540 1568 1574 licitam
1591 1545 1697 1575 autem
1722 1546 1846 1585 oportet
1880 1544 1964 1585 quod
1989 1549 2159 1577 concurrat
2174 1550 2313 1572 conditiones

1197 1594 1390 1626 conveniens
1410 1604 1557 1637 persona
1580 1599 1612 1628 et
1635 1605 1757 1628 causa:
1783 1605 1917 1638 persona
1933 1597 2051 1630 scilicet
2075 1598 2161 1629 indi-
2181 1577 2313 1625 aessg-W'

1197 1647 1299 1680 centis
1322 1648 1458 1688 bellum,
1484 1649 1516 1682 in
1540 1658 1604 1691 qua
1635 1650 1830 1692 requiritur,
1860 1650 1944 1692 quod
1970 1650 2082 1683 habeat
2107 1660 2161 1692 po-

1198 1704 1359 1741 testatem3
1384 1701 1458 1735 item
1483 1711 1618 1744 persona
1642 1703 1772 1745 ayentis
1802 1703 1939 1742 bellum,
1964 1713 2045 1746 quae
2069 1704 2161 1737 debet

1197 1763 1265 1787 esse
1290 1755 1389 1788 laicus
1412 1759 1443 1789 et
1467 1756 1655 1796 saecularis,
1680 1766 1742 1789 non
1759 1756 1894 1790 clericus
1911 1757 1959 1790 vel
1978 1758 2160 1800 religiosus3

1196 1807 1272 1840 item
1296 1815 1430 1850 persona
1450 1809 1627 1851 patientis,
1652 1819 1734 1852 quae
1758 1810 1828 1843 talis
1852 1810 1891 1843 sit
1916 1810 2108 1850 insolentiae,
2125 1814 2161 1843 ut

1196 1870 1253 1904 per
1277 1862 1396 1895 bellum
1420 1862 1461 1895 sit
1484 1863 1718 1905 compescenda.
1743 1882 1787 1887 —
1814 1864 1927 1897 Causa
1950 1868 2057 1897 autem
2086 1874 2160 1897 con-
2180 1871 2318 1920 Quss‘ffu‘

2185 327 2252 349 Licita
2267 335 2317 350 oon-

2216 355 2280 376 cedit.

1196 1915 1328 1948 veniens
1351 1918 1416 1955 est,
1441 1925 1513 1948 cum
1537 1920 1585 1949 est
1609 1926 1667 1958 pro
1699 1917 1798 1950 tutela
1821 1918 1958 1959 patriae,
1984 1918 2032 1951 vel
2057 1918 2159 1960 pacis,

1197 1969 1246 2001 vel
1271 1969 1352 2001 fidei.
1377 1969 1508 2010 Quando
1532 1979 1608 2012 ergo
1640 1970 1717 2003 haec
1749 1974 1963 2010 concurrunt,
1990 1976 2063 2005 tunc
2089 1972 2160 2005 liei-

1197 2026 1267 2055 tam
1292 2027 1339 2056 est
1363 2023 1516 2063 militare,
1542 2023 1595 2057 sed
1619 2024 1746 2066 quando
1769 2024 1874 2058 deficit
1896 2025 2015 2067 aliquid
2033 2026 2159 2066 horum,

1196 2079 1306 2118 utpote
1334 2076 1409 2118 quia
1443 2076 1583 2110 desectus
1618 2081 1665 2110 est
1700 2086 1741 2110 ex
1773 2082 1862 2120 parte
1891 2088 2073 2121 personae,
2111 2080 2159 2112 vel

1196 2138 1338 2162 causae:
1363 2133 1473 2172 utpote
1497 2140 1569 2163 cum
1594 2131 1746 2171 clericus,
1771 2132 1820 2165 vel
1845 2132 1894 2165 vir
1910 2132 2086 2175 religiosus,
2104 2133 2158 2175 qui

1195 2182 1288 2215 debet
1311 2192 1379 2216 esse
1405 2183 1579 2225 perfectus,
1604 2185 1673 2217 vult
1688 2185 1806 2218 bellum
1822 2193 1951 2228 gerere,
1969 2186 2018 2219 vel
2034 2186 2160 2228 quando

1196 2238 1326 2277 propter
1357 2236 1489 2278 gloriam
1521 2237 1704 2277 hominum,
1729 2239 1779 2271 vel
1802 2239 1988 2278 vindictam;
2014 2243 2089 2273 tunc
2113 2244 2160 2273 est

1195 2287 1349 2321 illicitum
1363 2289 1398 2321 ¹⁰.
1430 2308 1470 2312 —
1496 2290 1585 2331 Quod
1616 2294 1723 2324 autem
1758 2292 1906 2325 obiicitur
1941 2293 1979 2325 de
2012 2293 2159 2326 mandato
2178 2272 2276 2293 ⁰b⁵⁹⁰¹i⁰

2179 2299 2275 2320 soleitur.

1270 2481 1281 2496 ⁶
1300 2483 1373 2508 Vcrs.
1395 2484 1436 2509 l3.
1455 2497 1491 2503 -
1510 2484 1634 2517 Sequitur
1653 2484 1710 2510 lsai.
1733 2485 1763 2517 3,
1790 2485 1828 2510 15,
1849 2489 1873 2511 et
1897 2485 1935 2511 it.

1269 2524 1279 2540 ⁷
1300 2527 1375 2553 Vers.
1395 2527 1421 2553 5.
1440 2527 1466 2553 7.
1485 2532 1510 2554 et
1530 2528 1554 2553 9.
1573 2542 1609 2547 —
1628 2528 1732 2561 isidor.,
1753 2529 1821 2555 XVl.
1835 2530 1982 2562 Etymolog.
1996 2538 2018 2556 c.
2036 2532 2074 2556 18.
2089 2538 2115 2556 n.
2129 2533 2159 2557 ὃς

1198 2570 1368 2605 Stipendium
1387 2580 1401 2598 a
1421 2572 1488 2607 stipe
1503 2572 1647 2607 pendenda
1666 2574 1839 2600 nominatum.
1858 2575 1963 2608 Antiqui
1977 2576 2045 2601 enim
2061 2584 2160 2609 appen—

1198 2617 1262 2642 dere
1281 2618 1420 2649 pecuniam
1440 2618 1506 2644 soliti
1527 2622 1601 2644 erant
1619 2619 1705 2650 magis
1724 2626 1804 2652 quam
1824 2626 2006 2646 annumerare.
2026 2635 2061 2639 —
2081 2622 2160 2654 Supe-

1198 2662 1253 2688 rius
1272 2665 1332 2694 post
1351 2662 1414 2696 quia
1434 2662 1497 2689 talis
1519 2664 1574 2689 vat.
1594 2664 1699 2696 supplet
1717 2664 1803 2690 miles.

1269 2704 1280 2720 ³
1301 2708 1375 2733 vers.
1390 2707 1431 2733 te.
1451 2722 1486 2727 —
1506 2708 1636 2734 Sententia
1650 2709 1790 2740 Augustini
1804 2709 1915 2735 liabetur
1927 2710 1953 2735 in
1967 2716 2102 2742 sermone,
2114 2712 2160 2744 qui

1198 2751 1260 2777 olim
1280 2752 1328 2778 suit
1347 2759 1426 2778 serm.
1448 2753 1488 2777 49.
1508 2752 1543 2778 de
1563 2752 1658 2779 Verbis
1677 2753 1794 2784 Domini,
1813 2761 1884 2779 nunc
1904 2757 1991 2780 antem
2011 2758 2049 2780 est
2069 2756 2094 2781 in
2114 2763 2160 2788 ap-

1199 2795 1310 2828 pendice
1335 2803 1413 2822 serm.
1445 2797 1486 2822 82.
1516 2797 1574 2829 (cfr.
1600 2804 1680 2829 supra
1700 2801 1759 2823 nota
1782 2798 1815 2830 l.)
1836 2805 1861 2823 n.
1882 2798 1906 2823 3.
1926 2802 1949 2823 et
1980 2799 2000 2824 1.
2026 2798 2076 2825 Cir.
2102 2801 2161 2825 Am-

1198 2840 1284 2872 bros.,
1303 2841 1330 2867 ll.
1350 2841 1377 2866 in
1396 2842 1458 2867 Luc.
1477 2849 1502 2867 n.
1522 2841 1566 2867 77.

1269 2883 1281 2898 ⁹
1301 2885 1374 2911 Vers.
1396 2885 1439 2911 39.
1460 2887 1508 2911 Pro
1527 2886 1555 2912 in
1575 2885 1716 2913 dexteram
1736 2887 1814 2913 codd.
1829 2887 1855 2913 in
1870 2894 1970 2919 unam,
1990 2888 2088 2914 omisso
2101 2888 2161 2914 sub·

1200 2929 1261 2955 inde
1281 2931 1365 2955 tuam.
1386 2931 1511 2962 August„
1527 2931 1543 2956 l.
1558 2931 1591 2957 de
1605 2932 1689 2957 Serm.
1703 2931 1808 2957 D'oniini
1823 2932 1847 2957 in
1861 2936 1964 2965 monte,
1977 2939 2001 2958 c.
2018 2933 2055 2958 19.
2070 2941 2095 2959 ιι.
2109 2934 2160 2959 58:

1200 2973 1242 2999 Sic
1261 2974 1331 2999 enim
1352 2972 1394 3007 [in
1413 2973 1568 3009 deoeteram]
1589 2977 1613 3001 in
1627 2975 1821 3008 exemplaribus
1834 2976 1952 3007 Graecis,
1966 2976 2064 3010 quibus
2078 2978 2160 3003 maior

1199 3018 1264 3044 fides
1277 3017 1398 3044 habenda
1417 3022 1470 3050 est,
1490 3019 1634 3051 invenitur;
1655 3027 1714 3046 nam
1735 3021 1817 3047 multa
1837 3021 1925 3046 LatIna
1945 3021 2091 3047 mamillam
2109 3026 2160 3048 tan·

1199 3066 1254 3089 tum
1275 3062 1384 3095 habent,
1404 3070 1455 3089 non
1475 3064 1554 3090 etiam
1573 3063 1724 3091 desieram.

1271 3106 1294 3122 ¹⁰
1312 3108 1438 3140 August,
1457 3109 1507 3134 loc.
1529 3108 1585 3141 cit.,
1605 3115 1630 3134 n.
1659 3110 1688 3134 l:
1717 3109 1773 3134 Non
1799 3109 1867 3135 enim
1897 3109 2007 3135 militare
2036 3110 2160 3136 delictum

1199 3156 1252 3183 est,
1272 3152 1318 3178 sed
1337 3156 1446 3184 propter
1465 3153 1591 3185 praedam
1611 3153 1722 3179 militare
1747 3156 1884 3186 peccatum
1905 3157 1951 3179 est.
1977 3154 2028 3180 Nec
2057 3160 2160 3186 rempu-

1199 3196 1293 3223 blicam
1314 3203 1421 3228 gerere,
1440 3197 1612 3227 criminosum
1630 3200 1683 3229 est,
1702 3197 1750 3223 sed
1769 3197 1830 3223 ideo
1854 3204 1934 3230 agere
1953 3197 2159 3231 rempublicam,

1199 3245 1228 3267 ut
1246 3248 1301 3267 rem
1322 3241 1476 3267 familiarem
1497 3241 1584 3274 potius
1603 3248 1715 3274 augeas,
1735 3242 1840 3268 videtur
1859 3249 1917 3268 esse
1931 3242 2088 3268 damnabile.
2101 3243 2160 3269 Pro·

1199 3289 1288 3318 pterea
1308 3286 1378 3311 enim
1398 3286 1563 3318 providentia
1592 3287 1709 3319 quadam
1729 3285 1854 3313 militibus
1873 3291 1934 3313 sunt
1953 3287 2082 3319 stipendia
2102 3294 2160 3313 con-

1199 3330 1300 3363 stituta,
1319 3337 1367 3361 ne,
1381 3329 1445 3356 dum
1465 3333 1513 3356 etc.
1534 3330 1606 3364 (vide
1625 3334 1714 3356 notam
1734 3331 1779 3364 8.).
1799 3330 1849 3357 Cir.
1870 3332 1938 3357 Alex.
1953 3332 2023 3362 Hah,
2044 3331 2068 3356 S.
2083 3337 2108 3362 p.
2123 3331 2158 3356 lll.

1199 3382 1227 3408 q.
1248 3374 1290 3400 47.
1309 3381 1346 3400 m.
1365 3375 1390 3400 3.
1416 3382 1439 3400 a.
1460 3375 1484 3407 l,
1504 3374 1549 3400 ubi
1569 3375 1731 3401 conditiones
1751 3374 1809 3401 belli
1830 3375 1912 3401 nisius
1930 3380 2106 3408 exponuntur.
2124 3389 2160 3394 —

1200 3419 1327 3451 Superius
1337 3421 1404 3445 *ante
1423 3418 1538 3446 clericus
1557 3418 1576 3445 C
1588 3419 1639 3445 DG
1658 3420 1780 3445 omittunt
1799 3426 1870 3447 cum.
