2476 3921
280 227 318 257 ¹18
886 226 1078 259 COMMENT.
1105 227 1141 259 IN
1165 226 1402 260 EVANGELIUM
1427 228 1543 260 LUCAE
1568 229 1599 260 C.
1626 229 1644 260 1.

277 317 351 345 runt
376 316 503 354 propter
523 313 779 355 publicationem
807 311 919 345 ⁴(livini
946 315 1118 356 promissi,
1151 315 1231 347 sicut

276 366 443 403 Abraham;
476 365 603 398 Genesis
626 365 746 398 decimo
775 366 902 408 quinto:
933 380 948 395 «
973 368 1101 400 Domine
1132 368 1230 405 Deus,

275 418 358 450 unde
382 418 461 450 scire
486 427 628 460 possum,
653 418 737 460 quod
752 427 957 460 possessurus
980 420 1038 452 sim
1056 424 1173 452 terram
1190 423 1231 451 »2²

119 478 249 526 quffiagnfa
274 489 318 493 —
331 471 461 512 Quidam
476 474 623 503 recusant
639 474 766 513 propter
779 471 1029 504 obstinationem
1041 472 1148 505 delicti
1157 483 1231 515 pro-

231 520 236 525 '
272 524 361 566 prii,
379 524 460 556 sicut
476 524 593 562 Achaz;
611 524 704 557 Isaiae
721 525 869 567 septimo:
889 538 903 553 «
917 525 988 557 Pete
1005 525 1059 557 tibi
1076 525 1199 567 signum
1214 535 1232 558 a

125 592 215 619 Qufflam
231 598 256 613 ᾖ
275 577 406 609 Domino
422 577 485 609 Deo
502 580 556 609 tuo
574 591 603 609 ».
618 596 661 600 —
677 577 809 619 Quidam
826 587 901 610 vero
918 578 1087 619 requirunt
1102 582 1231 619 propter

118 620 174 666 {¹32¹ss
193 625 256 645 ‘¹⁰³⁸‘
275 629 521 662 haesitationem
538 630 661 668 animi,
685 631 767 663 sicut
784 631 973 669 Zacharias3,
990 630 1074 663 unde
1101 631 1232 663 subiun-

274 683 318 724 git
342 683 492 715 rationem
528 683 708 715 dubitandi:
748 684 813 725 Eyo
837 683 925 715 enim
959 692 1036 714 sam
1063 692 1179 722 senex,
1204 688 1233 715 et

264 745 361 772 *amor
384 745 458 768 mea
486 736 647 777 processit
677 736 712 768 in
741 735 855 768 diebus
878 736 973 774 suis;
1005 739 1036 768 et
1067 736 1110 768 ita
1133 736 1233 778 impo-

274 792 368 821 testas
392 792 439 821 est
462 798 503 821 ex
539 792 628 830 parte
657 788 825 831 utriusque
860 789 1016 831 parentis,
1040 792 1071 821 et
1105 789 1148 821 ita
1171 789 1231 821 iam

273 851 335 874 non
352 844 399 874 est
415 845 539 883 tempus
555 842 737 884 generandi,
756 842 809 874 sed
826 842 945 884 potius,
962 842 1134 875 secundum
1155 842 1232 874 illud

274 894 475 928 Ecclesiastae
500 895 590 927 tertio
605 896 633 934 ¹,
657 908 671 923 «
691 898 813 937 tempus
832 898 879 928 est
903 895 992 937 longe
1016 895 1083 927 fieri
1106 895 1145 927 ab
1166 904 1232 927 am-

274 948 422 989 plexibus
442 960 478 987 »;
503 952 534 981 et
558 948 626 981 ideo
657 948 820 981 dubitabat
842 951 874 981 et
896 949 1078 981 haesitabat.
1111 949 1147 981 At
1170 951 1232 981 non

274 1001 318 1033 sic
342 1001 512 1039 Abraham,
537 1001 576 1034 de
592 1011 656 1043 quo
679 1001 717 1033 ad
742 1002 894 1034 Romanos
911 1005 1041 1044 quarto:
1072 1014 1088 1030 α
1104 1002 1169 1034 Non
1186 1005 1233 1034 est

274 1053 452 1086 infirmatus
483 1055 514 1086 in
539 1054 599 1086 fide
629 1063 730 1096 neque
753 1055 961 1087 consideravit
992 1064 1107 1097 corpus
1138 1064 1231 1087 suum

274 1110 470 1145 emortuum,
506 1116 577 1139 cum
618 1107 683 1139 fere
707 1110 832 1140 centum
871 1114 1026 1140 annorum
1067 1110 1163 1146 esset,
1202 1110 1233 1140 et

274 1163 449 1192 emortuam
490 1160 614 1192 vulvam
652 1161 754 1192 Sarae.
793 1160 824 1192 In
859 1160 1103 1202 repromissione
1138 1160 1232 1193 etiam

274 1212 328 1245 Dei
364 1222 424 1244 non
458 1213 622 1245 haesitavit
653 1213 839 1251 diffidentia,
872 1213 925 1246 sed
961 1213 1155 1246 confortatus
1185 1216 1233 1246 est

273 1265 351 1305 fide,
368 1266 445 1298 dans
461 1266 590 1308 gloriam
608 1266 686 1305 Deo,
704 1266 881 1308 plenissime
898 1266 1014 1305 sciens,
1031 1267 1233 1309 quiarquae-

274 1328 410 1361 cumque
434 1319 596 1361 promisit,
621 1319 705 1352 Deus
728 1323 838 1361 potens
861 1323 915 1352 est·
931 1323 962 1352 et
985 1320 1089 1353 facere
1100 1333 1130 1351 ».
1148 1319 1234 1352 Unde

273 1372 428 1404 Abraham
459 1372 600 1411 credidit,
625 1372 699 1414 quia
730 1372 937 1405 consideravit
960 1372 1095 1405 divinam
1124 1375 1234 1414 poten-

275 1425 365 1463 tiam;
390 1425 442 1458 sed
467 1425 632 1458 Zacharias
649 1425 827 1464 haesitavit,
852 1425 926 1467 quia
942 1425 1150 1458 consideravit
1172 1425 1234 1457 hu-

274 1488 395 1511 manam
428 1479 640 1520 impotentiam
662 1479 684 1510 2.
710 1479 741 1511 ln
766 1488 830 1521 quo
854 1479 1058 1518 instruimur,
1090 1478 1174 1521 quod
1202 1479 1233 1511 in

274 1532 435 1564 miraculis
458 1532 671 1574 aspicIendum
695 1536 742 1565 est
758 1532 795 1564 ad
820 1540 930 1564 causas
954 1531 1143 1573 superiores.

365 1585 416 1617 31.
443 1586 543 1625 (Vers.
573 1585 646 1625 19.).
686 1586 725 1617 Et
760 1585 958 1626 respondens
994 1584 1140 1626 Anyetas
1174 1588 1232 1617 etc.

150 1652 256 1677 Secundo,
276 1638 329 1671 Hic
352 1642 479 1670 notatur
502 1638 614 1670 nuntii
636 1638 822 1670 auctoritas
845 1641 998 1679 quantum
1023 1637 1061 1669 ad
1083 1637 1234 1669 virtutem

124 1679 259 1727 ῗξιξῗῗιξῖἷῖῐ
276 1690 563 1732 contemplativam
593 1694 624 1722 et
659 1694 812 1732 quantum
840 1690 879 1722 ad
914 1689 1232 1722 administrativam.

124 1732 257 1780 qfflffiffissl
276 1745 436 1786 Quantum
459 1743 496 1776 ad
529 1743 816 1785 contemplativam
847 1743 939 1776 dicit:
966 1744 1032 1785 Eyo
1063 1753 1141 1775 sam
1168 1743 1234 1776 Ga-

277 1797 372 1835 briel,
389 1797 448 1840 qai
463 1800 535 1829 asto
552 1800 628 1828 ante
647 1796 766 1834 Deam;
789 1796 925 1829 Danielis
941 1796 1073 1838 septimo
1086 1796 1116 1827 ³:
1143 1809 1159 1825 «ι
1176 1796 1235 1829 Β6-

277 1850 339 1883 cies
363 1850 475 1882 millies
499 1853 629 1882 centena
652 1849 748 1881 millia
776 1849 961 1882 assistebant
984 1849 1011 1882 ei
1030 1861 1064 1888 »;
1089 1853 1120 1882 et
1153 1849 1235 1882 inter

276 1904 334 1936 hos
358 1906 426 1935 erat
449 1902 582 1935 Gabriel.
609 1903 645 1935 Et
668 1902 737 1935 ideo
761 1903 843 1935 tertii
869 1903 987 1945 Regum
1011 1902 1132 1936 decimo
1155 1903 1236 1935 dixit

276 1956 385 1999 regina
409 1956 487 1988 Saba
510 1956 540 1988 in
566 1956 669 1998 figura
693 1955 866 1988 Salomoni:
896 1968 911 1984 α
928 1956 1011 1988 Beati
1040 1956 1098 1988 viri
1124 1956 1180 1995 tui,
1205 1959 1236 1988 et

276 2009 463 2043 beati‘servi
488 2009 533 2042 tui
551 2010 599 2048 hi,
624 2009 676 2051 qui
695 2012 778 2042 stant
801 2018 906 2042 coram
931 2012 961 2041 te
977 2013 1009 2041 et
1031 2009 1164 2042 audiunt
1188 2018 1235 2041 sa-

276 2063 423 2105 pientiam
449 2067 534 2095 tuam
551 2076 582 2094 ».
609 2063 670 2095 Hoc
702 2062 779 2094 vidit
806 2062 975 2100 Michaeas,
1008 2062 1091 2094 tertii
1117 2063 1234 2104 Regum

276 2117 404 2149 ultimo:
435 2130 450 2144 «
467 2115 551 2154 Vidi,
569 2115 689 2157 inquit,
713 2115 880 2147 Dominum
899 2115 1057 2148 sedentem
1075 2124 1171 2156 super
1187 2124 1236 2147 so—

276 2170 354 2202 lium
378 2178 471 2202 suum
503 2173 534 2201 et
564 2178 688 2201 omnem
721 2169 897 2201 exercitum
930 2168 1005 2201 caeli
1038 2168 1235 2201 assistentem

277 2222 304 2254 ei
329 2222 492 2254 a‘dextris
515 2225 546 2254 et
562 2231 581 2253 a
603 2221 782 2254 sinistris».
801 2221 932 2253 Notatur
955 2230 1030 2263 ergo
1054 2221 1188 2263 dignitas
1204 2221 1236 2253 in

277 2274 459 2313 assistendo,
483 2278 514 2306 et
537 2278 664 2307 notatur
689 2274 782 2307 etiam
806 2274 835 2306 in
854 2274 913 2306 hoc
937 2274 1107 2307 auctoritas
1128 2274 1159 2306 in
1183 2274 1236 2306 (Ie-

152 2341 258 2363 secunao.
277 2328 459 2361 nuntiando.
478 2346 519 2351 —
536 2328 695 2369 Quantum
711 2327 749 2360 ad
765 2327 989 2360 ministeriam.
1005 2327 1174 2360 missionis
1189 2327 1236 2360 di-

278 2381 337 2414 cit:
367 2382 404 2413 Et
426 2381 552 2413 missas
574 2391 651 2413 sam
674 2381 764 2424 toqai
787 2381 832 2413 ad
853 2385 880 2413 te
903 2384 931 2413 et
954 2380 1034 2413 llaec
1058 2381 1117 2413 tibi
1138 2391 1236 2413 coan-

277 2430 434 2477 gelizarc.
458 2434 544 2467 Unde
567 2434 606 2467 de
629 2443 762 2466 numero
791 2434 915 2466 illorum
941 2437 1026 2473 erat,-
1051 2434 1088 2466 de
1120 2434 1237 2476 quibus

1295 315 1333 347 ad
1358 308 1512 348 Hebraeos
1540 316 1686 357 prim04:
1716 330 1731 345 «
1756 317 1861 349 Nonne
1885 327 1992 350 omnes
2024 321 2098 350 sunt
2120 318 2251 351 admini—

1296 369 1432 400 stratorii
1458 369 1589 410 spiritus
1620 369 1650 401 in
1675 369 1884 402 ministerium
1916 370 2034 403 missi»
2063 374 2141 410 etc.;
2172 372 2251 403 mis-

1293 429 1363 459 sas,
1378 421 1516 462 inquam,
1530 424 1561 453 et
1577 421 1667 464 loqui
1681 425 1712 453 et
1728 422 1968 464 eoanyetizare.
1983 423 2015 454 In
2028 422 2155 465 loquela
2167 424 2250 455 enini

1294 476 1341 505 est
1376 473 1575 515 intelligenda
1609 473 1772 515 expressio
1808 474 1968 513 veritatis;
1993 474 2128 507 Danielis
2152 484 2250 507 nono:

1300 525 1423 564 «Ecce,
1459 526 1507 558 vir
1542 526 1681 565 Gabriel,
1716 535 1809 568 quem
1842 527 1981 560 videram
2017 527 2047 559 in
2083 527 2200 560 visione
2234 538 2253 560 a

1296 578 1459 620 principio,
1483 579 1544 611 cito
1568 580 1675 612 volans
1700 580 1800 622 tetigit
1822 589 1873 613 me
1897 580 1928 612 in
1945 583 2085 622 tempore
2109 581 2251 614 sacrificii

1296 631 1464 672 vespertini
1500 635 1531 664 et
1553 632 1659 664 docuit
1694 642 1744 665 me
1767 636 1798 665 et
1822 633 1946 666 locutus
1980 637 2028 666 est
2062 633 2139 665 mihi
2163 646 2194 665 ».
2220 634 2252 665 ln

1295 683 1575 725 evangelizatione
1597 693 1673 717 vero
1697 685 1896 727 intelligenda
1918 689 1965 718 est
1988 685 2182 718 denuntiatio
2198 685 2252 718 ho-

1296 735 1410 768 nitatis.
1438 737 1655 779 Evanqetiam
1671 738 1753 770 enim
1777 741 1824 770 est
1839 738 1921 770 bona
1944 738 2112 776 nuntiatio;
2138 739 2254 771 Zacha-

1297 788 1362 821 riae
1392 788 1538 830 primo⁵:
1569 790 1636 821 «Et
1660 790 1820 832 respondit
1851 790 2002 822 Dominus
2032 791 2164 832 Angelo,
2196 791 2251 833 qui

1297 840 1486 883 loquebatur
1510 841 1541 873 in
1567 850 1617 874 me
1640 842 1737 874 verba
1760 843 1856 881 hona,
1882 842 1979 875 verba
2000 843 2252 880 consolatoria».

1298 893 1382 926 Unde
1405 894 1538 927 debebat
1569 895 1596 927 ei
1632 895 1736 928 dicere
1766 895 1844 928 illud
1876 896 1959 928 tertii
1993 896 2109 938 Regum
2134 896 2252 937 primo:

1303 960 1318 974 a
1334 947 1514 989 Ingredere,
1538 948 1613 989 quia
1639 948 1684 980 vir
1708 948 1797 981 fortis
1821 958 1854 981 es
1870 952 1901 981 et
1924 949 2005 981 bona
2021 948 2253 981 annuntians».

1301 999 1436 1032 Gabriel
1458 1000 1541 1032 enim
1573 1000 1724 1034 fortitudo
1755 1002 1810 1034 Dei
1842 1002 2088 1044 interpretatur,
2124 1005 2154 1034 et
2185 1001 2254 1034 ideo

1296 1053 1411 1086 missus
1434 1053 1493 1086 fuit
1517 1054 1694 1087 confortare
1720 1055 1867 1096 pavidum
1892 1055 2097 1088 sacerdotem.

1387 1107 1438 1139 32.
1465 1107 1565 1148 (Vers.
1599 1108 1676 1148 20).
1707 1109 1743 1140 Et
1765 1117 1852 1146 ecce,
1877 1109 1944 1140 eris
1979 1112 2089 1140 tacens
2114 1110 2172 1140 etc.
2201 1107 2254 1140 Hic
2294 1116 2366 1147 renio
2380 1116 2406 1147 qe

1297 1158 1436 1200 tangitur
1458 1159 1592 1201 signam
1618 1160 1844 1199 auctoritatis,
1869 1163 1900 1193 et
1923 1160 1975 1193 dat
1992 1161 2116 1202 signum
2140 1169 2254 1202 poena·
2273 1145 2405 1196 3ffl²3fm⁰³

1296 1211 1391 1244 litatis
1414 1207 1683 1254 propter‘vitium
1709 1213 1945 1246 incredulitatis.
1978 1213 2151 1246 Praemittit
2180 1222 2255 1255 ergo
2267 1221 2299 1244 ne
2313 1222 2360 1250 ipso
2373 1222 2402 1243 si-

1297 1264 1538 1303 taciturnitatis
1568 1265 1704 1307 signam
1736 1275 1838 1308 usque
1861 1266 1900 1298 ad
1929 1269 2054 1308 tempus
2085 1269 2253 1305 statutum,
2300 1254 2348 1275 ‘³⁰⁰'

1296 1328 1401 1361 usque
1424 1319 1459 1350 in
1475 1319 1576 1357 diem,
1602 1328 1665 1362 quo
1682 1318 1761 1352 llaec
1784 1319 1888 1361 siant;
1913 1323 1948 1352 ut
1964 1320 2008 1352 sic
2032 1323 2137 1361 posset
2152 1319 2256 1355 dicere

1297 1371 1374 1403 illud
1390 1371 1503 1404 Psalmi
1516 1372 1546 1403 ⁶:
1576 1384 1592 1400 ιτ
1610 1372 1671 1414 Ego
1686 1375 1792 1405 autem
1818 1376 1965 1415 tanquam
1982 1372 2100 1406 surdus
2122 1382 2185 1405 non
2201 1382 2258 1405 au—

1297 1424 1434 1463 diebam,
1459 1428 1490 1457 et
1514 1426 1595 1458 sicut
1619 1429 1728 1458 mutus
1752 1435 1814 1459 non
1838 1426 2010 1468 aperiens»
2039 1430 2097 1459 etc.
2122 1426 2183 1458 Nec
2198 1425 2257 1458 mi·
2277 1433 2406 1456 Notandum.

1297 1487 1385 1516 rum,
1410 1478 1434 1510 si
1452 1482 1560 1511 mutus
1582 1478 1683 1511 factus
1707 1483 1754 1512 est
1770 1483 1899 1521 propter
1916 1480 2168 1513 incredulitatem
2184 1489 2257 1522 pro-

1297 1531 1414 1572 priam,
1438 1540 1510 1564 cum
1543 1532 1734 1565 Ezechielem
1758 1537 1884 1565 mutum
1914 1533 2023 1566 fecerit
2055 1533 2258 1566 incredulitas

1297 1585 1414 1623 aliena;
1440 1585 1608 1618 Ezechielis
1632 1586 1741 1618 tertio:
1771 1599 1786 1614 «
1804 1586 1871 1618 Eris
1893 1590 2002 1619 mutus
2018 1595 2076 1619 nec
2098 1587 2188 1628 quasi
2208 1587 2258 1619 vir

1298 1637 1483 1679 obiurgans,
1507 1638 1582 1679 quia
1604 1638 1718 1670 domus
1741 1647 1933 1680 exasperans
1957 1642 2049 1671 est».
2067 1658 2111 1662 -
2129 1639 2165 1671 Et
2188 1639 2256 1672 ideo
2276 1645 2375 1694 Detieggg
2390 1651 2422 1667 ra-

1298 1690 1405 1724 subdit
1428 1691 1590 1723 rationem
1615 1691 1854 1730 taciturnitatis,
1878 1692 1989 1724 vitium
2016 1692 2133 1725 scilicet
2156 1692 2258 1725 inere·
2377 1688 2382 1693 “

1298 1744 1456 1777 dulitatis:
1482 1745 1551 1776 Pro
1575 1754 1610 1776 co
1634 1745 1721 1788 qaod
1744 1754 1811 1776 non
1833 1745 2005 1777 credidisti
2025 1745 2134 1777 verbis
2159 1745 2257 1784 ineis,

1299 1807 1383 1841 qaae
1407 1797 1630 1840 implebantur
1654 1797 1690 1830 in
1721 1801 1862 1840 tempore
1884 1807 1955 1830 sao.
1982 1798 2114 1831 Econtra
2142 1798 2258 1831 dicitur

1298 1850 1380 1883 infra
1414 1850 1522 1883 eodem
1540 1851 1551 1869 ⁷
1575 1850 1613 1883 de
1649 1851 1766 1883 Maria:
1795 1851 1934 1889 «Beata,
1966 1860 2047 1893 quae
2078 1850 2257 1889 credidisti,

1299 1904 1447 1946 quoniam
1474 1904 1676 1945 perficientur
1701 1913 1737 1937 ea
1765 1913 1846 1946 quae
1869 1904 1951 1936 dicta
1974 1908 2048 1936 sunt
2072 1904 2126 1936 tibi
2151 1913 2170 1936 a
2197 1904 2258 1936 Do-

1299 1956 1432 1988 mino».
1456 1957 1532 1988 Ante
1563 1965 1695 1998 poenam
1719 1966 1781 1989 non
1805 1957 1951 1995 credidit,
1981 1956 2034 1989 sed
2059 1959 2143 1998 post,
2168 1957 2258 1999 quia,

1299 2009 1381 2041 sicut
1411 2008 1527 2041 dicitur
1558 2009 1652 2041 Isaiae
1676 2009 1826 2051 vigesimo
1854 2012 1980 2048 octavo,
2010 2008 2259 2041 «tantummodo

1300 2062 1425 2094 vexatio
1453 2061 1646 2094 intellectum
1670 2061 1756 2094 dabit
1783 2062 1952 2094 auditui».
1985 2062 2050 2094 Non
2082 2071 2156 2104 ergo
2187 2071 2260 2094 con-

1300 2114 1466 2147 temnenda
1497 2118 1571 2147 sunt
1594 2115 1691 2147 verba
1714 2115 1899 2147 nuntiorum
1923 2115 1993 2154 Dei,
2018 2115 2093 2157 quia
2115 2115 2200 2147 Deus
2215 2115 2260 2147 in-

1299 2168 1445 2201 credulos
1468 2168 1575 2209 punit;
1608 2167 1705 2200 Exodi
1739 2168 1887 2210 vigesimo
1911 2168 2021 2201 tertio:
2052 2180 2068 2197 «
2085 2168 2178 2206 Ecce,
2202 2176 2260 2210 ego

1301 2221 1391 2253 mitto
1425 2220 1575 2262 Angelum
1593 2232 1628 2259 »;
1664 2223 1695 2253 et
1718 2220 1880 2263 sequitur:
1910 2233 1925 2249 «
1947 2220 2088 2253 Observa
2121 2229 2194 2253 eum
2229 2224 2260 2252 et

1300 2274 1372 2307 audi
1405 2283 1513 2306 vocem
1546 2273 1632 2312 eius,
1660 2282 1718 2306 nec
1749 2273 2011 2306 contemnendum
2046 2277 2154 2315 putes,
2186 2273 2261 2316 quia

1301 2337 1363 2361 non
1386 2327 1540 2366 dimittet,
1576 2336 1647 2360 cum
1682 2327 1862 2370 peccaveris
1878 2339 1913 2366 »;
1949 2326 1989 2359 ad
2023 2326 2178 2360 Hebraeos
2212 2335 2260 2359 se-

1301 2381 1421 2414 cundo:
1452 2393 1467 2409 «
1484 2380 1512 2413 Si
1537 2380 1620 2413 enim
1646 2381 1699 2422 qui
1725 2389 1782 2423 per
1806 2381 1936 2422 Angelos
1960 2380 2063 2413 dictus
2086 2384 2133 2413 est
2156 2388 2260 2413 sermo

1300 2433 1402 2466 sactus
1425 2436 1473 2466 est
1503 2433 1631 2472 firmus,
1656 2437 1687 2466 et
1718 2433 1821 2466 omnis
1844 2433 2071 2475 praevaricatio
2099 2436 2130 2466 et
2154 2431 2263 2466 inobess

350 2589 358 2604 ¹
379 2590 454 2615 Vers.
473 2590 499 2615 ὅ.
518 2604 551 2608 -
572 2590 694 2622 Sequitur
712 2590 788 2614 Rom.
809 2588 838 2619 4,
860 2589 901 2614 ii).
921 2596 995 2621 seqq.
1014 2604 1049 2607 —
1069 2590 1153 2620 Beda,
1175 2590 1191 2614 l.
1211 2589 1236 2614 in

279 2635 340 2660 Luc.
361 2635 370 2659 ¹l
383 2655 388 2667 ‚
407 2635 448 2659 18:
469 2634 508 2660 Ob
522 2634 683 2660 altitudinem
704 2634 893 2665 promissorum
908 2634 1038 2659 haesitans
1051 2634 1170 2665 signum,
1183 2641 1242 2666 quo

279 2679 386 2705 credere
406 2679 504 2709 valeat,
524 2678 642 2711 inquirit,
662 2678 704 2703 cui
724 2679 778 2703 sola
797 2678 889 2710 Angeli
909 2678 975 2703 visio
991 2679 1037 2703 vel
1056 2678 1175 2703 allocutio
1188 2685 1236 2710 pro

279 2724 354 2755 signo
373 2724 491 2748 sufficere
510 2722 646 2748 debuerat.

350 2765 360 2780 ²
379 2767 442 2792 Fide
455 2766 525 2792 BCE
538 2766 721 2792 substituimus
734 2766 916 2800 impotentiam
934 2773 982 2798 pro
995 2766 1162 2800 potentiam;
1175 2767 1234 2792 vat.

280 2811 391 2837 vocibus
410 2810 588 2837 consideravit
605 2810 755 2836 humanam
774 2811 902 2835 interserit
920 2810 1018 2836 setam.

351 2853 361 2868 ¹³
383 2855 455 2880 Vers.
482 2855 522 2879 lo.
550 2868 586 2873 —
614 2853 730 2880 Subinde
755 2855 898 2886 allegantur
927 2856 964 2880 lll.
992 2855 1056 2886 neg.
1083 2856 1134 2887 110,
1163 2856 1186 2880 8.
1213 2858 1238 2881 et

281 2900 327 2931 22,
349 2899 389 2923 19.

351 2942 362 2956 ⁴
382 2943 455 2968 Vers.
477 2943 517 2968 Isi.
537 2957 571 2961 -
590 2943 713 2975 Sequitur
738 2943 801 2967 Dan.
820 2943 849 2973 9,
869 2943 911 2968 21.
931 2950 986 2975 seq.
1005 2956 1040 2961 —
1060 2943 1142 2975 Beda,
1168 2944 1185 2969 I.
1212 2944 1237 2968 in

281 2987 342 3012 Luc.
363 2987 372 3011 Ἰ
386 3006 392 3016 ,
414 2986 459 3011 119:
478 2985 525 3011 Ubi
553 2986 712 3016 notandum,
738 2986 809 3018 quod
835 2986 949 3017 Angelus
969 2993 997 3011 se
1021 2990 1046 3012 et
1065 2989 1125 3012 ante
1154 2987 1236 3012 Deum

281 3034 364 3056 astare
375 3030 443 3055 etad
454 3030 687 3061 evangelizandum
702 3030 841 3055 Zachariae
855 3030 963 3055 missum
974 3037 1032 3056 esse
1043 3034 1162 3062 testatur,
1176 3031 1238 3064 quia

282 3078 306 3100 et
325 3082 384 3100 eum
399 3075 430 3100 ad
446 3082 492 3100 nos
505 3075 613 3100 veniunt
627 3075 729 3107 Angeli,
748 3074 785 3100 sic
798 3074 910 3100 exterius
924 3075 1033 3106 implent
1051 3076 1237 3107 ministerium,

283 3122 310 3144 ut
328 3122 413 3144 tamen
434 3126 569 3151 nunquam
584 3119 669 3144 desint
686 3119 793 3144 interius
806 3126 853 3150 per
866 3119 1120 3151 contemplationem.
1141 3120 1170 3144 Et
1184 3119 1238 3144 mit-

283 3165 370 3188 tuntur
388 3163 468 3194 igitur
481 3166 506 3188 et
518 3163 652 3193 assistunt,
666 3163 740 3196 quia,
760 3163 807 3188 etsi
821 3163 1034 3195 circumscriptus
1053 3166 1092 3189 est
1104 3163 1239 3195 angelicus

283 3207 401 3238 spiritus,
421 3213 541 3232 summus
570 3210 654 3232 tamen
674 3207 780 3238 spiritus
809 3207 879 3238 ipse,
899 3207 943 3239 qui
969 3207 1037 3232 Deus
1056 3210 1108 3238 est,
1127 3207 1239 3233 eircum-

283 3250 395 3281 scriptus
413 3257 465 3275 non
485 3253 531 3275 est.
552 3250 643 3282 Angeli
662 3251 749 3283 itaque
762 3253 787 3275 et
800 3250 872 3275 missi
885 3253 945 3275 ante
964 3251 1050 3282 ipsum
1069 3253 1143 3282 sunt,
1163 3251 1238 3283 quia,

284 3293 399 3326 quolibet
419 3294 488 3319 missi
509 3294 628 3324 veniunt,
649 3294 714 3319 iutra
734 3294 821 3325 ipsum
837 3297 953 3319 currunt.
973 3294 1024 3320 Cir.
1038 3298 1100 3320 tom.
1116 3295 1158 3320 VI.
1177 3301 1238 3327 pag.

286 3337 349 3367 1157,
368 3340 427 3362 nota
448 3337 472 3363 sk.

355 3379 366 3394 ⁶
385 3381 460 3406 Vers.
480 3381 521 3406 i3.
539 3395 574 3400 —
593 3380 710 3406 Subinde
729 3381 854 3413 allegatur
872 3382 910 3406 Ill.
929 3382 995 3413 Reg.
1020 3381 1049 3412 4,
1069 3381 1111 3407 42.
1132 3396 1165 3400 —
1184 3382 1240 3408 Hie-

1301 2596 1371 2620 ron.‚
1390 2588 1535 2615 Commeut.
1555 2589 1582 2614 in
1595 2589 1661 2614 Dan.
1680 2590 1709 2620 8,
1729 2589 1770 2614 ⁴6.
1791 2596 1859 2621 seq.:
1881 2587 1990 2616 Gabriel
2007 2588 2077 2614 enlm
2096 2588 2121 2613 in
2142 2588 2260 2620 linguam

1302 2636 1417 2659 nostram
1437 2634 1547 2659 vertitur
1564 2633 1709 2667 fortitudo,
1729 2634 1770 2659 vel
1790 2633 1918 2659 robusta-s·
1937 2632 1992 2659 Dei.
2017 2632 2068 2659 Csr.
2089 2633 2214 2665 Gregor.,
2233 2633 2260 2658 ll.

1301 2677 1396 2702 Homil.
1415 2677 1440 2702 in
1460 2678 1560 2709 Evang.
1573 2678 1662 2703 homil.
1682 2677 1724 2703 34.
1738 2685 1764 2703 n.
1785 2678 1810 2703 9.
1823 2677 2008 2709 Respiciuntur
2021 2676 2102 2702 verba
2122 2677 2260 2707 Be1·nard.,

1302 2722 1395 2747 Homil.
1421 2722 1441 2746 Ι.
1460 2728 1540 2754 super
1560 2721 1659 2748 Missas
1678 2726 1731 2752 est,
1751 2728 1776 2747 n.
1797 2722 1827 2752 2,
1847 2721 1875 2746 in
1893 2721 1991 2754 quibus
2010 2721 2116 2752 dicitur,
2137 2721 2196 2746 ideo
2215 2721 2261 2746 Ga-

1302 2764 1410 2791 brielem
1430 2766 1539 2791 missum
1566 2766 1644 2791 fuisse
1663 2765 1696 2791 ad
1722 2766 1751 2790 B.
1776 2765 1882 2790 Mariam
1902 2765 1990 2797 Virg.,
2012 2774 2025 2787 α
2043 2765 2104 2798 quia
2130 2764 2260 2797 virginem

1301 2813 1393 2835 natura
1412 2810 1565 2842 pavidam...
1585 2811 1731 2835 confortare
1749 2809 1891 2835 deberet».
1913 2809 1980 2835 Vide
1998 2811 2061 2834 tom.
2083 2809 2113 2834 V.
2132 2815 2194 2840 pag.
2213 2808 2260 2841 62,

1301 2857 1388 2880 notam
1410 2854 1434 2880 4.
1453 2857 1478 2880 et
1497 2861 1558 2886 pag.
1579 2854 1645 2885 435,
1665 2857 1752 2879 notam
1773 2854 1798 2879 4·

1372 2897 1383 2912 ⁶
1403 2899 1494 2924 Psalm.
1514 2899 1562 2930 37,
1589 2898 1630 2924 ⁴4.
1649 2912 1685 2918 —-
1704 2898 1827 2931 Sequitur
1846 2898 1937 2924 Ezecli.
1957 2898 1985 2930 3,
2006 2898 2048 2923 26.
2067 2910 2105 2920 —‹
2122 2898 2261 2930 Tlieophy-

1302 2945 1374 2974 lact„
1393 2944 1418 2968 in
1439 2944 1500 2969 Luc.
1522 2943 1549 2974 i,
1574 2943 1617 2968 18:
1642 2943 1723 2975 Igitur
1741 2943 1802 2975 quia
1828 2942 1969 2974 discredis,
1989 2950 2039 2975 ego
2066 2946 2090 2968 te
2115 2942 2180 2968 facio
2199 2949 2262 2969 sur-

1302 2987 1376 3019 dum,
1392 2990 1418 3013 et
1431 2987 1506 3021 loqui
1522 2994 1577 3013 non
1592 2986 1702 3020 poteris.
1717 2987 1806 3012 Merito
1825 2989 1913 3012 autem
1933 2987 1986 3012 duo
2001 2987 2065 3013 haec
2081 2994 2176 3019 passus
2194 2989 2260 3012 est...

1302 3033 1365 3066 quia
1383 3032 1452 3058 enim
1471 3039 1523 3057 non
1542 3031 1691 3061 obedIerat,
1711 3031 1915 3063 condemnatur,
1934 3033 1963 3056 ut
1980 3031 2076 3056 surdus
2095 3031 2186 3062 slt‚›ot
2199 3031 2260 3063 quia

1303 3076 1506 3106 contradixerat,
1525 3081 1554 3101 ut
1572 3075 1653 3101 sileat.
1671 3075 1757 3105 Beda,
1777 3075 1795 3100 I.
1814 3074 1839 3100 in
1852 3075 1914 3099 Luc.
1936 3075 1964 3107 1,
1985 3074 2031 3100 ⁴8:
2044 3074 2118 3100 Unde
2137 3074 2261 3100 meritum

1303 3120 1462 3146 diffidentiae
1491 3119 1600 3145 tacendo
1629 3125 1741 3151 poenam
1767 3118 1827 3151 luit,
1856 3118 1899 3143 cui
1927 3118 2088 3144 taciturnitas
2117 3118 2210 3144 eadem
2236 3122 2261 3143 et

1303 3163 1408 3195 signum
1427 3162 1503 3194 ssdei,
1523 3162 1596 3195 quod
1609 3162 1754 3195 quaesivit,
1773 3164 1798 3188 et
1811 3161 1968 3187 infidelitatis
1981 3165 2049 3188 esset
2067 3168 2166 3194 poena,
2180 3168 2260 3194 quam

1303 3207 1405 3233 meruit.

1374 3249 1384 3264 ⁷
1405 3252 1479 3277 Vers.
1500 3251 1542 3277 45.
1556 3265 1591 3270 —
1604 3251 1677 3276 Tres.
1697 3257 1771 3284 seqq.
1784 3250 1833 3276 loci
1847 3252 1907 3276 sunt
1919 3250 1975 3276 lsai.
1995 3250 2044 3282 28,
2059 3250 2105 3281 ⁴93
2119 3249 2198 3276 Exod.
2212 3250 2259 3282 -23,

1304 3296 1347 3321 20.
1366 3302 1421 3328 seq.
1440 3298 1466 3321 et
1484 3294 1562 3321 Hebr.
1582 3295 1610 3326 2,
1631 3295 1655 3320 2.
1674 3301 1748 3327 seqq.
1766 3307 1802 3313 —
1821 3294 1902 3326 Beda,
1923 3295 1939 3319 l.
1959 3293 1985 3319 in
2004 3294 2067 3320 Luc.
2081 3294 2090 3319 t
2103 3313 2109 3324 ,
2130 3293 2172 3319 49.
2190 3300 2259 3326 seq.:

1303 3339 1405 3372 Datque
1425 3338 1560 3373 [Angelus]
1579 3338 1698 3370 signum,
1710 3338 1783 3371 quod
1795 3340 1914 3370 rogatur,
1931 3340 1960 3364 ut
1975 3337 2020 3370 qui
2040 3337 2214 3363 discredendo
2227 3337 2261 3362 lo-

1304 3385 1380 3408 cutus
1399 3385 1438 3408 est
1459 3382 1510 3408 ium
1530 3381 1639 3408 tacendo
1658 3381 1766 3407 credere
1784 3381 1875 3407 discat.
