2476 3921
103 619 165 640 Ratio
180 618 198 643 Ι,
211 623 249 639 cur

129 645 257 671 nominetur>

126 672 200 692 Maria.

150 1146 213 1168 Ratio
227 1146 248 1167 2.

155 1888 217 1910 Ratio
232 1888 252 1909 3.

268 262 309 293 22

268 350 375 389 surget
399 346 486 387 virga
508 345 546 377 de
570 344 663 376 lsrael
680 355 710 381 »;
728 341 930 375 Ecclesiastici
947 339 1222 382 quinquagesimo:

272 414 287 428 «
304 399 397 441 Quasi
421 398 509 431 stella
544 396 697 429 matutina
720 395 751 427 in
778 394 879 427 medio
907 393 1040 426 nebulae
1056 405 1087 431 »3
1112 392 1224 433 Apoca-

267 452 362 493 lypsis
379 450 505 483 ultimo:
536 463 551 477 «
567 449 629 490 Ego
646 457 715 480 sum
733 447 824 480 radix
840 450 871 479 et
887 454 986 488 genus
1002 445 1116 483 David,
1135 444 1223 477 stella

266 503 426 545 splendida
448 506 479 535 et
502 501 655 534 matutina
671 514 700 532 ».

356 556 407 587 [ιδ.
433 555 502 587 Ideo
519 563 593 596 ergo
610 554 748 585 nominat
766 552 940 594 Virginem,
966 554 1001 583 ut
1024 549 1222 587 ostendatur,

268 609 366 650 ipsam
389 607 484 639 fuisse
509 609 742 648 praeparatam,
767 613 829 637 non
853 613 927 636 casu
951 603 1120 635 inventam.
1150 602 1223 634 Ber-

268 661 429 693 nardus¹:
466 660 563 691 «Non
595 662 642 692 est
677 658 816 696 noviter,
840 660 895 689 aut
926 656 1055 688 fortuito
1079 656 1222 693 inventa,

267 714 319 747 sed
344 723 361 746 a
385 713 510 746 saeculo
533 713 648 750 electa,
673 712 712 744 ab
744 702 899 743 Altissiuio
922 708 1140 751 praecognita,
1165 707 1223 740 sihi

268 771 469 809 praeparata,
494 765 552 798 sihi
577 768 608 798 et
630 768 770 803 servata,
794 773 813 796 a
836 763 980 795 Patribus
1008 761 1223 803 praesignata,

267 830 284 852 a
309 820 471 862 Prophetis
494 818 648 860 promissa
665 831 694 849 n.
720 814 808 858 Quod
843 816 924 849 enim
950 815 1044 856 Moysi
1069 816 1224 846 monstra-

268 878 335 906 tum
359 877 406 906 est
429 873 460 904 in
485 872 566 904 rubo
589 874 619 903 et
643 871 732 912 igne,
756 871 855 902 Aaron
888 870 919 901 in
952 868 1040 910 virga
1074 871 1106 899 et
1128 867 1224 905 flore,

267 926 399 959 Gedeoni
424 926 455 958 in
480 925 595 958 vellere
619 927 650 957 et
685 932 775 962 rore,
806 923 866 955 hoc
897 922 1040 954 Salomon
1072 920 1226 963 praevidit

268 981 298 1012 in
323 979 394 1012 forti
427 979 560 1014 muliere
591 981 623 1010 et
646 977 714 1010 eius
749 976 867 1018 pretio,
892 975 1039 1008 Ieremias
1070 973 1226 1015 praececi-

269 1033 315 1065 nit
337 1032 375 1065 de
399 1032 515 1064 femina
546 1034 577 1063 et
612 1030 699 1068 viro,
735 1028 930 1071 apertissime
962 1027 1100 1059 declarat
1135 1025 1228 1058 isaias

268 1086 306 1118 de
331 1085 450 1127 virgine
474 1088 505 1116 et
528 1084 637 1121 domo,
662 1082 785 1114 Gabriel
811 1081 935 1113 tandem
959 1079 1105 1112 exhibuit
1128 1078 1227 1120 ipsam

275 1139 441 1181 Virginem
465 1136 637 1170 salutando.
657 1153 698 1160 —
716 1135 771 1167 Vel
794 1134 864 1166 ideo
885 1133 1026 1165 nominat
1048 1132 1227 1173 Virginem,

268 1196 305 1224 ut
329 1200 386 1224 nos
408 1191 517 1223 doceat
548 1198 660 1221 nomen
693 1188 793 1230 ipsius
824 1187 856 1218 in
880 1184 1118 1218 necessitatibus
1141 1184 1228 1216 invo-

269 1254 356 1283 care3
381 1243 464 1276 unde
488 1241 667 1275 Bernardus
690 1241 721 1273 in
746 1239 918 1272 Homilia²z
948 1253 963 1267 «
981 1238 1006 1270 Ο
1031 1237 1175 1280 quisquis
1199 1240 1229 1269 te

269 1297 414 1339 intelligis
438 1297 469 1328 in
495 1295 591 1328 huius
615 1291 731 1327 saeculi
756 1292 912 1335 profluvio
936 1291 1035 1333 magis
1058 1291 1140 1323 inter
1157 1299 1229 1331 pro-

269 1350 362 1383 cellas
385 1353 416 1381 et
441 1351 641 1390 tempestates
672 1347 828 1379 fluctuare
860 1353 954 1387 quam
991 1352 1087 1385 super
1112 1346 1228 1375 terram

269 1403 449 1441 ambulare;
475 1401 595 1443 respice
619 1400 755 1438 stellam,
780 1393 856 1431 voc'a
880 1398 1024 1430 Mariam!
1051 1397 1081 1428 Si
1105 1396 1230 1428 iactaris

270 1456 435 1498 superbiae
465 1454 575 1492 undis,
611 1454 636 1486 si
668 1452 865 1490 ambitionis,
902 1450 926 1483 si
959 1448 1178 1487 detractionis,
1204 1448 1229 1481 si

270 1508 503 1547 aemulationis,
528 1507 649 1549 respice
673 1506 812 1544 stellam,
837 1514 914 1537 voca
937 1503 1076 1536 Mariam.
1109 1502 1139 1535 Si
1164 1502 1229 1541 ira,

270 1566 325 1595 aut
348 1561 494 1599 avaritia,
519 1564 574 1593 aut
598 1560 701 1592 carnis
725 1559 872 1591 illecebra
895 1557 1072 1590 naviculam
1097 1565 1228 1588 concus-

272 1616 347 1648 serit
371 1614 502 1652 mentis;
527 1613 647 1654 respice
670 1612 808 1650 stellam,
841 1619 917 1643 voca
941 1609 1078 1642 Mariam.
1116 1609 1145 1640 Si
1169 1608 1230 1641 cri—

273 1668 391 1700 minum
415 1666 609 1698 immanitate
632 1664 796 1702 turbatus,
814 1663 838 1696 si
863 1662 1069 1695 conscientiae
1085 1661 1230 1694 foeditate

273 1721 438 1758 confusus,
463 1718 613 1751 barathro
648 1717 873 1758 desperationis
897 1716 1025 1758 incipias
1048 1715 1229 1754 absorberi;

274 1774 393 1816 respice
416 1772 454 1805 ad
479 1771 605 1803 Mariam
622 1784 652 1802 ».
678 1770 769 1802 Unde.
787 1773 818 1802 et
840 1769 931 1802 dicit:
962 1782 976 1797 «
995 1769 1062 1810 lpsa
1086 1772 1229 1807 tenente,

274 1837 334 1860 uon
358 1825 498 1864 corruis;
524 1824 591 1866 ipsa
614 1826 813 1865 protegente,
831 1831 892 1854 non
909 1822 1037 1860 metuis;
1056 1822 1123 1863 ipsa
1138 1821 1237 1860 duce,

272 1889 333 1912 non
357 1878 512 1922 fatigaris;
538 1877 604 1918 ipsa
627 1875 776 1917 propitia,
802 1874 946 1916 pervenis
962 1888 992 1906 ».
1016 1892 1057 1897 —
1083 1874 1138 1906 Vel
1161 1873 1231 1906 ideo

273 1932 428 1970 nominat,
453 1934 489 1963 ut
512 1930 649 1962 insinuet
677 1937 790 1961 nomen
826 1928 893 1960 eius
928 1927 1077 1969 mysterio
1101 1928 1229 1969 plenum

274 1984 446 2018 secundum
471 1982 624 2025 triplicem
649 1980 937 2022 interpretationem
951 1980 974 2018 ³,
992 1989 1047 2021 per
1063 1989 1158 2021 quam
1176 1980 1232 2012 tri-

265 2039 384 2080 plicem
409 2040 526 2070 statum
550 2035 755 2076 intelligimus
778 2033 1016 2066 salvandorum:
1035 2033 1159 2065 activos
1176 2042 1232 2074 per

140 2631 232 2657 Angelus

130 2658 180 2679 facit
194 2657 242 2679 tria.

275 2100 360 2124 mare
383 2098 545 2127 amarum,
566 2086 836 2128 'contemplativos
860 2094 916 2127 per
940 2085 1076 2124 stellam,
1098 2085 1233 2126 praela—

275 2149 322 2176 tos
346 2152 402 2185 per
426 2142 609 2175 dominium.

370 2257 483 2284 Secundo
502 2255 659 2282 describitur
678 2253 795 2281 executio
814 2252 956 2280 ministerii
975 2252 1056 2287 quoad
1075 2252 1138 2279 tria.

366 2356 417 2388 46.
443 2356 483 2387 Et
506 2355 677 2397 inyressus
709 2352 856 2395 Anyelus
887 2355 944 2385 etc.
982 2352 1148 2394 Postquam
1181 2351 1234 2383 de-

277 2410 392 2451 scripta
415 2412 462 2441 est
485 2407 649 2440 destinatio
673 2406 792 2444 nuntii,
817 2405 867 2438 hic
891 2404 1079 2438 describitur
1104 2413 1234 2436 exsecu-

278 2463 320 2495 lio
344 2453 539 2499 ministerii,
565 2469 646 2503 quae
681 2459 808 2502 quidem
841 2458 900 2491 suit
934 2458 965 2490 in
1000 2457 1234 2491 denuntiatione

277 2519 445 2557 conceptus
468 2514 584 2553 futuri,
609 2514 640 2546 in
665 2523 728 2555 qua
751 2512 891 2555 procedit
914 2512 1065 2553 Angelus,
1084 2514 1233 2553 tanquam

277 2570 377 2602 bonus
401 2568 526 2606 rhetor,
551 2566 640 2599 valde
663 2566 822 2604 ordinate,
839 2568 870 2598 et
886 2564 1081 2606 Evangelista
1098 2563 1235 2605 explicat

277 2622 421 2664 perfecte.
458 2620 669 2653 Praemittitur
698 2619 780 2652 enim
818 2618 918 2660 primo
941 2617 1155 2650 salutationis
1186 2616 1235 2648 in-

276 2685 430 2717 pressum
467 2673 603 2706 secundo
637 2673 763 2705 additur
795 2671 1006 2704 narrationis
1038 2679 1233 2712 processus,

875 252 1066 285 COMMENT.
1092 252 1128 298 IN
1152 250 1388 283 EVANGELIUM
1414 250 1530 282 LUCAE
1554 249 1585 281 C.
1612 249 1632 280 1.

1287 338 1372 370 ibi4:
1400 338 1437 369 Et
1461 337 1510 369 ait
1532 337 1561 368 ei
1593 335 1757 378 Anyelus:
1792 334 1838 367 Ne
1872 335 2008 372 timeas;
2039 334 2242 377 subiungitur

1288 390 1379 422 tertio
1403 388 1622 421 conclusionis
1647 388 1827 426 terminus,
1851 387 1911 420 ibi:
1944 387 2082 430 Ideoque
2105 390 2134 418 et
2156 387 2243 430 quod

1287 446 1442 474 nascetur
1466 451 1505 473 ex
1530 445 1557 473 te
1572 444 1735 472 sanctum.
1754 440 1831 472 Istae
1847 440 1930 472 enim
1948 442 2022 471 sunt
2037 442 2142 480 partes
2157 439 2243 480 prin·
2263 445 2400 492 Tgrogugffies

1287 494 1451 536 cipaliores
1485 494 1635 526 orationis
1670 492 1867 531 rhetoricae,
1903 492 2020 524 scilicet
2054 491 2244 531 exordium,
2380 488 2385 493 ’

1287 547 1426 579 narratio
1449 550 1480 580 et
1504 546 1680 584 conclusio,
1705 545 1879 578 secundum
1903 544 2041 577 Tullium
2053 545 2076 576 ⁵.

1378 600 1481 633 Primo
1504 609 1579 641 ergo
1595 599 1808 641 praemittitur
1824 597 2037 630 salutationis
2054 598 2244 640 inyressus,
2265 602 2354 624 Divisio-

1288 653 1425 692 secundo
1449 653 1574 685 additur
1597 651 1810 684 narrationis
1831 660 2025 693 processus‘,
2050 650 2081 682 in
2113 660 2175 693 quo
2199 651 2246 683 in-

1288 705 1466 738 troducitur
1491 706 1593 747 primo
1619 705 1763 748 Anyelus
1785 704 1951 742 salutans,
1968 707 1999 736 et
2014 703 2125 736 deinde
2148 704 2247 746 Virgo

1289 758 1502 800 auscultans,
1541 758 1584 791 ibi
1601 759 1636 790 ⁶:
1677 759 1769 799 Quae
1809 767 1885 790 cum
1925 756 2073 789 audisset
2110 760 2168 789 etc.
2204 775 2248 780 —-
2320 796 2322 799 .

1291 810 1461 843 Introducit
1495 819 1570 852 ergo
1607 810 1815 852 Evangelista,
1850 809 1999 851 Angelum
2037 809 2068 841 in
2105 818 2162 841 suo
2198 809 2248 841 in-
2284 813 2394 862 ¹’1‘¹1'¹2¹1⁶'·³⁰·

1288 873 1407 906 yressu
1435 872 1454 896 a
1488 863 1673 896 salutatione
1709 863 1858 895 sumsisse
1894 862 2082 901 exordium3
2118 862 2150 894 in
2185 871 2249 904 qua
2271 846 2409 915 5235&ss

1291 917 1476 950 salutatione
1500 916 1599 958 ipsius
1621 920 1736 958 captat
1758 915 2027 954 benevolentiam,
2052 916 2150 958 eriyit
2173 925 2248 948 con-
2294 899 2323 942 ci‘t
2337 899 2400 942 tria-a

1290 970 1461 1012 fidentiam
1495 973 1526 1002 et
1560 968 1684 1001 exhibet
1722 969 1949 1001 reverentiam.
1991 968 2133 1001 Ostendit
2165 969 2247 1001 euim

1291 1032 1359 1055 eam
1384 1022 1662 1055 commendabilem
1685 1031 1704 1053 a
1728 1021 1883 1054 bonitatis
1895 1021 2116 1063 plenitudine,
2133 1024 2164 1053 et
2180 1021 2249 1054 ideo

1292 1076 1475 1114 amabilem;
1507 1085 1525 1108 a
1560 1075 1735 1117 dignitatis
1770 1074 1962 1113 altitudine,
1995 1078 2026 1107 et
2054 1074 2123 1107 ideo
2157 1083 2251 1107 vene-

1292 1128 1441 1167 rabilem;
1465 1138 1484 1160 a
1519 1128 1632 1160 laudis
1662 1127 1900 1169 amplitudine,
1934 1131 1964 1159 et
1988 1126 2056 1159 ideo
2093 1126 2251 1168 praedica-

1293 1181 1397 1214 bilem.
1432 1181 1469 1213 Et
1503 1184 1633 1222 propter
1659 1181 1736 1213 haec
1772 1180 1833 1212 tria
1855 1180 2015 1222 designata
2038 1180 2097 1212 suit
2121 1188 2177 1222 per
2201 1189 2252 1212 ar-
2267 1183 2416 1232 rahggrriaefleu-

1294 1242 1360 1266 cam
1393 1233 1545 1272 foederis,
1577 1233 1616 1266 de
1650 1242 1713 1275 qua
1748 1232 1864 1265 dicitur
1887 1233 1926 1265 ad
1950 1233 2119 1274 Hebraeos
2133 1242 2215 1265 nono
2229 1233 2252 1272 ⁷,
2267 1244 2322 1259 cam·
2336 1217 2350 1238 Ρ
2365 1217 2418 1232 ‘³¹'

1294 1287 1378 1329 quod
1403 1286 1582 1319 continebat
1598 1286 1677 1325 tria,
1694 1286 1811 1319 scilicet
1840 1299 1855 1314 «
1871 1286 1992 1328 virgam
2024 1286 2135 1325 Aaron,
2160 1286 2263 1319 tabu-r

1294 1339 1340 1373 las
1363 1339 1452 1381 Legis
1475 1343 1506 1372 et
1530 1348 1645 1371 manna
1661 1351 1691 1377 »3
1716 1342 1752 1371 ut
1784 1338 1827 1371 sic
1851 1338 2053 1377 ostendatur,
2078 1338 2162 1380 quod
2186 1338 2254 1380 ipsa

1294 1396 1362 1426 erat
1385 1393 1486 1425 dulcis
1509 1396 1540 1425 et
1573 1392 1715 1425 amabilis
1738 1401 1794 1434 per
1818 1401 1949 1431 manna,
1976 1392 2163 1425 venerabilis
2197 1401 2254 1434 per

1294 1445 1431 1487 virgam,
1456 1445 1674 1487 praedicabilis
1705 1448 1736 1477 et
1771 1445 2026 1478 commendabilis
2061 1455 2118 1487 per
2153 1446 2252 1488 legem

1294 1499 1441 1531 divinam.
1468 1499 1504 1530 Et
1527 1498 1701 1531 secundum
1727 1499 1786 1531 hoc
1809 1498 1869 1531 suit
1898 1498 1929 1531 in
1953 1498 2020 1540 ipsa
2044 1499 2161 1541 triplex
2197 1509 2254 1532 ex-
2272 1503 2358 1534 Triplex
2373 1503 2421 1525 Vir-

2297 1530 2338 1551 1uis
2352 1530 2431 1552 excel--

1295 1551 1454 1590 cellentia,
1479 1551 1596 1584 scilicet
1620 1551 1808 1593 diynitads,
1844 1551 1981 1584 virtutis
2016 1555 2048 1584 et
2079 1552 2253 1590 σαν-πατέω
2291 1557 2357 1578 entia·

1295 1604 1499 1637 Ecclesiastici
1532 1604 1681 1646 vigesimo
1712 1607 1844 1645 quarto:
1874 1617 1889 1632 «
1907 1604 1969 1645 Ego
2000 1607 2101 1637 mater
2125 1605 2254 1646 pulcrae

1294 1657 1468 1690 dilectionis
1491 1661 1523 1690 et
1545 1657 1667 1690 timoris
1689 1660 1721 1690 et
1748 1657 1914 1699 agnitionis
1938 1661 1969 1690 et
1992 1661 2117 1690 sanctae
2140 1658 2253 1699 spei».

1384 1711 1436 1743 47.
1463 1710 1563 1752 (Vers.
1590 1710 1667 1750 28).
1692 1710 1730 1742 Ut
1761 1719 1836 1752 ergo
1867 1710 2010 1743 ostendat
2033 1719 2100 1743 eam
2126 1711 2254 1744 amabi·
2273 1716 2421 1764 biffgssboffig:

1295 1764 1355 1796 leni
1378 1763 1605 1806 gratiositate,
1629 1763 1721 1795 dicit:
1747 1763 1923 1805 lnyressus
1940 1763 2087 1806 Anyelus
2103 1764 2149 1796 ad
2164 1773 2254 1804 eam,
2273 1769 2302 1817 g}
2331 1769 2421 1796 plenitu-

1295 1817 1396 1850 dixit.-
1422 1818 1508 1856 Ave,
1531 1816 1648 1859 yratia
1669 1816 1777 1858 plena.
1803 1817 1839 1848 Et
1862 1816 1931 1849 ideo
1961 1817 2040 1850 bene
2064 1826 2121 1859 per
2144 1818 2256 1851 Esther
2290 1800 2332 1817 Μ’

1295 1870 1455 1913 designata
1471 1874 1532 1909 est,
1551 1870 1589 1903 de
1613 1879 1676 1912 qua
1701 1870 1811 1902 Esther
1835 1869 1972 1902 secundo
1985 1870 1998 1889 ⁸
2021 1869 2154 1910 dicitur,
2172 1871 2256 1913 quod

1296 1927 1364 1956 erat
1379 1923 1516 1956 formosa
1531 1923 1620 1956 valde
1636 1926 1667 1955 et
1684 1922 1857 1955 incredibili
1874 1922 2099 1964 pulcritudine,
2115 1923 2255 1956 omnium

1297 1976 1396 2008 oculis
1419 1976 1555 2017 gratiosa
1578 1979 1609 2008 et
1632 1975 1775 2008 amabilis
1798 1975 1973 2008 videbatur.
2004 1975 2089 2009 Unde
2120 1976 2159 2009 de
2190 1976 2257 2018 ipsa

1297 2032 1399 2070 potest
1422 2028 1481 2061 dici
1514 2028 1590 2060 illud
1623 2028 1827 2061 Ecclesiastici
1856 2028 2006 2070 vigesimo
2030 2031 2161 2071 quarto:
2191 2042 2206 2057 «
2224 2030 2257 2062 In

1298 2091 1348 2114 me
1371 2082 1471 2114 omnis
1495 2082 1595 2123 gratia
1620 2082 1700 2114 vitae
1723 2085 1754 2114 et
1778 2082 1937 2121 veritatis,
1954 2082 1986 2114 in
2003 2091 2053 2115 me
2069 2083 2171 2115 omnis
2187 2092 2258 2124 spes

1298 2136 1379 2167 vitae
1403 2138 1434 2167 et
1457 2134 1627 2167 virtutis».
1652 2135 1712 2167 Nec
1736 2135 1874 2174 mirum,
1898 2135 1973 2178 quia
1988 2135 2078 2168 illum
2094 2138 2162 2168 erat
2185 2145 2258 2168 con-

1299 2191 1447 2230 ceptura,
1472 2187 1510 2220 de
1542 2197 1605 2230 quo
1637 2187 1753 2220 dicitur
1789 2188 1910 2221 loannis
1933 2189 2053 2230 primo:
2084 2202 2099 2217 «
2116 2188 2258 2222 Vidimus

1299 2240 1429 2283 gloriam
1446 2241 1532 2279 eius,
1549 2240 1679 2282 gloriam
1697 2240 1786 2282 quasi
1803 2241 1956 2283 Unigeniti
1974 2251 1992 2274 a
2008 2241 2112 2280 Patre,
2129 2241 2259 2284 plenum

1299 2294 1417 2336 gratiae
1451 2297 1483 2327 et
1506 2293 1647 2327 veritatis
1662 2305 1693 2332 »3
1717 2296 1749 2326 et
1779 2294 1848 2327 ideo
1883 2297 1953 2336 post
1988 2294 2153 2327 subditur:
2183 2307 2198 2323 «
2215 2294 2260 2326 De

1299 2346 1492 2389 plenitudine
1516 2346 1584 2379 eius
1607 2355 1664 2379 nos
1688 2355 1796 2379 omnes
1820 2346 2000 2388 accepimus
2015 2360 2045 2379 n.

1389 2401 1441 2433 48.
1467 2401 1505 2433 Ut
1528 2404 1634 2433 autem
1665 2400 1807 2433 ostendat
1838 2400 2055 2433 venerabilem
2087 2411 2126 2433 eac
2150 2400 2259 2444 diyni-

1300 2458 1382 2493 tate,
1406 2454 1507 2487 addit:
1536 2453 1697 2486 Dominus
1720 2457 1844 2491 tecum;
1868 2453 2034 2486 discretive
2057 2453 2177 2486 dictum
2201 2457 2258 2493 est,

1299 2508 1374 2550 quia
1397 2507 1562 2540 excellenti
1586 2510 1618 2539 et
1640 2506 1791 2549 singulari
1816 2506 1925 2545 mode,
1950 2510 2100 2548 tanquam
2131 2507 2164 2540 in
2187 2517 2260 2549 pro-

1299 2561 1369 2603 prio
1382 2560 1598 2599 tabernaculo;
1614 2559 1816 2593 Ecclesiastici
1833 2559 1983 2602 vigesimo
1999 2563 2113 2602 quarto
2126 2559 2152 2592 9·:
2172 2573 2187 2589 «
2200 2560 2260 2602 Qui

1299 2615 1418 2648 creavit
1442 2623 1492 2647 me
1516 2613 1671 2656 requievit
1693 2613 1724 2646 in
1749 2613 1952 2646 tabernaculo
1970 2622 2038 2645 meo
2055 2625 2086 2652 ›»;
2104 2613 2259 2646 Psalmus:

1305 2681 1320 2697 «
1338 2668 1489 2700 Dominus
1513 2667 1543 2699 in
1569 2667 1685 2709 templo
1708 2670 1816 2700 sancto
1839 2675 1897 2699 suo
1913 2680 1944 2706 »,
1970 2667 2029 2699 hoc
2053 2670 2100 2699 est
2131 2666 2162 2699 in
2190 2667 2260 2699 Vir-

2289 2405 2424 2428 Venerabili:

2277 2432 2425 2481 saar*

281 2849 421 2873 matthaeo:
447 2847 551 2872 Mariam
580 2847 697 2878 plerique
725 2846 862 2871 aestimant
886 2846 1063 2876 interpretari:
1090 2845 1236 2870 illuminant

279 2899 322 2917 me
341 2892 396 2922 isti,
415 2892 455 2916 vel
475 2890 654 2920 illuminatrix,
673 2890 715 2915 vel
734 2897 839 2921 smyrna
861 2889 989 2922 [myrrha]
1005 2890 1098 2920 maris,
1112 2889 1158 2914 scd
1173 2889 1236 2914 mihi

280 2942 447 2968 nequaquam
468 2934 580 2959 videtur.
600 2934 689 2959 Melius
709 2937 796 2959 autem
815 2936 866 2963 est,
881 2937 908 2958 ut
921 2933 1053 2964 dicamus,
1066 2940 1159 2958 sonare
1178 2939 1236 2957 eam

280 2979 385 3006 stellam
403 2977 503 3009 maris,
523 2978 579 3003 sive
597 2984 726 3003 amarum
745 2984 837 3008 mare,¹
857 2977 1060 3009 sciendumque,
1074 2976 1237 3011 quodltlaria

281 3030 402 3049 sermone
430 3023 496 3053 Syro
523 3020 632 3047 (lomina
658 3023 831 3052 nuncupetur.
861 3020 913 3046 Ctr.
942 3020 1075 3050 Bernard„
1105 3020 1194 3045 homil.
1213 3021 1238 3045 2.

282 3074 361 3099 super
379 3066 478 3093 Missus
497 3067 548 3097 est,
569 3072 593 3090 n.
615 3064 656 3090 17.

353 3110 360 3124 ¹
382 3110 475 3136 Homil.
495 3111 518 3135 2.
545 3116 624 3141 super
648 3108 748 3135 Missus
767 3110 813 3140 est,
835 3116 858 3134 n.
880 3108 909 3139 4;
928 3108 991 3134 ibid.
1012 3108 1089 3134 etiam
1114 3115 1139 3133 u.
1168 3108 1237 3133 5-111.

282 3156 448 3180 insinuantur
467 3161 535 3186 quae
554 3157 710 3186 sequuntur.
730 3167 764 3172 ——
784 3153 901 3179 Subinde
920 3153 1094 3185 respiciuntur
1113 3153 1193 3178 Exod.
1214 3153 1237 3184 3,

283 3200 313 3230 23
333 3199 409 3224 Num.
431 3198 478 3230 17Ὶ
498 3198 528 3228 8,
549 3198 626 3223 ludic.
647 3198 678 3229 6,
699 3197 740 3223 37.
761 3204 831 3230 seq.;
850 3197 927 3222 Prov.
953 3197 1001 3228 31,
1026 3195 1064 3222 10.
1083 3203 1171 3229 seqq.;
1192 3196 1237 3221 ler.

283 3244 331 3274 31,
352 3244 394 3268 22.
416 3246 441 3268 et
460 3242 516 3267 lsai.
536 3242 561 3272 7,
585 3242 623 3268 tls.

354 3285 364 3300 ²
384 3287 477 3312 llomit.
499 3288 523 3311 2.
542 3293 621 3318 super
640 3286 738 3313 Missus
758 3288 803 3318 est,
820 3294 845 3312 n.
860 3286 901 3311 17.
921 3288 945 3311 S.
967 3279 1060 3314 Doctor
1073 3286 1158 3317 plura,
1171 3292 1238 3318 quae

284 3334 366 3356 textus
385 3330 517 3362 originalis
536 3329 622 3361 habet,
650 3330 751 3355 omittit.
773 3331 820 3355 Pro
840 3328 872 3356 Si
889 3328 932 3355 ira
951 3324 970 3354 G
990 3336 1050 3356 cum
1070 3332 1138 3355 textu
1163 3329 1238 3360 origi-

283 3375 333 3400 nali
354 3374 385 3400 Si
402 3374 554 3401 iracundia.
573 3373 636 3399 lbid.
662 3375 740 3400 etiarn
769 3373 897 3399 habentur
922 3373 1002 3399 verba
1012 3375 1023 3404 ,l
1038 3381 1107 3406 quae
1125 3373 1237 3399 subinde

284 3420 434 3449 allegantur.

1370 2842 1381 2857 ⁸
1400 2843 1451 2869 Csr.
1469 2850 1549 2875 supra
1569 2850 1631 2874 pag.
1651 2843 1679 2868 21
1692 2861 1699 2873 ,
1718 2845 1778 2867 nota
1800 2842 1842 2867 10.
1861 2841 1944 2867 verba
1964 2841 2069 2867 Hieron.

1370 2886 1382 2901 ⁴
1401 2888 1474 2913 Vers.
1495 2888 1543 2917 30;
1563 2887 1681 2919 sequitur
1699 2894 1725 2911 v.
1746 2886 1794 2911 35:
1816 2886 1850 2912 Ec
1867 2885 1940 2919 quod
1956 2887 2084 2912 nascetur
2104 2888 2153 2911 ete.

1372 2930 1382 2944 ⁵
1402 2931 1469 2957 Libr.
1491 2932 1508 2956 l.
1527 2932 1632 2956 Rhetor.
1654 2930 1721 2963 (sive
1739 2931 1773 2956 de
1792 2930 1902 2963 lnvent.)
1916 2937 1939 2956 c.
1963 2930 2006 2962 14,
2020 2929 2066 2955 ubi
2079 2937 2123 2955 sex
2136 2930 2261 2956 orationis

1301 2977 1388 3006 partes
1408 2974 1586 3006 nominantur,
1606 2974 1661 2999 scil.
1681 2973 1832 3004 exordium,
1851 2973 1979 3005 narratio,
1993 2973 2111 3005 partitio,
2124 2973 2262 2999 conflrma-

1303 3018 1350 3051 tio,
1370 3018 1551 3050 reprehensio,
1570 3017 1711 3043 conclusio.
1732 3016 1783 3043 Csr.
1803 3017 1829 3042 in
1848 3017 1970 3042 Hexaem.
1990 3017 2075 3043 collat.
2095 3016 2119 3042 4.
2138 3024 2162 3042 n.
2183 3017 2225 3043 25.

1372 3060 1384 3075 ⁶
1398 3062 1472 3087 Vers.
1492 3062 1536 3087 29.

1373 3104 1383 3119 ⁷
1404 3107 1479 3132 Vers.
1502 3105 1525 3131 t.
1545 3120 1580 3144 5-
1599 3105 1717 3132 Subinde
1736 3106 1863 3137 allegatur
1881 3106 1959 3131 Eccli.
1979 3105 2026 3137 24,
2040 3105 2082 3131 24.

1373 3148 1384 3163 ⁸
1405 3151 1477 3176 Vers.
1493 3150 1535 3176 ⁴5.
1548 3164 1582 3169 —
1597 3151 1661 3176 Tres
1680 3157 1753 3183 seqq.
1774 3150 1822 3176 loci
1842 3153 1902 3176 sunt
1920 3150 1996 3175 Eccli.
2010 3149 2052 3182 24,
2066 3150 2108 3176 25.
2123 3149 2260 3183 (Vulgatm

1303 3195 1328 3220 ln
1349 3202 1392 3220 me
1411 3195 1492 3227 gratia
1511 3195 1598 3221 omnis
1609 3182 1674 3222 (viae
1694 3198 1719 3220 et
1737 3194 1854 3220 veritatis
1873 3194 1947 3227 ete.);
1967 3194 2036 3220 loan.
2056 3195 2086 3225 l,
2106 3193 2148 3220 ⁴4.
2168 3196 2193 3219 et
2213 3194 2260 3225 46,

1302 3246 1381 3272 quem
1401 3239 1478 3265 codd.
1498 3240 1578 3265 nostri
1598 3239 1635 3265 sic
1654 3238 1787 3265 exhibent:
1806 3238 1843 3265 De
1865 3237 2029 3272 plenitudine
2047 3238 2104 3264 eius
2123 3237 2260 3271 accipiunt

1303 3284 1336 3317 (D
1355 3283 1469 3310 secunda
1488 3291 1582 3309 manu:
1602 3283 1764 3318 accipimus)
1783 3289 1884 3310 omnes.

1373 3326 1384 3342 ⁹
1405 3328 1477 3354 vers.
1498 3329 1541 3354 t2.
1561 3342 1596 3348 —
1615 3326 1765 3362 Sequuntur
1783 3327 1824 3353 ΡΒ.
1845 3327 1891 3359 10,
1910 3327 1935 3353 ὅ.
1954 3329 1980 3353 et
2000 3326 2041 3359 45,
2060 3327 2085 3353 5.
2099 3333 2155 3359 seq.
2168 3339 2202 3345 —
2216 3327 2262 3351 Su·

1304 3374 1393 3406 perius
1405 3380 1453 3405 pro
1476 3372 1509 3399 Ut
1526 3374 1617 3400 autem
1636 3372 1713 3398 codd.
1734 3372 1768 3398 Ut
1786 3370 1896 3398 iterum.
2167 3386 2170 3388 -
