2476 3921
758 256 952 289 COMMENT.
978 256 1013 288 lN
1040 255 1277 288 EVANGELIUM
1303 255 1419 288 LUCAE
1444 256 1476 287 C.
1502 256 1574 287 Vlll.
2096 257 2153 288 201

72 356 154 384 Figura.
174 347 309 386 carnali,
333 355 405 379 cum
442 346 509 388 ipso
544 345 696 388 crucifigi.
723 345 753 377 ln
787 345 889 387 figura
921 344 1018 377 huius
1042 343 1134 386 primi

173 400 432 432 Machabaeorum
457 399 578 432 decimo
602 400 714 431 sexto¹
741 398 872 437 dicitur,
897 398 980 439 quod
1008 398 1136 430 loannes

178 466 193 482 «
211 452 286 485 vidit
310 452 460 494 populum
486 451 693 494 trepidantem
717 451 755 484 ad
781 450 1046 484 transfretandum
1073 454 1136 483 tor-

173 509 294 539 rentem
318 509 349 538 et
374 505 588 538 transfretavit
615 505 654 537 ad
686 514 739 538 eos
764 505 902 546 primus,
927 507 958 537 et
990 503 1137 536 viderunt

173 568 244 593 eum
270 559 327 591 viri
353 561 384 591 et
408 559 603 591 transierunt
627 562 696 600 post
719 566 791 591 eum
811 571 839 589 n.

262 612 419 650 Secundo,
443 612 557 644 Christi
583 611 777 650 consilinm,
803 611 878 653 quia
901 610 1073 653 discipulos
1089 610 1136 642 in-

19 682 20 687 =
49 683 133 705 pum„
173 665 299 704 vitavit,
325 668 360 697 ut
391 673 498 698 secum
535 664 723 703 transirent;
757 663 960 697 Ecclesiastici
987 663 1136 705 vigesimo

18 708 162 764 ,iii'nfi'ifflgffm
172 721 286 761 quarto
299 718 328 750 ²³:
359 730 374 746 α
391 718 534 750 Transite
557 717 596 750 ad
614 726 681 756 me,
698 726 826 756 omnes,
843 717 897 759 qui
915 716 1136 759 concupiscitis

29 761 148 812 &3333ss
173 780 223 804 me
238 784 270 810 »,
295 771 412 804 scilicet
436 779 477 803 ex
502 771 562 803 hoc
586 770 718 809 mundo,
735 770 868 812 quinon
885 774 933 803 est
957 769 1014 802 nisi
1034 773 1136 802 trans-

173 825 236 857 itus
271 824 418 866 quidam;
450 824 571 857 loannis
605 824 726 857 decimo
758 824 868 857 tertio:
898 824 968 856 «Ut
997 827 1135 856 transeat

172 887 213 911 ex
239 878 297 910 hoc
321 877 438 910 mundo
461 877 499 910 ad
525 878 646 910 Patrem
665 890 694 916 »ς
719 881 750 910 et
773 877 810 910 ad
837 877 991 910 Hebraeos
1014 877 1135 910 decimo

172 931 281 964 tertio:
312 944 326 959 «
344 931 409 963 Non
434 931 587 963 habemus
612 931 661 963 hic
686 934 863 963 manentem
886 930 1063 969 civitatem,
1080 930 1134 963 sed

172 984 311 1018 futuram
341 984 580 1026 inquirimus».
606 984 736 1022 Beatus,
761 984 815 1026 qui
845 984 890 1017 sic
915 984 1027 1016 transit
1061 993 1133 1016 cum

172 1038 296 1071 Christo
325 1051 341 1066 «
357 1046 413 1080 per
445 1038 527 1070 bona
559 1038 760 1079 temporalia,
786 1041 821 1071 ut
851 1047 911 1070 non
936 1037 1060 1070 amittat
1084 1046 1135 1069 ae-

173 1095 262 1124 terna
274 1091 286 1110 3
299 1103 330 1130 »ς
348 1091 440 1133 quia,
458 1091 632 1132 Sapientiae
648 1091 768 1124 decimo
784 1095 914 1133 quarto,
937 1104 952 1119 «
969 1094 1135 1123 transeun-

17 1174 18 1179 ,
172 1148 219 1177 tes
243 1152 329 1176 mare
353 1153 409 1186 per
435 1148 533 1177 ratem
559 1144 680 1177 liberati
705 1148 826 1177 sunt».

17 1200 18 1243 l
261 1196 366 1229 Tertio
402 1206 491 1235 vero,
525 1197 639 1229 Christi
676 1197 897 1235 consortium,
929 1197 1002 1239 quia
1039 1197 1134 1229 simul

17 1248 161 1297 *tomfflonsor-
173 1259 244 1284 cum
269 1250 344 1292 ipsis
368 1250 398 1282 in
424 1250 493 1282 navi
520 1251 681 1290 transivit3
706 1251 801 1284 Isaiae
818 1251 1059 1293 quadragesimo
1076 1254 1136 1283 ter-

57 1294 116 1314 ‘¹'¹¹¹'·
172 1303 254 1336 tio⁴z
284 1303 393 1335 «Cum
431 1303 592 1336 transieris
629 1312 684 1345 per
715 1313 832 1345 aquas,
863 1307 965 1336 tecum
1000 1313 1072 1342 ero,
1104 1307 1135 1336 et

173 1356 302 1389 flumina
326 1365 386 1388 non
404 1356 547 1398 operient
564 1360 593 1389 te
606 1370 621 1385 »
643 1360 713 1395 ete,
731 1357 805 1399 quia
821 1357 853 1389 in
871 1358 1004 1390 Psalmo:
1028 1357 1133 1389 «Cum

171 1410 238 1452 ipso
273 1418 342 1442 sum
379 1410 409 1441 in
447 1409 700 1448 tribulatione»;
737 1414 767 1443 et
803 1411 947 1443 Matthaei
986 1410 1135 1452 vigesimo

171 1466 298 1495 octavo:
328 1475 343 1490 α
363 1462 454 1500 Ecce,
479 1471 536 1504 ego
562 1463 722 1495 vobiscum
748 1473 817 1496 sum
842 1464 989 1496 omnibus
1024 1463 1135 1496 diebus

172 1524 273 1558 usque
296 1515 333 1547 ad
359 1515 660 1548 consummationem
685 1516 801 1548 saeculi
820 1530 849 1548 u.

261 1569 313 1601 [tlt.
338 1568 428 1601 Circa
452 1569 606 1611 impetum
629 1569 810 1612 procellae,
836 1570 866 1602 in
903 1580 967 1612 quo
995 1570 1135 1612 designa-

28 1637 159 1665 eireaimpe-
173 1624 226 1654 tur
251 1622 384 1653 tentatio
408 1621 560 1659 animae,
587 1621 644 1654 tria
674 1626 747 1654 sunt
771 1623 967 1655 attendenda.
995 1623 1132 1655 Primum

21 1663 158 1718 ’ξέρῃὶῗξξῖζ
173 1678 220 1707 est
251 1673 447 1707 obdormitio
472 1673 616 1713 Christi}
645 1675 729 1717 quod
760 1675 886 1717 quidem
919 1680 983 1715 est,
1009 1676 1135 1718 quando

37 1717 138 1739 tendenda

40 1743 135 1775 dormitio

46 1770 127 1792 ⁰¹'“⁵²'‘
173 1791 206 1814 se
230 1791 290 1814 non
315 1782 521 1820 obdorinivit;
556 1782 736 1815 Psalmus5:
768 1796 783 1811 «
801 1782 894 1821 Ecce,
927 1793 987 1815 non
1017 1783 1135 1815 dormi-

172 1835 249 1868 tabit
281 1844 383 1877 neque
414 1835 549 1868 dormiet
584 1836 638 1877 qui
675 1836 811 1869 custodit
846 1837 938 1869 lsrael
958 1849 987 1875 »3
1018 1837 1070 1869 sed
1104 1837 1134 1869 in

172 1888 278 1928 nohis;
304 1892 433 1930 propter
458 1889 540 1931 quod
558 1889 674 1921 dicitur
691 1890 835 1922 Matthaei
856 1890 1005 1932 vigesimo
1029 1893 1134 1922 sexto:

177 1955 192 1971 «
209 1941 339 1984 Vigilate
362 1945 392 1974 et
415 1946 520 1981 orate,
538 1946 573 1974 ut
597 1952 658 1974 non
683 1942 807 1975 intretis
831 1944 862 1975 in
889 1943 1089 1976 tentationem
1103 1955 1134 1982 »;

171 1998 203 2028 et
226 1995 295 2028 ideo
319 1995 438 2037 primae
463 1995 542 2028 Petri
568 1995 697 2027 ultimo:
727 2008 741 2023 «
759 1995 859 2028 Sobrii
893 1999 991 2028 estote
1023 1999 1054 2028 et
1091 1995 1135 2027 vi-

172 2048 265 2091 gilate
282 2060 312 2088 »;
337 2052 367 2081 et
392 2048 510 2090 primae
526 2048 564 2080 ad
582 2048 874 2082 Thessalonicenses
898 2049 1026 2091 quinto:
1049 2062 1064 2077 «
1078 2049 1135 2091 lgi-

172 2104 225 2134 tur
249 2110 310 2134 non
346 2101 540 2133 dormiamus
572 2101 654 2134 sicut
685 2102 796 2140 ceteri,
833 2102 886 2134 sed
911 2102 1077 2143 vigilemus
1105 2105 1136 2134 et

172 2154 267 2188 sobrii
293 2154 406 2193 simus;
431 2154 485 2196 qui
510 2154 592 2187 enini
618 2155 779 2187 dormiunt
811 2158 901 2188 nocte
924 2155 1133 2187 dormiunt».

262 2208 440 2241 Secundum
466 2211 512 2240 est
536 2208 711 2240 descensus
723 2208 887 2250 procellae
902 2209 1006 2247 venti,
1025 2208 1054 2241 in
1072 2218 1135 2250 quo

24 2274 162 2301 munume-
173 2261 355 2304 designatur
372 2261 504 2293 tentatio
521 2260 646 2293 diaboli
649 2273 661 2298 ;
679 2261 847 2294 Ezechielis
864 2261 966 2303 primo
978 2261 1006 2293 ⁶:
1030 2274 1045 2289 «
1059 2261 1136 2293 Ven-

25 2307 162 2350 ἓὲῗιὲἶῗηω
173 2317 225 2348 tus
250 2314 384 2347 turbinis
409 2313 552 2347 veniebat
583 2314 623 2346 ab
654 2314 801 2356 aquilone
819 2327 848 2345 ».
875 2314 927 2346 Hic
951 2317 998 2346 est
1021 2318 1135 2346 ventus

173 2368 301 2401 veniens
330 2376 381 2399 «a
405 2367 532 2409 regione
567 2366 700 2405 deserti,
732 2367 786 2409 qui
822 2367 962 2399 concutit
997 2370 1135 2409 quatuor

173 2422 304 2464 angulos
327 2421 440 2453 domus
457 2434 487 2459 »,
512 2420 542 2452 id
566 2422 614 2453 est
636 2423 774 2461 quatuor
799 2420 912 2453 mentis
929 2420 1070 2458 affectus,
1095 2420 1134 2453 de

174 2484 237 2517 quo
260 2474 376 2507 dicitur
401 2474 453 2506 lob
478 2473 596 2515 prim0;
622 2473 673 2506 hic
696 2476 760 2512 est,
785 2473 823 2506 de
847 2482 911 2515 quo
929 2473 1134 2506 Ecclesiastici

174 2527 413 2570 quadragesimo
437 2526 545 2559 tertio:
575 2526 750 2568 «Frigidus
774 2530 887 2559 ventus
910 2526 1017 2569 aquilo
1033 2526 1135 2566 ssavit,

174 2584 212 2618 et,
227 2580 340 2623 gelavit
364 2579 531 2621 crystallus
554 2579 594 2611 ab
617 2588 742 2622 aqua».

246 2721 255 2737 ¹
278 2723 350 2748 Vers.
372 2723 402 2753 6;
422 2729 470 2754 pro
489 2722 676 2756 transfretavit
694 2723 772 2750 codd.
793 2724 927 2751 transivit.
947 2726 1036 2752 Plures
1056 2726 1133 2752 codd.

175 2767 287 2799 allegant
305 2767 325 2793 Ι.
345 2766 431 2793 Mach.
452 2764 485 2798 5,
505 2764 563 2799 45,
585 2766 629 2792 ubi
657 2767 741 2793 simile
770 2772 891 2795 narratur
914 2770 948 2795 de
969 2769 1048 2802 luda,
1069 2771 1133 2796 dum

175 2812 223 2838 At:
237 2812 288 2838 ΒΗ
307 2817 431 2843 expresse
449 2812 586 2837 nominant
605 2813 749 2845 loannem,
768 2814 802 2840 de
827 2821 881 2847 quo
909 2815 996 2847 agitur
1016 2815 1032 2841 1.
1053 2816 1135 2841 Mach.

177 2856 221 2888 16,
241 2856 266 2887 6,
285 2859 311 2882 et
329 2855 374 2881 ubi
401 2859 543 2881 occurrunt
571 2856 652 2882 verba
682 2857 723 2883 hic
746 2858 865 2890 allegata.
886 2872 922 2878 —
941 2859 1067 2891 Superius
1088 2867 1135 2892 pro

176 2901 207 2927 ln
224 2901 316 2936 fiyvra
335 2899 416 2926 huius
436 2899 549 2926 ACDG
568 2901 655 2928 Huius
673 2902 773 2936 fiqura.

246 2943 256 2959 ²
277 2945 351 2970 Vers.
372 2945 414 2970 26.
433 2958 469 2963 —
488 2945 546 2971 Duo
565 2953 638 2979 seqq.
660 2947 708 2972 loci
728 2950 788 2973 sunt
808 2948 874 2973 loan.
901 2949 942 2979 13,
968 2950 986 2973 1.
1007 2953 1032 2974 et
1053 2948 1131 2974 llebr.

178 2990 224 3022 13,
245 2990 286 3015 14.

246 3031 257 3047 ⁸
276 3034 393 3065 Gregor„
413 3032 482 3059 Libr.
503 3034 745 3068 Sacramentorum,
765 3043 814 3068 pro
841 3036 1008 3063 hebdomada
1028 3037 1054 3063 5.
1076 3041 1136 3069 post

175 3078 277 3104 Pentec.
297 3077 334 3110 (in
353 3078 468 3103 Breviar.
488 3079 607 3104 Romano
621 3079 722 3105 Domin.
738 3081 761 3106 3.
777 3085 835 3112 post
856 3081 982 3114 Pentec.):
1003 3082 1135 3108 Protector

175 3122 201 3148 in
221 3125 245 3148 te
258 3121 434 3154 sperantium,
455 3123 549 3149 Deus...
579 3124 719 3156 multiplica
745 3132 825 3157 super
850 3133 899 3152 nos
925 3127 1134 3152 misericordiam

176 3170 262 3198 tuam,
282 3170 322 3198 ut,
342 3169 366 3192 te
384 3170 498 3199 rectore,
518 3170 542 3193 te
562 3168 643 3199 duce,
662 3169 700 3195 sic
719 3172 883 3196 transeamus
912 3178 958 3203 per
983 3170 1050 3196 bona
1071 3174 1136 3197 tem-

176 3211 288 3244 poralia,
307 3213 336 3236 ut
354 3218 404 3236 non
424 3211 575 3238 amittamus
592 3215 706 3238 aeterna.
725 3227 761 3232 —
781 3214 904 3248 Sequitur
924 3215 984 3247 Sap.
1009 3215 1052 3246 14,
1072 3216 1097 3241 5.

247 3253 259 3269 ⁴
280 3255 353 3281 Vers.
373 3256 403 3286 2,
422 3258 482 3288 post
501 3263 581 3289 quem
601 3257 641 3282 Ps.
661 3257 707 3289 90,
728 3257 769 3283 15.
789 3262 815 3284 et
834 3259 921 3285 Metth.
941 3260 989 3291 ¹28,
1010 3260 1051 3285 20.

247 3297 258 3313 ⁸
279 3299 371 3325 psalm.
393 3299 457 3330 120,
478 3299 503 3325 4.
523 3314 556 3318 -
575 3300 640 3326 Tres
658 3307 732 3334 seqq.
751 3300 799 3327 loci
819 3305 880 3328 sunt
893 3303 980 3329 Matth.
999 3304 1042 3335 26,
1057 3303 1136 3336 41;1.

176 3344 243 3370 Petr.
263 3343 294 3374 ὅ,
314 3344 338 3369 8.
358 3347 383 3370 et
402 3344 418 3370 l.
439 3344 530 3370 Thess.
552 3345 582 3377 ὅ,
602 3345 627 3371 6.
647 3352 702 3378 seq.

247 3386 258 3402 ⁰
278 3388 351 3414 Vers.
373 3388 397 3415 4.
417 3403 450 3407 -
469 3388 587 3415 Subinde
605 3390 749 3422 allegantur
768 3390 813 3417 lob
835 3392 862 3422 1,
886 3392 926 3418 19.
944 3395 970 3418 et
988 3393 1064 3418 Eccli.
1086 3392 1136 3424 43,

178 3434 219 3459 22.
232 3447 269 3453 —
287 3434 324 3459 De
342 3436 455 3468 quatuor
475 3434 569 3460 mentis
587 3434 723 3461 affectibus
742 3442 789 3462 seu
810 3436 977 3468 passionibus
997 3437 1136 3470 (gaudium

286 3495 315 3523 S.
333 3496 438 3523 Bomw.
451 3510 485 3515 —
500 3496 578 3522 Tom.
597 3497 649 3523 Vll.

172 1727 286 1760 Christi
309 1736 397 1760 amor
421 1731 452 1760 et
477 1723 628 1760 memeria
653 1729 801 1770 torpescit
824 1729 854 1761 in
877 1729 988 1766 corde;
1016 1729 1134 1761 namin
1155 1726 1160 1730 ’

1289 343 1429 376 Tertium
1454 347 1501 376 est
1522 344 1721 385 periclitatio
1746 345 1844 377 nauis
1869 344 2051 386 impulsae,
2081 353 2160 386 quat¹
2176 352 2329 400 Tfiii'issliopen‘ail

1199 395 1341 438 designat
1361 396 1646 437 perturbationem
1670 398 1814 429 ariditate.
1842 400 1926 439 Aqua
1951 398 2033 430 enim
2059 398 2162 439 ingre·
2197 396 2233 426 νἰι.

1199 449 1287 482 diens
1304 449 1333 481 in
1352 449 1528 482 naviculam
1546 453 1594 482 est
1610 450 1807 491 perturbatio
1825 451 1944 483 intrans
1962 451 1990 482 in
2009 451 2162 488 animam,

1200 505 1230 534 et
1254 505 1330 534 tunc
1355 502 1497 534 imminet
1521 502 1707 543 periculum.
1735 503 1819 535 Unde
1838 504 1866 535 in
1887 504 2047 535 Psalmffl:
2070 516 2084 530 α
2099 504 2163 535 Sal-

1201 565 1275 588 vum
1295 565 1345 588 me
1362 555 1426 594 sac,
1445 556 1546 594 Deus,
1564 556 1712 597 quoniam
1731 556 1930 588 intraverunt
1945 566 2046 598 aquae
2064 566 2163 598 usque

1200 609 1237 641 ad
1262 609 1397 641 animam
1422 618 1523 641 meam
1542 621 1571 645 »;
1596 609 1795 641 Threnorum
1824 610 1932 641 tertio:
1964 623 1978 637 α
1994 610 2163 642 Inundave-

1202 666 1278 694 runt
1301 671 1402 704 aquae
1426 671 1523 704 super
1547 666 1642 704 caput
1666 671 1790 700 meum;
1816 663 1900 694 dixi:
1927 664 2002 704 perii
2023 677 2052 694 ι).

1290 715 1342 747 [15.
1367 715 1457 747 Circa
1488 715 1740 747 consolationem
1770 716 1904 748 animae
1937 717 1996 747 tria
2021 720 2094 748 sunt
2118 721 2164 748 at·
2190 725 2252 753 mea
2268 727 2328 748 sma-

1200 768 1363 801 tendenda.
1391 769 1527 801 Primum
1553 773 1599 801 est
1623 769 1732 801 oratio
1749 769 1781 801 in
1803 768 1927 801 Christi
1953 754 2329 809 excitatione;i›¹3?t{¹1¹i’t²⁰3¹[t

1199 822 1283 864 quod
1316 822 1442 864 quidem
1469 822 1503 854 fit
1535 832 1591 864 per
1622 823 1811 860 orationem;
1846 823 1925 854 infra
1957 806 2329 855 undecimosszffiffssssfftal'V'

1205 888 1220 903 «
1237 875 1314 916 Quis
1331 879 1471 907 vestrum
1490 875 1617 908 habebit
1640 875 1775 907 amicum
1790 889 1804 904 »
1827 879 1903 913 etc.;
1923 876 2016 908 lsaiae
2034 885 2164 918 sexage-

1200 929 1280 961 simo
1303 932 1434 971 quarto:
1466 929 1561 961 «Non
1587 933 1634 961 est
1666 929 1718 970 qui
1754 929 1875 961 invocet
1907 939 2018 961 nomen
2053 934 2162 968 tuum,

1199 982 1253 1024 qui
1279 985 1388 1023 surgat
1411 985 1442 1014 et
1467 984 1571 1014 teneat
1596 985 1625 1014 te
1645 996 1672 1013 ».

1289 1034 1466 1067 Secundum
1492 1039 1539 1067 est
1564 1035 1680 1067 mentis
1696 1035 1821 1067 devotio
1845 1036 1879 1067 in
1905 1036 2162 1079 tranquillitatffi
2178 1045 2328 1076 secanam&-

1199 1088 1313 1121 Tobiae
1338 1088 1430 1120 tertio
1444 1088 1473 1120 ⁰:
1505 1102 1519 1117 «
1539 1089 1608 1121 Post
1626 1092 1839 1130 tempestatem
1859 1090 2064 1131 tranquillum
2090 1090 2165 1123 facis
2218 1075 2280 1094 '⁰²¹⁰‘

1198 1145 1229 1175 et
1253 1145 1323 1183 post
1348 1142 1603 1183 lacrymationem
1636 1147 1667 1175 et
1698 1142 1807 1175 fletum
1844 1143 2087 1176 exsultationem
2118 1144 2163 1176 in-

1199 1195 1304 1227 fundis
1319 1207 1348 1233 »;
1367 1195 1540 1237 Sapientiae
1564 1196 1766 1228 duodecimo:
1790 1210 1804 1224 «
1819 1197 1865 1229 Tu
1883 1201 1998 1235 autem,
2023 1197 2164 1229 ‹lomina-

1200 1252 1249 1281 tor
1275 1248 1415 1287 virtutis,
1440 1258 1512 1281 cum
1540 1250 1767 1292 tranquillitate
1792 1250 1910 1283 iudicas
1928 1265 1957 1282 ».

1289 1302 1430 1334 Tertium
1448 1306 1495 1335 est
1514 1303 1572 1335 Dei
1587 1302 1817 1344 honorificatae
1832 1304 1860 1336 in
1880 1305 1948 1342 hoc,
1967 1305 2048 1347 quod
2065 1306 2162 1337 Deum
2175 1311 2320 1360 hfjggtjfdegffi

1201 1359 1393 1387 venerantur
1427 1359 1458 1388 et
1489 1356 1598 1388 timent
1623 1360 1653 1388 et
1688 1357 1895 1395 confitentum
1923 1357 2018 1390 Exodi
2044 1359 2163 1391 decimo
2323 1354 2328 1358 ’

1200 1412 1314 1450 quarto
1330 1408 1372 1440 ¹⁰:
1402 1408 1592 1441 «Liberavit
1616 1410 1768 1442 Dominus
1794 1411 1885 1445 lsrael
1911 1411 1948 1443 de
1982 1421 2075 1444 manu
2109 1413 2161 1445 Ae-

1199 1461 1380 1504 gyptiorum
1399 1476 1427 1493 ».
1465 1463 1584 1494 «Tunc
1617 1463 1729 1495 cecinit
1761 1464 1880 1505 Moyses
1916 1465 2071 1497 canticum
2104 1465 2162 1497 Do-

1201 1514 1285 1546 mino
1303 1528 1317 1542 »
1340 1519 1397 1546 etc.
1417 1534 1459 1537 —
1476 1515 1520 1547 De
1545 1515 1594 1547 his
1620 1516 1721 1548 tribus
1737 1516 1853 1548 dicitur
1879 1517 1908 1548 in
1936 1517 2069 1549 Psalmo:
2092 1531 2106 1545 α
2124 1518 2163 1550 ln-

1200 1576 1276 1600 voca
1292 1576 1342 1600 me
1360 1567 1389 1599 in
1413 1567 1463 1600 die
1488 1568 1714 1607 tribulationis,
1731 1572 1762 1601 et
1778 1578 1888 1602 eruam
1906 1574 1949 1608 te,
1967 1573 1998 1602 et
2016 1570 2164 1603 honorifi-

1200 1621 1285 1653 cabis
1310 1630 1358 1654 me
1377 1635 1406 1652 ».
1425 1641 1468 1645 —
1485 1622 1520 1654 Et
1541 1622 1587 1658 sic
1606 1626 1699 1664 patet,
1717 1623 1874 1665 quomodo
1890 1624 2098 1665 spiritualiter
2115 1625 2163 1657 hic

1199 1674 1382 1716 designatur
1408 1675 1558 1708 transitus
1582 1676 1704 1708 animae
1730 1676 1924 1717 poenitentis.

1289 1728 1341 1760 46.
1371 1729 1407 1760 El
1434 1728 1679 1770 izauiqavernnt
1703 1729 1748 1761 ad
1773 1730 1938 1772 reqionem
1954 1731 1977 1748 ¹¹
2002 1734 2060 1763 etc.
2080 1731 2164 1763 Post·
2180 1738 2329 1768 circaqecun-

1200 1790 1295 1823 quam
1320 1781 1422 1822 primo
1445 1782 1580 1814 ostendit
1614 1782 1824 1824 Evangelista,
1849 1783 2009 1815 Christum
2047 1783 2163 1816 habere
2177 1765 2225 1812 ῗέτῗ
2240 1771 2330 1818 33300ῗῖ

1199 1833 1371 1866 dominium
1398 1843 1495 1876 supra
1512 1839 1690 1867 creaturam
1709 1836 1923 1876 corporalem;
1951 1836 2000 1868 liic
2025 1837 2162 1868 secundo
2178 1818 2285 1839 ‘mmm'

1200 1887 1345 1925 ostendit,
1363 1887 1480 1920 habere
1503 1887 1677 1920 dominium
1703 1897 1801 1929 supra
1823 1889 2034 1930 spiritualem
2059 1890 2088 1921 in
2107 1900 2163 1922 ex—

1200 1940 1344 1982 pulsione
1368 1940 1543 1973 admirabili
1575 1941 1794 1975 daemoniacae
1828 1943 1964 1984 legionis.
1999 1943 2084 1976 Unde
2118 1944 2162 1975 in-

1172 1990 1174 1992 ’
1200 1993 1299 2025 tendit
1326 1993 1519 2035 Evangelista
1547 1994 1577 2025 in
1604 1994 1661 2026 hac
1687 1998 1775 2035 parte
1799 1995 1960 2036 explicare
1986 1996 2160 2030 mirabilem

1201 2046 1416 2079 liberationem
1429 2046 1620 2079 daemoniaci
1634 2047 1745 2079 factam
1766 2048 1920 2080 mediante
1939 2048 2056 2081 virtute
2072 2049 2163 2081 Chri-

1200 2099 1249 2132 sti.
1275 2099 1317 2131 Ad
1341 2099 1437 2132 huius
1460 2103 1565 2132 autem
1590 2100 1732 2132 miraculi
1757 2101 1998 2142 explicationem
2024 2106 2162 2143 quatuor

1200 2152 1457 2185 introducuntur.
1484 2153 1622 2185 Primum
1646 2157 1694 2186 est
1719 2153 1872 2186 uiolentia
1889 2155 2061 2187 daemonis
2078 2155 2161 2188 obsi-

1199 2205 1305 2237 clentis
1313 2217 1325 2243 ;
1338 2205 1512 2238 secundnm
1524 2208 1572 2238 est
1584 2206 1820 2248 omnipotentia
1834 2208 1966 2240 Domini
1978 2208 2161 2249 liberantis,

1199 2258 1284 2300 quod
1301 2258 1489 2291 determinat
1503 2259 1543 2291 ibi
1556 2259 1598 2291 ¹²:
1617 2260 1653 2291 Et
1669 2260 1833 2302 royabant
1847 2261 1952 2300 illum,
1968 2272 2006 2294 ne
2019 2263 2163 2304 impera-

1200 2316 1250 2344 ret
1262 2312 1327 2344 illis
1340 2315 1414 2351 etc.;
1426 2313 1555 2345 tertium
1565 2316 1613 2346 est
1623 2315 1806 2346 reuerentia
1817 2315 1935 2357 populi
1945 2317 2162 2355 occurrentis,

1200 2365 1261 2398 ibi:
1288 2366 1384 2407 Quod
1407 2371 1444 2398 ut
1467 2367 1625 2399 viderunt
1648 2367 1798 2410 factum,
1815 2369 1875 2412 qui
1887 2369 2070 2411 pascebant
2086 2374 2161 2409 etc.;

1199 2423 1351 2461 quartum
1376 2423 1423 2452 est
1441 2419 1658 2453 benevolentia
1683 2422 1797 2454 curati
1813 2421 2086 2464 obtemperantis,
2105 2424 2161 2456 ibi:

1204 2473 1241 2505 Et
1257 2472 1399 2515 royabat
1416 2473 1510 2506 illum
1528 2474 1592 2512 vir,
1610 2484 1632 2506 α
1648 2484 1712 2518 qno
1734 2475 1913 2507 daemonia
1937 2477 2088 2508 exierant
2103 2481 2161 2509 etc.
2200 2506 2270 2527 ptimo
2285 2505 2328 2526 vio·

1298 2526 1455 2560 Vz'olentz'a
1490 2531 1596 2560 autem
1632 2528 1757 2561 (ltaboll
1787 2529 1964 2562 obsidentis
1987 2530 2164 2563 ostenditur
2180 2532 2329 2581 {ffugggegffigg

1200 2590 1241 2614 ex
1265 2584 1414 2623 quatuor,
1440 2581 1558 2614 scilicet
1573 2591 1614 2614 ex
1631 2580 1769 2624 fremitu
1786 2581 1934 2624 furoris,
1960 2592 2000 2615 ex
2024 2584 2161 2626 strepitu
2180 2593 2203 2608 ex
2216 2589 2313 2614 quatuor-

1200 2729 1226 2752 et
1243 2727 1330 2757 dolor,
1351 2733 1412 2759 spes
1431 2730 1457 2752 et
1477 2726 1564 2759 timor)
1585 2728 1632 2753 cfr.
1653 2730 1715 2752 tom.
1736 2727 1772 2752 lll.
1788 2734 1847 2759 pag.
1863 2727 1928 2758 555,
1944 2730 2003 2752 nota
2017 2726 2041 2752 7.
2063 2731 2088 2752 et
2103 2734 2163 2759 pag.

1201 2770 1267 2803 556,
1287 2775 1347 2796 nota
1368 2771 1392 2797 5.
1407 2771 1515 2796 lnserius
1534 2777 1582 2802 pro
1602 2772 1696 2797 ventus
1716 2770 1822 2797 veniens
1838 2771 1894 2796 Vat.
1909 2773 2003 2797 ventus
2017 2770 2162 2797 vehemens.

1271 2812 1281 2828 ⁷
1302 2815 1396 2840 Psalm.
1416 2815 1464 2847 68,
1483 2816 1513 2845 2,
1533 2815 1575 2840 cui
1604 2814 1775 2846 subiungitur
1805 2815 1901 2840 Thren.
1927 2815 1958 2846 3,
1979 2814 2026 2844 54,
2048 2814 2093 2840 11111
2113 2821 2161 2846 pro

1199 2865 1282 2892 super
1301 2860 1385 2892 caput
1403 2866 1494 2885 meum
1512 2859 1533 2884 Α
1544 2859 1563 2885 C
1574 2859 1625 2884 Du
1645 2866 1730 2892 usque
1748 2858 1785 2885 ad
1803 2858 1926 2885 animam
1945 2865 2043 2885 meam.

1272 2901 1283 2917 ⁸
1304 2904 1377 2929 Vers.
1397 2904 1425 2934 5,
1446 2906 1505 2935 post
1523 2910 1602 2936 quem
1629 2903 1683 2929 lsai.
1703 2903 1750 2934 64,
1769 2903 1795 2928 7.
1816 2917 1851 2922 -
1871 2904 1997 2935 Superius
2023 2910 2071 2935 pro
2089 2903 2163 2929 arci-

1200 2947 1300 2974 tatione
1319 2949 1338 2973 A
1359 2947 1520 2979 imitatione,
1543 2948 1596 2973 DG
1616 2947 1790 2974 invocatione.

1271 2990 1283 3006 ⁹
1304 2993 1377 3018 Vers.
1400 2993 1447 3023 22,
1468 2992 1512 3017 ubi
1532 2999 1580 3024 pro
1606 2991 1673 3025 sacis
1702 2993 1779 3018 codd.
1803 2992 1876 3025 facil,
1897 2997 1922 3018 et
1949 2993 1974 3017 in
2002 2993 2053 3017 tine
2074 2993 2163 3024 legunt

1200 3037 1250 3063 AC
1263 3038 1313 3063 DG
1332 3036 1465 3070 gaudium
1484 3038 1509 3062 et
1536 3036 1746 3063 exsultationem
1770 3036 1895 3070 infundit.
1915 3051 1950 3056 —
1970 3036 2088 3062 Subinde
2107 3037 2163 3062 alle·

1201 3085 1278 3114 gatur
1297 3082 1358 3113 Sap.
1386 3081 1428 3111 ¹2,
1450 3081 1489 3105 18.

1273 3124 1295 3140 ¹⁰
1315 3126 1388 3151 Vers.
1408 3126 1450 3150 30.
1470 3128 1495 3150 et
1515 3125 1561 3155 45,
1586 3124 1668 3156 l,ubi
1684 3132 1732 3157 pro
1746 3125 1881 3152 canticum
1902 3126 1954 3151 GH
1973 3133 2035 3151 cum
2050 3125 2162 3157 Vulgata

1201 3177 1321 3197 carmen.
1344 3184 1378 3188 —
1397 3170 1520 3202 Sequitur
1540 3170 1580 3195 Ps.
1600 3169 1648 3199 49,
1671 3170 1711 3195 l5.

1273 3213 1293 3229 ¹¹
1314 3213 1364 3240 Cir.
1385 3220 1465 3245 supra
1486 3220 1548 3246 pag.
1571 3214 1636 3244 198,
1656 3216 1716 3240 nota
1737 3214 1761 3239 9.
1783 3228 1814 3232 -
1835 3214 1871 3239 De
1891 3214 2021 3239 divisione
2041 3222 2097 3247 seq.
2116 3216 2162 3240 cfr.

1201 3265 1281 3291 supra
1300 3266 1325 3284 11.
1346 3257 1387 3284 34.
1406 3271 1442 3277 -
1461 3258 1509 3283 Pro
1529 3258 1677 3291 Postquam
1693 3257 1784 3291 primo
1804 3258 1881 3284 codd.
1903 3257 2004 3292 Supra.
2024 3258 2163 3291 Aliquanto

1201 3303 1310 3329 inferius
1334 3305 1394 3335 post
1422 3301 1534 3335 legionis
1554 3302 1572 3327 Β
1592 3302 1665 3328 addit
1691 3309 1708 3329 α
1738 3301 1856 3336 quodam
1875 3309 2003 3336 oppresso
2023 3306 2048 3328 et
2067 3303 2163 3329 omittit

1201 3347 1407 3381 propositionem
1429 3345 1503 3373 Unde
1522 3345 1662 3373 intendit...
1682 3346 1791 3374 Christi.

1273 3389 1296 3406 ¹⁹
1314 3392 1389 3417 Vers.
1409 3392 1457 3422 3¹;
1477 3391 1583 3418 tertium
1604 3391 1715 3418 nabetur
1734 3399 1760 3418 v.
1780 3392 1824 3418 34.
1837 3395 1863 3418 et
1876 3395 2000 3426 quartum
2021 3400 2046 3418 v.
2061 3393 2103 3423 38,
2117 3392 2161 3418 11111

1201 3443 1250 3469 pro
1269 3435 1311 3463 vir
1330 3436 1409 3462 codd.
1428 3435 1515 3463 homo.

2021 3499 2053 3522 26
