2476 3921
35 778 125 808 Propter

7 806 136 833 mysterium.

49 1043 134 1070 Figura.

49 1415 136 1443 Figura.

9 2212 138 2235 Notandum.

742 254 936 288 COMMENT.
964 256 1000 289 ΙΝ
1024 256 1262 290 EVANGELlUM
1287 258 1404 291 LUCAE
1428 259 1459 291 C.
1487 259 1559 292 xix.

158 343 353 377 mundanum
385 344 536 386 gaudium
561 347 592 377 et
623 343 827 386 praeconium
860 343 961 376 laudis
993 348 1024 377 et
1055 345 1120 386 glo-

161 397 240 430 riam
267 396 376 430 mundi
404 405 473 430 esse
503 396 787 435 contemnendam;
819 399 850 429 et
877 396 962 439 quod
991 406 1048 439 per
1074 397 1121 429 fa-

158 460 240 483 mam
264 453 295 483 et
318 449 477 483 infamiam
501 452 626 492 oportet
649 449 786 482 transire
810 458 882 482 eum
904 449 958 492 qui
984 451 1053 483 vult
1073 451 1120 484 ire

156 503 189 536 in
213 502 381 536 Ierusalem
405 510 595 544 supernam,
619 502 794 535 secundum
812 502 889 535 illud
907 502 1065 536 secundae
1081 503 1120 536 ad

156 555 334 588 Corinthios
356 555 492 588 sext01:
521 567 537 583 α
555 555 612 587 Per
635 563 724 587 arma
747 554 885 588 iustitiae
908 564 927 588 a
949 555 1073 588 dextris
1089 559 1120 589 et

155 619 174 642 a
198 608 351 648 sinistris,
375 617 432 651 per
455 608 587 651 gloriam
623 611 655 641 et
690 608 933 650 ignobilitatem,
957 617 1015 651 per
1042 609 1120 642 infa-

156 662 250 695 miam
275 666 306 695 et
329 662 444 694 bonam
479 661 612 700 famam,
637 665 673 694 ut
704 661 888 695 seductores
920 665 951 694 et
976 671 1118 702 veraces,

156 715 246 757 quasi
264 714 387 753 tristes,
404 723 531 756 semper
546 717 653 747 autem
670 713 853 756 gaudentes,
870 717 1021 756 tanquam
1039 714 1118 746 nihil

158 762 310 801 habentes
341 771 373 801 et
403 767 509 800 omnia
545 766 786 809 possidentes».
821 784 862 790 —
888 767 994 799 Voluit
1024 767 1118 800 etiam

157 822 216 854 hoc
240 824 369 864 propter
393 821 608 864 mysterium,
633 820 710 862 quia·
740 820 809 853 laus
840 820 1047 862 parvulorum
1078 820 1119 853 si-

155 874 283 917 gnificat
306 874 431 907 laudem
455 873 556 916 ipsius
579 873 609 906 in
643 873 779 906 Ecclesia
801 873 953 915 gentium.
979 873 1050 907 Ideo
1072 873 1119 906 di-

155 927 215 967 cit,
239 927 323 970 quod
347 927 475 970 lapides
505 925 718 964 clamabunt,
743 926 774 959 id
805 930 852 959 est
883 930 1010 969 gentes,
1035 935 1117 969 quae

154 981 305 1014 dicuntur
330 980 472 1023 lapides,
497 980 572 1023 quia
600 979 695 1012 eorda
727 979 884 1012 habebant
915 980 997 1012 dura
1021 984 1051 1013 et
1075 980 1119 1013 la-

156 1034 255 1077 pidea.
281 1034 352 1066 ideo
376 1033 406 1066 in
433 1033 529 1066 huius
557 1033 692 1075 figuram
725 1042 823 1075 supra
848 1033 985 1066 terti02:
1015 1033 1119 1066 «Dico

155 1087 261 1127 vobis,
286 1086 371 1129 quod
394 1090 505 1129 potens
529 1090 576 1119 est
608 1086 692 1118 Deus
723 1086 762 1119 de
794 1086 950 1128 lapidibus
974 1086 1042 1119 istis
1065 1095 1120 1119 su-

155 1140 278 1174 scitare
302 1140 383 1173 filios
416 1139 607 1178 Abrahae»,
636 1138 786 1171 duritiam
824 1139 943 1172 scilicet
975 1139 1117 1172 cordium

154 1194 340 1233 auferendo,
357 1193 532 1226 secundum
549 1192 626 1225 illud
646 1192 815 1225 Ezechielis
832 1193 992 1235 trigesimo
1009 1196 1117 1226 sexto:

160 1260 177 1277 «
192 1247 339 1280 Auferam
362 1256 381 1279 a
404 1246 494 1279 vobis
517 1255 571 1279 cor
596 1245 753 1288 lapideum
778 1249 809 1278 et
844 1246 924 1279 daho
948 1246 1036 1279 vobis
1064 1250 1119 1279 cor

155 1310 306 1334 carneum
322 1313 353 1332 ».
378 1299 558 1333 Emollitum
583 1303 631 1332 est
654 1303 761 1332 autem
785 1308 840 1332 cor
864 1309 975 1333 eorum
1000 1300 1117 1332 durum

155 1363 212 1396 per
228 1354 379 1386 virtutem
396 1352 517 1391 Crucis,
534 1361 616 1395 quae
633 1356 754 1395 petram
772 1354 928 1386 convertit
944 1353 975 1385 in
991 1359 1117 1395 aquam.

155 1407 188 1440 ln
212 1406 309 1439 huius
327 1406 461 1448 figuram
485 1405 601 1438 dicitur
623 1406 768 1438 Matthaei
789 1406 937 1448 vigesimo
953 1406 1118 1447 septimo³‚

155 1460 241 1503 quod
265 1459 296 1492 in
321 1462 423 1491 morte
447 1458 563 1491 Christi
594 1472 609 1488 «
626 1462 735 1501 petrae
758 1459 873 1492 scissae
889 1463 981 1498 sunt,
1006 1462 1037 1491 et
1054 1468 1120 1491 mo-

155 1516 306 1546 numenta
326 1515 436 1554 aperta
460 1515 578 1545 sunt».
603 1512 690 1545 Unde
713 1512 822 1545 Glossa
837 1513 869 1544 ⁴:
900 1525 915 1540 «τ
932 1512 962 1545 Si
987 1512 1120 1545 caecitas

155 1566 321 1610 contigerit
344 1566 376 1599 in
402 1566 510 1604 lsrael,
535 1570 571 1598 ut
594 1575 612 1598 a
637 1565 728 1598 laude
752 1565 807 1598 Dei
832 1566 1003 1605 conticeat;
1022 1574 1121 1607 popu·

156 1621 206 1654 lus
229 1619 387 1663 gentium,
412 1618 533 1651 mollito
556 1618 651 1651 corde
668 1617 804 1659 lapideo,
828 1617 1009 1650 Creatorem
1026 1626 1120 1649 suum

156 1674 262 1707 credet
285 1676 316 1706 et
332 1671 531 1706 annuntiabit
548 1683 578 1710 »;
598 1670 779 1704 secundum
803 1670 879 1703 illud
905 1671 943 1703 ad
969 1671 1121 1704 Romanos

156 1727 340 1761 undecimo:
377 1725 547 1759 «Caecitas
578 1734 621 1758 ex
657 1727 747 1766 parte
782 1724 912 1765 contigit
948 1724 979 1756 in
1011 1724 1120 1762 lsrael,

155 1781 254 1814 donec
278 1779 439 1823 plenitudo
462 1778 604 1821 gentium
628 1777 780 1816 intraret,
797 1780 828 1810 et
845 1777 889 1810 sic
905 1777 1008 1810 omnis
1026 1776 1117 1809 lsrael

157 1833 378 1868 salvus·fieret
394 1846 424 1865 ».
449 1832 536 1866 Unde
560 1832 591 1864 in
614 1830 711 1864 huius
726 1829 974 1872 designationem
989 1838 1121 1871 expres-

156 1897 224 1921 sam
247 1887 364 1920 dicitur
394 1886 515 1919 loannis
544 1884 757 1918 duodecimo⁵
794 1876 898 1916 statim
933 1886 1004 1925 post
1033 1891 1121 1915 mur-

157 1950 230 1974 mur
253 1940 512 1973 Pharisaeorum:
542 1951 558 1967 «
576 1938 671 1970 Erant
694 1939 800 1969 autem
825 1936 954 1978 quidam
972 1935 1119 1978 gentiles,

155 1993 210 2036 qui
234 1992 440 2026 ascenderant
455 1991 493 2024 ad
509 1991 592 2024 diem
615 1990 741 2024 festum.
761 1990 796 2023 Et
812 1993 969 2022 venerunt
992 1988 1031 2022 ad
1050 1988 1119 2020 Phi-

158 2046 278 2088 lippum
310 2045 465 2078 dicentes:
490 2044 639 2083 Domine,
664 2044 814 2076 volumus
838 2043 940 2075 lesum
964 2041 1071 2074 videre
1087 2053 1119 2080 »;

158 2103 189 2136 et
205 2099 352 2142 sequitur
368 2098 409 2131 ibi
421 2124 429 2138 ,
446 2098 531 2141 quod
552 2111 568 2127 a:
582 2097 745 2140 Philippus
761 2100 792 2130 et
808 2095 945 2129 Andreas
968 2095 1122 2128 dixerunt

158 2151 197 2184 ad
221 2152 322 2185 lesum
339 2163 371 2191 »ς
402 2152 520 2185 «Iesus
543 2155 650 2184 autem
675 2150 771 2184 dixit:
789 2150 890 2188 Pater,
915 2148 1000 2181 venit
1023 2148 1120 2187 hora;

158 2205 297 2239 clarifica
313 2205 425 2238 Filium
443 2207 534 2238 tuum
552 2217 583 2237 υ.
599 2223 638 2228 -
656 2198 701 2236 E‘x
718 2213 782 2246 quo
798 2201 962 2240 manifeste
973 2204 1120 2244 apparet,

157 2258 242 2301 quod
260 2258 336 2292 haec
352 2258 432 2291 facta
448 2261 523 2291 sunt
538 2257 577 2291 ad
594 2256 859 2290 manifestandum
875 2263 989 2288 nomen
1005 2252 1119 2286 Chris-ti

157 2315 189 2345 et
211 2311 251 2345 ad
274 2312 539 2355 praesignandum
563 2311 758 2345 vocationem
795 2309 901 2353 populi
934 2307 1121 2346 Christiani,

158 2365 336 2399 excaecatis
360 2365 496 2405 Iudaeis,
519 2365 559 2399 de
582 2373 721 2408 quorum
747 2363 893 2406 proxima
917 2361 1122 2396 subversione

158 2418 191 2451 in
222 2419 488 2462 consequentibus
518 2419 601 2462 agit,
625 2418 793 2461 deplorans
816 2416 977 2450 excidium
1002 2415 1122 2448 ierusa-

160 2473 232 2513 lem,
257 2473 392 2507 civitatis
416 2473 539 2516 regalis.

309 2560 439 2588 Pietatem
457 2560 632 2596 pontificalem
650 2559 801 2600 promissam
819 2567 846 2586 se
865 2558 973 2593 habero,

483 2605 598 2633 ostendit
615 2613 661 2641 por
679 2604 800 2641 quotuor.

251 2685 302 2718 63.
328 2685 429 2727 (Vers.
454 2686 533 2727 lit).
553 2687 591 2719 Et
609 2689 644 2719 ut
660 2684 947 2728 appropinquavit
961 2686 1020 2717 etc.
1039 2683 1124 2716 Post-

160 2747 255 2780 quam
280 2737 464 2780 descripsit,
487 2739 624 2781 qualiter
649 2738 800 2771 Dominus
824 2737 975 2776 ostendit,
999 2745 1032 2769 se
1056 2744 1124 2769 esse

233 2888 241 2904 ¹
264 2888 338 2914 Vers.
351 2888 376 2914 7.
397 2889 422 2914 8.
443 2891 470 2914 et
489 2888 532 2914 lo.

231 2931 242 2947 ²
264 2933 337 2959 Vers.
358 2933 383 2958 8.
401 2936 428 2958 et
445 2932 542 2958 deinde
561 2933 653 2958 Ezecli.
673 2932 720 2963 36,
739 2933 782 2957 26.

232 2976 243 2991 Β
263 2977 339 3003 Vers.
363 2976 406 3002 5¹.
426 2983 482 3009 seq.
501 2989 536 2995 —
554 2976 646 3002 Glossa
672 2974 815 3002 ordivwria
835 2974 876 3006 (ex
901 2974 980 3006 Beda)
1011 2974 1035 2999 in
1061 2974 1123 3000 Luc.

164 3022 173 3047 t
180 3022 210 3053 9,
231 3021 278 3048 to:
298 3020 427 3047 Crucissxo
447 3019 573 3052 Domino,
601 3019 733 3052 Apostolis
759 3026 823 3051 prae
847 3019 942 3044 timore
962 3017 1122 3049 tacentibuS,

162 3069 266 3098 petrae,
285 3071 354 3098 quac
373 3064 470 3090 sclssae
488 3067 562 3095 sunt,
581 3063 679 3097 opertis
698 3063 875 3089 monumentis
889 3063 972 3088 Deum
992 3065 1017 3087 et
1031 3061 1122 3087 mundi

163 3109 304 3135 Dominum
324 3112 413 3141 aperte
433 3105 588 3134 clamabant.

233 3153 245 3168 ⁴
265 3153 366 3180 Scilicet
384 3151 527 3180 ordinaria
550 3152 709 3186 (secundum
738 3151 847 3185 Bedam)
868 3151 893 3177 in
922 3151 983 3177 Luc.
1008 3150 1054 3181 ⁴9,
1075 3149 1122 3180 40,

163 3201 222 3231 post
241 3204 322 3231 quam
336 3197 411 3223 Rom.
433 3197 481 3228 tt,
501 3196 544 3223 25.
562 3203 619 3230 seq.

236 3241 247 3256 Β
267 3242 343 3268 Vers.
362 3242 404 3267 20.
425 3248 496 3275 seq.;
515 3241 612 3267 deinde
629 3248 657 3267 v.
677 3241 719 3267 22.
733 3244 758 3267 et
772 3241 818 3266 23:
833 3241 903 3266 lesus
916 3242 1004 3265 autem
1018 3245 1124 3271 rospon-

163 3287 203 3313 dit
219 3286 257 3313 eis
276 3286 380 3313 dicens:
399 3285 477 3312 Venit
496 3286 569 3318 horu,
588 3289 616 3312 ut
634 3285 790 3312 clarificetur
808 3285 887 3311 Filius
906 3283 1019 3310 hominis
1033 3282 1066 3316 (c.
1081 3283 1124 3315 Π,

167 3332 195 3357 i:
216 3331 306 3362 Pater,
326 3330 399 3356 venit
417 3331 496 3362 hora,
515 3330 626 3356 clarifica
646 3329 739 3356 Filium
759 3328 858 3362 tuum).

237 3374 248 3390 ⁰
267 3375 320 3401 Cir.
339 3381 418 3407 supra
437 3381 462 3400 n.
483 3374 525 3400 43.
544 3388 580 3394 —
599 3373 717 3402 Subinde
736 3374 864 3406 allegatur
883 3372 962 3399 llebr.
983 3372 1012 3403 4,
1034 3372 1077 3397 ⁴5.

235 3417 245 3433 ἵ
267 3418 356 3445 Verba
371 3417 488 3453 plorans
508 3420 532 3446 et
545 3418 647 3454 *desunt
666 3418 690 3444 in
711 3417 789 3444 codd.
809 3414 834 3444 e't
852 3417 930 3448 Vat.;
952 3416 999 3443 sed
1017 3415 1079 3449 quia
1099 3415 1124 3440 in

2079 261 2143 294 495

1185 345 1345 379 Christum
1371 347 1559 388 promissum
1592 352 1745 391 quantum
1777 349 1816 382 ad
1847 353 2030 392 potestatem
2056 359 2145 392 rega-

1186 398 1261 437 lem;
1280 399 1330 432 hic
1347 401 1509 433 secundo⁶
1533 402 1668 434 ostendit
1692 402 1722 435 id
1740 402 1842 444 ipsum
1867 403 1970 445 quoad
1991 403 2143 445 pietatem

1183 451 1412 494 pontificalem.
1439 454 1525 486 Sicut
1548 455 1629 487 enim
1660 459 1796 497 potestas
1831 459 1863 488 et
1899 456 2000 488 honor
2034 456 2145 488 decent

1185 502 1309 547 r'egem,
1334 506 1378 538 sic
1402 506 1525 548 pietatis
1548 506 1637 540 dolor
1653 508 1741 541 decet
1759 509 1953 550 pontificem,
1970 508 2144 541 secundum

1185 557 1263 590 illud
1285 558 1323 591 ad
1349 559 1503 592 Hebraeos
1534 564 1666 602 quarto:
1697 574 1712 588 α
1730 561 1793 593 Non
1831 561 1984 594 habemus
2020 561 2144 603 pontifi-

1184 619 1267 650 cem,
1292 611 1345 653 qui
1370 621 1431 644 non
1457 613 1553 654 possit
1577 614 1709 655 compati
1747 614 1985 646 infirmitatibus
2009 615 2143 652 nostris,

1185 667 1338 696 tentatum
1364 674 1419 706 per
1453 666 1557 698 omnia
1590 675 1647 707 pro
1681 666 1885 699 similitudine
1919 667 2039 708 absque
2073 675 2144 708 pec-

1184 720 1253 749 cato
1270 730 1299 749 n.
1324 716 1508 750 Ostenditur
1536 723 1642 751 autem
1675 719 1855 752 huiusmodi
1892 719 1990 760 pietas
2025 719 2141 751 Christi

1185 779 1313 812 magna,
1338 771 1413 813 quia
1437 771 1466 803 in
1492 772 1541 804 die
1565 773 1678 805 summi
1706 772 1834 805 honoris
1850 773 1897 805 sui
1924 772 1954 804 in
1972 772 2066 805 terris
2083 781 2143 805 non

1184 823 1325 855 cessabat
1349 833 1367 856 a
1391 824 1537 866 lacrymis
1568 834 1624 867 per
1653 825 1799 858 affectum
1824 825 2058 867 compassionis.
2086 826 2143 858 De-

1184 876 1335 909 scribitur
1359 877 1456 919 igitur
1475 878 1574 919 pietas
1589 878 1723 917 Christi,
1740 883 1776 911 ut
1796 879 1935 921 plorans
1949 880 1961 898 ⁷
1985 883 2016 912 et
2039 879 2145 921 deplo-

1185 938 1258 962 rans
1282 930 1416 962 civitatis
1439 931 1641 963 sacerdotalis
1670 932 1836 973 qaudium
1868 931 2025 970 stultum,
2057 932 2145 964 exci—

1184 983 1279 1015 dium
1299 983 1495 1025 proximum
1519 988 1550 1017 et
1569 989 1742 1026 peceatum
1763 984 2033 1026 praeambulum.

1274 1036 1376 1068 Primo
1400 1036 1495 1078 igitur
1519 1041 1672 1079 quantum
1697 1038 1735 1070 ad
1763 1037 1887 1070 Christi
1906 1036 2073 1080 pontificis
2088 1037 2143 1078 sle-
2156 1047 2309 1073 mmmm

1185 1093 1256 1121 tum
1276 1089 1470 1131 piissimum
1494 1090 1582 1123 dicit:
1610 1092 1649 1123 Et
1665 1095 1703 1124 ut
1718 1091 2012 1135 appropinquavit,
2029 1091 2143 1123 videm
2155 1074 2308 1130 ριῖιῖῗὲἓῗᾳω

1183 1143 1369 1182 civitatem,
1393 1142 1480 1185 flevit
1503 1153 1606 1185 super
1629 1144 1732 1176 illam.
1759 1144 2052 1188 Appropinquavit
2078 1132 2308 1176 nonwm¹³³⁸⁸¹⁰⁰¹⁶'

1184 1199 1306 1229 tantum
1331 1197 1473 1238 corporis
1508 1197 1587 1236 situ,
1623 1206 1734 1230 verum
1768 1198 1860 1230 etiam
1885 1197 1988 1230 cordis
2012 1197 2142 1235 affectu,

1184 1248 1356 1281 secundum
1374 1248 1451 1281 illud
1469 1248 1567 1281 iacobi
1585 1252 1699 1291 quarto
1712 1249 1742 1281 ⁸:
1765 1263 1781 1278 «ι
1795 1250 2049 1291 Appropinquate
2066 1250 2142 1287 Deo,

1183 1306 1214 1334 et
1237 1302 1503 1344 appropinquabit
1527 1302 1614 1335 vobis
1630 1315 1662 1342 1>;
1686 1306 1717 1336 et
1752 1303 1985 1336 Deuteronomii
2011 1306 2142 1344 quarto:

1190 1368 1204 1384 α
1221 1356 1307 1396 Quae
1330 1359 1377 1388 est
1401 1355 1482 1388 enim
1507 1355 1567 1388 alia
1592 1356 1675 1388 natio
1692 1360 1754 1388 tam
1771 1356 1913 1398 grandis,
1931 1364 2012 1398 quae
2030 1355 2142 1388 habeat

1183 1409 1257 1442 deos
1280 1409 1569 1451 appropinquantes
1601 1409 1657 1442 sibi
1674 1412 1710 1441 »Ἰ
1743 1410 1827 1442 Vidit
1850 1410 1943 1442 etiam
1976 1400 2161 1442 civitatens

1184 1471 1245 1494 non
1270 1465 1394 1496 tantum
1429 1462 1529 1495 oculis
1563 1462 1722 1504 corporis,
1747 1471 1858 1495 verum
1890 1462 1983 1494 etiam
2016 1466 2143 1504 aspectu

1185 1515 1323 1557 pietatis;
1348 1515 1530 1548 Psalmus⁰z
1561 1528 1576 1543 α
1593 1515 1745 1556 Quoniam
1771 1515 1935 1557 prospexit
1958 1515 1996 1547 de
2020 1514 2145 1547 excelso

1185 1572 1292 1601 sancto
1315 1577 1391 1607 suo;
1416 1568 1569 1600 Dominus
1592 1567 1631 1600 de
1661 1568 1747 1600 caelo
1783 1568 1814 1600 in
1847 1571 1964 1600 terram
2000 1567 2142 1609 aspexit,

1185 1625 1221 1654 ut
1244 1621 1369 1654 audiret
1403 1621 1570 1664 gemitus»
1599 1624 1669 1659 etc.;
1701 1624 1733 1653 et
1765 1620 1861 1653 Exodi
1896 1620 2002 1653 tertio:
2043 1633 2058 1648 α
2078 1619 2143 1652 Vidi

1185 1675 1383 1707 afflictionem
1409 1674 1515 1716 populi
1533 1674 1592 1707 mei
1609 1674 1641 1706 in
1657 1676 1794 1716 Aegypto
1806 1687 1821 1702 »
1843 1677 1902 1706 etc.
1923 1673 2024 1705 Flevit
2043 1682 2145 1714 super

1186 1727 1278 1760 illam
1303 1737 1358 1769 per
1382 1728 1575 1760 affectionem
1601 1727 1771 1769 piissimam
1788 1730 1819 1759 et
1836 1726 2082 1768 compassionem
2101 1725 2145 1757 ai-

1186 1780 1366 1813 fectuosam.

1276 1833 1327 1865 64.
1355 1834 1389 1866 Et
1413 1837 1500 1872 nota,
1524 1833 1608 1875 quod
1633 1832 1778 1865 Christus
1803 1833 1918 1875 legitur
1950 1835 1998 1865 ter
2023 1831 2146 1864 flevisse
2164 1842 2278 1874 rernm

1185 1894 1243 1928 pro
1267 1885 1373 1917 nobis:
1399 1894 1495 1927 super
1530 1886 1706 1917 Lazarum
1740 1884 1995 1921 suscitandum
2025 1883 2146 1916 loannis
2167 1868 2271 1889 mmm*

1185 1938 1352 1971 undecimo
1365 1938 1409 1970 ¹⁰:
1433 1951 1448 1966 α
1463 1938 1497 1970 Et
1511 1938 1700 1979 lacrymatus
1714 1941 1761 1970 est
1774 1937 1859 1970 lesus
1872 1949 1902 1975 »;
1920 1945 2017 1978 super
2029 1936 2145 1968 eivita-

1185 1995 1249 2023 tem
1271 1990 1468 2029 Jerusalem,
1493 1990 1574 2023 sicut
1598 1990 1665 2028 hic;
1691 1993 1722 2022 et
1745 1989 1868 2022 tandem
1894 1990 1931 2022 in
1954 1998 2073 2026 c›·uce‚·
2105 1988 2143 2020 ad

1187 2043 1340 2076 Hebraeos
1362 2042 1491 2084 quinto:
1519 2054 1535 2070 «ι
1552 2042 1631 2074 Cum
1654 2041 1790 2074 clamore
1814 2041 1916 2074 valido
1939 2044 1971 2073 et
1995 2041 2142 2082 lacrymis

1185 2095 1333 2135 offerens,
1357 2095 1527 2128 exauditus
1542 2098 1590 2127 est
1606 2103 1664 2136 pro
1688 2103 1745 2127 sua
1768 2094 1990 2131 reverentia»;
2014 2102 2056 2126 ex
2081 2102 2145 2135 quo

1186 2148 1410 2192 periectissime
1434 2148 1493 2181 fuit
1516 2148 1614 2190 pietas
1645 2147 1762 2180 Christi
1793 2146 1989 2179 manifestata
2011 2146 2049 2178 ad
2074 2155 2140 2179 nos.

1185 2201 1331 2235 Creditur
1362 2201 1455 2247 etiam
1491 2200 1615 2233 flevisse
1651 2199 1685 2232 in
1715 2209 1781 2232 sua
1812 2197 1980 2241 infamia,
2016 2197 2313 2240 quandofortusequa.

1185 2255 1314 2289 intravit
1345 2255 1376 2287 i'n
1412 2254 1586 2297 praesentis
1620 2257 1720 2286 status
1756 2253 1931 2291 miseriam,
1967 2251 2142 2285 secundum
2210 2242 2250 2260 ¹⁹¹·

1186 2309 1269 2352 quod
1295 2308 1429 2341 Ecclesia
1452 2308 1491 2341 de
1514 2308 1582 2350 ipso
1605 2307 1765 2340 cantatu:

1330 2388 1409 2421 Vagit
1427 2388 1525 2420 infans,
1546 2388 1611 2414 inter
1630 2390 1700 2413 arcta
1720 2386 1845 2413 conditus
1864 2385 2013 2418 praesepia.

1189 2469 1220 2502 ln
1245 2469 1304 2502 hoc
1335 2472 1440 2501 autem
1475 2467 1674 2510 quadruplici
1710 2466 1787 2500 fletu
1819 2470 1957 2508 quatuor
1992 2465 2023 2497 in
2057 2464 2147 2497 nobis
2161 2478 2311 2509 Quattuor-dis-

1187 2521 1322 2555 ostendit
1345 2521 1459 2554 dehere
1490 2519 1558 2554 esse
1580 2519 1772 2553 differentias
1795 2519 2007 2561 lacrymarum
2033 2521 2064 2551 et
2092 2517 2147 2550 sse·
2163 2506 2312 2559 ’ἓξ-..Ὓῖῐῖὲῗ

1189 2579 1298 2608 tuum:
1322 2584 1364 2608 ex
1388 2573 1655 2616 compunctione,-
1679 2573 1881 2606 Psalmus¹²:
1910 2584 1925 2600 α
1943 2571 2065 2604 Lavabo
2090 2579 2146 2613 per
2193 2564 2270 2586 ''m''

1189 2628 1328 2671 singulas
1351 2630 1458 2660 noctes
1482 2627 1598 2659 lectum
1616 2634 1737 2664 meum,
1755 2624 1902 2666 lacrymis
1918 2624 1996 2656 meis
2012 2627 2145 2656 stratum

1190 2690 1294 2715 meum
1319 2680 1427 2723 rigabo
1440 2692 1471 2720 »3
1488 2683 1518 2713 et
1535 2679 1679 2712 Matthaei
1697 2678 1847 2721 vigesimo
1863 2681 1954 2711 sexto
1969 2677 2085 2710 dicitur
2108 2676 2146 2709 de

1190 2735 1295 2773 Petro,
1319 2733 1404 2776 quod
1434 2746 1449 2762 «
1465 2741 1612 2775 egressus
1635 2732 1736 2770 toras,
1761 2731 1846 2764 flevit
1869 2738 1975 2763 amare
1991 2742 2022 2761 ιι.
2041 2747 2081 2753 -
2100 2729 2146 2761 Ex
2165 2744 2270 2765 sema„

1190 2894 1265 2919 seqq.
1290 2887 1409 2919 quatuor
1434 2882 1553 2909 membra
1578 2883 1739 2911 reseruntur,
1763 2887 1877 2914 quorum
1903 2879 2018 2912 primum
2044 2883 2081 2905 est
2101 2878 2146 2912 fle-

1188 2931 1232 2956 tus
1249 2928 1405 2963 piissimus,
1426 2927 1467 2953 hic
1486 2930 1570 2952 textus
1590 2925 1696 2950 mutilus
1714 2927 1770 2950 erat
1793 2923 1956 2955 supplendus
1979 2922 2070 2948 saltem
2091 2921 2147 2948 bre·

1188 2973 1303 2999 vissiine.

1258 3015 1268 3031 ⁸
1290 3016 1363 3041 Vers.
1378 3016 1406 3047 8,
1426 3014 1467 3040 cui
1487 3013 1650 3040 subnectitur
1669 3012 1743 3038 Dent.
1764 3011 1792 3042 ⁴,
1811 3011 1837 3036 7.

1258 3059 1269 3075 ⁹
1288 3060 1380 3086 i‘sulm.
1398 3059 1459 3089 toi,
1480 3058 1522 3083 20.
1541 3064 1596 3090 seq.
1616 3060 1641 3082 et
1659 3055 1755 3082 deinde
1774 3054 1855 3080 Exod.
1874 3056 1904 3085 3,
1923 3054 1950 3080 7.

1258 3103 1280 3119 ¹⁰
1301 3104 1375 3130 γει-5.
1396 3103 1439 3128 35.
1453 3116 1485 3121 -
1499 3101 1622 3134 Sequitur
1642 3099 1721 3126 Hebr.
1739 3099 1769 3130 5,
1788 3099 1813 3124 7.
1833 3098 1883 3125 Cir.
1898 3099 1924 3124 S.
1944 3099 2051 3129 Bonan,
2070 3097 2145 3124 Com-

1188 3151 1268 3175 ment.
1286 3148 1313 3173 ln
1333 3148 1401 3173 ioan.
1421 3153 1443 3171 c.
1468 3146 1506 3170 11.
1526 3152 1550 3170 n.
1570 3144 1618 3176 57,
1638 3143 1683 3169 ubi
1703 3143 1794 3174 docet,
1812 3141 1960 3174 Christum,
1981 3145 2019 3167 ter
2038 3142 2139 3173 nendo,

1187 3197 1239 3220 tres
1257 3192 1373 3224 origines
1391 3194 1416 3217 et
1435 3196 1534 3222 poenus
1553 3191 1720 3221 peccatorum
1740 3187 1941 3220 (infirmitatem,
1954 3186 2105 3212 caecitatem
2119 3190 2145 3212 et

1188 3236 1386 3270 malignitatem)
1405 3234 1552 3261 deflevisse.

1259 3280 1279 3295 ¹¹
1299 3281 1348 3306 Pro
1368 3278 1502 3305 Dominica
1522 3277 1650 3304 Passionis
1669 3276 1694 3302 in
1714 3277 1813 3308 hymno
1827 3275 1860 3301 ad
1874 3274 2146 3309 Matut.:1>anqetin-

1188 3333 1243 3360 qua
1261 3322 1375 3359 yloriosi
1392 3326 1441 3349 etc.
1460 3323 1578 3354 Hymnus
1597 3321 1639 3347 ille
1663 3324 1703 3347 est
1730 3319 1852 3346 venantii
1872 3320 1937 3346 Hon.
1956 3319 2039 3346 Clem.
2058 3319 2145 3345 Fortu-

1187 3369 1254 3400 nati,
1274 3366 1440 3394 Pictaviensis
1458 3366 1539 3398 episc.
1565 3365 1644 3397 (circa
1673 3371 1716 3391 an.
1735 3364 1799 3397 600)
1818 3368 1844 3390 et
1862 3362 1974 3389 liabetur
1994 3363 2020 3389 n.
2046 3362 2145 3388 Miscel-

1188 3414 1238 3439 lan.
1257 3419 1279 3438 c.
1300 3413 1323 3438 2.
1495 3409 1517 3425 ¹²
1537 3409 1630 3436 Psalm.
1648 3409 1678 3441 6,
1698 3409 1730 3440 7,
1748 3412 1808 3441 post
1826 3415 1906 3442 quem
1927 3408 2015 3434 Manu.
2036 3408 2084 3438 26,
2102 3407 2146 3433 75.
