2427 3872
402 258 465 285 ΑΡΟ

165 317 202 322 -
220 305 314 335 parant
332 304 431 336 pascha
449 310 497 336 per
515 303 675 330 documenta
689 304 755 330 veri-

112 347 171 374 tatis
189 349 215 373 et
232 347 297 374 dum
317 350 415 374 vocant
426 347 462 373 ad
474 347 667 374 medicamenta
685 349 755 374 salu-

112 391 144 418 tis
162 392 206 418 Vll
226 391 278 418 544
299 391 332 417 48
350 406 386 410 -
405 391 440 418 ad
459 392 689 419 manducationem
710 399 755 425 pa-

110 437 189 463 schae
202 435 363 462 familiariter
374 435 566 463 discubuerunt
577 443 639 463 cum
651 436 754 463 Christo

110 479 163 506 545
182 480 215 506 20

165 538 201 543 ——
219 523 422 551 aemulabantur
449 532 499 558 pro
527 524 632 552 Christo
659 526 755 552 latente

109 568 222 595 elatione
247 569 291 595 Vll
320 569 372 595 245
398 570 426 595 91
451 584 486 589 -
505 570 644 596 carnaliter
661 571 755 596 afficie-

109 612 207 639 bantur
224 613 444 645 circaChristum
463 614 497 640 Vl
517 614 568 640 460
582 614 625 641 24.
644 615 687 641 Vll
702 614 753 641 458

110 658 144 684 28
163 672 199 677 -
226 651 356 691 quamdiu
384 665 446 684 cum
473 659 513 684 eis
541 659 589 685 suit
612 659 753 691 Dominus,

109 709 171 728 eum
196 702 334 728 carnaliter
356 702 502 735 diligebant
525 705 551 729 et
578 710 626 736 per
654 703 755 730 subtra-

109 746 224 773 ctionem
243 747 408 779 praesentiae
421 748 566 780 corporalis
579 747 754 781 disponeban-

109 791 152 817 tur
169 790 204 817 ad
222 791 385 823 spiritualem
404 798 524 818 amorem
537 794 563 818 et
575 792 610 818 ad
628 793 754 825 receptio-

109 841 170 861 nem
190 835 302 868 Spiritus
320 836 404 862 sancti
423 836 456 862 Vl
476 836 528 863 524
548 837 582 863 29

162 894 198 899 --
217 879 362 913 diligebant
383 880 517 907 Christum
545 889 637 908 amore
663 882 751 909 sociali

108 927 135 951 et
153 931 245 951 amore
270 925 414 959 spirituali,
434 926 505 952 unde
528 926 692 953 laudabiliter
711 928 752 953 tri—

107 968 245 995 stabantur
263 970 449 1002 compatiendo
467 970 579 1003 Christo,
597 971 645 997 sed
664 971 751 998 minus

108 1013 178 1040 hene
196 1015 309 1041 nolendo
337 1014 372 1041 ab
399 1022 431 1041 eo
456 1016 573 1048 separari
593 1016 625 1041 Vl
646 1016 697 1042 463
717 1017 750 1042 36

107 1073 143 1078 -
156 1059 221 1092 Quia
235 1058 368 1086 Christum
386 1060 522 1090 carnaliter
536 1060 688 1093 diligebant,
700 1061 750 1087 dis-

108 1102 222 1136 plicebat
239 1103 285 1136 eis,
305 1104 378 1137 quod
397 1103 511 1131 debebat
530 1112 579 1137 pro
592 1104 669 1131 nobis
683 1106 750 1132 mori

108 1148 152 1174 Vll
171 1147 222 1174 469
242 1148 276 1174 57
295 1163 330 1166 —
350 1149 442 1174 tristati
461 1156 492 1175 ex
517 1149 623 1175 caritate
641 1150 676 1176 de
694 1157 750 1182 pas-

108 1192 182 1219 sione
200 1192 295 1219 Christi
315 1193 347 1219 Vl
367 1194 418 1219 608
439 1194 454 1219 2
473 1200 488 1219 3
506 1208 542 1212 -
554 1193 749 1226 Discipulorum

108 1237 316 1263 desiderantium
336 1238 430 1264 caritas
448 1238 614 1270 approbatur
633 1239 678 1265 Vll
698 1239 748 1265 438

108 1282 157 1313 38,
177 1282 210 1307 39
223 1296 259 1300 -
271 1282 325 1308 zelo
345 1282 443 1308 amoris
461 1281 556 1309 Christi
576 1283 689 1315 accensi,
709 1283 748 1309 in-

107 1325 311 1352 flammabantur
328 1326 363 1353 ad
382 1326 571 1358 defensionem,
584 1328 631 1354 sed
645 1327 747 1354 dubita-

106 1370 170 1397 bant
188 1371 222 1397 de
240 1371 297 1397 eius
316 1371 450 1397 voluntate
469 1371 521 1398 559
542 1372 575 1398 62

159 1431 195 1434 -
214 1415 332 1442 Christus
350 1416 487 1448 discipulis
506 1417 634 1448 praedixit
647 1416 750 1451 passio-

105 1467 173 1494 nem,
192 1467 224 1486 ne
243 1459 331 1486 subito
350 1460 459 1487 veniens
472 1468 518 1487 eos
531 1462 639 1487 omnino
653 1469 750 1488 concu-

106 1505 152 1531 tiat
170 1505 213 1530 Vll
232 1504 284 1530 242
305 1505 338 1530 83
357 1519 393 1523 -
411 1505 556 1531 excitantur
581 1507 616 1532 ad
635 1507 749 1539 cogitan-

107 1549 168 1575 dam
191 1550 306 1575 futuram
328 1550 479 1582 passionem
501 1549 563 1577 ibid.
582 1566 618 1569 —
631 1551 750 1578 Christus

106 1593 234 1626 praedicit
251 1594 382 1626 Apostolis
394 1594 575 1621 imminentem
589 1596 749 1629 passionem,

106 1642 135 1664 ut
147 1640 281 1664 armentur
294 1641 320 1664 et
332 1639 483 1665 animentur
496 1639 549 1666 555
563 1640 596 1666 49
611 1655 646 1660 —-
659 1642 750 1667 exhor-

106 1686 193 1709 tantur
203 1683 236 1709 ad
247 1683 404 1709 imitandum
415 1683 547 1710 Christum
559 1685 592 1710 Vl
602 1685 652 1711 427
662 1686 705 1716 46,
717 1686 748 1711 48

160 1742 195 1746 -
213 1735 266 1753 11011
287 1728 464 1760 intelligebant
482 1728 576 1755 Christi
598 1730 749 1762 passionem

105 1772 202 1804 partim
223 1772 266 1804 ,ob
294 1779 413 1799 amorem
438 1773 567 1806 caritatis,
593 1775 689 1806 partim
714 1774 750 1800 ob

105 1816 187 1842 fidem
215 1817 375 1849 Divinitatis,
404 1818 501 1850 partim
529 1817 750 1845 ob‘consueturn

106 1861 216 1888 modum
227 1861 352 1895 loquendi
363 1862 388 1888 in
398 1862 532 1894 parabolis
542 1863 585 1889 Vll
603 1863 654 1889 243
668 1863 702 1889 84
716 1878 751 1882 -—-

105 1913 160 1931 non
178 1905 318 1938 capiebant
345 1907 501 1939 mysterium
525 1907 717 1940 redemptionis
735 1915 750 1934 a

105 1950 208 1977 Christo
232 1951 270 1977 eis
289 1952 448 1985 revelatum,
468 1955 527 1978 ante
547 1953 750 1979 consummatio-

105 2002 166 2021 nem
187 1995 238 2021 227
259 1995 292 2022 35
305 2011 341 2014 -
354 2003 407 2022 11011
420 1997 599 2029 intelligebant
612 1998 748 2024 veritatem

105 2039 140 2065 de
159 2041 244 2066 sutura
263 2040 386 2072 passione
405 2041 500 2068 Christi
512 2049 543 2068 ex
557 2043 682 2068 caecitate
695 2049 748 2068 cor-

105 2084 147 2110 dis
172 2084 223 2110 469
252 2084 285 2111 57
305 2099 340 2104 —
364 2085 520 2119 credebant,
549 2086 682 2114 Christum
708 2094 749 2113 re-

105 2129 274 2161 demptorem
293 2133 319 2155 01
338 2131 496 2157 salvatorem
516 2131 553 2157 ire
566 2132 591 2157 in
605 2132 746 2158 Ierusalem

104 2173 140 2199 ad
167 2181 231 2200 suae
260 2174 350 2206 regiae
383 2176 517 2208 potestatis
547 2176 748 2202 ostentationem

105 2217 157 2244 477
177 2217 209 2243 47
230 2232 265 2237 —
283 2219 412 2245 timebant
429 2221 514 2246 lesum
534 2221 697 2253 interrogare
715 2221 749 2247 de

104 2269 153 2288 sua
172 2263 296 2295 passione
315 2264 366 2290 234
387 2264 421 2290 84
440 2279 475 2283 -
494 2268 620 2299 tanquam
640 2266 748 2292 sensibi-

104 2307 143 2333 les
161 2314 213 2333 non
226 2308 415 2341 perquirebant
428 2310 564 2336 veritatem
579 2310 613 2336 de
626 2311 748 2343 passione

104 2351 209 2383 Christi,
228 2359 297 2385 quae
316 2356 371 2379 erat
390 2354 428 2380 eis
447 2354 602 2381 abscondita
632 2355 682 2381 469
713 2355 746 2381 57

104 2410 140 2416 -
159 2403 211 2422 11011
232 2397 404 2430 intelligentes
431 2403 562 2432 quaerunt
590 2400 623 2426 de
642 2407 747 2426 recessu

104 2440 199 2467 Christi
212 2442 244 2467 Vl
265 2442 316 2468 437
330 2438 346 2468 5
359 2456 395 2462 -
407 2443 567 2476 nesciebant,
586 2444 660 2477 quod
678 2444 749 2471 Chri-

103 2487 160 2511 stus
178 2486 255 2512 vellet
273 2486 355 2518 mori,
375 2487 435 2513 ideo
462 2487 627 2514 instruuntur
645 2492 671 2514 et
689 2495 748 2514 0011-

105 2531 248 2561 fortantur,
268 2532 297 2556 ut
316 2538 370 2556 non
389 2530 498 2557 timeant
517 2533 568 2558 398
589 2533 621 2558 48

158 2588 194 2592 -
211 2573 330 2600 Christus
348 2578 404 2601 erat
421 2582 435 2600 a
455 2576 593 2608 discipulis
612 2577 644 2603 ad
666 2577 748 2603 modi-

103 2624 166 2643 cum
190 2619 356 2651 separandus
383 2622 409 2646 et
440 2620 491 2646 cito
519 2628 676 2647 reversurus
704 2622 747 2648 Vll

103 2662 156 2688 556
176 2662 209 2689 53
227 2678 264 2682 -
282 2671 334 2690 non
354 2664 437 2691 visuri
464 2667 539 2691 erant
566 2665 697 2692 Christum
722 2666 748 2692 in

70 2729 73 2730 γ
104 2709 224 2740 tempore
237 2708 418 2742 tribulationis,
432 2709 478 2735 sed
492 2710 574 2736 visuri
588 2710 614 2736 in
628 2713 748 2743 tempore

103 2753 287 2779 consolationis
315 2754 347 2779 Vl
368 2753 418 2779 462
445 2755 494 2787 30,
523 2756 551 2781 31
576 2770 612 2774 —
630 2755 748 2782 Christus

103 2796 275 2829 praedicebat
292 2805 368 2824 suam
395 2800 615 2826 resurrectionem
634 2801 749 2834 discipu-

103 2842 134 2868 lis
154 2849 204 2868 non
225 2842 438 2876 intelligentibus,
458 2847 487 2870 ut
505 2847 596 2876 postea
610 2846 749 2872 crederent

104 2886 156 2912 276
177 2887 220 2912 36.
240 2886 292 2913 277
313 2887 341 2913 44
365 2902 401 2907 -
419 2887 538 2915 Christus
563 2890 692 2922 praedicit
710 2890 748 2916 eis

103 2931 338 2963 resurrectionem,
356 2939 390 2958 ne
409 2940 440 2959 ex
459 2934 582 2966 passione
600 2937 748 2961 terreantur

104 2975 149 3001 Vll
169 2975 220 3001 467
240 2976 282 3002 53.
303 2976 354 3002 469
374 2976 407 3002 56
427 2991 462 2997 -
482 2978 610 3004 Dominus
629 2980 748 3005 hortatur

103 3019 261 3052 discipulos,
281 3023 310 3053 ut
327 3024 436 3053 propter
454 3028 588 3048 recessum
601 3030 681 3049 suum
694 3031 746 3049 non

104 3063 226 3089 vacillent
245 3064 270 3089 in
294 3064 362 3096 fide,
387 3066 434 3091 sed
463 3066 549 3098 magis
577 3067 685 3093 credant
713 3068 746 3094 Vl

105 3107 157 3133 435
178 3108 201 3133 4.
222 3107 273 3133 436
293 3108 308 3133 3
501 3111 503 3116 '

158 3165 194 3170 -—
220 3152 255 3178 de
281 3151 398 3179 absentia
426 3153 520 3180 Christi
547 3155 626 3181 nimis
654 3156 745 3182 tristati

101 3199 177 3228 sunt,
204 3196 267 3229 quia
295 3203 349 3222 non
379 3197 582 3224 considerabant
613 3198 747 3226 absentiae

103 3241 219 3266 {ructum
240 3240 272 3266 Vl
291 3240 342 3266 458
364 3241 406 3272 42,
427 3241 468 3267 43.
489 3242 540 3268 463
554 3242 572 3268 b
591 3249 631 3276 sq.
645 3258 678 3261 —
694 3247 747 3269 tan-

104 3286 161 3310 tum
180 3282 275 3310 turbati
295 3288 368 3310 erant
395 3284 429 3311 de
456 3285 590 3317 praedicta
609 3287 746 3319 passione,

104 3328 179 3361 quod
197 3328 260 3354 nihil
278 3328 431 3361 cogitabant
449 3330 483 3355 de
496 3330 579 3361 gloria
594 3330 645 3358 459,
665 3331 698 3356 23
711 3344 748 3349 -

105 3372 216 3398 desolati
234 3372 267 3398 de
286 3379 391 3399 recessu
410 3372 506 3400 Christi
525 3374 571 3400 471
597 3375 639 3407 48,
660 3375 693 3400 49
711 3389 747 3393 -

783 216 820 249 ΙΝ
842 216 1136 251 COMMENTARIOS
1160 219 1189 251 S.
1214 219 1440 254 SCRIPTURAE

2052 228 2110 260 671

1769 269 1829 295 App

792 312 823 331 ex
842 306 1023 337 praedictione
1041 313 1162 333 recessus
1185 307 1279 334 Christi
1299 309 1357 335 {acti
1376 313 1436 336 sunt
1472 317 1486 336 a
1506 311 1615 343 strepitu
1630 312 1681 338 516
1696 313 1729 338 55
1743 328 1778 332 -
1790 313 1922 340 Christum
1942 319 2114 348 apparentem

792 356 844 375 non
864 350 1012 382 diligentes,
1031 351 1077 377 sed
1097 351 1183 378 tristes
1197 352 1248 378 457
1268 353 1296 378 44
1315 368 1350 371 -
1362 353 1435 380 Chri-

792 396 848 420 stus
866 395 1044 427 multipliciter
1057 396 1206 422 consolatur
1219 396 1361 430 discipulos
1374 405 1436 424 con-

793 440 831 464 tra
855 438 1033 465 turbationem
1060 442 1086 466 et
1113 440 1303 467 desolationem
1328 442 1361 468 de
1386 450 1434 469 suo

792 489 898 509 recessu
917 482 952 510 ib.
972 484 1005 509 40

845 542 880 546 -
900 528 1023 554 consolati
1042 528 1137 555 Christi
1156 531 1303 562 praesentia
1328 531 1362 557 Vl
1383 531 1434 558 457

793 572 837 598 44.
862 572 913 598 608
934 573 949 598 2
968 588 1003 591 -
1023 573 1191 600 tristabantur
1215 575 1240 600 in
1266 575 1358 602 Christi
1378 583 1434 609 pas-

792 616 881 648 sione,
899 617 946 643 sed
966 617 1017 643 cito
1037 619 1155 650 gavisuri
1173 623 1247 645 erant
1260 620 1292 645 de
1305 621 1362 646 eius
1381 622 1434 653 glo-

791 661 937 687 rincatione
961 662 1019 688 sive
1043 664 1235 690 resurrectione
1265 664 1314 692 462
1335 666 1368 691 33
1398 679 1434 685 -

792 705 910 737 gaudent
928 706 952 732 in
972 710 1107 733 aeternum
1121 708 1155 734 de
1168 707 1261 735 Christi
1275 710 1357 741 gloria
1371 709 1432 736 ibid.

791 764 827 768 —
845 751 931 777 tristes
950 752 1055 778 suerunt
1074 759 1104 778 ex
1123 752 1218 779 Christi
1238 754 1369 786 passione,
1390 762 1432 786 ga-

791 795 840 821 visi
859 796 1049 823 resurrectione
1068 804 1098 824 ex
1117 798 1174 824 eius
1187 798 1288 824 visione
1302 799 1353 824 620
1369 800 1378 824 4
1397 814 1432 818 —

791 839 904 866 tribulati
925 840 1085 873 intempore
1098 843 1242 874 passionis,
1262 844 1387 869 consolati
1405 844 1431 870 in

790 884 833 911 die
851 886 1049 912 resurrectionis
1068 887 1120 912 608
1141 888 1150 912 4
1175 894 1188 912 3

842 944 877 948 ——
896 930 1063 957 scandalizati
1082 931 1110 957 in
1135 932 1257 964 passione
1280 932 1375 959 Christi
1401 940 1430 960 ex

790 973 940 1001 infirmitate
959 975 1003 1001 Vll
1023 975 1073 1001 476
1095 976 1127 1001 44
1147 991 1181 994 -
1200 975 1300 1003 Caritas
1319 977 1431 1010 discipu-

789 1018 875 1044 lorum
895 1019 963 1045 laesa
985 1021 1068 1046 suerat
1085 1020 1111 1046 in
1132 1023 1251 1053 ternpore
1264 1022 1394 1053 passionis
1406 1026 1432 1048 et

788 1064 947 1089 reformatur
975 1064 1000 1089 in
1029 1065 1072 1091 die
1100 1067 1297 1092 resurrectionis
1326 1067 1429 1093 Vl'622

789 1114 813 1132 v.
834 1107 867 1133 49
886 1122 921 1126 -
940 1108 1061 1135 videntes
1089 1110 1239 1142 passionem
1268 1111 1363 1137 Christi
1387 1113 1430 1138 ho-

788 1152 876 1184 minis,
895 1152 1051 1186 credebant,
1070 1154 1144 1187 quod
1173 1155 1265 1181 volens
1284 1156 1338 1188 pati
1358 1159 1383 1182 et
1402 1159 1430 1182 ut

787 1196 857 1223 Deus
877 1204 970 1229 passus
989 1200 1029 1224 est
1048 1198 1098 1224 446
1121 1198 1153 1224 48

841 1256 876 1260 -
904 1242 1082 1268 Somnolentia
1107 1243 1294 1275 Apostolorum
1319 1244 1430 1271 instante

787 1286 928 1312 tentatione
953 1287 1074 1319 arguitur
1102 1287 1145 1313 Vll
1172 1287 1223 1314 558
1253 1288 1285 1314 58
1305 1303 1341 1307 —
1369 1290 1431 1315 dor-

787 1329 903 1356 miebant
922 1338 973 1357 non
992 1338 1023 1357 ex
1042 1332 1165 1364 crapula,
1184 1333 1230 1358 sed
1251 1340 1280 1359 ex
1301 1334 1429 1360 moestitia

787 1374 850 1401 ibid.

840 1434 875 1438 —-
903 1420 1016 1452 dispersi
1043 1424 1104 1447 sunt
1132 1425 1158 1447 et
1185 1423 1297 1454 separati
1324 1423 1376 1448 ilde
1404 1426 1429 1448 et

786 1471 899 1496 corpore
918 1465 951 1490 Vl
972 1464 1023 1490 465
1050 1465 1082 1490 46
1102 1481 1137 1484 —
1156 1465 1275 1492 Christus
1300 1467 1430 1499 praedixit

787 1509 825 1534 eis
843 1509 1050 1541 dispersionem,
1070 1517 1122 1536 non
1142 1514 1171 1536 ut
1185 1511 1365 1544 desperarent,
1382 1512 1428 1538 sed

787 1556 816 1579 ut
835 1553 860 1579 in
879 1560 911 1579 eo
930 1554 1091 1580 confiderent
1111 1554 1144 1581 z'b.
1165 1555 1198 1581 47

840 1612 876 1616 -—
894 1598 984 1623 divina
1003 1598 1174 1631 dispositione
1199 1607 1252 1637 non
1272 1600 1429 1632 sepelierunt

788 1641 929 1674 Christum,
957 1643 1019 1676 quia
1048 1642 1173 1669 timebant
1202 1644 1323 1677 ludaeos,
1351 1649 1376 1670 et
1395 1652 1429 1670 ne

787 1687 957 1713 crederentur
989 1694 1085 1720 corpus
1116 1689 1173 1714 eius
1204 1690 1281 1715 furati
1310 1696 1367 1715 esse
1396 1690 1429 1715 Vl

788 1731 839 1756 503
859 1732 892 1756 66

842 1790 877 1793 ——
889 1779 1073 1808 cognoverunt
1084 1776 1298 1804 resurrectionem
1311 1785 1359 1810 per
1373 1786 1429 1804 mu-

788 1820 864 1846 lieres
883 1820 916 1846 Vl
937 1820 988 1846 510
1009 1822 1051 1846 28.
1072 1821 1114 1847 Vll
1134 1821 1185 1847 590
1207 1822 1239 1847 42
1254 1837 1288 1840 -—
1307 1829 1360 1848 non
1373 1829 1429 1848 cre-

787 1864 886 1891 debant
895 1866 1114 1891 resurrectionem
1127 1873 1174 1898 per
1184 1866 1303 1892 auditum
1318 1873 1365 1892 nec
1380 1874 1428 1899 per

788 1912 924 1942 aspectum
945 1910 989 1936 Vll
1008 1910 1054 1935 591
1081 1910 1122 1942 44,
1144 1911 1176 1936 ’15
1196 1925 1231 1930 -
1250 1912 1351 1937 auditui
1371 1919 1430 1937 mu-

787 1954 879 1980 lierum
891 1955 925 1980 de
938 1955 1128 1980 resurrectione
1138 1962 1191 1981 non
1204 1955 1355 1986 credebant,
1367 1956 1428 1988 quia

787 2002 843 2024 erat
861 1998 982 2024 mirabile
1000 1999 1073 2032 quod
1092 1999 1214 2025 dicebant
1233 1999 1267 2026 ib.
1288 2000 1320 2026 14
1340 2015 1374 2018 ——
1393 2001 1429 2026 di-

787 2043 848 2068 vina
876 2043 1049 2075 dispositione
1078 2043 1233 2069 mulieribus
1260 2051 1312 2069 non
1341 2045 1428 2070 crede-

786 2087 858 2121 bant,
877 2090 905 2114 111
924 2088 1008 2113 1113101
1027 2091 1053 2113 et
1070 2088 1165 2113 certior
1184 2088 1301 2114 veritatis
1319 2089 1428 2114 assertio

786 2132 948 2158 obtineretur
961 2140 1010 2165 pro
1022 2132 1099 2158 nobis
1112 2140 1159 2165 per
1173 2134 1254 2159 multa
1273 2136 1427 2165 argumenta

787 2176 850 2204 z‘bz'd.

801 2246 806 2249 .
841 2236 876 2240 —
903 2221 992 2247 audita
1020 2222 1089 2247 sama
1114 2222 1312 2247 resurrectionis
1339 2222 1427 2254 potius

786 2268 847 2292 sunt
864 2265 995 2298 perterriti
1013 2273 1094 2298 quam
1116 2266 1201 2298 gavisi
1217 2267 1257 2292 Vll
1272 2266 1323 2291 594
1338 2267 1379 2299 29,
1392 2267 1425 2292 30

786 2325 821 2329 ——
845 2313 919 2336 erant
947 2310 1027 2336 territi
1055 2310 1147 2336 nuntio
1179 2311 1335 2342 mulierum,
1363 2311 1425 2343 quia

788 2355 913 2381 horribile
931 2358 987 2380 erat
1006 2355 1044 2380 eis
1062 2361 1160 2387 corpus
1180 2355 1283 2380 Domini
1297 2355 1425 2387 amisisse,

786 2402 811 2425 et
830 2396 995 2430 incredibile,
1015 2399 1089 2432 quod
1113 2399 1267 2424 surrexisset
1285 2398 1318 2425 ib.
1339 2400 1371 2425 30
1391 2414 1425 2418 -

785 2451 837 2469 11011
857 2443 963 2469 invento
982 2450 1094 2475 corpore
1113 2442 1207 2469 Christi
1227 2443 1390 2469 mirabantur
1401 2447 1426 2469 et

786 2487 959 2519 terrebantur,
977 2488 1024 2513 sed
1044 2495 1095 2513 non
1109 2487 1315 2513 laetificabantur
1328 2488 1379 2513 595
1392 2488 1421 2513 31

784 2546 820 2551 -
830 2532 1047 2558 resurrectionem
1062 2539 1114 2557 non
1124 2531 1277 2563 credebant,
1290 2532 1336 2558 sed
1349 2532 1384 2558 de
1396 2539 1425 2558 ea

786 2576 949 2602 haesitabant
972 2580 997 2602 et
1025 2576 1195 2602 conferebant
1219 2576 1281 2603 ibid.
1306 2592 1341 2594 —
1366 2584 1427 2602 non-

786 2621 850 2647 dum
870 2620 1009 2653 sapiebant
1027 2621 1157 2653 caelestia,
1176 2621 1224 2647 sed
1244 2624 1346 2647 terrena
1365 2620 1427 2647 ibid.

785 2680 820 2684 —
833 2669 906 2692 erant
919 2666 986 2691 tardi
1006 2665 1101 2697 corde,
1120 2666 1181 2698 quia
1195 2666 1303 2691 credere
1316 2672 1369 2691 non
1381 2673 1428 2691 vo-

786 2710 873 2737 lebant
900 2710 995 2737 Christi
1024 2710 1135 2742 gloriam
1165 2714 1190 2736 et
1208 2710 1427 2736 resurrectionem

785 2754 820 2782 ib.
840 2755 873 2781 32
899 2770 934 2774 -
959 2755 1030 2780 1111110
1059 2755 1139 2781 modo
1168 2754 1293 2781 volebant
1320 2755 1428 2781 credere

785 2800 1007 2826 resurrectionem
1031 2800 1059 2825 Vl
1081 2799 1131 2825 446
1152 2799 1184 2825 48

839 2859 875 2863 —-
893 2845 948 2871 duo
975 2852 1028 2870 non
1053 2845 1190 2871 credentes
1217 2845 1318 2871 auditui
1343 2851 1428 2870 curre-

786 2888 849 2915 bant
867 2889 901 2915 ad
915 2892 1117 2915 monumentum
1130 2889 1165 2915 ad
1179 2889 1362 2922 inquirendam
1376 2896 1428 2914 cer-

786 2933 924 2959 titudinem
953 2941 1001 2966 per
1025 2936 1161 2965 aspectum
1188 2933 1231 2958 Vll
1260 2933 1307 2958 594
1342 2933 1374 2958 45
1393 2947 1428 2951 —-

785 2981 878 3004 euntes
896 2978 930 3004 ad
950 2980 1152 3004 monumentum
1176 2977 1364 3003 confirmarunt
1391 2980 1428 3002 te-

785 3023 938 3048 stimonium
967 3022 1109 3047 mulierum
1129 3021 1180 3047 594
1201 3021 1228 3047 34
1253 3035 1288 3039 —-
1307 3021 1360 3046 duo
1379 3021 1427 3046 sol-

785 3066 853 3092 licite
871 3069 1002 3092 venerunt
1020 3066 1054 3092 ad
1068 3068 1268 3091 monumentum
1289 3065 1321 3090 Vl
1341 3064 1392 3089 505
1411 3064 1426 3090 4

784 3125 820 3129 -
838 3113 1011 3136 cucurrerunt
1029 3110 1062 3136 ad
1089 3113 1301 3139 monumentum,
1320 3108 1426 3141 quando

785 3155 969 3180 annuntiatum
993 3154 1049 3185 suit,
1074 3161 1172 3186 corpus
1196 3153 1291 3179 Christi
1309 3152 1425 3178 ablatum

786 3198 832 3223 514
857 3199 900 3231 31,
921 3199 954 3224 32
967 3213 1002 3216 -
1015 3201 1143 3224 venerunt
1163 3197 1196 3223 ad
1216 3200 1425 3227 monumentum,

784 3246 813 3267 ut
823 3243 938 3275 aliquam
949 3242 1153 3268 consolationem
1167 3241 1314 3273 reciperent
1326 3240 1378 3265 507
1393 3241 1425 3265 48

838 3301 874 3305 -
886 3287 1026 3319 Discipulis
1040 3286 1207 3318 congregatis
1220 3284 1343 3319 apparuit
1356 3284 1426 3310 Chri-

784 3333 841 3357 stus
861 3331 893 3356 Vl
913 3330 965 3356 512
985 3330 1027 3356 37.
1054 3330 1105 3356 546
1125 3330 1159 3356 55
1178 3344 1213 3348 -
1231 3329 1354 3354 viderunt
1379 3328 1426 3353 Do-

785 3375 897 3407 minum,
911 3382 972 3400 cum
985 3375 1063 3400 simul
1077 3377 1163 3400 essent
1176 3377 1202 3400 et
1212 3373 1237 3399 in
1251 3373 1331 3399 domo
1345 3372 1439 3411 quieti

1472 362 1524 381 non
1549 357 1635 382 statim
1664 358 1860 396 cognoscebant
1888 360 1938 385 520
1968 360 1983 385 6
2010 375 2044 378 -
2073 362 2115 386 311-

1471 400 1517 432 qui
1542 400 1697 428 dubitabant
1725 402 1758 428 de
1786 404 1976 430 resurrectione
2004 404 2113 435 Christi,

1471 445 1638 472 aestimantes
1648 449 1731 472 totum
1744 447 1895 481 illud,qu0d
1907 448 2033 475 videbant
2044 450 2113 475 Chri-

1472 491 1540 514 stum
1563 491 1656 521 saccre,
1670 498 1748 523 posse
1762 498 1820 518 esse
1839 500 1852 517 a
1866 493 1960 525 spiritu
1980 494 2067 527 aliquo
2089 495 2112 520 111

1471 537 1587 559 3551111110
1606 541 1718 566 corpore
1743 536 1794 561 518
1815 536 1848 561 67
1869 551 1903 555 —
1923 544 1969 569 per
1988 539 2113 564 ostensio-

1471 583 1517 603 nes
1529 577 1623 604 Christi
1637 586 1689 605 non
1703 579 1835 606 habebant
1848 581 1961 607 rationes
1979 587 2112 614 cogentes,

1471 622 1516 647 sed
1537 621 1704 656 inducentes,
1725 624 1783 650 ideo
1803 625 1945 651 credebant
1958 626 2010 651 nde
2029 634 2113 653 resur-

1470 667 1612 692 rectionem
1633 667 1694 694 ibid.

1523 725 1557 729 —
1576 711 1646 737 intus
1665 712 1790 739 amabant
1813 713 1960 746 Christum,
1980 719 2005 740 et
2025 719 2110 741 tamen

1470 754 1624 781 dubitabant
1653 757 1696 782 Vll
1717 757 1768 783 592
1790 758 1831 789 491
1852 759 1879 783 21
1904 773 1939 778 -
1958 764 2018 785 sunt
2036 761 2112 786 certi-

1468 799 1538 825 sscati
1556 800 1590 825 de
1608 802 1799 827 resurrectione
1819 802 1911 828 Christi
1933 811 1980 835 per
2000 793 2111 830 mandu—

1468 844 1668 874 03110110111600
1688 846 1722 872 53
1742 860 1776 865 -
1797 847 1820 872 111
1839 846 1932 873 Christi
1947 849 2111 880 apparitione

1469 889 1549 914 territi
1569 892 1643 922 sunt,
1663 891 1724 923 quia
1750 898 1811 916 eum
1832 895 1965 917 mortuum
1986 893 2012 918 in
2032 900 2110 919 crucc

1468 933 1588 959 viderant
1613 934 1663 959 599
1694 934 1726 960 47
1746 950 1780 953 -
1801 935 1926 962 timebant
1954 937 1979 962 in
2009 938 2111 969 appari-

1469 977 1537 1003 tione
1556 977 1659 1011 Christi,
1678 980 1739 1012 quia
1769 984 1878 1006 venerat
1903 982 1987 1007 ianuis
2015 983 2109 1008 clausis

1468 1021 1529 1048 ibid.
1548 1038 1583 1041 —
1602 1024 1688 1055 primo
1708 1025 1786 1050 territi
1813 1028 1880 1056 post,
1900 1026 2010 1052 ostensis
2030 1027 2110 1052 mani-

1468 1066 1518 1092 bus
1537 1071 1563 1093 et
1581 1068 1668 1099 latere,
1682 1072 1742 1094 sunt
1756 1069 1841 1100 gavisi
1862 1069 1894 1095 ib.
1916 1070 1948 1095 48
1968 1085 2003 1089 -
2022 1075 2109 1102 gratu-

1467 1111 1553 1137 lantur
1571 1119 1602 1137 ex
1630 1116 1736 1144 aspectu
1766 1113 1870 1138 Domini
1898 1114 1928 1139 Vl
1949 1115 2000 1140 512
2021 1115 2049 1140 41
2075 1130 2109 1134 -

1470 1156 1662 1188 Discipulorum
1691 1158 1836 1183 reverentia
1857 1158 1987 1184 Christum
2014 1166 2110 1191 cogno-

1467 1201 1595 1227 scentium
1610 1201 1660 1227 523
1675 1202 1708 1227 23
1722 1217 1757 1220 -
1770 1209 1863 1228 omnes
1876 1203 2017 1236 participes
2036 1208 2110 1230 erant

1467 1246 1558 1277 gaudii
1571 1253 1600 1272 ex
1614 1246 1785 1278 apparitione,
1805 1254 1873 1279 quae
1893 1248 1957 1272 sacta
1978 1252 2016 1274 est
2034 1249 2108 1274 Petro

1468 1290 1510 1315 Vll
1525 1290 1575 1315 598
1591 1290 1624 1316 44
1637 1305 1672 1309 —-
1686 1290 1832 1317 referebant
1846 1292 1965 1318 Thomae
1981 1293 2108 1318 visionem

1468 1335 1584 1366 Domini,
1605 1338 1633 1361 ut
1653 1335 1800 1361 testimonio
1824 1336 1969 1362 videntium
1990 1337 2109 1363 crederet

1467 1380 1684 1405 resurrectionem
1706 1380 1738 1405 Vt
1759 1380 1809 1405 513
1832 1380 1864 1405 47

1520 1438 1555 1442 -
1592 1428 1652 1455 post
1687 1425 1904 1450 resurrectionem
1941 1426 2108 1452 crediderunt

1466 1468 1639 1500 praedictioni
1660 1467 1753 1494 Christi
1775 1469 1816 1494 Vll
1837 1470 1887 1495 590
1912 1470 1936 1494 11

1519 1527 1554 1530 -
1573 1515 1647 1538 013111
1665 1513 1816 1544 congregati
1831 1513 1925 1539 clausis
1943 1514 2027 1540 ianuis
2050 1522 2107 1547 pro-

1467 1559 1523 1588 pter
1543 1561 1643 1582 metum
1664 1557 1697 1582 Vt
1726 1557 1778 1582 512
1798 1557 1830 1583 37
1850 1572 1885 1576 -
1909 1565 2000 1584 eorum
2021 1559 2108 1591 timor,

1466 1608 1527 1627 cum
1548 1608 1601 1627 non
1620 1604 1688 1627 esset
1712 1603 1852 1628 necessitas
1877 1602 2033 1634 confitendi,
2052 1608 2107 1629 erat

1466 1645 1624 1672 infirmitatis
1644 1646 1695 1671 503
1715 1645 1749 1671 67

1518 1705 1553 1708 —
1572 1697 1664 1716 omnes
1682 1694 1829 1723 sequuntur
1848 1691 1952 1716 Petrum
1972 1691 2006 1717 ad
2026 1692 2108 1723 pisca-

1466 1735 1562 1760 tionem
1583 1735 1616 1759 Vt
1637 1735 1687 1760 519
1709 1735 1723 1760 4
1743 1749 1777 1752 —
1798 1735 1822 1760 in
1848 1742 1948 1761 vanum
1974 1735 2107 1762 laborave-

1465 1782 1534 1811 runt,
1553 1782 1695 1811 antequam
1723 1779 1823 1804 veniret
1850 1778 1969 1805 Christus
1988 1778 2050 1806 ibid.
2070 1795 2104 1798 —

1465 1827 1540 1849 antea
1555 1824 1647 1848 trustra
1661 1822 1821 1855 laborantes,
1835 1822 2043 1856 obtemperando
2058 1825 2106 1850 im·

1465 1867 1538 1900 perio
1557 1867 1650 1893 Christi
1675 1866 1828 1893 mirabiliter
1847 1871 1974 1900 ceperunt
1993 1868 2105 1894 multitu-

1465 1912 1553 1938 dinem
1579 1912 1690 1944 piscium
1711 1910 1745 1938 ib.
1763 1912 1788 1943 7,
1810 1912 1824 1936 8
1845 1926 1879 1930 —-
1898 1912 1939 1937 alii
1959 1919 2010 1938 non
2030 1917 2104 1938 erant

1466 1957 1499 1982 ita
1519 1958 1649 1982 ferventes
1668 1959 1696 1982 ut
1715 1956 1805 1981 Petrus
1824 1956 1875 1981 520
1898 1957 1923 1981 11

1518 2014 1553 2020 -
1571 2001 1698 2026 laetantur
1717 2000 1750 2026 de
1769 2000 1920 2025 ascensione
1940 2004 2048 2032 propter
2068 2002 2105 2026 vi-

1464 2045 1573 2071 ctoriam
1592 2045 1704 2075 Domini,
1717 2051 1797 2077 quem
1811 2044 1938 2070 videbant
1951 2049 2103 2076 penetrasse

1464 2096 1587 2122 suprema
1607 2089 1738 2115 caelorum
1758 2088 1801 2113 vu
1821 2088 1871 2113 603
1892 2089 1926 2113 65
1945 2103 1980 2107 -
1999 2088 2104 2115 benedi-

1463 2134 1497 2160 cti
1516 2137 1577 2160 sunt
1595 2140 1609 2159 3
1629 2133 1730 2159 Christo
1749 2135 1808 2158 antc-
1826 2140 1902 2158 suam
1922 2133 2119 2160 ascensionem‘

1463 2178 1496 2205 ib.
1516 2179 1550 2204 63

1516 2237 1551 2240 —
1571 2222 1597 2247 in
1616 2222 1714 2253 templo
1733 2224 1807 2247 erant
1825 2221 1859 2247 ad
1879 2221 2008 2247 orandum
2023 2226 2047 2247 et
2061 2229 2105 2247 ex-

1462 2267 1634 2299 spectandum
1654 2266 1779 2297 Spiritum
1803 2269 1922 2291 sanctum
1945 2266 1985 2291 Vll
1999 2266 2050 2291 604
2070 2266 2103 2291 66

1462 2326 1497 2329 -
1515 2313 1674 2343 acceperunt
1692 2317 1706 2335 a
1725 2309 1826 2336 Christo
1841 2309 1968 2343 Spiritum
1982 2314 2102 2336 sanctum

1462 2356 1487 2381 111
1509 2356 1570 2381 113111
1590 2355 1690 2380 occulte
1709 2355 1759 2379 602
1781 2354 1808 2379 61
1827 2368 1863 2373 -
1876 2361 1923 2386 per
1941 2354 2033 2380 decem
2048 2354 2105 2380 dies

1463 2400 1612 2426 debuerunt
1630 2406 1658 2425 se
1677 2405 1835 2431 praeparare
1855 2399 1888 2425 ad
1902 2399 2028 2431 Spiritum
2048 2406 2105 2425 san-

1463 2447 1534 2470 ctum
1564 2443 1747 2476 accipiendum
1777 2442 1942 2469 abundanter
1971 2447 1996 2469 et
2015 2448 2105 2476 aperte

1463 2488 1524 2515 ibid.
1538 2503 1573 2507 -—
1585 2495 1638 2514 non
1651 2487 1785 2513 debebant
1797 2488 1951 2519 procedere,
1963 2490 2103 2520 antequam

1463 2532 1634 2559 induerentur
1648 2533 1745 2558 virtute
1759 2532 1870 2564 Spiritus
1883 2532 1966 2558 sancti
1980 2532 2031 2557 603
2045 2532 2079 2557 62

1516 2592 1551 2596 -
1571 2577 1727 2603 Convocatis
1746 2577 1773 2602 in
1793 2584 1875 2602 unum
1895 2576 1972 2602 datur
1992 2576 2104 2608 Spiritus

1464 2625 1570 2649 sanctus
1589 2622 1632 2647 Vll
1652 2621 1703 2647 217
1724 2622 1739 2647 2
1759 2635 1793 2639 -
1806 2621 1832 2646 in
1846 2620 1973 2646 descensu
1993 2620 2104 2652 Spiritus

1464 2667 1546 2693 sancti
1574 2666 1721 2692 confirmati
1748 2669 1817 2696 sunt,
1836 2668 1861 2690 et
1888 2665 1992 2696 linguae
2012 2665 2104 2707 igneae

1464 2713 1644 2744 apparuerunt
1662 2710 1695 2735 Vl
1715 2709 1765 2735 514
1785 2709 1818 2734 50

1518 2771 1553 2774 -
1572 2758 1648 2781 0111111
1675 2753 1773 2780 iudices
1797 2761 1857 2779 cum
1884 2753 1985 2779 Christo
2015 2753 2038 2777 in
2064 2759 2104 2778 ex-

1465 2804 1548 2826 tremo
1567 2799 1663 2825 iudicio
1683 2798 1726 2823 Vll
1746 2798 1796 2823 469
1818 2797 1858 2822 17.
1879 2797 1925 2822 291
1951 2796 1984 2822 45
1997 2801 2104 2822 —sunt

1464 2850 1609 2870 assessores
1627 2843 1654 2868 in
1673 2842 1770 2868 iudicio
1791 2841 1822 2867 Vl
1844 2841 1894 2866 437
1914 2848 1941 2866 v.
1964 2841 1973 2865 4
1992 2855 2027 2859 -
2040 2840 2105 2866 iudi-

1464 2889 1561 2914 cabunt
1583 2887 1658 2920 quasi
1686 2885 1827 2912 assessorie
1857 2885 1908 2910 552
1929 2884 1943 2910 4
1963 2899 1997 2903 -
2016 2885 2044 2910 111
2066 2885 2105 2910 iu-

1464 2933 1533 2958 dicio
1562 2930 1715 2957 iudicabunt
1740 2936 1787 2962 per
1815 2929 1989 2954 excellentiam
2019 2928 2104 2960 digni-

1463 2977 1522 3002 tatis
1541 2976 1583 3001 Vll
1612 2975 1658 3000 551
1684 2974 1716 2999 40
1741 2972 1951 2999 —iudicabunt
1975 2972 2104 3005 approba-

1464 3021 1533 3046 tione
1553 3020 1586 3045 Vl
1615 3019 1665 3044 313
1686 3018 1719 3043 56
1739 3031 1773 3036 -—
1791 3017 1853 3050 quia
1882 3017 2023 3049 participes
2052 3018 2104 3042 1110-

1463 3067 1523 3090 111111
1542 3062 1738 3089 tribulationum
1752 3060 1855 3092 Christi,
1870 3061 2012 3093 participes
2026 3065 2101 3086 erunt

1462 3107 1502 3134 sui
1521 3106 1635 3133 convivii
1654 3109 1679 3131 et
1697 3105 1754 3131 solii
1774 3105 1881 3131 honoris
1894 3105 1936 3130 Vll
1952 3105 1998 3130 551
2023 3105 2055 3130 40
2069 3119 2103 3123 -

1462 3151 1615 3178 iudicabunt
1634 3154 1662 3176 ut
1681 3150 1740 3175 iusti
1761 3150 1811 3175 482
1831 3150 1859 3174 61
1877 3164 1912 3168 -
1925 3153 1985 3176 511111
2004 3149 2104 3175 iudices

1462 3199 1570 3229 propter
1588 3194 1704 3220 veritatis
1723 3194 1912 3226 perfectionem
1932 3193 1978 3219 291
2004 3193 2037 3219 45

1515 3240 1650 3265 Arnum-10
1669 3252 1705 3256 —
1723 3238 1785 3264 dicit
1810 3238 1938 3263 actionem
1965 3242 1990 3264 et
2008 3237 2103 3270 signifi-

1462 3284 1600 3315 cationem,
1620 3286 1645 3308 et
1663 3285 1791 3316 quantum
1810 3282 1844 3308 ad
1864 3283 1932 3308 hanc
1945 3285 2101 3314 potestesse

1463 3329 1541 3354 unius
1560 3334 1688 3360 personae
1706 3327 1763 3353 sine
1787 3327 1866 3352 altera
1892 3327 1925 3352 Vl
1945 3327 1996 3352 310
2017 3326 2049 3352 45
2069 3341 2104 3344 -

1467 3373 1536 3398 Deus
1555 3373 1703 3405 [requenter
1715 3371 1838 3404 apparuit
1852 3371 1876 3397 in
1890 3371 1976 3403 effigie
1990 3372 2105 3396 humana
