2476 3921
22 1087 126 1110 Tertium.

3 1195 67 1221 eptem
82 1193 133 1214 vitia

8 1219 112 1247 capitalia.

736 248 929 280 COMMENT.
956 248 991 280 ΙΝ
1017 247 1255 280 EVANGELlUM
1280 248 1397 280 LUCAE
1422 249 1453 280 C.
1478 250 1539 281 XV.

147 337 338 379 iniquitatis,
363 337 437 379 quia
461 337 688 378 elongaverunt
723 345 756 369 se
791 346 809 369 a
833 345 882 369 me
914 339 945 369 et
968 337 1107 369 ambula-

146 392 261 422 verunt
285 393 354 431 post
377 390 546 422 vanitatem
563 392 600 421 n?
624 390 668 422 De
693 389 742 422 his
764 389 868 422 tribus
884 389 979 422 simul
996 398 1108 422 secun-

145 442 203 475 dae
226 442 265 475 ad
288 442 466 475 Corinthios
490 443 624 475 sext01:
655 455 670 470 α
686 442 773 483 Quae
797 442 994 484 participatio
1018 441 1108 474 iusti—

148 495 208 528 tiae
231 504 304 528 cum
329 495 516 537 iniquitate?
539 496 598 528 Aut
621 504 702 537 quae
734 495 865 528 societas
889 495 969 528 lucis
999 495 1037 528 ad
1063 499 1108 528 te-

146 549 284 582 nebras?
309 549 394 590 Quae
417 552 523 581 autem
556 548 722 581 conventio
744 548 859 581 Christi
896 548 934 581 ad
960 549 1052 581 Belial
1069 552 1108 581 »2²

151 602 237 643 «Qui
263 605 367 634 autem
392 610 564 634 consensus
588 601 704 643 templo
730 601 783 634 Dei
808 610 879 634 cum
905 601 996 634 idolis
1013 605 1049 634 n?
1073 602 1109 633 Et

146 658 313 697 propterea
336 655 449 687 merito
472 658 636 696 peccator,
660 654 713 696 qui
739 654 863 696 elongat
887 663 920 687 se
936 664 955 687 a
972 655 1035 687 Deo
1052 663 1108 696 per

148 710 307 748 peccatum
332 711 363 739 et
387 707 471 739 vadit
494 707 526 739 in
550 706 709 748 regionem
735 706 937 748 longinquam
972 707 1062 749 longe
1090 717 1107 740 a

146 760 268 792 caelesti
295 760 435 802 regione,
460 759 626 801 proiicitur
642 760 672 792 in
690 759 866 797 infernum,
884 759 938 801 qui
957 763 1004 792 est
1021 760 1108 802 regio

145 812 255 844 mortis
279 814 310 844 et
334 812 537 844 tenebrarum
550 838 557 850 ‚
582 811 756 844 secundum
782 811 859 844 illud
877 812 929 844 lob
945 812 1066 845 decimo
1079 812 1106 844 ²:

150 877 166 893 τι
182 865 354 907 Antequam
381 865 492 897 vadam
514 864 551 897 ad
570 868 686 897 terram
705 865 901 897 tenebrosam
919 869 950 897 et
966 869 1108 907 opertam

146 918 256 951 mortis
280 918 428 960 caligine,
453 922 571 950 terram
596 918 741 951 miseriae
765 922 796 950 et
812 917 1035 958 tenebrarum,
1053 918 1107 951 ubi

146 972 261 1004 umbra
285 972 395 1004 mortis
418 975 449 1004 et
472 971 579 1004 nullus
603 971 712 1004 ordo»
742 975 800 1004 etc.

235 1026 288 1058 25.
313 1025 418 1058 Tertio
442 1028 596 1067 quantum
613 1025 651 1058 ad
668 1025 918 1067 dissipationem
937 1025 1013 1058 boni
1026 1035 1108 1067 yra-

147 1079 212 1111 tiae
235 1083 265 1111 et
287 1083 434 1111 naturae
450 1078 630 1120 subiungit:
661 1079 868 1121 Dissipavit³
884 1078 1108 1111 substanciam

145 1140 255 1163 suam.
282 1131 485 1173 Dissipavit,
510 1131 654 1173 inquam,
672 1140 728 1173 per
746 1135 872 1173 peccata
895 1131 1104 1173 spiritualia,

147 1192 228 1225 quae
252 1184 389 1217 maxime
413 1184 565 1226 dissipant
589 1184 744 1223 animam,
768 1189 800 1217 et
824 1185 883 1217 hoc
906 1184 1034 1226 quidem
1052 1193 1108 1226 per

146 1236 340 1279 superbiam
348 1249 359 1275 ,·
383 1238 506 1270 Nahum
530 1238 712 1270 secundo&
743 1251 757 1266 a
776 1238 862 1270 Sicut
886 1237 1020 1270 reddidit
1049 1238 1109 1270 Do-

149 1289 253 1323 minus
277 1290 458 1332 superbiam
483 1291 590 1330 Iacob,
615 1291 658 1324 sic
683 1291 865 1333 superbiam
897 1291 1009 1330 lsrael,
1033 1291 1109 1333 quia

149 1346 320 1376 vastatores
354 1343 587 1386 dissipaverunt
622 1353 675 1377 eos
707 1348 738 1377 et
774 1344 960 1386 propagines
997 1353 1108 1377 eorum

147 1400 361 1438 corruperunt
378 1411 408 1429 ι».
426 1415 468 1422 -
486 1398 577 1437 ltem,
594 1407 651 1440 per
668 1398 802 1430 inanem
824 1397 969 1440 ploriam
980 1409 991 1435 ;
1016 1397 1111 1430 Isaiae

148 1450 259 1483 tertio:
290 1463 305 1479 «
322 1451 439 1493 Popule
463 1460 571 1490 meus,
596 1451 649 1493 qui
680 1455 710 1484 te
742 1451 869 1484 beatum
898 1451 1025 1490 dicunt,
1051 1451 1108 1494 ipsi

150 1507 180 1536 te
203 1503 363 1546 decipiunt
387 1507 419 1536 et
443 1504 524 1536 viam
554 1513 722 1546 gressuum
754 1508 883 1536 tuorum
907 1504 1109 1546 dissipant».

147 1575 191 1579 -
225 1557 312 1595 Item,
337 1558 393 1599 p'er
429 1557 605 1596 iuvidiam,
630 1557 804 1590 secundum
840 1557 918 1590 illud
954 1557 1110 1590 Psalmifi:

153 1623 168 1639 «ι
185 1610 340 1652 Dissipata
364 1615 439 1643 sunt
462 1619 533 1643 ossa
556 1614 664 1643 nostra
688 1619 780 1643 secus
805 1610 964 1643 infernum
982 1624 1012 1649 »,
1037 1620 1112 1652 sup—

149 1660 225 1704 ple:'
240 1672 297 1705 per
321 1663 484 1702 invidiam,
508 1663 547 1696 de
570 1672 634 1706 qua
656 1663 774 1696 dicitur
798 1664 1041 1696 Proverbiorum
1059 1663 1112 1696 de-

149 1716 230 1749 cimo
254 1720 386 1758 quarto:
416 1729 432 1745 α
449 1716 585 1749 Putredo
609 1717 746 1756 ossium,
768 1717 884 1750 invidia
897 1730 1001 1749 ».--—-
1024 1718 1111 1756 Item,

149 1778 205 1811 per
237 1770 454 1802 iracundiam
464 1782 476 1808 ,·
512 1770 697 1803 Psalmus⁶:
735 1770 911 1812 «Dissipati
944 1774 1020 1803 sunt
1054 1780 1112 1803 nec

149 1823 346 1866 compuncti,
370 1823 581 1856 frenduerunt
605 1831 702 1865 super
738 1832 789 1856 me
824 1823 972 1856 dentibus
996 1824 1062 1856 suis
1080 1837 1109 1856 ι».

144 1876 234 1909 Unde
257 1876 430 1909 iracundus
454 1876 564 1909 similis
588 1880 635 1909 est
658 1876 876 1915 daemoniaco,
909 1876 947 1909 de
971 1886 1035 1918 quo
1059 1886 1112 1909 su-

150 1938 208 1970 pra
230 1939 330 1962 nono:
360 1942 376 1957 <¹
393 1929 503 1961 Subito
527 1929 640 1961 clamat
664 1932 695 1961 et
719 1929 805 1961 elidit
829 1933 860 1962 et
883 1929 1014 1971 dissipat
1038 1938 1111 1962 eum

150 1991 223 2015 cum
248 1991 361 2024 spuma
379 1995 408 2013 ι».
435 2000 476 2005 -
501 1982 577 2015 Item
594 1981 756 2023 dissipavit
780 1991 837 2024 per
861 1982 1040 2021 accidiam,
1065 1991 1113 2014 se-

150 2035 290 2067 cundum
314 2035 391 2067 illud
424 2034 667 2067 Proverbiorum
692 2034 814 2067 decimo
837 2035 990 2067 octavo⁷z
1020 2048 1036 2064 «ι
1053 2036 1113 2077 Qui

152 2088 253 2120 m'ollis
277 2091 308 2120 et
329 2087 503 2121 dissolutus
526 2090 574 2120 est
597 2087 629 2120 in
653 2096 749 2129 opere
774 2096 832 2120 suo
856 2088 956 2120 frater
980 2093 1028 2121 est
1056 2098 1114 2121 sua

151 2150 248 2184 opera
270 2141 497 2183 dissipantis».
524 2159 566 2164 —
590 2141 625 2173 Et
649 2141 724 2183 quia
756 2144 884 2182 peccata
914 2141 1114 2183 spiritualia

152 2194 335 2236 frequenter
359 2193 566 2237 praecipitant
588 2194 620 2226 in
645 2193 823 2232 carnalia,
841 2193 910 2226 ideo
926 2193 1029 2226 addit:
1063 2195 1114 2226 Vi-

152 2248 254 2280 vendo
278 2248 469 2287 tumui-inse,
494 2251 650 2290 quantum
674 2247 713 2280 ad
734 2247 851 2290 yulam
876 2251 907 2279 et
923 2247 1112 2286 luxuriam,

152 2300 326 2333 sec-undum
358 2301 435 2334 illud
468 2301 710 2334 proverbiorum
743 2300 938 2342 vigesimo⁸z
972 2301 1114 2333 «Luxu-

153 2353 236 2386 riosa
259 2362 310 2386 res
333 2353 461 2392 vinum,
486 2357 518 2387 et
541 2354 737 2387 tumultuosa
753 2353 902 2391 ebrietas;
920 2353 1114 2395 quicumque

154 2406 203 2439 his
226 2406 417 2445 delectatur,
442 2415 505 2440 non
533 2407 594 2440 erit
626 2407 749 2449 sapiens
765 2420 796 2438 ».
821 2406 906 2439 Unde
931 2406 969 2443 ,in
994 2406 1044 2439 his
1068 2409 1115 2439 est

153 2459 381 2491 consummatio
404 2459 633 2502 dissipationis,
658 2460 831 2493 secundum
849 2459 925 2493 illud
943 2459 995 2492 lob
1019 2459 1114 2501 trige—

228 2655 234 2669 ¹
258 2656 332 2681 Vers.
355 2656 397 2681 14.
417 2659 442 2681 et
460 2656 503 2681 16.

227 2699 237 2714 ²
258 2701 332 2726 Vers.
352 2701 393 2726 24.
413 2714 448 2720 —-
466 2701 556 2727 Glossa
577 2701 719 2728 ordinaria
739 2703 781 2735 (ex
800 2703 931 2735 Ambros.,
952 2704 1002 2729 Vll.
1018 2704 1041 2729 in
1055 2704 1117 2729 Luc.

156 2751 178 2769 c.
194 2744 237 2770 15.
255 2751 281 2770 11.
302 2744 374 2777 214.)
394 2744 466 2776 apud
485 2745 616 2776 Lyranum
638 2745 662 2771 in
683 2747 744 2772 Luc.
768 2747 813 2778 15,
846 2748 890 2772 113:
919 2747 987 2780 Quid
1014 2747 1118 2779 longius

156 2796 236 2831 (11111111
250 2796 264 2814 a
279 2789 333 2814 Deo
347 2789 488 2814 recedere?
508 2789 558 2822 Qui
577 2797 591 2815 u
612 2790 666 2816 Deo
686 2791 784 2817 recedit
803 2792 875 2817 exsul
895 2796 933 2817 est
953 2792 1067 2824 patriae,
1086 2791 1119 2817 ci-

158 2832 197 2858 vis
217 2833 318 2858 mundi.
337 2833 418 2864 Regio
437 2833 579 2866 longinqua
599 2837 638 2859 est
658 2835 752 2868 umbra
772 2836 872 2861 mortis.

229 2875 240 2890 ³
261 2877 398 2903 Vat.‘ci.un
418 2877 530 2909 Vulgata
551 2880 576 2903 et
595 2878 630 2903 H:
649 2878 682 2904 Et
701 2878 738 2905 ibi
755 2878 903 2913 dissipavit.

228 2919 240 2934 ⁴
261 2921 335 2947 Vers.
354 2917 382 2946 2.'
398 2934 433 2940 —
453 2921 571 2947 Subinde
595 2915 723 2954 allegatur
751 2923 807 2949 lsai.
828 2924 857 2954 3,
885 2924 933 2954 42,
953 2923 998 2949 ubi
1027 2931 1076 2956 pro
1095 2925 1119 2950 te

158 2963 266 2991 beatum
285 2964 377 2991 dicunt
396 2965 415 2991 C
427 2965 506 2990 DFG
526 2967 550 2992 te
569 2965 733 2993 benedicunt.

231 3006 241 3021 ⁶
260 3009 354 3034 psalm.
375 3008 441 3040 140,
460 3009 491 3040 7,
511 3011 570 3041 post
589 3017 668 3043 quem
689 3011 766 3036 Prov.
787 3010 834 3044 11,
854 3011 898 3036 30.

231 3050 242 3066 ⁸
262 3052 355 3078 Psalm.
375 3052 422 3084 34,
443 3053 491 3083 16,
511 3053 554 3079 eui
572 3053 742 3086 subiungitur
766 3055 828 3080 Luc.
848 3056 879 3086 9,
899 3055 941 3080 39.

231 3094 240 3110 ⁷
262 3096 336 3122 Vere.⁴
355 3097 381 3122 9.
404 3109 441 3116 —
465 3097 554 3123 Glossa
585 3097 767 3125 interlinearis
793 3099 834 3131 (ex
862 3099 993 3130 Ambros„
1018 3100 1071 3126 Vll.
1096 3100 1121 3126 in

162 3140 222 3165 Luc.
241 3146 264 3165 c.
277 3139 318 3165 15.
337 3146 363 3165 11.
383 3139 471 3172 214.)ι
489 3138 525 3166 Et
541 3139 578 3166 ibi
595 3140 736 3175 dissipavit
747 3141 929 3168 substantiam
943 3146 1001 3175 etc„
1021 3144 1121 3169 luxuria

159 3183 292 3209 consumit
310 3184 397 3209 omnia
425 3183 493 3209 bonu
519 3186 636 3211 naturae.
664 3185 718 3211 Csr.
746 3186 859 3218 Hieron.,
885 3187 966 3218 Epist.
985 3187 1027 3212 24.
1049 3187 1122 3220 (alias

163 3227 233 3259 146.)
254 3235 280 3257 ῃ,
298 3228 323 3253 9.

233 3270 244 3286 ⁶
264 3272 338 3298 Vers.
358 3273 382 3297 1.
401 3285 436 3292 --
450 3273 573 3306 Sequitur
593 3273 637 3300 lob
656 3275 705 3306 31,
721 3275 767 3307 12,
788 3274 832 3300 ubi
847 3282 895 3307 pro
909 3275 1122 3302 consumtionem

165 3315 222 3342 Vat.
243 3323 304 3342 cum
325 3316 435 3348 Vulgata
451 3317 641 3350 perditionem.

233 3358 244 3373 ⁰
265 3360 339 3386 vers.
359 3361 389 3391 3,
408 3361 434 3386 in
453 3368 507 3393 quo
534 3367 583 3394 pro
610 3364 702 3389 scorta
722 3362 865 3389 CDFGH
893 3366 919 3390 et
942 3362 1019 3389 Card.
1046 3364 1123 3395 nugo

162 3406 292 3430 scortum.
312 3418 346 3423 —
365 3404 487 3437 Sequitur
507 3406 613 3438 Ps.448,
634 3407 677 3432 13.

2065 250 2121 282 391

1173 334 1252 368 simo
1275 336 1396 378 primo:
1428 337 1540 379 «Ignis
1564 341 1610 369 est
1634 347 1736 380 usque
1759 338 1795 370 ad
1814 339 2061 371 consumtionem
2080 339 2134 371 de-

1173 398 1288 421 vorans
1311 392 1342 421 et
1366 389 1470 421 omnia
1499 390 1661 422 eradicans
1684 391 1842 432 genimina
1858 405 1887 424 ».
1914 391 1999 423 Unde
2030 395 2061 423 et
2085 391 2134 423 his

1172 442 1308 483 peccatis
1332 451 1392 474 non
1417 442 1518 474 solum
1542 443 1735 484 dissipantur
1758 444 1879 476 animae
1904 444 1997 482 vires,
2023 453 2134 476 verum

1172 494 1265 527 etiam
1290 495 1432 537 corporis
1456 496 1598 528 membra
1621 500 1652 528 et
1667 496 1793 529 divitiae
1811 498 2008 538 temporales,
2026 506 2061 529 ac
2079 506 2134 539 per

1173 548 1232 580 hoc
1256 547 1427 590 dissipatur
1463 553 1527 581 tota
1558 549 1694 581 hominis
1725 550 1918 589 substantia,
1944 551 2060 583 scilicet
2086 559 2135 583 re-

1173 610 1263 640 rum,
1300 602 1516 634 membrorum
1549 606 1580 635 et
1613 612 1748 635 morum.
1782 603 1912 645 Propter
1944 604 2027 646 quod
2062 604 2135 636 Pro-

1175 655 1357 687 verbiorum
1383 655 1533 697 vigesimo
1557 656 1682 687 nono⁹z
1713 669 1728 683 α
1745 656 1818 694 Vir,
1835 657 1889 698 qui
1907 660 1990 688 amat
2013 657 2135 698 sapien-

1173 707 1263 746 tiam,
1282 708 1428 740 laetiticat
1452 712 1572 750 patrem
1591 717 1702 747 suum;
1721 709 1773 750 qui
1792 713 1897 741 autem
1916 710 2016 742 nutrit
2033 714 2136 742 scorta

1173 760 1284 802 perdet
1308 760 1515 793 substantiam
1535 775 1565 800 n,
1597 762 1671 803 quia
1706 761 1735 794 in
1771 762 1949 794 huiusmodi
1983 763 2133 804 impletur

1173 813 1249 846 illud
1276 814 1402 846 Psalmi:
1433 828 1447 842 a
1465 815 1577 854 Homo,
1594 815 1714 847 cumin
1740 815 1858 848 honore
1883 819 1981 853 esset,
2008 825 2067 848 non
2094 817 2136 848 in-

1173 867 1295 899 tellexit
1312 880 1327 896 »
1355 871 1414 900 etc.

1263 921 1315 952 026.
1341 921 1443 961 (Vers.
1480 921 1553 959 lla).
1590 922 1628 953 Et
1660 925 1837 964 postquam
1873 926 2187 975 consummasset1352>
2203 928 2288 975 “¹³23OE

1172 973 1288 1005 omnia
1312 977 1371 1006 etc.
1397 974 1467 1006 Post
1490 974 1678 1016 descriptam
1708 975 1762 1006 filii
1796 975 1914 1017 prodigi
1941 975 2135 1007 insolentiam
2176 961 2245 1002 “iffa-
2262 962 2288 981 ’ω

1177 1025 1227 1057 hic
1263 1026 1412 1058 describit
1447 1028 1620 1059 miseriam
1656 1032 1685 1060 et
1720 1028 1938 1070 indiyenliam
1953 1028 1989 1066 ¹⁰,
2023 1032 2053 1060 et
2078 1029 2135 1061 hoc

1173 1083 1327 1120 quantum
1351 1079 1390 1111 ad
1415 1080 1492 1119 tria,
1518 1081 1636 1113 scilicet
1659 1085 1813 1123 quantum
1830 1080 1989 1122 adsumis
2013 1081 2138 1113 incom-

1174 1131 1327 1170 modum,
1345 1136 1499 1174 quantum
1517 1133 1554 1165 ad
1571 1134 1742 1166 servitutis
1758 1134 1974 1176 opprobrium
1992 1138 2022 1167 et
2038 1144 2138 1176 quan-

1175 1188 1240 1217 tum
1266 1185 1304 1217 ad
1327 1186 1550 1218 mendicitatis
1573 1196 1678 1229 9enus
1702 1192 1896 1220 extremum.

1262 1238 1365 1270 Primo
1388 1247 1464 1280 ergo
1488 1243 1643 1280 quantum
1678 1240 1716 1272 ad
1753 1240 1999 1273 incommodum
2031 1240 2136 1283 samis
2157 1247 2261 1268 Primum-

1174 1292 1266 1324 dicit:
1301 1293 1339 1324 Et
1367 1296 1546 1335 postquam
1570 1298 1831 1326 consummasset
1855 1294 1989 1332 omnia,
2019 1295 2136 1327 scilicet

1174 1344 1275 1386 culpa
1300 1348 1403 1377 totum
1427 1345 1633 1383 devastante,
1658 1345 1832 1378 secundum
1858 1347 1934 1378 illud
1960 1347 2134 1388 Sapientiae

1175 1398 1268 1430 tertio
1283 1399 1326 1429 1¹:
1357 1410 1372 1426 «
1391 1398 1528 1430 Nationis
1552 1398 1677 1440 iniquae
1694 1398 1781 1431 dirae
1802 1403 1876 1431 sunt
1893 1401 2137 1431 consummatio-

1177 1460 1233 1483 nes
1253 1463 1284 1489 »ς
1308 1451 1347 1483 de
1371 1460 1434 1492 qua
1457 1451 1724 1483 consummatione
1749 1451 1847 1483 Iacobi
1875 1452 1995 1493 primo:
2026 1467 2040 1480 a
2058 1453 2137 1485 Con-

1175 1504 1385 1546 cupiscentia,
1410 1513 1482 1536 cum
1508 1504 1701 1545 conceperit,
1726 1504 1808 1546 parit
1824 1508 2002 1546 peccatum;
2028 1515 2137 1547 pecca-

1176 1560 1243 1589 tum
1269 1566 1362 1595 vero,
1387 1566 1458 1589 cum
1484 1560 1737 1589 consummatum
1762 1557 1875 1595 fuerit,
1900 1562 2028 1598 generat
2053 1567 2137 1590 mor-

1177 1615 1239 1644 tem
1253 1624 1283 1642 ».
1303 1629 1344 1634 —
1362 1611 1468 1643 Facta
1485 1614 1531 1642 est
1546 1609 1654 1653 fames
1669 1610 1785 1642 valida
1802 1610 1836 1642 in
1853 1611 1985 1653 reyz'ovae
2001 1611 2070 1650 illa,
2088 1613 2136 1644 di-

1176 1664 1249 1696 vina
1262 1664 1380 1697 scilicet
1403 1663 1531 1696 iustitia
1550 1663 1730 1696 ulciscente.
1750 1664 1827 1696 Haec
1844 1663 1952 1706 fames
1969 1668 2015 1696 est
2032 1665 2137 1707 inopia
2151 1669 2302 1717 Quigggsbwc

1177 1717 1390 1759 spiritualium
1413 1717 1587 1757 bonorum;
1605 1717 1688 1750 unde
1704 1717 1811 1750 Glossa
1826 1717 1869 1748 ¹³:
1900 1730 1914 1745 α
1934 1718 2053 1749 Fames
2078 1728 2138 1750 va-

1177 1771 1248 1803 lida
1265 1771 1301 1803 in
1318 1771 1449 1813 reqione
1473 1771 1655 1815 lonqinqua
1679 1775 1726 1804 est
1750 1770 1920 1812 indigentia
1944 1771 2031 1803 verbi
2057 1772 2140 1804 veri-

1178 1823 1250 1856 tatis
1274 1823 1305 1855 in
1329 1824 1485 1857 oblivione
1509 1824 1667 1857 Creatoris
1684 1838 1713 1856 n.
1741 1824 1775 1856 Et
1801 1824 1839 1857 de
1864 1825 1922 1857 hac
1945 1824 2025 1857 fame
2050 1826 2140 1858 Amos

1177 1878 1287 1908 octavo
1302 1876 1345 1908 ¹³:
1369 1890 1384 1904 «
1401 1877 1520 1909 Mittam
1537 1877 1652 1910 samem
1668 1877 1700 1909 in
1718 1882 1853 1915 terram;
1875 1886 1935 1909 non
1953 1877 2066 1910 samem
2085 1887 2140 1919 pa-

1178 1929 1227 1961 nis
1251 1938 1354 1971 neque
1378 1930 1461 1962 sitim
1487 1939 1605 1972 aquae,
1630 1930 1685 1963 sed
1708 1931 1852 1963 audiendi
1879 1931 2010 1963 verbum
2035 1931 2089 1963 Dei
2108 1943 2138 1969 »ς

1178 1986 1209 2015 et
1233 1983 1270 2016 de
1303 1984 1361 2016 hac
1394 1984 1424 2016 in
1457 1984 1594 2016 Psalmo:
1625 1984 1781 2017 «Vocavit
1812 1984 1923 2017 famem
1948 1993 2043 2026 super
2076 1988 2141 2016 ter-

1178 2046 1245 2069 ram
1264 2050 1280 2065 »
1309 2040 1367 2070 etc.
1394 2056 1435 2061 —
1462 2038 1502 2069 Et
1537 2037 1605 2079 ipse
1629 2038 1730 2079 coepit
1758 2048 1868 2080 cgere,
1902 2037 1991 2070 nullo
2023 2037 2140 2070 scilicet

1179 2090 1386 2128 auxiliame;
1403 2091 1487 2123 unde
1504 2091 1687 2123 Ambrosius
1701 2092 1746 2123 ¹⁴:
1778 2104 1793 2119 (ι
1810 2091 1987 2123 Virtutibus
1998 2117 2005 2129 ,
2029 2099 2140 2123 earum

1178 2143 1263 2176 fonte
1288 2143 1406 2176 relicto.
1432 2144 1541 2176 Merito
1565 2153 1641 2185 ergo
1664 2148 1734 2186 eget
1759 2145 1813 2186 qui
1839 2145 2004 2177 thesauros
2021 2144 2142 2186 sapien-

1178 2196 1240 2228 tiae
1255 2196 1501 2239 divitiarumque
1518 2197 1699 2230 caelestium
1717 2198 1913 2231 altitudinem
1930 2198 2098 2240 dereliquit
2111 2210 2141 2233 »z

1179 2248 1263 2281 unde
1278 2249 1520 2282 proverbiorum
1534 2250 1656 2283 decimo
1670 2251 1762 2283 tertio
1777 2251 1820 2282 ¹⁵:
1840 2264 1855 2279 «
1869 2251 1994 2293 Egestas
2011 2254 2041 2283 et
2058 2251 2144 2293 igno-

1179 2301 1275 2333 minia
1307 2301 1333 2334 ei
1367 2302 1421 2343 qui
1453 2302 1570 2335 deserit
1601 2303 1796 2345 disciplinam
1813 2316 1844 2342 »;
1870 2308 1900 2336 et
1925 2304 1983 2336 hoc
2014 2308 2144 2345 propter

1179 2353 1322 2395 culpam;
1347 2354 1439 2395 quia,
1466 2355 1708 2387 Proverbiorum
1740 2355 1861 2388 decimo
1890 2361 2022 2398 quarto,
2054 2357 2144 2388 «mi-

1181 2415 1268 2439 seros
1291 2407 1365 2439 facit
1397 2407 1529 2449 populos
1564 2412 1727 2449 peccatum
1744 2421 1774 2440 »‚
1800 2409 1931 2450 Propter
1963 2409 2046 2451 quod
2070 2409 2145 2442 dicit

1180 2459 1261 2492 Beda
1274 2460 1319 2491 1⁶:
1349 2472 1365 2488 α
1378 2459 1487 2492 Omnis
1505 2460 1609 2499 locus,
1626 2461 1754 2493 absente
1771 2465 1878 2503 patre,
1897 2463 2029 2504 penuria
2053 2466 2143 2495 est».

1254 2655 1276 2671 ¹⁰
1296 2657 1348 2683 Cir.
1368 2665 1392 2682 n.
1412 2658 1454 2682 24.

1255 2701 1275 2716 ¹¹
1299 2703 1371 2728 Vers.
1396 2703 1439 2733 19,
1460 2705 1519 2733 post
1538 2709 1618 2734 quem
1638 2702 1686 2727 lac.
1707 2702 1736 2731 l,
1757 2701 1800 2727 15.

1255 2744 1276 2760 ¹⁹
1297 2746 1399 2771 Scilicet
1418 2745 1601 2772 ivtwlincaris·
1622 2746 1662 2777 (ex
1682 2746 1767 2776 Beda,
1781 2746 1825 2778 qui
1840 2746 1959 2778 sequitur
1979 2746 2098 2778 August„
2119 2747 2147 2771 ll.

1182 2791 1231 2822 Qq.
1252 2790 1416 2821 Evangelior.
1435 2797 1462 2822 q.
1482 2790 1525 2815 33.
1547 2797 1573 2814 n.
1592 2790 1637 2821 2.).

1255 2831 1276 2847 ¹⁸
1296 2834 1372 2859 Vers.
1395 2834 1442 2865 11,
1462 2833 1503 2858 cui
1524 2832 1687 2859 subnectitur
1707 2834 1748 2859 Ps.
1768 2833 1833 2861 104,
1855 2834 1896 2858 16.

1255 2877 1277 2892 ¹⁴
1297 2878 1366 2903 Libr.
1387 2878 1437 2903 Vll.
1458 2878 1485 2902 in
1505 2878 1567 2903 Luc.
1586 2885 1609 2903 c.
1625 2877 1665 2904 15.
1680 2885 1706 2903 11.
1721 2878 1785 2910 215,
1805 2878 1849 2904 ubi
1865 2882 1950 2903 tamen
1964 2878 2035 2909 prior
2049 2881 2149 2903 seuten-

1184 2923 1234 2948 tiae
1253 2930 1314 2954 pars
1333 2915 1470 2948 exhibetur
1489 2921 1578 2947 verbis
1592 2921 1783 2954 prolixioribus.
1797 2923 1910 2951 Hieron.,
1925 2922 2004 2953 Epist.
2018 2922 2060 2946 24.
2075 2922 2149 2951 (alias

1188 2967 1255 2998 146.)
1277 2974 1301 2992 n.
1323 2967 1373 2991 40:
1398 2966 1515 2998 «Coepit
1540 2973 1619 2998 egere
1645 2966 1801 2997 virtutibus,
1826 2967 1949 2992 derelicto
1972 2968 2040 2991 sonte
2070 2966 2149 2990 xii-tu-

1186 3015 1240 3037 tum
1255 3021 1280 3036 ι.
1299 3011 1427 3036 Posterior
1447 3018 1508 3042 pars
1522 3009 1658 3036 exhibetur
1672 3010 1818 3036 secundum
1833 3011 1951 3036 Glossam
1966 3009 2146 3041 ordinariam,

1185 3054 1306 3087 pluribus
1325 3055 1438 3080 omissis.

1258 3097 1280 3113 ¹⁵
1302 3099 1375 3124 Vers.
1396 3099 1442 3131 l&
1463 3098 1559 3125 deinde
1578 3099 1656 3124 Prov.
1680 3099 1724 3129 1-1,
1746 3098 1788 3124 31.

1258 3141 1280 3157 ¹⁸
1299 3144 1368 3168 Haec
1387 3143 1528 3173 sententia,
1548 3149 1617 3175 quae
1636 3143 1708 3174 apud
1728 3144 1859 3173 Lyranum
1879 3146 1918 3167 est
1937 3143 2026 3168 Glossa
2051 3141 2150 3167 interli-

1187 3186 1278 3213 neari-3
1299 3187 1322 3212 in
1342 3187 1404 3214 Luc.
1426 3186 1472 3216 15,
1494 3186 1541 3216 14,
1566 3185 1644 3210 etiam
1671 3192 1685 3210 a
1713 3185 1790 3211 Card.
1810 3186 1878 3217 Hug.
1906 3184 2027 3210 tribuitur
2047 3184 2148 3215 Bedae,

1186 3230 1323 3257 exhibetur
1342 3234 1427 3256 tamen
1448 3230 1482 3255 ab
1502 3229 1614 3260 Hieron„
1634 3229 1714 3261 Epist.
1728 3229 1770 3254 21.
1785 3229 1857 3260 (alias
1873 3229 1943 3260 116.)
1958 3236 1983 3254 11.
1999 3229 2045 3253 1οι
2059 3228 2149 3253 Omnis

1187 3276 1274 3306 locus,
1293 3282 1373 3308 quem
1394 3278 1467 3306 patre
1494 3274 1631 3299 incolimus
1659 3272 1888 3303 absente,.samis,
1915 3273 2039 3305 penuriae
2060 3272 2147 3306 [etiam

1187 3320 1277 3345 Glossa
1298 3319 1482 3345 interlinearis:
1498 3317 1641 3351 penuriae]
1670 3320 1696 3342 et
1723 3317 1846 3348 egestatis
1875 3322 1922 3343 est.
1942 3331 1976 3335 —
1997 3317 2052 3342 Duo
2072 3317 2149 3349 seqq.

1189 3364 1237 3389 loci
1257 3367 1317 3389 sunt
1336 3364 1397 3395 Sap.
1416 3363 1448 3393 7,
1469 3363 1510 3387 11.
1530 3365 1556 3387 et
1576 3362 1651 3387 Prov.
1671 3362 1701 3391 3,
1722 3362 1763 3386 33.
