2476 3921
9 447 122 479 exemplum

12 479 127 501 (militatis.
165 498 172 503 ,

4 1302 68 1324 evotio
85 1302 124 1323 Za·

20 1329 88 1351 chaeh

0 2046 123 2069 Notandum.

734 247 929 280 COMMENT.
955 248 992 281 IN
1017 247 1255 282 EVANGELIUM
1280 248 1398 283 LUCAE
1422 249 1453 283 C.
1478 251 1553 283 XIX.

144 338 204 371 hoc
235 337 361 379 petebat
393 336 552 376 Christus,
577 335 653 378 quia
676 335 852 378 indigebat;
877 335 962 368 unde
986 335 1110 368 subdit:

148 391 236 432 Quia
261 389 356 423 hodie
379 389 415 423 in
439 390 535 422 domo
571 393 632 423 tua
663 392 789 431 oportet
822 398 875 421 me
897 397 1049 427 manere,
1073 388 1111 421 ad

148 444 333 486 exemplum
356 442 553 476 humilitatis.
579 442 767 484 Exemplum
791 450 929 484 namque
953 441 1113 474 humilita-

150 501 191 531 tis
214 499 298 536 erat,
315 496 401 538 quod
416 495 449 528 in
463 495 557 528 domo
572 494 747 537 peccatoris
761 503 831 527 esse
846 494 987 533 volebat;
1004 503 1114 527 exem-

150 551 238 595 plum
262 550 357 583 etiam
381 548 586 588 humilitatis,
617 547 702 590 quod
722 547 942 581 necessitatem
966 556 1057 580 suam
1082 550 1114 580 et

145 603 414 646 opportunitatem
440 601 603 634 humiliter
618 600 792 640 indicabat,
809 610 873 643 qua
888 600 990 634 alieno
1006 601 1112 642 hospi-

144 657 188 689 tio
204 655 372 698 indigebat,
389 654 565 688 secundum
582 654 661 687 illud
676 654 823 687 Matthaei
839 657 950 687 octavo
960 655 991 686 ¹:
1009 667 1025 682 «ι
1036 654 1111 687 Vul-

142 718 199 752 pes
223 708 328 741 foveas
354 708 485 747 habent,
510 710 541 740 et
565 707 713 740 volucres
736 707 813 740 caeli
838 707 929 740 nidos
945 720 961 736 1>
989 710 1048 740 etc.
1076 708 1110 740 Et

144 761 229 795 istud
251 764 300 794 est
322 761 466 802 verbum,
483 760 589 803 potius
613 760 802 793 humilitatis
824 769 921 802 quam
946 760 1109 793 urbanita-

143 815 201 854 tis,
225 814 301 857 quia
317 814 463 846 Christus
486 813 586 856 magis
609 813 695 846 venit
719 813 751 846 in
768 813 922 846 mundum
939 813 978 846 ad
995 813 1109 847 docen-

142 868 218 901 dum
243 868 453 901 humilitatem
478 876 575 910 quam
609 866 649 899 ad
683 866 859 900 docendum
884 867 1106 900 curialitatem.

144 922 214 955 Ideo
229 921 352 955 dicebat
368 921 434 963 ipse
450 920 614 963 discipulis
630 920 775 953 Matthaei
793 920 961 953 undecimo
973 921 1003 953 ²:
1026 934 1041 949 ιι
1055 921 1107 953 Di-

142 975 219 1009 scite
242 984 261 1007 a
283 983 348 1014 me,
373 974 449 1017 quia
472 974 557 1007 mitis
580 983 651 1007 sum
675 977 707 1007 et
724 974 853 1006 humilis
869 974 1007 1007 corde».
1024 975 1108 1008 Hanc

141 1027 353 1071 dignationem
377 1027 554 1060 admiratur
577 1026 723 1060 Ieremias
749 1026 858 1059 dicens
882 1027 1030 1060 Ieremiae
1053 1027 1107 1060 de-

142 1081 223 1114 cimo
246 1084 379 1123 quarto:
409 1080 546 1122 «Quare
575 1080 657 1113 sicut
691 1079 821 1113 colonus
856 1080 986 1113 futurus
1018 1089 1052 1114 es
1076 1081 1106 1113 in

142 1138 229 1168 terra
251 1137 283 1167 et
305 1134 396 1176 quasi
420 1134 470 1166 vir
493 1142 610 1175 vagus,
633 1133 793 1166 declinans
809 1133 847 1166 ad
864 1133 1054 1166 manendum
1071 1137 1108 1166 »ἲ

142 1192 174 1222 et
197 1188 321 1221 Baruch
338 1187 449 1220 tertio:
471 1199 487 1216 α
500 1187 577 1219 Cum
597 1186 778 1219 hominibus
794 1190 1001 1220 conversatus
1016 1191 1106 1220 est».

233 1241 262 1273 9.
288 1241 389 1282 (Vers.
416 1240 470 1282 6.).
497 1239 640 1272 Secundo
664 1242 819 1281 quantum
845 1239 883 1272 ad
908 1240 1107 1273 devotionem

142 1294 291 1328 Zachaei
312 1293 436 1327 subdit:
464 1293 503 1326 Et
530 1291 697 1335 festinans
731 1292 898 1325 descendit
919 1297 949 1326 et
984 1295 1109 1336 eoecepit

143 1348 238 1381 illum
259 1347 432 1390 ,qaudens;
456 1346 488 1378 in
513 1355 578 1388 quo
601 1345 779 1378 ostenditur
796 1345 865 1378 eius
881 1346 1016 1385 devotio,
1033 1347 1109 1389 quia

143 1411 206 1434 non
229 1403 353 1433 tantum
378 1399 527 1441 praebuit
551 1398 796 1441 hospitalitatem
820 1398 1030 1441 festinanter,
1055 1409 1108 1433 ve-

142 1463 214 1487 rum
238 1453 332 1486 etiam
350 1452 520 1486 laetanter.
545 1452 628 1485 Talis
651 1452 734 1485 enim
753 1452 889 1485 conditio
906 1456 954 1485 est
971 1453 1109 1486 maxime

145 1507 339 1546 necessaria;
365 1506 486 1549 primae
498 1505 585 1539 ‘Petri
602 1508 717 1548 quarto
729 1506 761 1538 ³:
786 1518 807 1536 ,α
823 1506 900 1538 Ante
917 1506 1022 1538 omnia
1038 1515 1109 1539 mu-

142 1564 229 1593 tuam
253 1560 286 1592 in
318 1559 551 1601 vobismetipsis
582 1559 745 1592 caritatem
780 1559 963 1591 continuam
990 1559 1108 1592 haben-

141 1618 189 1648 tes
205 1626 236 1653 »;
261 1616 292 1647 et
315 1616 403 1656 post:
433 1626 449 1642 «
466 1613 639 1655 Hospitales
670 1612 804 1646 invicem
837 1613 904 1646 sine
927 1622 1109 1646 murmura-

142 1668 226 1701 tione
238 1680 270 1699 2».
288 1667 354 1700 Non
370 1667 452 1700 enim
476 1666 570 1699 debet
586 1675 654 1699 esse
670 1666 815 1706 tristitia,
840 1666 894 1700 sed
910 1666 1107 1706 iucunditas;

142 1721 298 1755 secundae
329 1720 369 1753 ad
403 1720 582 1753 Corinthios
617 1720 744 1753 non04:
775 1733 791 1748 α
807 1720 942 1753 Hilarem
966 1720 1108 1753 datorem

141 1774 242 1817 diligit
267 1774 350 1807 Deus
366 1786 397 1813 »3
422 1777 453 1806 et
476 1773 515 1806 ad
539 1773 696 1806 Hebraeos
718 1773 847 1806 ultimo:
877 1786 894 1804 ε(
909 1773 1031 1807 Caritas
1046 1774 1109 1806 fra-

141 1827 299 1861 ternitatis
333 1830 459 1860 maneat
489 1827 522 1859 in
551 1826 650 1866 vobis,
675 1830 706 1859 et
737 1826 980 1868 hospitalitatem
1013 1827 1109 1860 nolite

140 1881 294 1915 oblivisci.
321 1881 378 1920 Per
402 1880 483 1913 hanc
507 1880 590 1912 enim
614 1879 742 1922 quidam
760 1880 968 1922 placuerunt,
985 1880 1108 1922 Angelis

133 1935 279 1977 ,hospitio
302 1934 437 1976 receptis
453 1947 483 1965 n.
510 1934 640 1975 Propter
664 1933 749 1975 quod
780 1936 811 1966 et
833 1936 962 1967 sanctus
984 1933 1038 1966 101)
1061 1933 1108 1966 di-

144 1988 252 2027 cebat,
270 1987 438 2031 trigesimo
462 1987 608 2029 primo⁶:
638 1986 759 2020 «Foris
788 1996 852 2019 non
875 1987 992 2020 mansit
1016 1996 1107 2029 pere-

142 2041 271 2085 grinus,
294 2041 411 2074 ostium
435 2049 542 2073 meum
564 2040 678 2073 viatori
702 2040 851 2082 patuit».
873 2040 909 2073 Et
932 2040 992 2074 hoc
1015 2040 1108 2073 debet

143 2095 231 2134 fieri,
255 2087 331 2137 quia
353 2094 549 2136 quicumque
573 2093 685 2136 recipit
706 2093 823 2127 Christi
848 2093 1009 2133 membra,
1027 2094 1108 2127 reci—

142 2148 189 2191 pit
212 2151 243 2181 et
274 2144 378 2191 ipsum
409 2147 589 2187 Christum3
621 2147 768 2180 Matthaei
804 2147 955 2189 vigesimo
978 2147 1106 2190 quinto:

149 2215 165 2231 α
180 2202 297 2244 Hospes
319 2210 424 2241 eram,
445 2204 480 2234 et
503 2201 671 2243 collegistis
695 2210 746 2234 me
760 2213 793 2241 »ς
818 2204 849 2234 et
864 2204 936 2243 post
951 2210 1108 2244 quaeren-

143 2255 244 2295 tibus,
268 2255 427 2298 quomodo
448 2255 529 2288 haec
563 2255 724 2294 fecerunt,
761 2254 947 2297 respondet:
985 2269 1001 2284 «
1018 2256 1108 2297 Quod

143 2308 198 2341 uni
222 2317 265 2341 ex
288 2308 427 2340 minimis
461 2307 539 2341 meis
567 2307 795 2341 fecistismihi
829 2308 947 2341 fecistis
963 2322 994 2341 n.
1018 2309 1106 2342 Unde

143 2364 175 2394 et
203 2361 363 2393 Zachaeus
394 2369 452 2402 per
483 2360 565 2393 hanc
597 2354 840 2402 hospitalitatem
877 2361 1017 2394 salvatus
1040 2365 1106 2402 est;

145 2413 288 2447 similiter
312 2416 344 2446 et
366 2413 422 2446 Lot
445 2413 599 2446 liberatus
621 2416 669 2446 est
693 2422 711 2446 a
735 2413 877 2446 Sodomis
895 2422 953 2455 per
976 2414 1108 2456 Angelos

144 2466 281 2509 hospitio
304 2469 464 2508 receptos,
489 2466 617 2499 Genesis
648 2466 771 2499 decimo
794 2466 913 2499 1101106.
938 2466 975 2499 Et
998 2467 1107 2499 simili-

145 2523 194 2552 ter
217 2519 332 2552 mulier
367 2519 537 2552 Sunamitis
567 2528 625 2562 per
659 2519 814 2559 Eliseum,
836 2521 941 2562 'quem
972 2519 1107 2562 hospitio

145 2572 281 2615 recepit,
305 2575 337 2606 et
359 2572 471 2605 habuit
494 2572 633 2615 prolem,
650 2581 723 2605 cum
739 2575 822 2606 esset
838 2572 972 2612 sterilis,
989 2576 1020 2606 et
1037 2576 1107 2615 post

2066 259 2129 289 [475

1177 335 1263 368 filius
1294 337 1362 369 eius
1397 347 1415 370 a
1450 342 1550 372 morte
1585 341 1754 374 suscitatus
1782 345 1846 380 cst,
1879 344 1983 384 quarti
2018 345 2133 386 Regum

1177 391 1302 430 quarto.
1327 389 1364 422 Et
1394 390 1510 424 mulier
1537 392 1707 434 Sareptana
1733 395 1931 436 suscipiendo
1956 396 2050 429 Etiam
2084 406 2135 439 pe-

1179 441 1316 475 riculum
1339 442 1430 475 famis
1457 445 1572 483 evasit,
1601 446 1684 478 tertii
1714 447 1830 488 Regum
1848 448 1968 481 decimo
1992 450 2134 491 septimo.

1178 495 1214 527 Et
1238 495 1460 529 universaliter
1484 498 1538 539 qui
1565 499 1733 540 hospitales
1757 500 1888 533 fuerunt
1910 502 2046 534 divinam
2065 513 2136 544 gra-

1178 548 1252 581 tiam
1277 548 1380 591 adepti
1405 553 1496 589 sunt,
1521 551 1610 593 quia,
1636 552 1717 585 sicut
1751 553 1866 586 dicitur
1903 555 2134 589 Deuteronomii

1176 601 1299 635 decimo
1310 602 1334 641 ⁷,
1363 615 1379 631 «
1395 603 1548 636 Dominus
1571 608 1654 637 amat
1678 606 1881 648 peregrinum
1905 611 1936 639 et
1959 608 2012 640 dat
2043 609 2068 640 ei
2095 610 2137 641 vi-

1176 658 1264 688 ctum
1280 659 1312 688 et
1329 656 1476 689 vestitum
1487 669 1518 696 »ς
1535 657 1619 691 unde
1636 658 1879 692 Proverbiorum
1902 660 2022 694 decimo
2040 671 2134 694 nono:

1181 721 1198 737 α
1213 709 1386 742 Feneratur
1410 710 1543 743 Domino
1567 711 1621 752 qui
1646 711 1816 745 miseretur
1841 714 1988 755 pauperis
2006 728 2034 746 ι».

1268 763 1318 794 10.
1344 762 1446 803 (Vers.
1472 764 1526 804 7.).
1552 763 1657 796 Tertio
1681 768 1834 806 quantum
1867 765 1906 797 ad
1940 776 2137 799 murmura-

1175 814 1294 848 tionem
1325 815 1446 858 populi
1477 816 1628 858 perversi
1661 817 1782 850 subdit:
1808 819 1847 850 Et
1879 828 1956 851 cum
1994 820 2137 852 riderent

1173 877 1304 907 omnes,
1329 869 1447 902 scilicet
1470 870 1562 903 oculo
1585 870 1701 915 iudicii
1707 872 1876 914 perversi,
1893 872 1931 905 de
1955 883 2018 914 quo
2036 874 2138 907 Eccle-

1173 921 1288 954 siastici
1314 922 1519 955 undecim08:
1551 923 1661 957 «Sicut
1685 928 1868 966 prospector
1898 925 2005 959 videns
2029 936 2135 959 casum

1172 975 1312 1016 proximi
1337 975 1401 1014 sui;
1426 975 1508 1009 bona
1531 976 1614 1009 enim
1639 977 1670 1009 in
1696 978 1777 1010 mala
1801 982 1988 1012 convertens
2012 979 2136 1012 insidia-

1174 1031 1227 1060 tur
1251 1032 1282 1061 et
1306 1029 1337 1061 in
1361 1029 1468 1062 electis
1491 1029 1624 1072 imponit
1647 1031 1802 1064 maculam
1821 1045 1850 1064 ι»,
1878 1051 1918 1055 ——
1944 1033 1979 1065 Et
2002 1034 2077 1075 quia
2097 1034 2135 1066 ad

1174 1081 1290 1114 malum
1328 1082 1481 1115 iudicium
1517 1084 1661 1126 sequitur
1698 1093 1870 1124 murmur,
1907 1085 1976 1118 ideo
2012 1086 2134 1119 subdit:

1173 1135 1439 1168 Murmurabam
1461 1136 1621 1176 dicentes,
1647 1139 1735 1181 quod
1767 1138 1813 1171 ad
1837 1137 1998 1171 hominem
2022 1149 2135 1181 pecca-

1174 1192 1278 1221 torem
1301 1189 1505 1228 divertisset,
1522 1190 1640 1224 scilicet
1656 1192 1802 1224 susurrio
1820 1192 1906 1224 verbi
1925 1192 2032 1230 dolosi,
2051 1192 2134 1234 quod

1173 1242 1263 1274 valde
1302 1242 1488 1281 vitandum;
1524 1243 1593 1276 ideo
1627 1243 1743 1276 dicitur
1780 1245 1954 1286 Sapientiae
1990 1246 2090 1286 primo
2104 1246 2134 1277 9;

1177 1307 1193 1324 «
1207 1295 1370 1328 Custodite
1394 1304 1449 1328 vos
1473 1305 1491 1328 a
1514 1298 1783 1336 murmuratione,
1806 1307 1887 1339 quae
1903 1298 1980 1330 nihil
1999 1299 2134 1340 prodest,

1170 1351 1205 1380 et
1227 1357 1246 1380 a
1269 1347 1462 1381 detractione
1486 1349 1606 1391 parcite
1630 1350 1754 1392 linguae
1770 1364 1801 1382 ».
1829 1351 1888 1383 Hoc
1912 1355 2018 1384 autem
2042 1362 2135 1384 mur—

1172 1410 1253 1433 mur
1287 1401 1424 1434 multum
1459 1402 1603 1443 displicet
1633 1403 1698 1435 Deo
1733 1412 1789 1444 per
1825 1413 1948 1437 omnem
1987 1406 2134 1444 modum;

1171 1453 1243 1486 ideo
1265 1454 1468 1488 Threnorum
1494 1455 1586 1487 tertio
1600 1455 1644 1487 ¹⁰:
1667 1468 1683 1484 or
1699 1456 1780 1497 Quid
1803 1457 2016 1490 murmuravit
2041 1458 2133 1491 homo

1173 1506 1300 1545 vivens,
1325 1507 1374 1539 vir
1397 1516 1456 1548 pro
1480 1508 1615 1549 peccatis
1639 1508 1706 1540 suis
1721 1511 1759 1540 »?
1785 1509 1837 1541 Hic
1869 1513 1975 1542 autem
1999 1511 2136 1552 populus

1174 1568 1300 1601 semper
1324 1559 1458 1593 libenter
1487 1561 1719 1600 murmuravit;
1753 1561 1849 1594 Exodi
1882 1562 2003 1595 decimo
2027 1567 2134 1596 sexto:

1179 1626 1195 1641 α
1207 1613 1418 1646 Murmuravit
1432 1612 1535 1646 omnis
1550 1614 1750 1655 congregatio
1763 1614 1899 1646 filiorum
1918 1615 2011 1648 Israel
2027 1619 2136 1648 contra

1174 1667 1300 1708 Moysen
1325 1670 1356 1699 et
1380 1669 1491 1699 contra
1513 1667 1614 1700 Aaron
1630 1679 1662 1706 »;
1679 1671 1710 1700 et
1725 1667 1936 1700 Numerorum
1955 1669 2135 1702 undecimo:

1178 1719 1322 1753 «Ortum
1346 1723 1394 1752 est
1418 1729 1567 1752 murmur
1590 1720 1698 1762 populi
1723 1724 1832 1753 contra
1856 1721 2022 1754 Dominum
2040 1736 2070 1753 n.
2102 1723 2136 1755 Et

1170 1773 1243 1806 ideo
1267 1773 1388 1816 primae
1403 1773 1443 1806 ad
1458 1773 1638 1806 Corinthios
1660 1773 1799 1807 decimo:
1829 1787 1844 1803 «
1862 1774 1968 1817 Neque
1993 1784 2136 1808 murmu-

1171 1826 1337 1866 raveritis,
1363 1826 1455 1859 sicut!
1469 1829 1500 1859 et
1523 1826 1652 1869 quidam
1676 1836 1788 1859 eorum
1804 1830 2089 1862 murmuraverunt
2105 1833 2135 1862 et

1171 1879 1339 1920 perierunt
1362 1878 1402 1911 ab
1418 1879 1668 1912 exterminatore
1680 1893 1711 1912 ».
1729 1880 1766 1912 Et
1789 1889 1874 1913 nunc
1890 1881 2135 1916 murmurabant

1173 1934 1283 1964 contra
1298 1932 1469 1965 Dominum
1486 1951 1530 1957 --
1545 1936 1576 1965 et
1592 1933 1623 1965 in
1641 1932 1701 1965 hoc
1716 1933 1851 1975 figuram
1876 1934 2028 1975 gerebant
2050 1935 2134 1967 illius

1172 1985 1274 2027 gentis
1293 1985 1525 2018 murmurantis
1540 1988 1650 2018 contra
1666 1986 1835 2019 Dominum
1849 2005 1889 2010 —
1907 1987 1982 2028 quia
1997 1987 2134 2029 suscepit

1170 2041 1290 2081 gentes.
1322 2038 1409 2072 Unde
1443 2038 1589 2072 Glossa11
1613 2038 1704 2072 dicit:
1735 2052 1750 2068 α
1767 2039 1962 2072 Manifestum
1994 2043 2059 2079 est,
2084 2040 2133 2073 Iu-

1171 2092 1266 2125 daeos
1290 2101 1414 2134 semper
1437 2092 1539 2125 odisse
1570 2092 1724 2134 populum
1747 2092 1902 2134 gentium,
1927 2093 1976 2125 vel
2000 2102 2061 2125 non
2086 2093 2132 2125 in-

1173 2145 1333 2179 tellexisse
1357 2145 1508 2183 salutem;
1533 2145 1617 2178 unde
1640 2148 1672 2178 et
1687 2145 1839 2178 adversus
1855 2145 1981 2178 Petrum
1998 2146 2130 2179 dicitur:

1175 2199 1288 2240 Quare
1311 2198 1459 2232 introisti
1480 2198 1527 2231 ad
1558 2199 1651 2231 viros
1678 2199 1896 2241 praeputium
1931 2197 2131 2232 habentem?

1172 2253 1307 2286 Actuum
1339 2247 1516 2286 undecimo.
1542 2271 1583 2277 —
1608 2252 1738 2294 Propter
1766 2252 1851 2294 quod
1882 2252 2130 2294 intelligendum,

1172 2306 1268 2349 quod,
1282 2306 1364 2339 sicut
1381 2308 1577 2349 praetactum
1594 2309 1642 2339 est
1654 2306 1692 2345 12,
1709 2315 1766 2348 per
1779 2306 1955 2348 ingressum
1969 2306 2084 2338 Christi
2099 2306 2132 2338 in

1170 2359 1302 2393 domum
1326 2359 1473 2398 Zachaei,
1488 2359 1643 2401 vprincipis
1663 2359 1922 2401 publicanorum,
1947 2359 2130 2401 intelligitur

1171 2413 1241 2447 eius
1263 2414 1426 2456 ingressus
1449 2413 1482 2446 in
1501 2413 1670 2446 Ecclesiam
1695 2413 1852 2455 gentium,
1877 2421 1895 2444 a
1918 2422 1981 2455 qua
1998 2412 2130 2445 libenter

1171 2469 1339 2509 susceptus
1362 2471 1419 2501 est.
1444 2466 1514 2499 Ideo
1545 2466 1690 2499 Christus
1720 2466 1802 2499 dixit
1838 2465 1994 2504 Zachae0,
2018 2469 2055 2498 ut
2078 2465 2130 2498 de-

1170 2520 1337 2554 scemlerec
1366 2520 1406 2553 ad
1442 2519 1668 2557 humilitatem,
1693 2519 1767 2561 quia
1801 2522 2015 2560 opportunum
2044 2523 2129 2557 erat,

1171 2572 1257 2615 quod
1288 2573 1320 2606 in
1355 2572 1425 2606 eius
1459 2572 1552 2605 domo
1584 2575 1740 2611 maneret,
1777 2581 1932 2614 synagoga
1966 2571 2142 2605 deserente

218 2796 227 2811 ¹
248 2798 323 2824 Vers.
342 2798 386 2824 20.
406 2812 441 2818 —
461 2798 520 2824 Vat.
539 2799 635 2825 omittit
654 2806 709 2833 qua
727 2799 816 2826 alieno
830 2799 944 2834 hospitio
963 2799 1108 2834 india-ebat.

171 2843 174 2852 “
217 2841 228 2856 ²
247 2842 322 2868 Vers.
342 2843 386 2868 29.
406 2856 441 2862 ——
461 2843 518 2869 Duo
538 2850 612 2877 seqq.
632 2844 681 2870 loci
706 2847 767 2870 sunt
793 2845 839 2870 ler.
860 2844 909 2877 14,
928 2845 954 2870 8.
977 2844 1037 2878 (pro
1065 2844 1109 2871 vir

147 2892 247 2919 vactis,
266 2886 339 2919 quod
358 2890 476 2912 sumtum
502 2891 542 2913 est
560 2894 590 2913 ex
610 2895 635 2913 v.
655 2888 685 2918 9,
714 2888 772 2914 Vat.
792 2895 852 2914 cum
874 2889 986 2920 Vulgata
1005 2888 1107 2921 viator)

146 2933 172 2956 et
191 2931 292 2956 Baruch
312 2930 341 2961 3,
361 2931 405 2956 38.
423 2945 459 2950 -
479 2933 598 2964 August„
619 2933 703 2958 Serm.
732 2932 791 2958 174.
822 2933 895 2966 (alias
914 2934 938 2958 8.
958 2933 993 2959 de
1011 2933 1108 2959 Verbis

147 2974 273 3007 Apostoli)
294 2981 316 3000 6.
337 2974 360 3000 4.
380 2982 406 3001 11.
437 2976 470 3001 5:
499 2977 551 3001 lam
579 2983 644 3008 ergo
672 2977 813 3009 Dominus,
838 2977 886 3010 qui
913 2978 1060 3003 zachaeum
1081 2977 1107 3003 111

147 3018 227 3044 corde
245 3015 409 3051 susceperat,
429 3019 454 3045 in
474 3020 584 3046 domum
604 3021 662 3046 eius
680 3021 804 3053 dignutus
822 3024 861 3047 est
879 3022 979 3053 suscipi
991 3024 1017 3047 et
1030 3021 1107 3048 dixit:

147 3062 280 3095 Zachaee,
298 3061 429 3096 festinans
449 3058 602 3090 descende...
630 3064 753 3096 Magnum
783 3064 941 3091 beneficium
969 3065 1011 3091 ille
1039 3064 1107 3091 arbi—

147 3105 279 3138 trabatur,
307 3106 438 3133 Christum
468 3107 569 3134 videre.
596 3108 647 3141 Qui
666 3115 795 3141 magnum
814 3113 839 3135 et
858 3108 988 3135 ineffabile
1012 3108 1109 3135 benen-

148 3149 218 3176 cium
251 3149 362 3182 putabat
388 3155 567 3179 transeuntem
595 3153 702 3184 videre,
730 3152 818 3179 subito
846 3153 943 3179 meruit
970 3153 998 3179 in
1026 3154 1108 3179 domo

146 3193 254 3220 habere.

218 3236 229 3252 ³
248 3236 322 3264 Vers.
341 3239 368 3265 8.
383 3242 410 3265 et
427 3239 454 3267 9.

219 3281 231 3296 ⁴
251 3282 325 3309 Vers.
344 3283 376 3314 7,
395 3286 456 3315 post
474 3291 553 3317 quem
573 3284 653 3311 Hebr.
673 3286 720 3316 13,
741 3286 764 3311 t.
784 3293 850 3320 seq„
868 3285 914 3312 ubi
934 3293 983 3318 pro
999 3285 1108 3320 placue-

149 3328 215 3353 runt
235 3327 279 3360 (ita
299 3327 378 3353 etiam
397 3327 517 3360 August„
537 3329 640 3362 Specul.
669 3330 702 3356 de
730 3330 810 3362 Epist.
830 3330 864 3357 ad
882 3329 973 3364 Hebr.)
995 3331 1108 3363 Vulgata

150 3370 299 3398 latuerunt.

220 3413 231 3429 ⁶
250 3415 326 3442 Vers.
345 3416 388 3442 32.
406 3430 442 3436 —
461 3417 612 3451 Sequuntur
630 3418 717 3445 Matth.
737 3419 786 3452 25,
805 3408 848 3445 35'.
868 3422 893 3445 et
913 3419 955 3445 ⁴0.

1244 2798 1255 2814 ⁰³
1274 2800 1348 2825 Vers.
1370 2799 1411 2824 15.
1431 2805 1506 2831 seqq.
1525 2811 1560 2817 -—
1580 2796 1696 2822 Subinde
1724 2796 1867 2827 allegantur
1892 2794 1935 2819 lv.
1959 2794 2022 2825 Reg.
2055 2794 2078 2824 5,
2105 2788 2127 2819 1.

1172 2851 1248 2878 seqq.
1267 2847 1293 2869 ct
1311 2844 1349 2869 111.
1367 2844 1433 2874 Reg.
1455 2842 1502 2874 17,
1522 2842 1546 2866 9.
1566 2848 1640 2873 seqq.

1244 2887 1254 2902 ⁷
1274 2888 1350 2913 Vers.
1370 2887 1411 2912 18.
1432 2890 1457 2911 et
1475 2885 1572 2911 deinde
1590 2885 1665 2909 Prov.
1688 2884 1729 2914 19,
1753 2884 1791 2909 17.

1243 2931 1254 2946 ⁸
1274 2932 1349 2957 Vers.
1368 2931 1411 2956 32³..
1431 2933 1455 2955 et
1475 2930 1518 2955 33.

1242 2974 1254 2990 ⁹
1273 2976 1348 3000 Vers.
1369 2975 1413 3006 ⁴⁴3
1433 2975 1480 2999 611·-
1498 2980 1577 3005 supra
1597 2979 1620 2998 6.
1640 2972 1682 2997 15.
1702 2979 1726 2997 11.
1747 2972 1770 2997 1.

1243 3019 1265 3034 ¹⁰
1285 3019 1361 3045 Vei-s.
1380 3019 1428 3049 39,
1448 3018 1490 3043 6111
1509 3016 1699 3043 subnectuntur
1723 3015 1802 3041 Exod.
1824 3015 1869 3045 16,
1888 3016 1920 3045 23
1940 3015 2016 3040 Num.
2041 3016 2084 3045 ll,
2107 3015 2127 3038 1.

1171 3068 1197 3090 et
1215 3066 1233 3090 1.
1251 3063 1312 3090 Cor.
1331 3064 1379 3095 10,
1400 3063 1440 3087 10.

1244 3106 1265 3122 ¹¹
1286 3108 1388 3133 Scilicet
1405 3105 1547 3133 ordinaria
1567 3105 1609 3139 (ex
1628 3104 1717 3137 Beda),
1736 3104 1763 3130 in
1783 3104 1858 3130 cuius
1872 3104 1922 3129 tine
1935 3104 2061 3135 allegatur
2074 3104 2127 3128 Act.

1173 3155 1221 3184 11,
1241 3154 1271 3185 3,
1291 3152 1336 3178 ubi
1356 3158 1404 3183 pro
1424 3150 1496 3177 vis-os
1515 3150 1593 3176 CDF
1607 3150 1627 3175 H
1648 3156 1708 3175 cum
1728 3150 1818 3175 Glossa
1837 3150 1936 3182 pentes.
1949 3147 2013 3174 Cod.
2032 3148 2053 3172 H
2067 3154 2127 3173 cum

1172 3189 1241 3225 textu
1260 3196 1381 3229 originali
1401 3195 1495 3221 omittit
1510 3194 1653 3228 populum.

1244 3239 1266 3255 ¹⁸
1280 3241 1364 3272 Supra
1378 3247 1402 3265 n.
1419 3240 1442 3264 1.
1456 3241 1481 3264 et
1493 3238 1520 3264 7.
1533 3252 1567 3257 -
1581 3238 1670 3263 Glossa
1691 3236 1833 3263 ordinaria
1848 3237 1887 3269 (ex
1901 3235 1981 3268 Beda)
1996 3235 2066 3267 apud
2080 3236 2128 3267 Ly-

1173 3292 1266 3312 ranum
1279 3286 1307 3311 in
1320 3285 1381 3311 Luc.
1397 3284 1445 3314 19,
1458 3283 1488 3309 5:
1501 3282 1584 3309 Hodie
1597 3285 1683 3308 tamen
1698 3282 1724 3307 in
1737 3282 1818 3308 domo
1831 3281 1918 3313 pusilli
1931 3280 2039 3306 Zachaei
2053 3286 2128 3311 opor-

1156 3333 1209 3356 ·tet
1226 3330 1298 3355 illum
1318 3334 1438 3360 manere,
1458 3327 1484 3352 id
1503 3329 1550 3359 est,
1570 3333 1654 3352 novae
1673 3325 1737 3351 lucis
1756 3325 1840 3357 gratia
1859 3327 2019 3355 coruscante,
2039 3324 2064 3349 in
2083 3324 2128 3348 hu-

1173 3374 1228 3400 mili
1246 3372 1407 3399 credentium
1426 3371 1561 3396 nationum
1581 3370 1660 3396 corde
1679 3369 1826 3402 quiescere.

2158 774 2296 796 Mai-mutatio

2185 802 2265 827 populi.

2158 1358 2285 1379 Notandum.

2153 2257 2281 2279 Notandum.
