2476 3921
763 215 957 249 COMMENT.
982 216 1019 248 ΙΝ
1044 214 1282 248 EVANGELIUM
1307 215 1424 248 LUCAE
1447 216 1480 249 C.
1505 216 1552 248 xl.

164 317 262 351 posse
284 310 315 341 et
337 306 523 340 dominium.
549 306 607 339 Sed
631 306 691 339 hoc
714 309 762 338 est
785 304 976 347 impossibile
1000 303 1129 336 manife-

167 365 270 401 stum3
294 364 326 394 et
349 360 495 403 sequitur
517 369 559 393 ex
576 359 659 392 dicto
676 358 934 392 Pharisaeorum:
958 366 1035 400 ergo
1051 357 1128 390 illud

168 414 228 447 fuit
251 413 413 447 manifeste
436 413 560 446 falsum.
585 412 683 445 Huius
699 412 796 454 igitur
819 411 951 444 rationis
967 410 1129 443 maiorem

13 477 151 504 Argumenta·
167 467 355 510 praemittit,
379 475 452 499 cum
476 466 568 499 dicit:
596 466 698 498 Omne
729 474 868 508 reynum
901 465 937 497 in
959 473 994 497 se
1017 464 1127 507 ipsum

7 504 69 526 tionis
79 502 154 523 maior.

167 520 315 553 divisum
326 519 549 558 desolabitur,
565 523 596 551 et
611 519 730 551 domus
746 527 855 560 supra
871 517 1007 551 domum
1024 517 1128 550 cadet.

168 573 205 605 Et
229 573 287 606 hoc
311 572 438 615 quidem
463 575 511 605 est
535 581 591 614 per
614 580 648 605 se
671 575 782 604 notum
798 574 829 604 et
846 580 958 604 verum
975 574 1037 610 est,
1054 570 1129 613 quia

166 625 279 659 divisio
301 628 348 658 est
372 633 467 658 causa
491 625 620 664 ruinae3
647 625 729 657 unde
760 633 856 657 causa
888 624 1056 666 praedicati
1080 628 1129 656 est

167 679 199 712 in
223 679 373 712 subiecto.
410 678 446 711 Et
482 678 541 711 hoc
573 682 626 711 est.
651 678 735 720 quod
767 677 842 710 dicit
876 677 1127 719 Hieronymus¹z

173 745 189 761 α
203 731 376 765 Concordia
399 740 514 774 parvae
538 740 590 764 res
613 734 778 770 crescunt,
802 730 958 764 discordia
974 731 1128 763 maximae

166 785 351 819 dilabuntur
367 798 398 818 ».
424 785 530 818 Unitas
564 785 648 818 enim
683 788 731 818 est
754 794 849 818 causa
883 784 1073 823 salvationis,
1097 787 1129 817 et

166 839 278 872 divisio
300 838 463 878 interitus,
480 838 655 872 secundum
672 838 751 871 illud
767 838 846 871 Osee
862 838 984 871 decimo
996 838 1024 870 ²:
1046 850 1062 866 α
1077 837 1128 870 Di-

167 892 271 925 visum
295 895 342 925 est
365 900 421 924 cor
444 900 574 931 eorum,
598 901 684 924 nunc
709 891 884 924 interibunt
902 903 932 931 »;
949 895 981 924 et
997 891 1129 924 Prover-

168 944 293 978 biorum
325 944 476 987 vigesimo
510 948 635 978 octavo:
669 957 686 973 ιι
704 945 834 986 Propter
865 948 994 986 peccata
1025 948 1129 977 terrae

18 1006 148 1034 Exemplum.
166 997 258 1030 multi
282 997 439 1039 principes
462 997 531 1030 eius
547 1010 577 1029 n.
596 997 782 1039 Exemplum
807 997 904 1030 huius
930 1000 979 1030 est
1001 997 1129 1030 Genesis

167 1050 333 1084 undecimo
355 1050 394 1084 de
417 1050 655 1084 aedificantibus
672 1054 812 1090 turrem,
834 1059 905 1083 cnm
931 1054 1035 1083 essent
1055 1063 1071 1079 α
1085 1051 1129 1083 la—

165 1103 209 1137 bii
226 1103 322 1137 unius
334 1117 365 1143 n,
381 1103 436 1137 ubi
453 1103 618 1137 subditur:
641 1117 657 1133 α
669 1104 780 1137 Divisit
795 1113 849 1137 eos
865 1104 1017 1137 Dominus
1033 1113 1075 1137 ex
1091 1113 1129 1137 eo

168 1158 236 1191 loco
259 1157 290 1190 in
314 1157 480 1191 universas
503 1161 620 1196 terras,
645 1161 676 1190 et
699 1162 903 1191 cessaverunt
919 1158 1127 1191 aedificare».

167 1211 253 1244 Unde
277 1211 307 1244 in
333 1211 417 1244 finali
442 1215 526 1244 statu
551 1211 660 1244 mundi
691 1211 730 1244 de
753 1211 884 1244 unitatis
911 1212 980 1245 eius
1005 1212 1131 1245 destru-

168 1263 271 1297 ctione
295 1263 412 1297 dicitur
434 1263 517 1296 infra
539 1264 689 1306 vigesimo
712 1265 859 1306 primo⁵z
889 1277 906 1293 or
923 1265 1037 1307 Surget
1053 1274 1130 1307 gens

166 1321 277 1350 eontra
289 1322 424 1359 gentem,
437 1320 468 1350 et
481 1326 614 1360 regnum
630 1317 784 1351 adversus
801 1326 945 1360 regnum,
962 1322 994 1351 et
1010 1322 1129 1352 terrae-

71 1379 149 1401 uinor.
167 1373 273 1403 motus
300 1370 436 1412 magni»
473 1373 532 1402 etc.
557 1389 601 1394 —
623 1370 741 1403 Deinde
772 1370 916 1413 adiungit
946 1369 1128 1411 minorem,

167 1432 240 1456 cum
264 1423 357 1456 dicit:
383 1423 421 1456 Si
442 1424 581 1456 autem⁴
603 1427 747 1456 satanas
763 1423 799 1456 in
822 1433 856 1456 se
872 1423 983 1466 ipsum
1000 1424 1130 1457 divisus

167 1480 232 1516 est,
255 1476 288 1509 id
310 1479 375 1516 est,
400 1480 510 1509 contra
533 1485 567 1509 se
583 1476 688 1519 ipsum
709 1480 847 1519 pugnat;
864 1477 948 1520 quod
969 1477 1045 1510 dicit
1068 1478 1130 1510 sub

166 1530 367 1569 conditione,
384 1530 459 1572 quia
476 1529 534 1562 hoc
551 1530 698 1572 sequitur
713 1539 756 1563 ex
780 1530 878 1563 verbo
895 1531 1130 1573 praedictorum

167 1583 346 1617 scribarum
370 1588 401 1616 et
426 1583 683 1623 Pharisaeorum,
700 1587 805 1617 tamen
821 1584 852 1616 in
877 1593 911 1618 se
928 1594 989 1617 non
1014 1588 1062 1618 est
1078 1594 1131 1618 ve-

167 1647 256 1677 rum;
281 1640 405 1670 satanas
428 1637 512 1671 enim
536 1641 663 1670 satanae
687 1638 856 1671 concordat
880 1638 911 1671 in
927 1639 1019 1672 malo.
1046 1639 1147 1672 Unde·

168 1691 221 1724 Iob
243 1691 485 1734 quadragesimo
501 1691 604 1733 primo
616 1691 644 1724 ⁵:
667 1705 683 1721 (ι
695 1691 818 1734 Corpus
834 1692 919 1725 illius
935 1693 1024 1735 quasi
1042 1696 1131 1726 scuta

167 1744 272 1778 fusilia
295 1748 326 1778 et
349 1748 547 1787 compactum
579 1745 720 1787 squamis
744 1754 777 1778 se
807 1746 1043 1788 prementibus;
1067 1755 1132 1779 una

169 1798 224 1831 uni
249 1798 464 1841 coniungitur,
482 1802 514 1831 et
530 1807 570 1831 ne
586 1798 781 1841 spiraculum
799 1799 927 1841 quidem
943 1799 1059 1833 incedit
1075 1808 1132 1842 per

167 1861 234 1892 eas;
252 1861 316 1885 una
330 1852 421 1885 alteri
445 1852 643 1891 adhaerebit,
660 1855 691 1885 et
705 1855 849 1886 tenentes
873 1861 906 1886 se
929 1862 1131 1896 nequaquam

168 1905 446 1948 separabuntur»;
471 1905 555 1938 unde
579 1905 610 1938 in
635 1905 773 1938 Psalmo:
803 1919 819 1935 α
837 1906 1010 1939 Astiterunt
1041 1915 1132 1949 reges

169 1962 284 1998 terrae,
308 1962 340 1991 et
362 1958 521 2001 principes
544 1962 762 1992 convenerunt
784 1959 817 1992 in
852 1969 953 1992 unum
977 1960 1131 1993 adversus
1150 1991 1153 1994 Δ

28 2019 147 2042 conclusio·
169 2012 363 2046 Dominum»
385 2016 444 2045 etc.
463 2030 505 2035 —
520 2012 590 2045 Post
607 2012 683 2045 haec
700 2013 863 2055 subiungit
879 2013 1131 2053 conclusionem,

169 2075 242 2100 cum
267 2066 391 2107 subdit:
418 2066 586 2107 Quomodo
617 2066 717 2099 stabit
748 2076 890 2109 rey-num
922 2067 1018 2100 eius?
1042 2067 1132 2109 Quod

168 2111 243 2153 dicit
267 2119 517 2162 iuterroyative,
544 2122 693 2162 tanquam
716 2120 908 2162 impossibile
931 2121 972 2153 sit
994 2121 1054 2153 hoc
1078 2129 1132 2153 su-

172 2173 306 2212 stinere,
331 2173 416 2216 quod
440 2177 565 2206 satanas
588 2173 655 2215 ipse
689 2173 728 2206 de
751 2182 849 2216 regno
872 2173 975 2206 eiiciat
998 2182 1040 2206 se.
1074 2174 1131 2206 Re-

168 2235 266 2269 gnum
290 2226 373 2259 enim
397 2230 524 2259 satanae
547 2229 595 2259 est
617 2226 650 2259 in
666 2226 756 2259 malis
780 2230 811 2259 et
827 2226 1062 2268 peccatoribus3
1080 2226 1132 2259 lob

146 2314 149 2315 ⁷
169 2280 411 2323 quadragesimo
435 2280 581 2323 primo⁸2
610 2293 626 2309 α
643 2280 711 2322 lpse
734 2284 781 2313 est
812 2289 872 2312 rex
900 2289 997 2322 super
1022 2289 1132 2313 omnes

169 2333 251 2366 filios
274 2333 441 2375 superbiae
457 2345 489 2372 »;
519 2336 550 2366 et
574 2333 643 2366 ideo
666 2333 789 2366 dicebat
820 2333 985 2375 Apostolus
1008 2333 1046 2366 ad
1073 2333 1132 2366 Ro-

168 2395 278 2419 manos
301 2389 407 2419 sexto:
436 2386 531 2419 «Non
555 2388 666 2428 regnet
688 2389 852 2428 peccatum
868 2386 900 2419 in
925 2389 1030 2419 vestro
1047 2395 1132 2419 mor-

0 2432 159 2496 }progssss'mi-
171 2439 224 2472 tali
248 2448 381 2481 corpore
397 2452 428 2471 ι».
454 2457 496 2462 -
521 2439 681 2472 Postremo
705 2438 861 2472 subinfert
884 2439 1027 2472 minoris
1052 2449 1133 2482 pro-

171 2494 333 2527 bationem
368 2503 408 2526 ex
439 2493 526 2526 dieto
560 2492 734 2535 ipsorum,
766 2493 914 2536 quoniam
954 2494 1030 2527 haec
1064 2497 1133 2526 erat

170 2556 266 2580 causa
289 2546 386 2579 totius
408 2546 556 2579 illationis
570 2546 581 2566 ⁷
598 2546 677 2579 falsi.
702 2547 739 2579 Et
762 2546 831 2580 ideo
847 2547 947 2580 addit:
973 2547 1062 2588 Quia
1083 2547 1133 2580 di-

163 2600 263 2634 ·eitis:
289 2600 329 2633 In
353 2599 532 2633 Beelzebub
556 2600 671 2633 eiicere
693 2610 745 2634 me
772 2601 959 2634 daemonia.
990 2601 1021 2634 Si
1049 2600 1133 2634 enim

244 2767 253 2782 ¹
273 2767 343 2794 Libr.
363 2768 389 2793 ll.
403 2767 550 2794 Comment.
564 2768 589 2793 in
604 2768 690 2794 Matth.
707 2769 751 2799 ¹2,
765 2769 815 2800 26;
829 2776 859 2795 ex
874 2769 985 2801 Sallust„
1000 2770 1133 2801 iugurtha,

172 2820 195 2839 c.
216 2814 226 2838 4
233 2813 259 2839 0.
277 2812 329 2839 Cir.
350 2815 412 2838 tom.
428 2813 458 2838 V.
473 2819 535 2844 pag.
555 2812 621 2845 495,
635 2816 696 2838 nota
716 2813 747 2844 3,
767 2813 814 2839 ubi
827 2814 892 2840 alios
906 2816 1029 2840 auctores
1042 2814 1135 2846 allega-

172 2857 269 2883 vimus.
288 2858 326 2883 De
345 2850 526 2890 propositione
554 2864 602 2889 per
629 2864 658 2883 se
676 2860 737 2883 nota
765 2859 812 2884 ctr.
842 2859 858 2884 l.
887 2859 958 2884 Sent.
978 2859 1005 2885 d.
1025 2859 1051 2884 8.
1069 2866 1095 2891 p.
1116 2859 1132 2884 l.

173 2909 197 2928 a.
217 2903 242 2928 4.
261 2909 287 2935 q.
308 2903 332 2928 2.
353 2902 378 2927 in
398 2908 472 2935 corp.

244 2944 255 2960 ²
275 2947 349 2973 Vers.
368 2948 398 2979 2,
417 2947 444 2972 in
456 2953 510 2980 quo
523 2949 583 2979 post
595 2953 669 2973 nunc
687 2946 706 2973 C
719 2945 769 2973 DG
788 2947 890 2973 addunt
902 2949 1003 2975 autem.
1018 2962 1050 2967 —
1066 2948 1134 2974 Sub-

174 2990 234 3017 inde
252 2991 398 3022 allegantur
416 2992 494 3017 Prov.
513 2992 545 3017 28
558 3011 565 3022 ,
584 2992 614 3022 2;
634 2991 698 3016 Gen.
721 2991 746 3016 ll
759 3010 767 3022 ,
787 2992 811 3017 4.
830 2995 857 3017 et
875 2993 900 3017 8.
937 2994 940 2997 ’
962 3005 965 3008 -

244 3032 256 3048 ³
275 3034 351 3060 Vers.
371 3035 414 3061 40.
429 3047 465 3054 -—
478 3035 606 3067 Superius
620 3042 667 3067 pro
681 3034 712 3061 de
725 3034 837 3062 unitatis
857 3034 892 3069 [Α
902 3035 921 3062 C
933 3036 954 3061 D
965 3037 983 3061 F
993 3036 1015 3061 G
1034 3035 1063 3062 iu
1075 3035 1133 3062 uni-

174 3078 241 3113 tate]
259 3078 316 3105 eius
335 3078 516 3106 destructione
536 3080 595 3105 Vat.
614 3078 646 3105 de
665 3078 750 3113 ipsius
769 3079 882 3106 unitatis
901 3079 1091 3114 dissipatione,
1112 3081 1132 3106 ll

174 3123 227 3150 erit
243 3122 355 3150 unitatis
374 3122 537 3156 destructio,
558 3124 657 3150 omisso
676 3123 786 3150 dicitur.

246 3166 257 3181 ¹
276 3167 389 3199 Vulgata
408 3170 434 3193 et
452 3168 475 3193 H
495 3167 527 3194 Si
544 3170 635 3194 autem
655 3170 688 3195 et.

246 3210 257 3226 ¹¹
277 3213 351 3239 Vers.
370 3213 428 3245 6-8,
447 3216 507 3245 post
534 3220 602 3246 quos
620 3214 661 3239 Ps.
680 3215 711 3245 2,
731 3214 755 3239 2.
775 3227 811 3233 —
830 3214 957 3246 Superius
977 3222 1026 3247 pro
1045 3216 1135 3242 tamen

175 3256 205 3283 in
222 3264 251 3284 se
268 3250 324 3283 ‘non
342 3258 382 3284 est
397 3263 494 3283 verum
514 3258 572 3283 Vat.
591 3265 654 3285 cum
672 3258 701 3284 iu
718 3265 747 3284 se
765 3264 820 3285 non
838 3258 875 3285 sit
891 3266 997 3285 verum.

247 3299 259 3315 ⁶
278 3301 353 3327 Vers.
372 3301 420 3334 25,
439 3302 480 3327 cui
500 3302 669 3335 subiungitur
686 3303 762 3328 Rom.
776 3303 807 3334 6,
828 3303 872 3329 ⁴2.
890 3317 924 3322 ——
947 3304 1074 3336 Superius
1086 3311 1136 3336 pro

176 3344 265 3372 eiiciet
282 3352 310 3372 se
329 3345 388 3371 Vat.
407 3344 542 3372 eiiciatur.

248 3387 258 3403 ⁷
279 3389 337 3416 Vat.
357 3388 544 3416 elucidationis
550 3399 562 3423 ,·
582 3389 733 3417 immediate
752 3393 813 3423 post
830 3398 879 3423 pro
897 3390 964 3425 faLsi
974 3391 996 3417 Η
1015 3390 1109 3425 salsae.

2088 220 2147 252 291

1193 312 1304 336 verum
1329 307 1377 336 est
1399 303 1485 345 quod
1509 304 1629 343 dicitis,
1653 309 1690 337 ut
1713 309 1838 338 satanas
1860 310 2000 339 satanam
2032 308 2151 345 eiiciat;

1193 365 1269 398 ergo
1292 356 1428 389 divisum
1453 361 1500 390 est
1528 357 1596 390 eius
1620 358 1806 400 imperium,
1829 368 1866 392 ac
1890 368 1946 401 per
1971 361 2031 393 boc
2055 361 2153 393 tendit

1191 409 1231 442 ad
1255 410 1431 442 interitum„
1457 409 1494 442 Et
1529 410 1588 442 boc
1622 411 1714 443 modo
1749 412 1905 445 formatur
1928 418 2152 455 argumentum

1193 463 1338 495 Matthaei
1374 462 1600 495 duodecim0⁸z
1630 476 1645 491 α
1663 464 1692 496 Si
1723 468 1847 497 satanas
1878 470 2017 498 satanam
2052 467 2153 505 eiicit,

1192 515 1347 548 adversus
1371 524 1405 548 se
1429 515 1532 557 ipsum
1556 516 1677 549 divisus
1701 521 1765 556 est;
1791 519 1948 560 quomodo
1982 528 2058 562 ergo
2092 524 2154 552 sta-

1192 568 1238 601 bit
1262 578 1396 611 regnum
1421 569 1490 602 eius
1508 572 1542 601 n?
1564 588 1610 592 —
1633 570 1683 602 Sic
1706 579 1782 612 ergo
1806 575 1907 613 patet,
1932 573 2089 614 quomodo
2112 582 2154 606 ex

1192 622 1276 655 dicto
1299 631 1410 655 eorum
1433 622 1560 656 deducit
1583 623 1621 655 ad
1647 624 1847 657 manifestum
1871 626 2071 667 impossibile⁴

1282 676 1336 708 45.
1361 676 1463 718 (Vers.
1493 677 1567 718 l9.).
1593 677 1737 710 Secundo
1760 687 1836 715 vero
1859 680 2004 720 perducit
2027 681 2065 713 ad
2089 680 2155 723 fat-

1193 739 1270 762 sum
1301 729 1535 772 improbabile,
1574 739 1645 763 cum
1677 731 1798 764 subdit:
1824 732 1862 765 Si
1893 737 2004 765 autem
2038 744 2095 777 eqo
2119 735 2155 767 in

1195 781 1373 815 Beelzebub
1388 783 1483 816 eiieio
1499 784 1676 817 daemonia
1684 797 1696 823 ;
1720 786 1751 818 in
1777 794 1840 828 quo
1864 787 1996 820 intendit
2019 788 2155 822 formare

1194 836 1288 869 talem
1312 836 1486 870 rationem:
1511 837 1536 870 si
1560 846 1618 880 ego
1641 838 1730 871 eiicio
1752 839 1915 873 daemonia
1943 850 1999 883 per
2029 842 2155 876 daemo-

1194 899 1271 922 num
1295 890 1481 932 potentiam;
1506 894 1538 924 et
1560 900 1618 933 ego
1641 892 1710 925 dedi
1737 896 1920 934 potestatem
1946 895 2018 928 tiliis
2042 897 2155 929 vestris

1193 943 1336 977 eliciendi
1366 944 1532 977 daemonia
1561 963 1606 969 -
1637 945 1718 979 hanc
1755 947 1904 989 supponit
1934 952 1965 981 et
1997 952 2078 982 tacet
2112 969 2154 974 —

1193 1006 1269 1040 ergo
1294 997 1351 1039 ipsi
1377 997 1408 1030 in
1426 997 1567 1040 principe
1583 998 1820 1033 daemoniorum
1838 1001 1967 1034 eiiciunt
1982 1002 2154 1036 daemonia.

1194 1050 1251 1083 Sed
1277 1051 1337 1083 hoc
1371 1054 1418 1083 est
1449 1051 1563 1084 falsum
1600 1055 1631 1084 et
1654 1052 1885 1094 improbabile⁰
1915 1059 1945 1087 et
1980 1056 2153 1089 secundum

1194 1103 1337 1146 ipsorum
1360 1103 1539 1145 opinionem
1568 1108 1599 1137 et
1623 1105 1796 1138 secundum
1829 1106 1970 1148 ipsorum
1995 1108 2155 1149 Apostolo-

1196 1165 1267 1189 rum
1293 1156 1553 1190 testificationem.
1578 1158 1701 1191 Falsum
1718 1162 1766 1192 est
1782 1159 1879 1201 igitur
1896 1160 1980 1202 quod
1998 1161 2153 1194 Pharisaei

1195 1209 1353 1249 sentiunt,
1377 1213 1409 1242 et
1433 1219 1544 1243 verum
1573 1211 1657 1253 quod
1687 1212 1821 1254 Apostoli
1851 1216 2024 1253 testantur;
2058 1214 2153 1257 igitur

1194 1263 1262 1305 ipsi
1283 1267 1382 1296 erunt
1405 1263 1531 1296 iudices
1546 1274 1672 1297 eorum.
1697 1284 1741 1289 —
1765 1265 1796 1298 In
1822 1266 1880 1299 hac
1903 1271 2008 1300 autem
2034 1268 2154 1301 ratione

1194 1316 1410 1359 praemittitur
1430 1318 1632 1360 propositio,
1657 1328 1752 1361 quam
1785 1324 1949 1360 asserunt,
1977 1331 2049 1354 cum
2078 1322 2154 1355 dici-

1195 1373 1266 1402 tur:
1284 1369 1323 1403 Si
1337 1374 1448 1403 autem
1463 1380 1521 1413 eyo
1537 1370 1573 1403 in
1589 1371 1768 1404 Beelzebub
1784 1372 1878 1405 eiieio
1894 1374 2088 1413 daemonia,
2106 1384 2154 1408 se-

1195 1423 1334 1456 cundum
1348 1427 1484 1457 vestram
1498 1424 1616 1457 scilicet
1631 1426 1834 1459 assertionem
1848 1439 1855 1465 ;
1876 1435 1973 1469 supra
1988 1428 2096 1461 eodem
2111 1429 2152 1460 ¹⁰:

1200 1489 1215 1505 «ι
1233 1476 1266 1509 ln
1283 1477 1457 1510 Beelzebub
1473 1477 1557 1510 eiicit
1572 1477 1736 1511 daemonia
1747 1492 1778 1511 n.
1798 1498 1838 1503 —
1857 1480 2009 1513 Subditur
2025 1481 2155 1514 conclu-

1195 1530 1257 1569 sio,
1275 1539 1370 1572 quam
1394 1539 1457 1563 non
1481 1531 1674 1570 concedunt,
1698 1540 1770 1564 cum
1791 1532 1925 1565 dicitur:
1951 1534 2033 1566 Filii
2054 1535 2156 1567 vestri

1196 1583 1320 1627 inquo
1343 1584 1503 1616 eiieiunt?
1527 1584 1616 1627 quasi
1640 1584 1776 1618 diceret:
1801 1587 1965 1628 sequitur,
1988 1588 2073 1630 quod
2101 1588 2156 1621 eii-

1195 1637 1284 1670 ciunt
1307 1637 1339 1669 in
1363 1637 1551 1676 Beelzebub;
1575 1638 1660 1680 quod
1677 1642 1780 1672 tamen
1804 1639 1862 1681 ipsi
1887 1649 1950 1673 non
1971 1641 2155 1675 concedunt,

1195 1690 1282 1724 Unde
1314 1690 1396 1723 Beda
1409 1692 1452 1723 ¹¹:
1491 1704 1507 1720 «
1523 1691 1628 1724 Filios
1663 1692 1849 1725 ludaeorum
1874 1698 1965 1727 vocat
1987 1695 2157 1736 Apostolos,

1196 1744 1251 1787 qui
1275 1744 1358 1777 inter
1381 1744 1442 1777 alia
1465 1753 1613 1784 munera,
1638 1754 1720 1788 quae
1750 1755 1770 1778 a
1797 1746 1930 1779 Domino
1953 1752 2156 1790 acceperant,

1196 1798 1288 1840 etiam
1312 1797 1478 1831 daemonia
1509 1799 1682 1840 pellebant,
1715 1808 1810 1841 quam
1842 1801 2062 1842 expulsionem
2096 1811 2157 1834 non

1196 1851 1337 1891 diabolo,
1354 1851 1409 1884 sed
1425 1852 1490 1884 Deo
1505 1852 1705 1894 assignabant
1720 1866 1751 1885 υ.
1769 1872 1814 1877 -
1830 1854 2031 1887 Subinfertur
2052 1859 2157 1899 autem

1196 1904 1409 1947 redaryutio,
1433 1914 1528 1947 quam
1554 1905 1736 1945 incurrunt,
1753 1915 1826 1939 cum
1843 1907 1976 1940 dicitur:
2003 1909 2077 1941 Ideo
2093 1909 2160 1951 ipsi

1197 1958 1323 1991 iudices
1348 1957 1449 1991 vestri
1470 1963 1588 1996 eruum
1604 1959 1679 2001 quia
1702 1959 1786 2001 quod
1811 1969 1867 1993 vos
1883 1960 2106 2003 blasphematis
2122 1966 2158 1994 ut

1196 2011 1310 2044 falsum
1335 2011 1393 2053 ipsi
1419 2011 1628 2044 testificantur
1659 2020 1728 2045 esse
1752 2021 1881 2052 verum,
1911 2014 2084 2047 secundum
2119 2015 2156 2047 il-

1197 2064 1252 2097 lud
1276 2064 1371 2097 Isaiae
1393 2064 1634 2106 quadragesimo
1659 2066 1751 2098 tertio
1766 2066 1810 2098 ¹²:
1841 2079 1856 2095 «ι
1874 2066 1954 2099 Vere
1983 2076 2038 2100 vos
2061 2071 2156 2101 testes

1196 2117 1276 2157 mei,
1300 2117 1376 2150 dicit
1399 2117 1551 2150 Dominus
1567 2131 1598 2150 n.
1623 2118 1660 2150 Et
1684 2127 1746 2151 non
1771 2121 1893 2152 tantum
1911 2123 2002 2152 testes
2025 2125 2156 2163 propter

1197 2171 1338 2204 veritatis
1361 2171 1583 2211 assertionem,
1608 2172 1661 2205 sed
1685 2172 1778 2205 etiam
1802 2173 1928 2206 iudices
1952 2178 2081 2217 propter
2105 2184 2158 2208 ve-

1197 2225 1299 2258 ritatis
1323 2224 1565 2267 perfectionem,
1590 2225 1764 2258 secundum
1781 2226 1858 2259 illud
1874 2227 2020 2260 Matthaei
2037 2227 2157 2261 decimo

1197 2287 1296 2311 nono:
1326 2278 1436 2318 «Vos,
1460 2278 1516 2321 qui
1547 2278 1721 2321 reliquistis
1750 2280 1855 2312 omnia
1886 2284 1917 2313 et
1952 2281 2050 2313 secuti
2083 2282 2157 2314 estis

1197 2341 1265 2371 me,
1289 2331 1437 2365 sedebitis
1461 2340 1557 2374 super
1581 2332 1669 2365 sedes
1692 2332 1875 2372 duodecim,
1892 2333 2064 2367 iudicantes
2079 2334 2158 2367 duo-

1196 2385 1297 2419 decim
1323 2385 1426 2418 tribus
1449 2385 1544 2418 lsrael
1561 2399 1591 2418 ι».
1617 2386 1677 2428 Ipsi
1702 2395 1838 2428 namque
1863 2390 1954 2426 sunt,
1978 2387 2017 2420 de
2040 2388 2157 2429 quibus

1198 2439 1293 2472 Isaiae
1317 2439 1410 2472 tertio
1425 2439 1469 2471 ¹³:
1504 2452 1520 2468 α
1536 2439 1689 2472 Dominus
1712 2439 1752 2472 ad
1775 2440 1925 2473 iudicium
1955 2441 2058 2474 veniet
2085 2450 2157 2474 cum

1198 2492 1376 2526 senioribus
1400 2493 1507 2535 populi
1532 2492 1628 2525 sui».
1653 2492 1804 2526 Seniores
1828 2498 1918 2526 vocat
1941 2494 2157 2536 perfectiores,

1198 2546 1372 2580 secundum
1396 2546 1474 2579 illud
1497 2546 1671 2588 Sapientiae
1695 2550 1830 2589 quai-to:
1860 2560 1876 2576 α
1892 2548 2042 2580 Senectus
2068 2556 2159 2580 vene-

1198 2600 1306 2633 rabilis
1328 2603 1393 2639 est,
1418 2609 1480 2633 non
1504 2600 1673 2639 diuturna,
1705 2609 1808 2643 neque
1839 2610 1995 2633 annorum
2026 2609 2159 2633 numero

1268 2766 1279 2782 ⁸
1299 2768 1375 2794 Vers.
1395 2768 1438 2793 26.
1456 2781 1493 2787 —
1511 2767 1639 2800 Superius
1658 2769 1717 2799 post
1744 2769 1872 2793 satanam
1899 2766 1987 2793 eiiciat
2009 2767 2065 2793 Vat.
2086 2767 2158 2793 addit

1196 2811 1329 2838 adversus
1348 2819 1376 2839 se
1389 2811 1479 2846 ipsum
1498 2811 1600 2838 divisus
1618 2813 1665 2838 est.

1269 2854 1280 2870 ⁸
1300 2857 1390 2882 Plures
1409 2856 1496 2887 codd„
1515 2859 1544 2882 ut
1557 2855 1676 2898 ACDl'i,
1696 2855 1868 2890 impossibile.

1270 2899 1292 2914 ¹⁰
1312 2902 1386 2927 Vers.
1398 2901 1441 2926 45.
1459 2915 1491 2919 -
1506 2901 1633 2933 Superius
1645 2907 1694 2933 pro
1706 2900 1854 2934 propositio
1868 2901 1888 2926 A
1899 2899 1918 2927 C
1930 2901 1951 2926 D
1961 2901 1978 2926 F
1988 2901 2011 2926 Π
2019 2900 2155 2934 probatio,

1197 2949 1223 2972 et
1241 2953 1290 2978 pro
1309 2947 1438 2972 asserunt
1457 2946 1515 2971 Vat.
1534 2947 1722 2972 asseruerunt.

1269 2989 1291 3004 ¹¹
1311 2990 1381 3016 Libr.
1401 2990 1442 3016 tv.
1457 2990 1482 3016 in
1495 2991 1558 3016 Luc.
1578 2990 1606 3015 44
1618 3009 1625 3021 ,
1646 2990 1692 3022 49,
1706 2989 1788 3016 verba
1802 2990 1981 3015 suntGlossae
2000 2989 2158 3016 ordinariae

1197 3035 1225 3061 in
1244 3035 1361 3061 eundem
1381 3035 1478 3061 locum.

1270 3078 1292 3094 ¹²
1313 3080 1387 3106 Vers.
1407 3080 1431 3105 9.
1460 3083 1487 3106 et
1506 3080 1548 3106 40.
1566 3093 1602 3099 -
1622 3080 1746 3112 Sequitur
1764 3080 1851 3105 Matth.
1881 3079 1928 3110 49,
1949 3079 1991 3105 28.
2018 3080 2050 3105 lta
2080 3079 2158 3105 etiam

1198 3126 1314 3157 flaymo,
1333 3123 1411 3150 Card.
1430 3125 1507 3155 Hugo
1526 3127 1552 3149 et
1569 3124 1701 3155 Lyranus;
1715 3124 1774 3149 Vat.
1792 3124 1857 3155 Vos,
1872 3123 1920 3157 qui
1930 3123 2016 3150 secuti
2033 3123 2095 3150 estis
2108 3130 2158 3154 me,

1198 3169 1226 3195 in
1245 3168 1462 3202 regeneratione,
1482 3174 1545 3194 oum
1563 3167 1661 3194 sederit
1680 3167 1766 3194 Filius
1785 3167 1901 3194 bominis
1915 3167 1944 3194 in
1957 3167 2017 3194 sede
2036 3167 2159 3193 maiesta-

1199 3213 1232 3241 tis
1250 3220 1331 3245 suae,
1353 3211 1474 3239 sedemus
1495 3214 1521 3239 et
1539 3219 1596 3239 vos.

1272 3256 1294 3272 ¹⁸
1313 3258 1388 3283 Vers.
1410 3257 1451 3283 44.
1470 3271 1505 3276 -
1524 3257 1643 3284 Subinde
1662 3258 1788 3290 allegetur
1807 3258 1869 3290 Sap.
1885 3257 1914 3288 4,
1935 3258 1966 3288 8,
1986 3256 2031 3282 ubi
2051 3256 2159 3283 ACDF

1201 3302 1330 3330 Senectus
1349 3300 1508 3328 tener-abitas
1527 3308 1583 3328 non
1607 3302 1647 3329 en
1661 3300 1794 3329 diuturna
1811 3305 1871 3334 etc.,
1890 3305 1915 3327 et
1935 3308 1983 3334 pro
2003 3299 2072 3327 Gaui
2089 3299 2158 3326 enim

1202 3347 1313 3378 Vulgata
1333 3349 1359 3372 et
1378 3345 1435 3371 Vnt.
1457 3345 1526 3373 Cani
1540 3348 1641 3373 autern.

2176 681 2306 703 Secundum.

2174 1270 2300 1298 Propositio.

2173 1483 2293 1504 Conclusio.

2178 1855 2315 1882 Redargutio.
