2427 3872
292 244 360 278 784

588 288 638 313 Liri

349 333 443 358 Linum
463 346 496 350 —
517 326 627 357 Scientiu
652 331 817 357 diversarum
837 331 935 362 lingua-

293 383 353 402 rum
372 384 386 402 a
407 376 504 408 Spiritu
524 378 614 402 sancto
633 378 673 401 est
692 375 725 401 Vl
747 375 796 400 ⁴⁴4
818 382 842 399 v.
862 375 879 400 7

347 435 381 438 —
402 420 534 451 Tempore
549 419 645 445 Christi
665 422 739 445 erant
768 419 933 450 septuaginta

290 464 361 490 duae
388 464 493 495 linguae
519 463 563 489 Vll
592 463 643 489 579
673 463 706 488 47
731 477 766 485 --
791 466 842 488 tres
860 466 934 489 eram

290 508 437 534 eminentes
456 506 518 533 ibid.

345 565 381 573 -
401 551 497 577 Tribus
521 552 617 583 linguis
642 551 858 578 eminentioribus
878 551 934 577 titu-

291 596 332 622 lus
350 596 435 622 crucis
454 595 548 621 Christi
567 598 690 621 exaratur
710 596 753 621 Vll
773 595 824 620 579
845 595 878 621 47
897 609 933 617 --

291 639 389 666 Tribus
408 640 504 672 linguis
522 640 598 672 quasi
620 639 702 665 tribus
717 639 826 666 testibus
838 642 878 666 est
889 647 933 672 ap-

292 684 420 716 probatus
438 685 528 710 titulus
556 684 642 710 crucis
668 683 731 710 ibid.
751 698 786 705 -
806 685 872 710 Τ165
889 684 933 710 1111-

292 735 362 760 guae
379 729 492 754 innuunt
511 728 664 759 mysterium
684 728 816 754 Trinitatis
834 727 896 754 ibid.

347 787 382 791 —
407 773 517 805 Spiritus
535 776 640 798 sanctus
666 773 693 798 in
716 773 803 804 specie
828 773 933 805 linguae

293 818 415 849 apparuit
434 817 467 842 Vl
487 817 538 842 542
560 817 574 842 4
587 831 623 837 --
635 816 729 843 Christi
743 817 868 849 sapientia
882 817 932 842 cla-

292 860 408 887 risscatur
427 862 452 886 in
472 861 620 893 linguarum
640 861 770 887 divisione
790 861 836 886 6⁴⁴
861 862 877 886 2

345 919 381 924 —
400 906 517 937 Linguae
541 908 674 937 unguenta
700 908 760 931 sunt
783 905 865 931 oratio
891 905 933 931 de-

292 952 367 981 vota,
386 950 516 975 consessio
535 950 636 981 integra
650 953 676 975 et
694 949 855 981 praedicatio
869 956 931 975 vera

293 993 336 1019 Vll
356 994 407 1019 586
427 993 460 1018 72
480 1008 515 1011 —
534 996 573 1018 est
591 993 666 1026 quasi
687 994 770 1019 fomes
790 993 868 1019 totius
888 993 932 1019 ini-

291 1037 398 1070 quitatis
417 1037 441 1062 in
461 1037 544 1068 culpis
558 1037 603 1062 42⁴
629 1029 717 1062 50-
735 1037 875 1069 impugnat.
892 1037 933 1063 di-

291 1081 380 1106 vinam
394 1081 570 1113 maiestatem,
585 1081 721 1107 veritatem
735 1084 761 1107 et
773 1081 931 1114 bonitatem,

295 1128 415 1150 mutuam
435 1119 568 1150 caritatem
588 1128 614 1150 et
632 1132 738 1150 omnem
762 1132 866 1151 morum
886 1127 932 1151 ho-

291 1171 417 1194 nestatem
438 1168 471 1195 ib.
491 1169 533 1201 5⁴,
553 1169 586 1195 52
603 1183 639 1189 —
658 1170 790 1195 cruciatur
803 1176 851 1202 pro
863 1170 930 1195 mala

292 1213 421 1239 locutione
440 1216 466 1239 et
484 1213 544 1245 gula
565 1213 616 1238 420
637 1213 670 1239 49

344 1257 500 1282 Ltnrafflimi
514 1272 548 1275 —
561 1257 659 1290 quibus
672 1260 793 1289 opertum
807 1260 863 1283 erat
875 1264 932 1283 cor-

292 1308 343 1332 pus
367 1300 474 1332 Christi,
502 1301 670 1327 inveniuntur
695 1302 721 1327 in
750 1302 872 1334 sepulcro
898 1302 931 1328 Vl

291 1345 344 1370 505
364 1345 379 1370 8

324 1390 454 1427 ,LmTi-:us
477 1403 512 1409 —-
538 1391 585 1415 Per
612 1390 704 1416 linteos
732 1391 932 1416 aromatizantes

290 1433 470 1465 intelliguntur
488 1434 606 1465 exempla
621 1433 706 1460 bonae
724 1435 884 1466 operationis
897 1435 930 1460 Vl

292 1477 343 1503 649
372 1478 387 1503 3
407 1491 443 1497 -
465 1478 594 1510 significat
623 1478 779 1504 munditiam
807 1479 931 1505 castitatis

292 1521 343 1546 598
364 1522 379 1547 3

345 1567 531 1592 Liraosrnoros
557 1580 593 1585 —-
620 1569 675 1592 erat
696 1567 770 1592 10635
789 1567 878 1593 1331611
896 1567 930 1593 Vl

292 1609 343 1635 492
365 1610 397 1635 44
431 1617 435 1620 ’

343 1655 472 1680 anmo
500 1668 536 1674 —-·
563 1662 616 1680 non
644 1655 768 1687 competit
795 1655 930 1687 discipulis

290 1698 461 1730 evangelicis,
471 1699 518 1725 sed
531 1699 692 1725 aristotelicis
703 1699 745 1725 Vll
757 1699 772 1725 4
783 1700 798 1725 6
809 1714 845 1718 ——
855 1700 930 1726 Servi

291 1742 339 1768 Dei
357 1749 410 1768 non
430 1742 526 1768 debent
545 1750 602 1769 esse
621 1744 724 1775 litigiosi
744 1744 776 1769 Vl
797 1744 849 1769 332
869 1745 902 1769 82

345 1787 426 1813 Locus
442 1800 478 1806 —
497 1787 574 1819 Quod
592 1790 632 1813 est
650 1788 676 1813 in
695 1788 752 1814 loco
765 1791 805 1814 est
820 1788 846 1814 in
864 1792 931 1814 tem-

291 1837 357 1862 pore
376 1831 408 1856 Vi
429 1831 461 1856 28
481 1838 507 1864 q.
528 1832 552 1856 ⁴.
572 1839 629 1864 arg.
649 1833 674 1857 2.

344 1889 378 1893 —-
397 1876 465 1901 Loca
483 1875 555 1901 arida
574 1878 600 1901 et
618 1876 743 1909 inaquosa
757 1877 884 1907 sumina,
903 1877 930 1902 in

287 1918 388 1952 quibus
397 1926 450 1945 non
459 1920 532 1950 viget
541 1920 677 1946 carnalitas
687 1927 736 1945 nec
746 1920 931 1952 concupiscen-

290 1963 324 1989 tia
343 1963 387 1988 Vll
406 1962 457 1988 294
478 1963 511 1989 52

342 2008 452 2032 Locurio
472 2021 505 2025 —-
518 2008 624 2039 respicit
636 2011 723 2034 actum
736 2008 868 2034 rationalis
886 2009 929 2035 Vll

291 2050 336 2076 ⁴7⁴
362 2051 396 2076 27
416 2065 450 2070 --
468 2051 556 2083 lingua
570 2053 696 2078 formatur
713 2052 746 2078 Vl
761 2052 811 2078 ⁴44
825 2060 852 2079 ν.
866 2053 881 2078 6
894 2067 930 2075 -—

289 2095 373 2128 Loqui
391 2096 464 2121 facile
478 2099 518 2121 est
536 2096 635 2122 homini
653 2097 686 2121 46
705 2104 732 2129 q.
753 2098 763 2122 ⁴
787 2103 843 2128 arg.
863 2097 878 2122 3

342 2154 377 2157 —
397 2140 489 2166 Modus
507 2140 632 2173 loquendi
651 2143 690 2166 est
706 2142 748 2166 vel
767 2141 891 2173 proprius
904 2144 929 2168 et

287 2186 407 2217 apertus,
425 2185 468 2210 vel
486 2184 652 2216 parabolicus
671 2185 704 2210 Vl
725 2185 757 2210 40
777 2193 803 2218 q.
824 2187 839 2211 2

341 2242 377 2247 —
393 2229 423 2254 ln
441 2229 545 2261 loquela
557 2232 597 2255 est
609 2229 775 2261 intelligenda
794 2230 928 2262 expressio

289 2272 408 2298 veritatis
426 2273 470 2298 Vll
484 2273 516 2298 ⁴8
537 2274 565 2299 34
584 2286 619 2292 —-
632 2274 745 2306 Loquela
760 2274 820 2300 data
833 2277 873 2300 est
885 2276 928 2300 ho-

291 2317 353 2342 mini
372 2317 407 2343 ad
425 2317 587 2343 laudandum
612 2318 710 2350 Deum,
730 2318 764 2345 ad
788 2319 929 2345 aedifican-

289 2361 353 2386 dum
364 2361 514 2393 proximum
528 2365 552 2387 et
564 2361 599 2387 ad
608 2362 787 2388 accusandum
801 2369 830 2388 se
840 2363 927 2395 ipsum

288 2405 340 2430 289
360 2405 393 2430 39

342 2463 377 2468 -
396 2450 452 2475 Non
464 2452 503 2475 est
514 2450 675 2482 loquendum
689 2451 882 2477 inconsiderate
895 2452 927 2477 Vl

289 2493 322 2519 43
342 2501 367 2518 v.
389 2494 398 2518 4
423 2507 456 2512 -
482 2493 629 2520 Deliberate
646 2498 686 2520 est
709 2495 872 2528 loquendum
893 2496 921 2522 31

289 2544 316 2562 v.
335 2537 351 2562 7
365 2551 398 2555 —-
413 2531 523 2569 Sapiens
534 2545 583 2564 suo
598 2541 717 2570 tempore
729 2540 845 2572 loquitur
862 2539 925 2566 ibid.

288 2594 324 2600 -—
342 2581 427 2606 Homo
447 2581 526 2607 debet
544 2582 615 2614 loqui
635 2589 724 2608 corum
744 2583 798 2609 Deo
812 2583 844 2609 43
865 2591 891 2609 v.
912 2585 921 2609 ⁴

342 2639 377 2643 —
397 2625 446 2657 Qui
460 2626 540 2651 multa
554 2626 669 2658 loquitur
683 2626 757 2652 facile
770 2627 824 2652 Deo
838 2627 929 2659 displi-

291 2671 332 2693 cet
350 2668 382 2693 Vl
403 2668 435 2694 43
455 2676 482 2693 v.
502 2669 512 2691 ⁴
536 2683 571 2687 -—
589 2670 674 2694 Homo
699 2671 859 2701 pervertitur
881 2678 928 2703 per

290 2712 387 2737 malam
416 2712 573 2737 locutionem
603 2714 634 2737 ⁴8
663 2720 690 2738 v.
720 2713 753 2739 ⁴5
776 2727 811 2733 --
829 2714 927 2746 Omne,

289 2756 361 2788 quod
374 2763 426 2781 non
445 2756 565 2781 aedificat
576 2756 724 2788 audientes,
743 2757 769 2783 in
783 2758 927 2789 periculum

289 2800 399 2825 vertitur
428 2800 589 2833 loquentium
617 2801 666 2826 ⁴⁴6
687 2808 712 2826 v.
738 2802 764 2826 44
789 2815 823 2823 -—
842 2802 929 2828 evadit

289 2844 356 2869 iusta
376 2851 423 2876 per
441 2845 623 2870 retractionem
635 2852 651 2870 a
671 2845 839 2871 sermonibus
854 2846 928 2872 malis

290 2888 340 2913 ⁴⁴3
360 2895 386 2913 v.
406 2888 421 2913 6
435 2889 545 2914 —salsa
563 2889 695 2920 prohibita
710 2892 750 2915 est
764 2889 796 2915 43
815 2897 841 2915 v.
863 2891 873 2915 ⁴
891 2905 926 2909 —

289 2932 350 2957 salsa
370 2932 496 2963 promittit
512 2933 583 2965 quod
604 2940 655 2958 non
678 2933 800 2965 impletur
818 2933 880 2960 ibid.
893 2949 928 2954 —

289 2982 398 3001 erronea
412 2975 542 3008 prohibita
560 2979 599 3003 est
612 2976 645 3003 ib.
661 2977 677 3002 5
697 2991 732 2997 —
751 2985 861 3004 erronea
874 2986 927 3004 non

289 3020 371 3045 oritur
389 3026 404 3045 a
423 3023 493 3045 recta
517 3020 630 3052 ratione,
653 3021 700 3047 sed
724 3029 739 3047 a
763 3022 926 3048 somniorum

290 3064 407 3100 illusione
427 3064 460 3089 44
479 3071 505 3089 v.
525 3065 540 3089 6

342 3121 377 3127 -
396 3108 452 3133 sine
474 3108 582 3134 utilitate
606 3111 645 3135 est
662 3110 745 3136 otiosa
769 3110 802 3135 Vl
822 3110 873 3135 296
894 3110 926 3136 42

287 3166 323 3170 -
342 3153 391 3177 Per
410 3153 542 3178 desectum
560 3153 698 3179 locutionis
722 3154 849 3180 discretae
868 3156 928 3180 stul-

288 3199 331 3221 tus
349 3203 377 3221 se
390 3196 477 3227 ipsum
492 3197 643 3228 praecipitat
656 3197 689 3222 84
703 3205 728 3223 ν.
750 3198 782 3223 42
796 3212 831 3216 -
844 3198 926 3224 011053

288 3240 345 3265 sine
358 3246 441 3271 poena
455 3247 505 3265 non
518 3240 671 3272 remanebit,
681 3242 763 3268 multo
772 3242 862 3268 11111135
875 3249 927 3268 1113-

290 3283 371 3308 litiosa
393 3283 443 3308 ⁴⁴5
463 3291 489 3309 v.
509 3284 536 3309 ⁴⁴

342 3341 377 3347 -
395 3328 476 3353 otiosa
495 3331 534 3354 651
551 3335 620 3361 quae
638 3329 733 3355 dicitur
746 3330 801 3356 sine
820 3330 926 3356 utilitate

285 3370 417 3403 loquentis
436 3372 477 3397 vel
504 3372 635 3398 audientis
659 3373 692 3399 Vl
713 3374 763 3399 ⁴⁴6
792 3381 818 3400 v.
839 3375 867 3400 ⁴⁴
890 3387 926 3394 —

1156 243 1269 275 INDEX
1295 243 1424 276 RERUM

969 333 1009 356 est
1022 330 1177 361 inordinata,
1193 334 1238 356 aut
1251 330 1313 363 quia
1328 331 1399 363 13153,
1411 333 1456 357 331
1469 331 1530 364 (1313
1543 338 1612 357 erro-

970 381 1017 400 nea
1039 374 1071 400 42
1091 381 1105 399 a
1119 389 1153 393 —
1168 376 1287 400 incautus
1306 374 1484 401 considerator
1498 375 1612 402 malitiae

970 419 1071 444 alienae
1089 419 1141 444 ruit
1160 419 1194 444 ad
1213 419 1352 445 locutionis
1370 419 1504 445 stultitiam
1524 418 1587 446 ibid.

1022 476 1058 482 -
1078 463 1161 495 Loqui
1180 470 1269 488 coram
1289 463 1392 494 multis,
1411 464 1501 495 peritis
1519 467 1545 489 et
1559 470 1611 489 ma—

970 506 1030 538 gnis
1050 507 1249 533 formidolosum
1274 510 1313 533 aet
1336 508 1380 533 Vll
1404 507 1456 533 3⁴5
1475 508 1509 533 48
1528 521 1564 527 -
1584 508 1611 533 111

969 554 1111 583 conspectu
1131 551 1304 578 multitudinis
1322 551 1487 578 observantis
1511 552 1611 584 pericu-

970 595 1024 621 lum
1042 598 1082 621 est
1102 595 1154 621 345
1176 596 1208 621 49

1024 654 1057 659 —-
1078 640 1147 666 Deus
1166 643 1205 666 est
1224 640 1344 672 cognitor
1358 640 1527 666 immediatus
1542 641 1611 667 locu-

969 684 1070 710 tionum
1090 685 1203 710 hominis
1222 685 1254 710 Vl
1277 685 1327 710 ⁴⁴4
1346 692 1372 710 v.
1392 685 1408 710 6
1426 699 1462 705 -
1481 685 1550 711 Deus
1568 686 1610 711 ha-

968 727 1014 754 bet
1032 729 1167 756 scientiam
1193 729 1312 755 omnium
1338 730 1500 755 locutionum
1520 732 1545 755 et
1563 730 1610 755 lin-

970 780 1084 804 guarum
1103 772 1138 799 ib.
1157 780 1184 799 v.
1201 773 1227 798 7.
1249 773 1300 799 ⁴⁴5
1320 781 1346 799 v.
1368 774 1384 799 8

1025 831 1059 837 -
1079 817 1147 843 Deus
1166 817 1282 850 loquitur
1302 818 1328 843 in
1347 824 1376 843 se
1398 820 1424 843 et
1442 824 1490 849 per
1515 825 1543 843 se
1562 825 1610 849 per

967 861 1098 887 internam
1123 862 1217 887 mentis
1244 862 1446 892 revelationem,
1476 869 1524 894 per
1550 862 1610 888 sub-

970 905 1064 930 iectam
1085 908 1233 931 creaturam
1253 906 1286 930 Vl
1305 906 1356 931 3⁴6
1375 906 1410 931 70
1423 919 1459 925 —-
1472 906 1517 931 Dei
1531 905 1611 938 inspi-

969 949 1035 974 ratio
1054 949 1100 974 Dei
1118 952 1158 974 est
1177 950 1223 974 33⁴
1247 949 1282 974 78
1302 963 1335 968 -
1349 950 1477 975 Dominus
1496 950 1611 982 loquitur

968 992 1046 1018 nobis
1073 994 1215 1026 aliquando
1234 1000 1282 1025 per
1300 993 1376 1025 signa
1396 996 1548 1026 creaturae,
1568 994 1610 1019 311-

968 1037 1076 1070 quando
1095 1044 1142 1069 per
1160 1038 1258 1063 litteras
1281 1038 1444 1069 Scripturae,
1468 1038 1610 1070 aliquando

968 1082 1044 1114 quasi
1064 1088 1112 1113 per
1130 1082 1236 1107 nuntios
1249 1084 1274 1107 et
1293 1082 1382 1107 hocin
1401 1082 1610 1114 praedicatione,

969 1126 1112 1158 aliquando
1132 1126 1207 1158 qnasi
1227 1126 1288 1151 viva
1308 1133 1375 1152 voce
1393 1128 1418 1152 et
1436 1127 1487 1152 boc
1508 1126 1610 1152 interna

968 1171 1138 1202 inspiratione
1157 1170 1208 1196 577
1228 1178 1255 1196 V.
1275 1170 1308 1196 43

1021 1229 1057 1233 -—
1076 1214 1188 1240 Amissio
1207 1215 1328 1247 loquetae
1340 1215 1510 1240 consessionis
1522 1217 1561 1241 est
1579 1216 1611 1241 si-

969 1266 1051 1290 gnum
1066 1259 1158 1284 mortis
1170 1259 1312 1290 spiritualis
1325 1259 1358 1284 Vl
1372 1259 1424 1284 558
1434 1266 1460 1284 v.
1476 1259 1509 1285 47
1518 1273 1554 1278 —
1564 1259 1611 1285 Re-

968 1303 1104 1335 cuperatio
1123 1303 1243 1335 loquelae
1261 1303 1432 1329 confessionis
1446 1306 1485 1329 est
1503 1303 1609 1335 signum

968 1348 1038 1373 vitae
1055 1347 1197 1379 spiritualis
1217 1347 1268 1372 559
1288 1354 1314 1372 v.
1335 1347 1368 1373 47

1021 1392 1114 1417 Lonim
1141 1405 1177 1412 -—
1205 1394 1288 1417 totum
1312 1398 1410 1424 corpus
1437 1392 1551 1424 protegit
1576 1392 1609 1417 Vl

969 1436 1019 1462 ⁴42
1038 1443 1065 1460 v.
1086 1436 1118 1461 ⁴9

1020 1481 1073 1506 Lo'r
1091 1493 1127 1499 —
1145 1480 1330 1512 interpretatur
1351 1480 1486 1506 declinans
1504 1480 1538 1505 Vl
1558 1480 1608 1506 ⁴73

967 1525 1030 1550 v.6.
1043 1524 1086 1550 Vll
1102 1524 1152 1550 442
1166 1524 1200 1550 50
1215 1539 1248 1544 -
1266 1528 1323 1550 erat
1341 1525 1381 1550 vir
1399 1525 1484 1550 iustus
1497 1524 1541 1550 Vll
1558 1523 1608 1550 442

968 1569 1001 1594 49
1027 1583 1062 1589 -
1088 1568 1155 1600 gerit
1179 1571 1273 1600 typum
1301 1569 1444 1600 iustorum,
1471 1569 1609 1602 (13168116-

967 1613 1076 1639 diuntur
1096 1613 1130 1638 de
1148 1613 1236 1638 medio
1256 1613 1385 1639 malorum
1405 1612 1438 1639 ib.
1458 1613 1492 1639 50

1021 1671 1056 1676 -
1074 1656 1200 1683 liberatus
1227 1657 1275 1682 fuit
1293 1664 1308 1682 a
1335 1657 1425 1683 divina
1451 1657 1547 1683 iustitia
1566 1658 1609 1683 Vll

969 1701 1020 1727 442
1039 1701 1073 1727 50
1091 1715 1127 1720 -
1145 1701 1270 1727 1111613135
1283 1704 1322 1727 651
1337 1708 1384 1733 per
1397 1701 1558 1733 Sapientiam
1575 1701 1609 1728 de

968 1746 1100 1771 consortio
1118 1746 1212 1777 culpae
1230 1748 1256 1771 et
1274 1752 1376 1777 poenae
1389 1745 1532 1777 impiorum
1552 1752 1609 1777 per-

965 1790 1085 1816 euntium
1106 1790 1302 1816 Sodomitarum
1322 1790 1355 1815 Vl
1377 1789 1427 1815 ⁴73
1447 1797 1474 1816 v.
1493 1790 1509 1815 6
1529 1804 1564 1808 -
1583 1790 1608 1816 li-

968 1834 1075 1860 11613135
1093 1836 1132 1860 est
1150 1841 1164 1859 a
1185 1834 1308 1859 Sodomis
1322 1840 1370 1866 per
1389 1834 1504 1866 Angelos
1524 1834 1610 1866 hospi-

967 1879 1003 1904 tio
1022 1881 1142 1910 receptos
1165 1878 1208 1903 Vll
1233 1877 1284 1903 475
1302 1878 1318 1902 9

1020 1923 1132 1948 —Uxor
1145 1923 1202 1948 eius
1215 1922 1381 1954 retrospexit,
1398 1922 1488 1948 nolens
1501 1922 1610 1948 credere

967 1967 1066 1999 Angelo
1079 1966 1228 1999 prohibenti
1242 1966 1275 1992 Vl
1287 1966 1337 1991 473
1351 1974 1377 1992 ν.
1390 1966 1406 1991 7
1416 1980 1452 1986 —
1462 1969 1531 1992 retro
1542 1967 1612 1998 aspi-

966 2011 1060 2037 ciendo
1073 2018 1150 2036 versa
1163 2013 1202 2036 est
1215 2011 1242 2035 in
1254 2013 1367 2036 statuam
1381 2010 1442 2036 salis
1455 2010 1505 2036 568
1520 2010 1545 2036 4.
1558 2011 1609 2037 569

965 2063 994 2081 v.
1007 2055 1165 2081 67—versa
1179 2057 1219 2080 est
1232 2055 1258 2080 in
1270 2057 1383 2081 statuam
1396 2055 1465 2086 53115,
1478 2055 1541 2088 (1313
1551 2062 1611 2081 6011-

966 2103 1005 2125 tra
1024 2099 1178 2125 mandatum
1198 2098 1302 2125 Domini
1320 2099 1378 2124 fecit
1397 2099 1441 2133 Vll
1460 2099 1511 2124 444
1529 2099 1563 2125 55
1575 2114 1610 2118 —

966 2147 1005 2170 est
1017 2144 1167 2176 exemplum
1182 2151 1230 2176 pro
1240 2143 1365 2176 apostatis
1377 2145 1403 2169 et
1414 2143 1538 2169 recidivis
1548 2142 1609 2169 ibid.

965 2202 1000 2208 —
1023 2188 1186 2214 ostendendo
1211 2194 1287 2214 suam
1313 2187 1458 2214 fatuitatem
1483 2187 1528 2214 dat
1553 2188 1610 2213 aliis

965 2232 1108 2265 sapientiae
1127 2232 1324 2259 condimentum
1343 2231 1405 2258 ibid.
1417 2246 1454 2252 —
1467 2235 1507 2258 est
1525 2239 1609 2258 exem-

965 2277 1051 2309 plum,
1071 2277 1156 2308 figura
1175 2279 1201 2302 et
1218 2276 1386 2308 praesagium
1406 2275 1468 2303 ibid.
1483 2291 1516 2295 —
1529 2276 1609 2308 signi-

965 2321 1026 2347 fleat
1043 2321 1144 2347 animas
1172 2321 1333 2346 effeminatas
1352 2323 1377 2346 et
1405 2321 1522 2346 carnales
1545 2319 1607 2347 ibid.

1019 2366 1096 2391 Lorto
1114 2379 1149 2383 —
1165 2364 1295 2397 signifieat
1307 2363 1467 2390 ablutionem
1488 2367 1608 2396 peccato-

965 2416 1038 2441 rum,
1058 2409 1120 2435 lotio
1133 2409 1233 2441 pedum
1247 2408 1403 2435 munditiam
1417 2409 1559 2435 affectuum
1573 2409 1606 2435 Vl

967 2452 1017 2479 426
1039 2453 1066 2478 ⁴⁴
1090 2467 1126 2473 -
1145 2453 1244 2485 pedum
1264 2455 1303 2479 est
1321 2453 1438 2479 officium
1457 2453 1567 2479 ministri
1582 2456 1607 2478 et

965 2497 1142 2523 humillimum
1162 2497 1335 2523 ministerium
1356 2497 1407 2523 425
1427 2497 1442 2523 6

1018 2542 1146 2568 1111615,-
1160 2542 1207 2567 tuit
1220 2542 1312 2573 plenus
1334 2541 1432 2573 Spiritu
1451 2544 1542 2567 5311610
1562 2541 1606 2567 Vll

966 2585 981 2610 4
1001 2586 1029 2611 44
1054 2600 1089 2604 ——
1107 2586 1249 2611 instructus
1277 2592 1292 2611 a
1320 2586 1419 2617 Spiritu
1446 2588 1536 2611 sancto
1560 2592 1607 2617 per

966 2630 1077 2661 gratiam
1097 2629 1187 2656 docuit
1210 2629 1352 2655 Ecclesiam
1371 2630 1387 2654 5
1410 2629 1441 2655 ⁴2
1462 2644 1496 2647 —
1515 2629 1607 2654 divini-

966 2675 1008 2698 tus
1026 2672 1164 2704 instigatus
1183 2676 1234 2705 est,
1254 2676 1283 2698 ut
1300 2673 1427 2699 scriberet
1439 2673 1512 2704 apud
1530 2673 1607 2698 Grae-

966 2723 1011 2741 cos
1030 2717 1202 2747 Evangelium
1223 2717 1238 2741 8
1259 2716 1274 2741 4
1297 2730 1333 2736 —
1361 2717 1408 2742 suit
1436 2716 1546 2743 idoneus
1574 2717 1607 2742 ad

965 2759 1134 2785 scribendum
1154 2760 1326 2791 Evangelium
1346 2759 1379 2786 ib.
1399 2761 1415 2785 2

1019 2817 1053 2822 —-
1071 2803 1129 2828 eius
1153 2803 1261 2829 intentio
1289 2803 1323 2829 ad
1346 2803 1519 2835 Evangelium
1548 2804 1608 2829 scri-

966 2846 1083 2873 bendum
1096 2849 1224 2880 quantum
1244 2847 1277 2872 ad
1292 2847 1422 2873 motivum
1436 2847 1483 2872 suit
1496 2847 1605 2873 aliorum

964 2891 1123 2923 exemptum,
1142 2894 1271 2924 quantum
1297 2891 1331 2917 ad
1356 2891 1536 2923 promotivum
1560 2891 1607 2917 tuit

965 2936 1150 2967 Apostolorum
1166 2936 1365 2968 documentum,
1378 2938 1506 2968 quantum
1520 2935 1552 2961 ad
1568 2935 1607 2961 di-

964 2980 1093 3006 rectivum
1107 2980 1154 3005 t'uit
1171 2980 1304 3006 sufficiens
1328 2982 1354 3005 et
1372 2980 1485 3011 diligens
1504 2986 1606 3011 proces-

964 3031 1017 3056 sus,
1030 3027 1159 3056 quantum
1171 3024 1206 3050 ad
1225 3024 1466 3050 consummativum
1489 3024 1606 3050 veritatis

965 3068 1108 3093 intellectus
1123 3068 1165 3094 Vll
1187 3068 1213 3093 ⁴⁴
1240 3069 1284 3094 ⁴—5
1303 3082 1339 3087 —
1358 3067 1446 3094 Verba
1465 3068 1532 3094 illius
1550 3068 1605 3094 ani-

964 3118 1024 3137 mae
1042 3112 1174 3143 languenti
1191 3114 1251 3138 sunt
1270 3112 1399 3138 medicina
1419 3112 1435 3138 5
1450 3112 1483 3137 ⁴5
1497 3126 1532 3131 —
1545 3112 1604 3138 scri-

964 3156 1023 3187 psit,
1037 3158 1065 3181 ut
1075 3163 1122 3188 per
1135 3156 1251 3181 veritatis
1263 3156 1440 3188 cognitionem
1454 3156 1605 3181 veniremus

963 3199 997 3225 ad
1011 3200 1168 3226 infirmitatis
1186 3200 1386 3226 medicationem
1400 3199 1463 3226 ibid.

1017 3257 1052 3263 —
1070 3251 1122 3269 non
1136 3244 1304 3276 prosequitur
1317 3244 1436 3269 ordinem
1451 3243 1488 3269 rei
1502 3246 1604 3276 gestae,

964 3287 1010 3312 sed
1030 3287 1177 3313 intentionis
1196 3294 1260 3313 suae
1280 3287 1321 3313 Vll
1343 3288 1387 3312 ⁴0⁴
1413 3288 1446 3313 50
1460 3288 1604 3320 -incepit

963 3337 979 3356 a
1007 3331 1154 3357 sacerdotio
1173 3331 1251 3363 legali
1278 3334 1304 3356 et
1322 3331 1379 3357 ssnit
1406 3331 1431 3356 in
1457 3332 1603 3357 sacerdotio

963 3374 1090 3414 spirituali
1104 3375 1156 3401 604
1170 3375 1203 3400 66
1212 3388 1249 3412 ῥ-
1262 3375 1321 3401 sacit
1333 3374 1411 3401 linem
1426 3375 1452 3401 in
1466 3375 1512 3401 Dei
1526 3375 1603 3402 laude

1943 288 2005 315 LUC

1648 330 1711 357 ibid.
1730 346 1765 353 -—
1785 332 1846 358 facit
1868 332 1947 358 tinem
1970 333 1995 358 in
2019 332 2112 359 Christi
2137 335 2289 361 ascensione

1648 374 1712 401 ibid.
1729 388 1765 395 —
1789 377 1905 408 perfecte
1926 379 1952 402 et
1970 376 2070 409 integre
2093 377 2219 404 describit
2242 379 2289 405 cir-

1648 419 1749 445 cuitum
1767 419 1853 452 illum,
1872 427 1953 453 quem
1973 421 2032 446 16611
2050 420 2167 447 Christus
2186 421 2249 449 ibid.

1700 477 1736 483 —
1754 464 1893 496 descripsit
1912 465 2094 497 genealogiam
2113 466 2224 498 legalem
2236 467 2288 493 Sal·

1648 508 1746 533 vatoris
1774 508 1817 534 Vll
1847 508 1880 533 86
1900 508 1933 534 59
1948 502 1987 528 ’-
2010 510 2165 542 Genealogia
2194 510 2228 536 ab
2256 518 2288 537 eo

1647 552 1745 584 scripta
1762 551 1849 578 differt
1867 560 1881 578 a
1905 553 2059 585 genealogia
2085 554 2204 580 Matthaffl'
2222 553 2286 581 ibid.

1649 609 1683 616 -·
1701 603 1754 622 non
1773 596 1847 628 ponit
1866 597 2048 629 genealogiam
2061 597 2155 624 Christi
2175 599 2200 624 in
2219 599 2290 631 prin-

1647 640 1717 672 cipio
1737 641 1778 666 sui
1796 641 1932 673 Evangelii
1951 642 1984 667 87
2004 642 2038 667 60

1702 698 1736 703 ——
1755 687 1875 711 versatus
1892 685 2013 711 65161163
2031 685 2126 712 Christi
2144 686 2288 712 humanita-

1648 731 1715 759 tem,
1728 729 1874 755 5663113331
1887 730 1960 762 (1303
1973 736 2021 761 per
2033 737 2091 756 eam
2105 731 2236 762 redempti
2248 737 2289 756 53-

1649 780 1708 799 mus
1728 773 1771 799 Vll
1785 774 1800 798 8
1814 774 1830 798 6
1844 788 1878 792 —
1892 774 2069 800 sacerdotium
2086 774 2181 800 Christi
2194 775 2289 801 descri-

1648 817 1712 843 bere
1729 818 1860 850 disposuit
1879 818 1930 843 577
1949 818 1976 844 4⁴
2000 833 2036 837 —
2056 819 2224 852 prosequitur
2249 826 2288 845 sa-

1647 862 1795 887 cerdotium
1814 862 1909 888 Christi
1929 862 1961 887 87
1982 863 2015 888 60

1700 920 1736 924 -
1745 906 1878 937 Evangelii
1890 906 1972 938 ipsius
1982 906 2073 938 triplex
2084 913 2162 933 causa
2174 906 2289 933 efficiens

1648 949 1769 975 6ι11113115
1792 950 1836 975 Vll
1857 949 1872 975 4
1891 950 1906 975 9
1926 964 1962 969 —
1977 950 2095 982 Quatuor
2122 954 2184 977 sunt
2211 951 2289 977 huius

1648 993 1782 1025 Evangelii
1802 996 1889 1026 partes
1908 994 2064 1026 principales
2083 995 2116 1020 ⁴2
2135 995 2152 1020 7

1702 1052 1736 1057 —
1756 1038 1804 1064 fuit
1822 1038 1906 1064 fidelis
1920 1038 2065 1070 discipulus
2083 1039 2155 1065 Pauli
2173 1039 2217 1065 Vll
2236 1040 2251 1065 8
2272 1040 2288 1065 2

1648 1096 1683 1101 -
1702 1082 1758 1107 6135
1777 1082 1900 1108 1116111313
1920 1083 2037 1109 consistit
2055 1084 2080 1109 in
2093 1083 2146 1109 vita
2166 1086 2192 1109 et
2204 1084 2289 1116 gratia

1648 1125 1682 1152 ib.
1707 1126 1722 1151 3
1746 1140 1779 1147 —·
1799 1126 1856 1152 eius
1879 1126 1965 1158 figura
1984 1127 2126 1159 praecessit
2148 1127 2175 1153 in
2196 1128 2290 1160 loseph

1648 1169 1710 1196 ibid.

1701 1215 1819 1240 Lacr-:ami
1840 1229 1873 1233 —
1892 1214 1972 1241 debet
1990 1216 2129 1241 ostendere
2148 1216 2235 1242 lucem
2254 1216 2288 1241 Vl

1648 1258 1701 1285 544
1716 1266 1742 1284 v.
1757 1259 1789 1284 23
1804 1273 1838 1277 —-
1851 1259 1908 1285 eius
1920 1262 1960 1285 est
1973 1260 2119 1286 illuminare
2131 1260 2174 1286 Vll
2188 1260 2239 1286 300
2253 1259 2288 1286 72

1700 1317 1737 1322 -
1755 1303 1850 1329 3161131
1868 1304 2019 1330 vehiculum
2038 1304 2144 1330 luminis
2162 1304 2220 1330 sive
2240 1311 2289 1330 vas

1647 1347 1752 1373 luminis
1779 1348 1958 1374 contentivam
1987 1348 2030 1375 Vll
2060 1349 2111 1374 300
2138 1348 2168 1374 71
2192 1362 2228 1368 -
2245 1347 2289 1374 ab·

1647 1391 1751 1417 5603311
1768 1391 1857 1417 lumen
1885 1399 1900 1417 a
1918 1395 2011 1424 vento,
2030 1393 2078 1419 sed
2104 1399 2158 1418 non
2186 1400 2201 1418 a
2229 1392 2288 1419 visu

1648 1435 1700 1461 324
1717 1436 1750 1461 50

1700 1494 1736 1498 -
1755 1482 1794 1506 est
1812 1480 1854 1506 lux
1874 1480 1900 1506 in
1929 1483 2006 1512 testa,
2025 1481 2076 1506 hoc
2103 1482 2143 1506 est
2166 1481 2236 1506 Deus
2262 1480 2287 1506 in

1647 1531 1726 1550 carne
1744 1525 1860 1550 humana
1881 1525 1922 1550 Vll
1944 1525 1994 1550 388
2016 1525 2049 1550 47
2067 1538 2103 1544 -
2122 1527 2160 1550 est
2174 1524 2288 1550 verbum

1646 1568 1693 1594 Dei
1713 1568 1765 1594 ⁴95
1785 1569 1818 1594 23
1837 1583 1873 1587 -—
1892 1571 1931 1594 est
1953 1568 2067 1594 verbum
2092 1569 2139 1594 Dei
2158 1571 2288 1602 quantum

1646 1613 1681 1638 ad
1700 1612 1832 1638 credenda
1851 1615 1877 1638 et
1895 1613 1998 1645 agenda
2018 1613 2069 1638 300
2089 1612 2123 1640 72

1699 1670 1734 1676 -
1753 1657 1883 1689 significat
1901 1657 2024 1683 ardorem
2048 1657 2224 1688 spiritualium
2243 1656 2289 1683 de-

1646 1701 1804 1727 sideriorum
1834 1701 1867 1727 VI
1895 1701 1947 1727 594
1970 1709 1997 1727 v.
2023 1701 2056 1727 ⁴3
2076 1715 2111 1721 —
2129 1701 2225 1727 dicitur
2244 1701 2288 1727 do-

1646 1752 1710 1771 num
1730 1745 1843 1777 Spiritus
1864 1745 1945 1771 sancti
1965 1745 2073 1771 V11300
2092 1745 2127 1771 72
2140 1759 2176 1764 -
2194 1745 2289 1772 dicitur

1647 1789 1767 1821 intentio,
1785 1796 1867 1822 quae,
1887 1789 1909 1815 si
1923 1792 1962 1815 est
1974 1790 2046 1821 11613,
2065 1789 2253 1821 exstinguitur,
2266 1789 2288 1815 si

1646 1836 1735 1859 autern
1747 1837 1831 1864 recta,
1844 1836 1929 1859 totum
1942 1833 2071 1860 illuminat
2084 1832 2215 1859 bonorum
2228 1840 2289 1866 ope-

1646 1884 1706 1903 rum
1726 1884 1824 1910 corpus
1841 1876 1906 1904 ibid.
1923 1891 1958 1896 --
1977 1877 2072 1903 dicitur
2091 1884 2158 1909 opus
2177 1877 2240 1904 ibid.

1700 1936 1734 1940 —
1754 1921 1849 1947 dicitur
1873 1921 2039 1953 praedicator
2064 1921 2107 1947 Vll
2128 1922 2179 1948 300
2198 1922 2233 1947 72
2252 1930 2287 1942 ε-

1644 1965 1743 1991 3161131
1760 1965 1882 1991 divinum
1901 1966 2055 1992 mandatum
2075 1965 2126 1991 324
2147 1965 2180 1991 50

1699 2023 1735 2029 -
1754 2012 1793 2036 est
1805 2009 1831 2035 in
1846 2016 1938 2041 manu,
1953 2010 2061 2043 quando
2081 2010 2235 2036 mandatum
2248 2012 2287 2036 est

1646 2053 1673 2079 in
1692 2054 1845 2085 operatione
1871 2054 1913 2079 Vll
1935 2053 1987 2079 324
2010 2054 2044 2079 50
2069 2068 2104 2072 -
2123 2054 2287 2087 accenditur,

1646 2098 1755 2130 quando
1777 2097 1850 2124 cordi
1876 2099 1992 2124 humano
2018 2098 2185 2130 intelligentia
2203 2098 2287 2124 divini

1646 2141 1722 2168 verbi
1741 2141 1865 2168 tribuitur
1881 2142 1933 2167 ⁴95
1952 2142 1985 2167 23
1999 2156 2035 2161 —
2048 2142 2138 2175 triplex
2157 2142 2286 2174 portanda

1646 2188 1685 2213 est
1703 2186 1737 2212 ad
1756 2186 1923 2218 operandum
1942 2185 2041 2212 bonum
2062 2187 2114 2213 325
2133 2186 2168 2213 54

1699 2244 1734 2250 -
1752 2237 1807 2256 non
1826 2233 1865 2257 est
1877 2230 2021 2262 operienda
2034 2237 2098 2256 vase
2117 2231 2226 2256 carnalis
2241 2230 2287 2256 im-

1645 2275 1790 2302 munditiae
1809 2275 1853 2301 Vll
1879 2274 1929 2300 ⁴95
1949 2275 1982 2300 23
2002 2288 2037 2294 —
2055 2282 2107 2300 non
2131 2277 2170 2300 est
2192 2274 2286 2301 subtus

1645 2320 1740 2345 lectum
1765 2319 1888 2351 ponenda
1914 2318 1964 2344 496
1985 2319 2018 2344 23
2043 2332 2079 2338 -
2099 2319 2286 2345 inconveniens

1644 2366 1684 2390 est
1702 2362 1879 2393 abscondere,
1904 2362 1971 2388 sicut
1998 2362 2115 2388 divinam
2144 2363 2286 2395 intelligen-

1644 2408 1706 2433 tiam
1726 2407 1856 2433 occultare
1868 2405 1931 2433 ibid.
1947 2420 1982 2426 --
1995 2413 2076 2438 super
2094 2406 2284 2432 candelabrum

1644 2454 1682 2478 est
1701 2451 1823 2483 ponenda
1837 2453 1965 2483 quantum
1979 2451 2012 2476 ad
2032 2451 2220 2482 perfectionem
2234 2451 2285 2477 vir-

1644 2496 1718 2526 tutis,
1732 2499 1760 2521 ut
1779 2496 1903 2521 intrantes
1915 2495 2022 2521 videant
2035 2495 2122 2520 lumen
2141 2502 2188 2527 per
2210 2502 2286 2527 aper-

1644 2540 1742 2566 tionem
1765 2539 1882 2565 veritatis
1909 2538 1943 2565 ib.
1972 2538 2007 2564 24
2025 2552 2061 2558 -
2080 2539 2182 2571 Quanto
2209 2539 2285 2565 altius

1644 2584 1765 2609 lucernae
1790 2586 1939 2616 ponuntur,
1958 2586 2030 2609 tanto
2056 2583 2151 2609 clarius
2169 2584 2285 2615 resplen-

1644 2628 1707 2654 dent
1726 2628 1777 2653 300
1795 2627 1825 2653 74

1697 2685 1733 2691 -
1749 2671 1868 2703 corporis
1881 2671 2022 2697 materialis
2035 2673 2074 2696 est
2089 2671 2180 2698 oculus
2193 2678 2285 2703 corpo-

1644 2715 1705 2741 ralis
1724 2715 1766 2740 Vll
1787 2715 1838 2740 300
1857 2715 1891 2740 72
1905 2729 1941 2732 -
1954 2714 2072 2746 corporis
2090 2715 2244 2747 spiritualis,
2257 2715 2284 2741 id

1644 2762 1683 2785 est
1702 2759 1840 2790 congeries
1863 2758 1995 2784 bonorum
2015 2765 2139 2790 operum,
2164 2762 2203 2785 est
2221 2766 2283 2785 ocu-

1644 2803 1684 2829 lus
1702 2802 1857 2834 spiritualis,
1877 2802 1904 2828 id
1922 2805 1961 2828 est
1981 2802 2086 2828 intentio
2106 2802 2168 2829 ibid.

1696 2847 1806 2872 Luctran
1825 2859 1860 2865 --
1879 2846 2026 2872 inordinate
2044 2847 2161 2873 ascendit
2180 2847 2213 2873 Vl
2231 2847 2282 2873 383

1644 2892 1659 2916 2
1678 2904 1715 2909 -
1731 2890 1842 2921 corruit,
1855 2890 1917 2923 quia
1930 2897 1958 2916 se
1977 2891 2098 2916 exaltavit
2117 2891 2159 2917 Vll
2180 2892 2231 2917 365
2249 2892 2282 2917 22

1643 2949 1678 2954 -
1696 2935 1808 2966 corruit,
1821 2934 1883 2967 quia
1897 2934 2080 2967 aequalitatem
2093 2942 2154 2961 cum
2174 2935 2228 2961 Deo
2240 2942 2284 2968 ap-

1643 2979 1716 3011 petiit
1735 2979 1787 3005 517
1812 2978 1844 3004 48
1864 2992 1900 2998 --
1919 2982 1944 3004 et
1962 2979 2019 3004 eius
2042 2985 2169 3012 sequaces
2193 2986 2283 3011 super-

1643 3023 1748 3049 bierunt
1772 3023 1798 3048 in
1826 3023 1956 3048 intellectu
1978 3030 2025 3054 per
2044 3023 2281 3056 praesumtionem,

1642 3071 1667 3093 et
1681 3067 1706 3093 in
1719 3067 1810 3093 effectu
1822 3074 1869 3099 per
1882 3066 2052 3092 ambitionem
2063 3070 2089 3092 et
2098 3067 2158 3093 ideo
2170 3067 2282 3099 dispersi

1641 3115 1701 3137 sunt
1720 3118 1734 3136 a
1754 3112 1808 3137 Deo
1827 3111 1860 3136 33
1876 3111 1909 3136 96
1930 3125 1963 3129 -
1983 3111 2118 3137 3656611311
2130 3118 2190 3137 cum
2204 3118 2281 3143 prae-

1642 3155 1730 3188 cipitio
1751 3155 1783 3180 Vl
1802 3155 1854 3180 596
1873 3155 1889 3180 6

1694 3213 1730 3218 -
1749 3199 1843 3224 6661311
1861 3199 1997 3230 velociter,
2017 3199 2156 3225 crudeliter
2175 3202 2201 3224 et
2218 3199 2279 3225 irre-

1641 3242 1793 3269 vocabiliter
1813 3243 1855 3268 Vll
1881 3243 1932 3270 262
1951 3243 1980 3268 31
2004 3257 2039 3261 -
2059 3243 2152 3269 cecidit
2171 3243 2196 3268 in
2214 3243 2276 3275 ima,

1641 3287 1703 3320 (1313
1722 3287 1853 3319 quaesivit
1878 3287 1928 3312 alta
1947 3286 2008 3313 ibid.
2028 3300 2063 3306 —-
2086 3287 2142 3313 eius
2166 3287 2278 3319 perditio

1640 3334 1679 3357 est
1697 3330 1772 3356 nobis
1798 3331 1823 3356 in
1849 3331 1997 3363 exemplum
2017 3331 2051 3357 ad
2070 3330 2223 3363 superbiam
2241 3336 2279 3356 re-

1640 3374 1806 3407 primendam
1825 3373 1887 3401 ibid.
