2476 3921
777 199 969 232 COMMENT.
996 199 1032 231 ΙΝ
1057 199 1293 252 EVANGELIUM
1318 202 1434 235 LUCAE
1458 204 1490 236 C.
1516 204 1575 237 Vll.
2104 210 2161 241 171

186 288 313 320 omnino
336 288 491 327 desolata,
515 297 626 321 carens
644 291 704 320 tam
722 288 832 321 solatio
848 288 902 320 filii
920 297 1014 330 quam
1032 288 1146 323 mariti.

143 383 147 386 ι
186 341 275 383 Quod
298 341 411 383 allegat
434 341 486 374 illa
510 341 623 374 mulier
647 341 808 374 Thecuitis
830 341 868 374 ad
901 341 1146 374 misericordiam

187 394 426 436 impetrandam,
440 394 568 427 secundi
587 395 705 437 Regum
721 395 842 435 decimo
858 398 972 437 quarto
987 396 1014 426 1:
1038 408 1053 423 «
1066 395 1145 427 Heu!

187 448 301 480 mulier
326 448 420 481 vidua
443 457 501 490 ego
524 457 595 481 sum
612 462 642 480 n.
670 448 705 480 Et
728 448 797 481 ideo
821 449 986 491 plangebat
1002 449 1147 482 Ieremias

187 500 369 534 viduitatem
395 501 563 534 Ierusalem
588 502 787 534 Threnorum
813 502 931 544 primo:
955 515 970 530 «
986 501 1147 543 Quomodo

186 553 272 586 sedet
295 554 361 587 sola
392 554 502 587 civitas
532 555 624 596 plena
649 555 765 596 populo
781 568 797 584 n
825 558 884 587 etc.
923 555 957 587 Et
981 558 1146 596 propterea

185 606 276 639 multi
301 607 329 640 ei
354 607 644 649 compatiebantur;
668 607 752 640 unde
775 607 877 640 addit:
897 609 934 640 Et
951 607 1051 640 turba
1067 608 1147 640 civi-

186 660 264 692 tatis
293 659 401 692 multa
432 669 510 692 eum
538 660 616 699 illa,
640 660 758 693 scilicet
789 661 827 693 ad
859 660 1086 693 condolendum
1115 663 1147 693 et

184 712 427 751 consolrndum,
452 713 527 754 quia
551 712 601 745 bic
625 716 693 745 erat
717 722 783 745 mos
807 713 1010 752 ludaeorum,
1035 722 1146 745 secun-

183 765 259 798 dum
295 765 371 806 iliud
404 766 526 799 loannis
557 766 766 799 undecimo2:
800 779 815 795 α
834 766 919 799 Multi
952 775 994 799 ex
1027 766 1146 799 ludaeis

185 823 335 852 venerant
358 819 395 852 ad
421 819 550 854 Mariam
581 823 613 852 et
643 820 815 859 Martham,
840 823 876 852 ut
907 819 1145 852 consolarentur

183 881 236 905 eas
258 872 297 905 de
321 872 419 906 fratre
443 882 501 905 suo
518 886 548 904 n.
574 872 617 905 Ad
641 882 721 915 quos
745 876 851 905 autem
883 881 992 905 omnes
1023 876 1146 914 poterat

183 926 261 959 haec
284 925 380 958 vidua
402 926 524 959 dicere:
555 939 570 955 α
587 925 613 958 Ο
637 935 693 959 vos
715 935 842 965 omnes,
859 926 913 968 qui
932 925 1072 958 transitis
1088 934 1145 967 per

185 979 282 1018 viam,
307 979 457 1012 attendite
489 983 520 1012 et
551 979 667 1019 videte,
693 979 716 1012 si
742 981 789 1011 est
819 978 908 1011 dolor
943 979 1037 1011 sicut
1054 978 1144 1011 dolor

184 1041 274 1065 meus
292 1035 322 1065 »Ι
347 1036 418 1074 post
449 1042 580 1074 parum:
611 1046 627 1061 «ι
644 1032 749 1065 Posuit
780 1041 829 1065 me
860 1032 1047 1071 desolatam,
1081 1035 1145 1064 tota

182 1085 233 1119 die
256 1095 400 1119 moerore
424 1086 595 1119 confectam
608 1099 639 1118 ».
659 1086 693 1118 Et
710 1085 778 1118 ideo
798 1085 908 1127 egebat
924 1085 1143 1119 consolatione.

272 1139 324 1172 23.
361 1139 462 1181 (Vers.
503 1139 576 1180 13.).
615 1140 724 1180 Quam
756 1148 832 1171 cum
867 1138 999 1171 vidisset
1034 1139 1144 1171 Domi-

21 1195 163 1244 ¹¹³3⁶9³=ggadgs3
181 1203 248 1226 nus
270 1196 329 1226 etc.
354 1193 408 1233 Hic
431 1193 571 1235 tangitur
594 1202 700 1225 causa
716 1192 856 1236 efficiens
880 1195 1025 1233 respectu
1050 1192 1143 1224 mira-

29 1228 148 1276 tssssssmur.
182 1246 244 1278 culi
270 1246 306 1278 in
328 1245 421 1287 sieri,
446 1255 528 1288 quae
551 1245 677 1288 quidem
706 1245 765 1277 suit
787 1245 924 1286 duplex,
949 1245 1067 1278 scilicet
1090 1243 1143 1287 af-

181 1297 288 1342 fectus
308 1299 444 1342 pietatis
468 1299 499 1332 in
522 1299 616 1332 corde
640 1298 791 1331 inclinans
808 1298 846 1330 ad
862 1298 1091 1337 miserandum;
1110 1303 1141 1331 et

183 1352 292 1385 virtus
314 1353 501 1385 maiestatis
524 1352 555 1384 in
587 1360 730 1384 sermone
760 1351 919 1392 imperans
943 1351 982 1383 ad
1010 1360 1143 1394 surgen-

181 1405 267 1438 dum.
286 1406 425 1439 Primum
443 1405 570 1447 respicit
590 1407 736 1437 naturam
753 1407 940 1443 assumtam;
966 1405 1140 1438 secundum

183 1468 275 1499 vero,
298 1462 468 1493 aeternam.

270 1513 428 1555 Quantum
453 1512 491 1545 ad
515 1510 669 1555 affectum
689 1510 823 1553 pietatis
839 1510 875 1543 in
891 1511 988 1544 corde
1010 1511 1141 1544 dicitur:

17 1567 167 1616 Agfslessvie·
183 1567 294 1608 Quam
317 1576 393 1599 cum
429 1565 563 1598 vidisset
600 1564 779 1603 Dominus,
815 1564 1050 1597 misericordia
1074 1574 1142 1597 mo—

28 1601 111 1644 ‘10-¹m
120 1600 167 1617 ω’·
181 1623 236 1652 tus
248 1620 273 1659 ³,
298 1615 415 1653 scilicet
439 1621 592 1661 quantum
609 1617 648 1650 ad
671 1617 782 1650 cordis
799 1616 969 1661 affectum,
986 1622 1022 1650 ut
1039 1622 1143 1660 posset

180 1673 285 1706 dicere
308 1672 386 1706 illud
410 1672 462 1705 lob
485 1671 660 1713 trigesimo:
690 1683 705 1699 α
722 1670 845 1703 Flebam
862 1670 1019 1713 quondam
1045 1680 1142 1714 super

180 1735 218 1760 eo
241 1725 296 1769 qui
320 1725 455 1758 afflictus
478 1727 546 1757 erat
563 1731 600 1763 »;·
617 1726 648 1756 et
671 1723 831 1765 trigesimo
856 1724 976 1765 primo:
1002 1737 1018 1752 α
1035 1724 1079 1757 Ab
1095 1725 1142 1769 in-

26 1780 121 1829 '‘effati''
135 1782 166 1803 ³1-
179 1780 277 1813 santia
307 1787 377 1812 mea
408 1778 508 1811 crevit
538 1785 661 1810 mecum
695 1777 855 1810 miseratio
872 1790 902 1809 η.
927 1796 970 1801 -
999 1778 1035 1810 Et
1066 1778 1142 1820 quia

114 1823 120 1829 ’
179 1832 394 1866 misericordia
418 1832 516 1864 latens
540 1830 570 1862 in
595 1829 714 1872 affectu
738 1834 869 1873 apparet
892 1831 923 1863 in
940 1829 1065 1874 affatu,
1090 1831 1141 1864 di—

178 1887 273 1920 oeit4:
299 1885 375 1918 Noli
396 1884 490 1926 fle-re,
514 1882 649 1925 benigno
674 1892 818 1917 sermone
842 1893 912 1917 eam
937 1885 1140 1925 consolando,

178 1939 351 1973 secundum
367 1937 446 1970 illud
469 1937 521 1969 Iob
537 1936 687 1979 vigesimo
710 1946 810 1970 nono:
832 1951 848 1966 «
861 1937 921 1971 Cor
939 1938 1051 1971 viduae
1067 1947 1141 1971 con-

177 1992 295 2025 solatus
318 1999 390 2024 sum
406 2002 437 2029 »;
461 1993 493 2023 et
515 1990 663 2023 Ieremiae
686 1990 848 2032 trigesimo
872 1991 992 2033 primo:
1015 2004 1030 2020 a
1046 1991 1141 2034 Quie-

177 2048 243 2078 scat
267 2053 329 2077 vox
353 2047 408 2076 tua
431 2052 449 2075 a
472 2043 616 2085 ploratu,
640 2046 672 2076 et
695 2043 778 2075 oculi
804 2043 850 2076 tui
873 2053 892 2076 a
915 2044 1062 2086 lacrymis
1077 2058 1109 2077 ».

266 2098 318 2131 24.
344 2097 446 2139 (Vers.
474 2097 548 2137 tle).
566 2096 602 2129 Et
625 2096 700 2138 quia
723 2095 877 2140 affectum
895 2097 1007 2131 cordis
1031 2101 1062 2131 et
1085 2097 1140 2141 af-

67 2153 162 2207 ¹g‡2;9{⁰
175 2151 287 2195 fatum
311 2151 381 2183 oris
404 2150 547 2183 comitari
570 2149 684 2182 decens
706 2153 754 2182 est
769 2148 916 2193 effectum
932 2141 1053 2193 operis-¹¹,
1071 2151 1140 2184 ideo

177 2204 279 2238 addit:
306 2204 346 2236 Et
376 2203 514 2236 accessit
544 2207 573 2235 et
604 2202 708 2246 tetigit
739 2202 901 2243 loculum,
925 2208 962 2237 ut
993 2204 1140 2238 omnibus

176 2257 355 2291 ostenderet
377 2265 466 2289 suam
491 2255 714 2298 benignitatem
725 2282 733 2295 ,
750 2266 812 2299 qua
829 2266 891 2290 non
907 2256 1039 2299 despicit
1055 2267 1139 2291 mor-

177 2315 262 2350 tuos,
287 2319 360 2343 cum
384 2309 559 2343 secundum
583 2309 694 2351 Legem
727 2313 857 2353 tangens
894 2314 1055 2344 mortuum
1079 2311 1138 2344 im-

178 2364 318 2397 mundus
332 2366 432 2402 esset,
449 2362 531 2396 sicut
545 2362 662 2395 dicitur
682 2363 809 2397 Levitici
830 2364 981 2406 vigesimo
999 2364 1137 2406 primo⁶;

177 2422 209 2452 et
231 2421 268 2451 ut
291 2420 452 2460 portantes
482 2416 646 2449 humiliter
674 2416 791 2450 faceret
814 2417 926 2451 sistere
954 2419 1137 2462 canyertdo,

177 2480 239 2504 non
261 2469 456 2513 imperando.
482 2487 523 2493 —
547 2469 637 2502 Unde·
653 2469 829 2512 subditur.-
854 2471 900 2503 Hi
922 2475 1054 2510 autem,
1079 2473 1139 2516 qui

172 2523 373 2567 portabant,
396 2525 572 2561 steterunt,
596 2522 714 2555 scilicet
736 2523 926 2556 miraculum
951 2527 1136 2566 exspectan·
1156 2562 1164 2566 -

177 2581 240 2616 tes,
264 2575 438 2610 secundum
462 2575 547 2618 quod
563 2575 620 2617 ipsi
641 2575 703 2614 Iob,
721 2575 882 2618 trigesimo
905 2576 1038 2618 septimo
1049 2576 1073 2616 ⁶,
1090 2576 1137 2610 di-

176 2631 275 2664 citur:
305 2643 321 2659 «
337 2629 484 2663 Ausculta
507 2628 687 2669 haec,'lob,
711 2632 759 2662 sta
775 2632 806 2662 et
829 2629 993 2663 considera
1008 2629 1136 2663 mirabi-

177 2684 217 2717 lia
240 2683 294 2717 Dei
312 2697 343 2716 n,

247 2835 255 2849 ¹
277 2836 350 2861 Vers.
370 2836 397 2861 5.
419 2849 452 2853 —
471 2835 595 2868 Sequitur
614 2815 709 2860 Ἤιτει).
729 2835 760 2866 ¹1,
780 2835 803 2860 l.

246 2878 256 2894 ²
277 2880 351 2906 Vers.
374 2880 418 2911 19,
438 2884 497 2912 post
515 2886 594 2912 quem
615 2879 711 2905 Tbren.
732 2880 757 2911 4,
778 2880 820 2904 12.
840 2883 866 2905 et
887 2880 929 2905 13.

248 2922 259 2938 ¹³
277 2924 400 2956 Vulgata,
420 2924 441 2949 H
461 2927 487 2950 et
505 2924 564 2949 Vat.
586 2923 686 2949 addunt
698 2930 781 2957 super
794 2930 862 2950 eam.
877 2937 912 2943 —
925 2925 1075 2957 Sequuntur
1088 2925 1134 2951 lob
1159 2946 1161 2949 .

176 2968 217 2999 30,
237 2968 279 2994 25.
299 2972 325 2994 et
343 2968 386 2999 3⁴,
410 2969 449 2993 18.
675 3003 678 3005 q

246 3010 258 3026 ⁴
278 3013 302 3038 ln
323 3013 433 3044 Vulgata
453 3015 478 3037 et
496 3012 517 3037 fl
537 3012 642 3038 additur
662 3011 710 3038 illi.
728 3025 763 3031 —
778 3012 834 3037 Duo
853 3019 929 3045 seqq.
948 3013 995 3038 loci
1015 3017 1075 3039 sunt
1089 3013 1133 3039 lob

176 3057 224 3088 29,
244 3057 287 3083 ⁴3.
307 3060 332 3083 et
347 3058 393 3082 ler.
406 3057 449 3088 31,
465 3057 506 3082 16.
519 3070 553 3075 -
567 3057 615 3082 Pro
629 3055 715 3090 affatu
730 3056 813 3082 inaior
826 3064 887 3088 pars
901 3057 978 3083 codd.
992 3064 1131 3089 perperam

175 3100 286 3135 effoetm
305 3102 350 3127 cir.
371 3101 448 3133 paulo
469 3101 589 3131 interius,
610 3100 654 3126 ubi
674 3107 722 3133 pro
741 3100 858 3135 affatum
876 3100 946 3134 oris,
968 3101 990 3126 Η
1009 3101 1131 3135 effectum

176 3144 240 3171 oris.
260 3145 287 3170 B.
307 3144 418 3171 Albam:
437 3144 528 3171 Ducit:
549 3144 613 3171 Noli
629 3144 707 3177 flere,
730 3152 791 3171 ecce
811 3145 994 3171 consolationis
1012 3146 1112 3172 aliatus.

246 3187 257 3202 ⁶
278 3189 351 3215 Vers.
370 3190 402 3214 4:
422 3189 458 3215 Ne
477 3188 666 3215 contaminetur
689 3189 813 3215 sacerdos
838 3189 863 3215 in
883 3189 1012 3215 mortibus
1031 3190 1130 3216 civium

176 3238 299 3264 suorum;
318 3239 345 3257 v.
366 3232 412 3258 tt:
432 3233 462 3258 Et
480 3232 513 3258 ad
532 3238 639 3258 omnem
659 3226 791 3258 mortuum
811 3239 863 3259 non
878 3233 1038 3265 ingredietur
1051 3234 1131 3259 omni-

177 3282 210 3301 no
229 3279 278 3301 etc.
297 3289 331 3295 —
351 3272 477 3308 Superius
496 3283 545 3308 pro
564 3275 687 3310 effectum
706 3275 794 3310 operis
813 3277 834 3302 Α
851 3277 956 3311 sactum
975 3277 1071 3311 operis.

247 3317 258 3333 ⁶
279 3320 353 3345 Vei-s.
375 3320 420 3351 tt;
441 3319 486 3345 ubl
505 3326 554 3352 pro
573 3319 714 3346 considera
732 3321 753 3345 A
765 3320 786 3346 D
804 3320 884 3353 audi,
904 3320 922 3347 C
934 3321 983 3347 FG
995 3320 1129 3348 ausculta.

248 3360 258 3376 ¹
280 3362 354 3387 Vers.
372 3362 414 3387 Η.
425 3376 460 3382 -
473 3362 590 3388 Subinde
602 3363 747 3394 alleguntur
760 3364 829 3389 loan-
844 3364 869 3395 5,
883 3365 924 3390 28.
939 3368 964 3390 et
977 3365 1016 3391 ΡΒ,
1030 3364 1073 3397 67,
1087 3365 1129 3390 34.

1300 292 1352 322 25.
1377 292 1535 332 Quantum
1568 297 1672 326 autem
1706 295 1743 327 ad
1776 295 1955 337 imperium
1986 297 2169 329 maiestatis
2190 305 2320 336 vinnium?-

1211 342 1246 374 in
1269 352 1423 377 sermone,
1441 344 1602 377 subditur:
1628 347 1668 378 Et
1683 347 1746 379 ait:
1767 348 1977 387 Adolescens,
1995 349 2054 381 tibi
2077 350 2168 382 dico:
2190 334 2323 385 ῑῖρῗὲἶᾶἒ-

1212 395 1335 437 Surye;
1350 396 1389 428 ad
1405 396 1554 438 Ephesios
1578 399 1688 439 quinto
1701 399 1731 431 ⁷:
1753 413 1769 428 α
1787 401 1900 442 Surge,
1918 403 1971 443 qui
1989 402 2117 441 dormis,
2140 407 2171 435 et

1210 457 1348 490 exsurge
1371 458 1389 481 a
1405 451 1557 489 mortuis,
1581 453 1613 483 et
1636 451 1824 485 illuminabit
1859 458 1889 486 te
1923 454 2110 493 Christus»,
2136 461 2171 488 ut

1211 501 1254 533 sic
1280 501 1460 534 verificetur
1484 503 1561 535 illud
1586 503 1707 537 loannis
1730 506 1858 546 quinto:
1881 520 1895 534 a«
1910 508 2022 540 Mortui
2044 508 2171 541 audient

1210 563 1318 587 vocem
1343 555 1408 587 Filii
1433 555 1486 588 Dei
1505 568 1536 595 »;
1560 566 1642 598 quae
1665 558 1791 600 quidem
1809 563 1856 592 est
1879 569 1942 592 vox
1960 561 2117 602 imperans
2141 567 2171 594 et

1211 610 1320 649 potens
1345 612 1487 641 mortuos
1510 610 1664 643 suscitare
1688 611 1810 644 ratione
1842 621 1918 645 suae
1949 614 2094 653 virtutis,
2117 623 2171 647 -se—

1210 660 1349 693 cundum
1376 661 1452 694 illud
1478 662 1606 695 Psalmi:
1637 676 1652 692 a
1669 664 1762 696 Dabit
1784 665 1851 697 voci
1877 675 1952 698 suae
1977 675 2082 699 vocem
2109 668 2171 699 vir-

1211 713 1287 746 tutis
1300 727 1329 745 n.
1345 714 1380 746 Et
1396 718 1491 753 recte,
1509 715 1594 757 quia,
1611 716 1693 749 sicut
1708 716 1784 749 dicit
1799 718 1993 760 Augustinus
2005 719 2028 758 ⁸,
2051 732 2066 747 α
2079 729 2171 753 nemo

1211 769 1273 798 tam
1297 766 1387 800 facile
1409 767 1619 801 dormientem
1642 769 1761 802 excitat
1783 770 1822 803 de
1847 780 1966 810 somno,
1984 772 2065 804 sicut
2081 772 2170 805 Chri—

1209 823 1278 852 stus
1302 824 1429 853 revocat
1452 830 1471 853 a
1494 822 1641 863 sepulcro
1657 836 1687 854 ι».
1713 823 1826 865 Dirigit
1857 828 1962 857 autem
1997 825 2080 857 bunc
2105 834 2170 858 ser-

1210 881 1333 906 monem
1357 873 1395 906 ad
1421 878 1601 915 mortuum,
1626 885 1688 908 non
1712 877 1815 909 solum
1832 880 1867 910 ut
1883 877 2099 917 excitativum,
2117 879 2170 911 sed

1209 929 1245 958 ut
1267 926 1396 959 auditus
1431 928 1665 969 reparativum,
1698 933 1734 962 ut
1765 930 1926 970 ostendat,
1957 940 2066 963 verum
2103 941 2170 965 esse

1209 979 1286 1011 illud
1311 979 1433 1013 loannis
1455 981 1610 1013 octavo⁹:
1639 995 1655 1011 α
1673 982 1735 1025 Ego
1763 983 1968 1025 principium,
1993 984 2047 1026 qui
2072 989 2103 1017 et
2127 985 2170 1017 lo-

1208 1041 1290 1074 quor
1315 1033 1402 1066 vobis
1419 1047 1449 1072 n,
1473 1034 1680 1077 principium
1704 1035 1822 1069 scilicet
1846 1037 1979 1070 interius
2001 1038 2170 1080 operando,

1207 1085 1268 1128 qui
1289 1085 1405 1129 loquor
1427 1087 1571 1120 exterius
1593 1088 1769 1121 excitando.
1795 1089 1881 1123 Unde
1897 1090 1927 1122 in
1945 1090 2079 1130 Christo,
2096 1092 2171 1134 quia
2191 1099 2320 1121 Notandum-

1208 1147 1282 1171 caro
1305 1139 1413 1173 iuncta
1436 1144 1483 1173 est
1506 1141 1610 1174 Verbo
1633 1146 1780 1182 aeterno,
1810 1153 1873 1176 voa·
1897 1145 2041 1176 exterior
2064 1145 2170 1178 iuncta

1207 1195 1254 1224 est
1278 1192 1321 1224 illi
1345 1193 1453 1225 dicere
1477 1194 1649 1234 interiori,
1674 1195 1758 1237 quod
1782 1199 1830 1229 est
1855 1196 2044 1239 principium
2068 1198 2170 1231 omnis

1207 1245 1422 1285 conditionis,
1447 1247 1529 1280 sicut
1552 1251 1637 1289 patet
1661 1248 1692 1281 in
1708 1249 1857 1291 operibus
1881 1258 1938 1282 sex
1954 1249 2095 1289 dierum,
2112 1251 2170 1284 Ge-

1208 1299 1291 1331 nesis
1316 1299 1417 1341 primo
1431 1300 1474 1339 ¹⁰;
1499 1304 1547 1333 est
1570 1301 1663 1334 etiam
1686 1302 1875 1344 principium
1902 1304 2005 1336 omnis
2028 1313 2169 1346 repara-

1207 1352 1324 1390 tionis‚·
1347 1353 1523 1394 Sapientiae
1546 1353 1668 1387 decimo
1692 1358 1801 1388 sexto:
1830 1369 1846 1385 α
1863 1357 1974 1389 Sermo
1998 1360 2090 1396 tuus,
2108 1357 2168 1390 Do-

1207 1405 1308 1445 mine,
1333 1410 1422 1439 sanat
1445 1407 1551 1439 omnia
1567 1421 1597 1439 ι).

1297 1460 1349 1492 26.
1374 1459 1474 1501 (Vers.
1504 1461 1578 1502 15.).
1605 1458 1645 1493 Et
1667 1462 1787 1495 resedit
1820 1463 1880 1506 qui
1909 1468 2062 1496 mortuus
2085 1468 2167 1496 erat.
2184 1474 2214 1495 ne
2229 1475 2324 1497 efficacia

1207 1511 1260 1544 Hic
1278 1512 1371 1545 tertio
1387 1517 1516 1546 notatur
1541 1514 1690 1557 efficacia
1712 1515 1911 1559 subsequens
1936 1521 2081 1559 respectu
2107 1518 2168 1550 mi·
2183 1501 2326 1555 ῧῗιῗῗέἒὲζῗ

1206 1564 1320 1597 raculi
1343 1566 1413 1598 iam
1435 1564 1589 1608 perfecti,
1607 1576 1689 1609 quae
1713 1568 1840 1610 quidem
1857 1568 1976 1611 duplex
1993 1573 2041 1602 est
2057 1579 2168 1603 secun-
2232 1557 2274 1575 ‘'¹''

1206 1617 1282 1650 dum
1306 1618 1463 1661 duplicem
1488 1620 1601 1659 finem,
1626 1621 1743 1654 scilicet
1773 1623 1882 1664 operis
1913 1626 1944 1655 et
1968 1623 2166 1657 intentionis.

1207 1670 1310 1704 Prima
1332 1671 1471 1705 efficacia
1493 1677 1541 1706 est
1563 1674 1737 1707 suscitatio
1758 1675 1886 1708 mortui
1893 1688 1904 1714 ;
1920 1676 2074 1715 secunda,
2088 1686 2167 1719 pro-

1206 1724 1305 1757 motio
1329 1724 1416 1767 fidei.

1282 1773 1284 1777 ’
1298 1778 1400 1812 Primo
1416 1788 1492 1822 ergo
1506 1780 1689 1823 designatur
1705 1782 1880 1815 suscitatio
1897 1783 2023 1815 mortui
2037 1787 2073 1815 ut
2089 1788 2167 1816 nota
2200 1793 2276 1823 erim,
2295 1799 2330 1815 ω-

1202 1831 1291 1874 plebi
1320 1832 1507 1872 assistenti,
1543 1842 1616 1866 cum
1648 1833 1746 1866 dicit:
1779 1835 1820 1867 Et
1849 1835 1970 1868 resedit
2000 1836 2060 1879 qui
2093 1840 2166 1869 erat
2185 1822 2331 1876 {ssiussss‘iamssss

1205 1889 1376 1925 mortuus,
1400 1890 1430 1919 et
1453 1886 1555 1929 coepit
1578 1886 1683 1930 loqui,·
1707 1887 1738 1920 in
1763 1897 1827 1930 quo
1843 1892 1973 1931 apparet
1988 1889 2164 1928 manifeste,
2185 1874 2318 1894 ”mmmm'

1205 1939 1290 1980 quod
1316 1939 1455 1978 vivebat,
1480 1940 1555 1982 quia
1577 1939 1745 1982 dupliciter
1769 1941 1833 1974 vita
1848 1941 2060 1984 dignoscitur,
2084 1943 2165 1975 scili-

1205 1995 1254 2025 cet
1278 2001 1335 2035 per
1359 1985 1486 2026 sensum
1517 1998 1548 2026 et
1580 1997 1710 2027 motum.
1743 1994 1809 2027 Non
1844 1999 1891 2028 est
1914 1995 2063 2034 dubium,
2088 1996 2164 2038 quin

1204 2046 1391 2088 loqueretur
1415 2047 1512 2081 verba
1540 2047 1663 2080 divinae
1699 2047 1817 2087 laudis,
1842 2048 1927 2090 quod
1950 2048 2078 2091 quidem
2101 2058 2163 2082 non

1204 2103 1252 2132 est
1275 2103 1490 2139 mortuorum,
1507 2100 1562 2133 sed
1578 2100 1766 2139 viventium,
1790 2101 1962 2134 secundum
1987 2101 2063 2135 illud
2079 2102 2163 2144 quod

1204 2151 1236 2184 in
1253 2152 1375 2185 Psalmo
1388 2153 1412 2171 ¹¹
1429 2152 1563 2185 dicitur:
1593 2165 1608 2181 «
1624 2153 1690 2185 Non
1707 2153 1824 2186 mortui
1841 2153 2014 2187 laudabunt
2038 2158 2085 2192 te,
2102 2154 2162 2186 Do-

1204 2205 1377 2244 mine,-sed
1393 2215 1467 2244 nos,
1484 2206 1539 2248 qui
1556 2206 1706 2245 vivimus,
1730 2206 1945 2240 benedicimus
1968 2207 2099 2239 Domino
2115 2220 2145 2239 ».

1292 2260 1345 2291 27.
1371 2259 1407 2292 Et
1431 2263 1521 2298 nota,
1545 2259 1631 2301 quod
1662 2259 1823 2293 suscitatio
1854 2260 1976 2302 puellae
2007 2260 2160 2302 probatur
2187 2269 2326 2296 Triplexma-

2173 2296 2281 2317 nirestatio
2291 2303 2324 2318 m-

1179 2340 1186 2347 .
1202 2311 1478 2350 manducatione,
1496 2312 1590 2345 Marci
1607 2312 1719 2354 quinto
1732 2312 1773 2352 ¹²;
1790 2313 1951 2346 suscitatio
1967 2313 2072 2345 Lazari
2089 2322 2160 2345 am-
2173 2323 2298 2344 scitationis.

1203 2363 1386 2403 bulatione,
1412 2364 1533 2397 loannis
1555 2364 1739 2404 undecim0;
1764 2366 1926 2398 suscitatio
1956 2365 2160 2399 adolescentis

1202 2416 1373 2456 locutione,
1382 2417 1465 2450 sicut
1474 2417 1532 2450 bic.
1544 2417 1579 2450 Et
1592 2417 1719 2459 respicit
1731 2417 1946 2451 manducatio
1959 2421 2064 2451 actum
2072 2427 2161 2460 vege·

1202 2470 1319 2509 tabilis,
1336 2469 1520 2503 ambulatio
1535 2474 1642 2503 actum
1658 2471 1827 2510 sensibilis,
1843 2471 1962 2504 locutio
1982 2475 2086 2504 actum
2111 2465 2161 2504 ra—

1201 2523 1339 2563 tionalis,
1356 2526 1392 2556 ut
1407 2523 1466 2556 hac
1481 2523 1596 2566 triplici
1613 2523 1796 2566 probatione
1811 2524 1993 2557 ostendatur
2016 2524 2161 2558 dominus

1200 2577 1323 2610 animae
1347 2576 1522 2609 secundum
1544 2586 1668 2610 omnem
1695 2577 1744 2609 sui
1767 2577 1936 2619 potentiam
1952 2580 1983 2610 et
1999 2577 2158 2610 virtutem.

1240 2662 1244 2666 .
1290 2631 1342 2663 28.
1367 2630 1428 2663 Nec
1451 2634 1574 2663 tantum
1597 2634 1665 2663 erat
1688 2634 1762 2663 nota
1796 2630 1877 2672 plebi
1902 2630 2076 2669 assistenti,
2104 2631 2159 2664 sed
2176 2640 2310 2688 Qui?

1197 2687 1302 2727 yrata
1325 2683 1431 2716 matri
1452 2683 1657 2716 desideranti
1664 2695 1675 2721 ,·
1699 2682 1783 2716 unde
1806 2686 1837 2716 et
1860 2682 1982 2716 subdit:
2010 2684 2047 2716 Et
2070 2684 2146 2717 dedi

1271 2835 1281 2850 ³
1301 2838 1385 2862 Serm.
1405 2837 1447 2861 98.
1468 2835 1542 2869 (alias
1562 2835 1603 2861 44.
1623 2835 1657 2861 de
1678 2834 1771 2860 Verbis
1790 2835 1904 2867 Domini)
1920 2843 1943 2861 c.
1956 2837 1981 2861 2.
1995 2844 2020 2861 n.
2034 2837 2063 2861 2:
2077 2837 2158 2863 Nemo

1199 2884 1251 2907 tam
1273 2881 1345 2907 facile
1364 2881 1456 2906 excitat
1475 2880 1500 2905 in
1521 2880 1601 2911 lecto,
1621 2886 1701 2913 quem
1722 2880 1794 2905 facile
1814 2880 1930 2906 Christus
1945 2881 1969 2906 in
1989 2882 2156 2913 sepulcrali]

1199 2927 1266 2951 loan.
1287 2925 1386 2957 Evang.
1407 2928 1436 2950 tr.
1458 2924 1498 2950 49.
1519 2931 1544 2949 n.
1563 2924 1594 2949 9:
1615 2924 1741 2949 Dominus
1761 2927 1828 2949 tanta
1849 2931 1910 2950 eum
1931 2923 2078 2959 [Lazarum]
2100 2926 2157 2952 saci-

1198 2970 1267 2996 litate
1286 2968 1412 2995 excitabat
1431 2969 1464 2994 de
1483 2969 1619 3000 sepulcro,
1638 2972 1736 3001 quanta
1752 2972 1778 2994 tu
1798 2976 1849 2995 non
1868 2970 1964 2995 excitas
1982 2970 2155 2996 dormientem

1197 3014 1231 3040 de
1251 3015 1325 3040 lecto.
1344 3013 1396 3040 Cir.
1416 3017 1478 3039 tom.
1502 3013 1541 3038 Vl.
1562 3020 1622 3045 pag.
1642 3013 1708 3044 398,
1728 3018 1787 3039 nota
1808 3014 1832 3039 9.

1268 3056 1280 3072 ⁹
1300 3059 1372 3084 vers.
1393 3059 1434 3083 25.
1454 3057 1504 3083 Cn‘.
1524 3057 1670 3083 Comment.
1693 3058 1717 3088 S.
1739 3058 1835 3083 Bonav.
1866 3059 1891 3084 in
1919 3060 1986 3085 bunc
2006 3060 2101 3085 locum.
2123 3074 2155 3078 —

1197 3103 1305 3128 inferius
1324 3109 1372 3134 pro
1391 3108 1456 3128 caro
1475 3101 1567 3128 iuncta
1586 3101 1603 3126 F
1622 3107 1687 3128 caro
1708 3101 1863 3128 coniuncta.

1268 3144 1289 3160 ¹⁰
1311 3146 1382 3172 Vers.
1402 3146 1426 3171 4.
1446 3153 1501 3178 seq.
1521 3159 1555 3172 -,
1575 3146 1697 3178 Sequitur
1717 3146 1777 3178 Sap.
1799 3147 1845 3178 ⁴6,
1870 3148 1907 3172 ¹2.

1268 3189 1288 3205 ¹¹
1309 3191 1401 3216 Psalm.
1425 3190 1488 3220 113,
1512 3189 1551 3214 17.
1570 3196 1625 3222 seq,
1638 3203 1674 3209 —
1686 3191 1813 3222 Superius
1828 3194 1887 3222 post
1897 3197 1948 3224 per
1959 3197 2069 3217 sensum
2083 3190 2152 3224 [Vnt.

1194 3234 1335 3269 spiritum]
1354 3236 1379 3260 et
1397 3236 1500 3260 motum
1518 3234 1540 3259 Η
1559 3234 1632 3260 addit
1645 3233 1801 3261 movebatur
1815 3234 1886 3260 enim
1899 3236 1923 3261 et
1936 3234 2070 3265 sentiebat,
2088 3234 2151 3268 quia

1195 3277 1362 3312 loquebatur.
1382 3277 1433 3304 Cir.
1453 3277 1566 3309 aristot„
1586 3278 1612 3303 ΙΙ.
1631 3277 1665 3303 de
1682 3278 1788 3308 Anima,
1807 3281 1866 3303 text.
1888 3278 1929 3303 ⁴3.
1951 3278 1984 3311 (c.
2004 3279 2048 3309 2.).

1267 3320 1287 3336 ¹⁹
1309 3322 1382 3347 vers.
1402 3321 1442 3347 43.
1462 3335 1497 3340 —
1517 3322 1639 3354 Sequitur
1666 3322 1732 3347 ioan.
1763 3322 1786 3348 tl
1801 3341 1808 3353 ,
1838 3321 1880 3347 44.
1905 3335 1940 3341 —
1964 3322 2073 3348 interius
2092 3327 2150 3354 post

1192 3364 1350 3398 probatione
1370 3365 1428 3392 Vat.
1447 3365 1519 3391 addit
1539 3364 1671 3391 Christus.
