2427 3872
300 257 364 288 752

591 298 640 325 FlL

299 350 351 369 non
371 343 437 368 flunt
455 349 503 374 per
516 342 711 374 generationem
728 342 874 372 carnalem,
893 341 941 367 sed

300 387 461 419 spiritualem
481 385 543 412 ibid.
557 400 590 404 -
604 386 650 412 Dei
670 386 734 411 flunt
753 392 801 417 per
819 385 898 411 fldem
913 388 941 411 ut

301 431 501 457 fundamentum
521 433 546 456 et
566 431 670 456 ianuam
690 430 817 457 virtutum
837 431 888 456 253
907 430 940 455 32

301 475 340 502 2’.
362 475 413 501 474
432 476 465 501 38
486 489 521 494 -
534 476 581 500 Per
599 475 693 500 Filium
707 475 850 500 naturalem
864 474 942 500 debe-

301 527 362 546 mus
382 520 406 545 in
426 520 576 545 filiationem
605 522 631 545 et
656 519 826 545 hereditatem
853 519 941 545 induci

301 564 352 590 253
373 564 406 589 33
425 561 577 589 -Ῥ11111110
603 563 691 589 divina
716 566 756 589 est
780 564 879 589 fructus
898 563 942 589 ad-

301 610 396 633 ventus
414 607 507 633 Christi
527 607 554 633 in
579 606 748 633 credentibus
767 607 818 633 252
847 607 881 633 27
906 621 942 628 —-

302 652 441 678 Filiationis
456 651 560 678 divinae
578 654 617 677 est
630 658 727 683 magna
746 651 842 677 utilitas
860 652 886 677 in
899 652 942 677 he-

301 696 411 722 reditate
429 695 491 722 ibid.

355 755 390 758 —
409 740 570 766 Universitas
598 740 710 766 filiorum
740 740 784 765 Dei
813 740 942 772 disperso-

301 792 361 811 rum
381 785 566 816 congreganda
592 787 647 810 erat
673 791 687 810 a
706 784 808 810 Christo
828 785 852 810 in
882 784 942 810 fidei

303 829 401 855 unitate
421 829 452 855 Vl
473 829 523 854 474
543 830 571 854 31
596 843 631 847 -—-
650 830 711 854 Esse
737 829 819 854 fllium
840 829 885 854 Dei
905 832 944 855 est

302 873 434 899 maximae
450 873 563 899 caritatis
581 873 624 898 Vll
644 873 695 898 394
715 873 744 898 31
767 886 803 892 -
821 873 867 898 Dei
887 880 944 905 pro-

303 917 380 943 batur
399 918 444 950 qui
473 918 575 943 Patrem
596 918 679 949 Deum
708 917 874 949 recognoscit
896 924 944 949 per

303 961 382 987 fldem
391 982 397 994 ,
410 968 471 987 eum
484 961 570 993 diligit
589 968 636 993 per
649 961 791 993 caritatem,
813 968 874 986 eum
889 962 944 986 imi-

303 1008 372 1031 tatur
390 1013 438 1037 per
456 1005 580 1031 virtutem
594 1005 719 1036 rugiendo
738 1007 890 1036 peccatum,
903 1012 944 1030 su-

303 1049 420 1081 perando
432 1049 571 1080 mundum,
582 1049 701 1074 faciendo
711 1049 836 1074 iustitiam
850 1049 880 1074 Vl
891 1049 938 1074 551

305 1093 321 1118 5
334 1107 368 1113 -
388 1094 434 1119 Dei
449 1093 592 1124 adoptivus
611 1093 678 1118 deus
696 1093 792 1119 dicitur
809 1100 944 1125 nuncupa-

305 1137 375 1162 tione
394 1137 446 1162 394
460 1137 493 1162 56
513 1152 547 1155 —
567 1138 690 1163 Peccator
702 1140 742 1163 est
760 1137 885 1169 indignus
897 1145 944 1163 vo-

305 1182 359 1207 cari
378 1181 445 1207 tilius
464 1182 509 1207 Dei
530 1182 573 1207 Vll
593 1181 645 1207 394
665 1182 693 1207 31

356 1240 391 1243 —
410 1226 459 1251 Per
478 1225 545 1251 duos
568 1225 635 1251 sslios
659 1225 808 1257 intelligitur
835 1226 942 1251 humani

304 1270 408 1301 generis
427 1270 583 1295 universitas
607 1272 663 1295 tum
683 1270 771 1302 quoad
791 1270 900 1302 gentiles
918 1273 943 1296 et

303 1314 428 1345 ludaeos,
448 1316 502 1339 tum
527 1314 614 1347 quoad
634 1314 784 1340 innocentes
808 1317 834 1339 et
852 1315 944 1346 poeni-

303 1361 386 1383 tentes
406 1358 449 1384 Vll
477 1358 528 1384 390
555 1359 587 1383 22
607 1372 642 1377 -
661 1358 748 1384 senior
776 1358 872 1385 dicitur
896 1359 942 1392 qui

302 1402 422 1433 moribus
441 1403 567 1428 maturior
586 1406 639 1434 est,
658 1403 724 1434 patri
745 1404 905 1429 conformior
918 1406 944 1429 et

303 1445 466 1472 obedientior
491 1447 542 1472 398
563 1446 596 1472 43
616 1462 650 1465 —
670 1447 822 1473 adolescens
847 1448 943 1473 (licitur

302 1493 430 1520 11011115,οι
454 1491 487 1516 ad
506 1490 636 1517 sensibilia
663 1491 732 1517 hona
758 1492 872 1518 intentus
890 1492 942 1517 390

303 1535 336 1561 23
355 1548 391 1554 -
409 1535 562 1561 adolescens
581 1536 645 1567 petit
659 1539 759 1567 partem
779 1543 867 1567 suam,
881 1543 942 1562 cum

302 1579 414 1612 relinqui
433 1580 489 1605 vult
506 1578 615 1605 libertati
640 1587 716 1611 suae,
736 1583 764 1606 ut
782 1587 834 1606 non
853 1587 944 1606 secun·

304 1622 367 1648 dum
387 1623 528 1655 imperium
543 1624 655 1655 gratiae,
674 1624 721 1650 sed
734 1624 881 1650 secundum
898 1623 944 1650 111ιὲ

303 1670 358 1692 111111
378 1667 517 1693 voluntatis
536 1674 599 1693 suae
616 1668 719 1694 incedat
737 1667 800 1694 ibid.

355 1725 390 1729 -—
408 1711 513 1737 rediens
540 1712 659 1738 osculum
688 1712 802 1737 caritatis
829 1719 843 1737 a
869 1715 943 1744 patre

303 1755 409 1787 accipit,
422 1755 486 1781 dum
501 1762 547 1787 per
560 1756 671 1787 gratiam
691 1756 848 1781 certificatur
861 1756 895 1781 de
908 1756 943 1781 in-

302 1799 437 1830 dulgentia
456 1799 565 1825 1711395
584 1799 618 1824 34
637 1813 673 1818 —-
692 1799 820 1831 prodigus
839 1807 886 1831 per
899 1807 943 1832 pa-

302 1843 347 1868 tris
376 1843 582 1869 misericordiam
611 1843 741 1869 relevatur
770 1844 820 1869 396
850 1844 883 1869 37
906 1858 942 1864 —

302 1887 431 1919 prodigus
450 1890 570 1912 mortuus
589 1888 672 1912 ruerat
691 1894 738 1919 per
763 1888 882 1920 culpam,
901 1895 942 1914 re-

302 1931 365 1956 vixit
383 1938 431 1962 per
450 1931 650 1962 poenitentiam,
670 1932 782 1963 perierat
801 1939 848 1964 per
866 1933 942 1958 amis-

301 1975 401 2000 sionem
422 1975 545 2005 iustitiae,
564 1975 687 2001 inventus
705 1978 745 2001 est
770 1983 816 2007 per
834 1984 941 2009 recupe-

300 2018 428 2044 rationem
448 2019 547 2050 gratiae
560 2019 610 2044 398
625 2019 653 2045 41
670 2033 706 2039 -
719 2020 845 2052 reficitur,
859 2024 884 2047 et
897 2028 941 2053 pa-

303 2065 340 2087 ter
359 2065 384 2088 et
402 2062 472 2087 servi
491 2063 548 2088 eius
567 2062 627 2089 ibid.

355 2119 389 2124 —
408 2105 525 2132 Christus
543 2110 582 2133 est
593 2107 672 2134 Filius
690 2107 734 2134 Dei
748 2116 801 2134 non
821 2116 868 2141 per
881 2116 939 2141 gra·

301 2150 362 2176 tiam
389 2150 548 2183 adoptionis,
568 2152 615 2177 sed
641 2159 688 2184 per
710 2154 856 2179 naturalem
881 2160 939 2186 pro-

301 2194 437 2226 prietatem
452 2198 572 2221 aeternae
583 2197 758 2228 generationis
768 2198 801 2223 Vl
814 2198 863 2223 123
872 2204 897 2222 ν.
907 2197 940 2223 17

300 2252 335 2258 -
349 2246 362 2264 a
383 2239 436 2265 Deo
456 2240 582 2271 processit
601 2247 648 2272 per
672 2242 867 2272 generationem
887 2241 939 2267 366

301 2282 344 2308 59.
363 2283 413 2308 368
429 2284 462 2309 69
487 2297 522 2303 -
550 2284 650 2310 Nomen
678 2285 733 2311 Filii
762 2286 848 2311 solum
878 2285 940 2311 dicit

299 2328 522 2359 comparationem
542 2328 576 2354 ad
594 2329 697 2354 Patrem
717 2329 768 2354 247
787 2330 802 2354 6
822 2343 857 2348 ——-
876 2330 941 2355 acci-

300 2371 337 2402 pit
356 2378 370 2396 a
384 2372 457 2398 Patre
476 2379 524 2403 per
544 2373 719 2404 generationis
744 2373 937 2399 emanationem

300 2416 351 2442 362
373 2417 404 2441 38
425 2431 460 2434 -
480 2416 581 2442 Habere
606 2424 620 2442 a
649 2418 723 2442 Patre
742 2418 776 2443 ita
800 2417 941 2444 nobilitatis

302 2462 340 2485 cst
360 2460 386 2485 in
405 2460 481 2491 Filio,
505 2461 572 2486 sicut
597 2468 723 2492 generare
743 2462 767 2486 in
791 2462 866 2487 Patre
888 2462 939 2487 310

302 2503 333 2529 43
347 2517 382 2522 -
394 2505 469 2529 Pater
484 2505 570 2529 omnia
585 2505 629 2530 dat
647 2505 709 2530 Filio
728 2505 779 2531 362
800 2506 832 2531 38

352 2562 387 2565 —
406 2550 445 2572 est
470 2555 551 2573 unum
578 2555 637 2574 cum
658 2549 731 2574 Patre
757 2556 804 2581 per
829 2551 939 2576 eandem

302 2593 421 2615 naturam
437 2590 468 2615 Vl
484 2590 533 2615 476
549 2590 580 2616 42
595 2606 629 2610 —
644 2592 716 2617 Pater
729 2595 754 2617 et
768 2592 845 2618 Filius
859 2600 939 2618 unum

302 2636 361 2659 sunt
381 2634 405 2658 in
425 2634 535 2660 essentia
556 2638 581 2660 et
594 2635 789 2667 distinguuntur
808 2636 832 2662 in
852 2644 938 2668 perso-

300 2678 340 2703 nis
355 2677 404 2703 246
426 2678 449 2703 3.
463 2678 514 2703 360
535 2679 567 2703 27
588 2678 616 2704 3·
635 2693 669 2697 -—
690 2680 770 2705 Patris
783 2683 807 2705 et
821 2681 874 2705 Filii
889 2688 940 2707 una

302 2724 340 2747 est
359 2721 516 2752 substantia,
536 2722 595 2754 quia
617 2730 666 2748 una
690 2724 806 2755 operatio
828 2723 877 2749 438
890 2725 940 2755 tt,

305 2766 335 2790 13
355 2779 389 2784 -
409 2766 557 2791 Secundum
578 2767 704 2793 essentiae
723 2768 847 2794 unitatem
868 2769 941 2794 Pater

302 2809 378 2834 estin
398 2810 472 2840 Filio,
493 2813 517 2835 et
536 2811 614 2836 Filius
632 2811 657 2836 in
678 2812 751 2836 Patre
769 2811 819 2837 246
839 2813 864 2837 2.
890 2812 940 2837 439

302 2854 335 2878 20
355 2867 389 2873 -
409 2861 422 2879 a
442 2855 516 2879 Patre
535 2862 586 2880 non
606 2855 704 2881 recedit
724 2856 774 2882 255
796 2855 828 2881 40
841 2870 876 2876 --
895 2857 940 2882 Ne·

301 2904 373 2923 cesse
401 2901 451 2930 est,
480 2899 551 2930 quod
578 2899 603 2924 in
629 2899 752 2925 omnibus
776 2900 853 2925 Filius
872 2900 939 2926 Patri

302 2945 456 2973 cooperetur
475 2946 583 2973 propter
602 2943 785 2969 indivisionem
806 2944 830 2969 in
850 2951 939 2976 opera-

302 2985 369 3010 tione
390 2986 435 3010 31¹
462 2985 493 3011 46
518 2985 580 3012 Vide
597 2994 621 3012 v.
643 2986 765 3014 Christus
786 2986 809 3014 4.

354 3043 388 3048 —
408 3029 484 3055 Arius
503 3030 597 3061 arguit,
622 3031 714 3056 Filium
734 3038 791 3057 esse
811 3032 938 3057 minorem

304 3073 378 3098 Patre
398 3073 429 3098 Vl
450 3073 501 3109 247
516 3073 538 3099 4.
555 3073 605 3099 445
621 3074 653 3100 47
668 3088 700 3093 —
714 3082 765 3100 non
780 3075 874 3101 dicitur
894 3075 939 3101 mi-

302 3123 350 3142 nor
374 3117 447 3143 Patre
467 3117 518 3143 445
539 3117 570 3143 47
592 3117 620 3143 2·
639 3131 673 3137 —
693 3119 718 3144 111
737 3119 800 3144 Filio
823 3122 862 3145 est
880 3119 939 3145 sub-

301 3161 440 3186 auctoritas
460 3161 510 3186 246
531 3163 546 3187 3
565 3175 600 3181 —
613 3161 720 3193 Omnia,
733 3169 802 3195 quae
816 3163 939 3188 dicuntur

301 3204 334 3229 de
344 3205 405 3229 Filio
417 3206 597 3237 aequalitatem
610 3206 771 3232 ostendentia
782 3214 842 3232 cum
857 3207 939 3239 Patre,

301 3249 446 3273 referuntur
459 3249 492 3274 ad
511 3249 627 3275 divinam
642 3254 775 3281 naturam,
794 3258 863 3283 quae
875 3258 940 3277 vero

1166 253 1282 286 INDEX
1305 253 1433 286 RERUM

978 340 1112 367 dexteram
1133 341 1214 367 Patris
1227 344 1255 366 ut
1268 341 1384 374 aequalis
1403 341 1446 367 vll
1466 340 1517 367 564
1538 341 1571 366 82
1584 353 1620 359 —

978 388 1017 410 est
1035 385 1103 410 Patri
1122 388 1276 411 coaeternus
1296 386 1329 411 Vl
1349 385 1400 411 247
1420 385 1437 410 5

1031 443 1067 448 —-
1085 429 1161 455 Solus
1173 429 1323 461 unigenitus
1342 430 1420 455 Filius
1433 426 1505 455 videt
1517 429 1618 455 Patrem

978 473 1074 499 171255
1085 473 1126 498 40.
1142 474 1192 499 330
1206 473 1240 498 70
1253 488 1285 491 -
1296 476 1382 505 potest
1395 473 1620 505 comprehendere

979 517 1081 542 Patrem
1101 517 1145 543 Vll
1160 517 1211 543 265
1227 517 1258 543 40
1271 532 1307 535 -
1320 518 1394 543 Pater
1408 517 1570 543 demonstrat
1583 517 1620 542 Fi-

979 561 1012 586 lio
1026 568 1078 587 non
1092 561 1166 593 prius
1178 562 1364 593 cognoscendo
1377 569 1458 594 quam
1469 562 1560 592 Filius,
1573 562 1619 587 sed

978 605 1067 631 dando
1095 605 1158 631 Filio
1188 606 1219 631 Vl
1246 606 1297 631 310
1327 605 1360 631 44
1379 619 1414 625 -
1437 606 1621 631 Demonstrare

980 649 1042 674 Filio
1061 652 1101 675 est
1118 650 1211 675 Filium
1241 657 1368 681 generare
1397 650 1443 676 311
1478 649 1510 675 46
1530 664 1566 668 ——
1584 649 1621 675 Fi·

980 693 1044 719 lium
1072 694 1163 719 videre
1190 694 1292 719 Patrem
1317 697 1470 726 operantem
1497 701 1547 719 non
1567 697 1620 724 est,

979 737 1053 770 quod
1073 738 1146 763 Pater
1159 738 1233 770 prius
1245 742 1382 770 operetur,
1395 738 1441 764 sed
1457 738 1530 771 quod
1543 738 1622 764 Filius

981 781 1060 807 habet
1072 789 1086 807 a
1101 782 1175 807 Patre
1189 782 1239 807 310
1255 782 1288 808 44
1301 796 1336 802 -
1348 782 1451 808 audivit
1463 782 1620 814 accipiendo

980 833 995 851 a
1014 826 1089 851 Patre
1109 826 1160 851 287
1180 826 1214 852 55

1034 884 1069 889 -
1087 873 1126 895 est
1144 871 1210 896 ratio
1228 870 1336 896 videndi
1349 871 1450 896 Patrem
1469 871 1502 896 Vl
1522 870 1573 896 442
1586 870 1620 896 64

981 927 1015 932 -
1034 914 1105 939 solus
1124 917 1209 946 potest
1233 915 1335 940 Patrem
1360 915 1479 940 revelare
1503 914 1554 940 255
1579 914 1621 940 40.

981 957 1025 982 vu
1038 958 1090 983 265
1110 958 1141 983 40
1155 971 1190 977 -
1203 958 1230 983 111
1250 959 1365 984 videndo
1379 962 1404 984 et
1423 959 1563 984 revelando
1576 959 1622 984 du-

981 1001 1015 1026 cit
1028 1001 1061 1027 ad
1076 1002 1177 1027 Patrem
1191 1005 1219 1027 ut
1232 1002 1350 1028 Verbum
1363 1006 1389 1028 et
1408 1003 1496 1028 lumen
1517 1002 1568 1028 424
1585 1002 1615 1027 71

1034 1059 1069 1063 -
1082 1045 1116 1071 ab
1136 1046 1264 1072 intellectu
1279 1050 1366 1072 creato
1380 1054 1431 1072 non
1446 1050 1485 1072 est
1504 1053 1622 1079 compre-

981 1088 1114 1115 hensibilis
1134 1090 1177 1115 Vll
1196 1085 1247 1116 265
1267 1091 1301 1115 39

1033 1147 1068 1153 -
1086 1134 1143 1159 eius
1163 1135 1275 1166 potentia
1290 1138 1329 1160 est
1348 1134 1622 1167 incomprehensibilis

980 1180 1006 1203 et
1024 1177 1152 1203 immensa
1172 1178 1214 1204 Vll
1229 1179 1281 1204 265
1301 1179 1335 1204 39
1353 1193 1389 1197 —
1407 1179 1519 1205 eandem
1534 1182 1622 1212 poten-

981 1221 1042 1247 tiam
1062 1221 1141 1248 habet
1164 1229 1224 1248 cum
1252 1223 1327 1249 Patre
1346 1223 1380 1248 Vl
1410 1223 1459 1249 158
1489 1230 1516 1249 v.
1535 1224 1568 1249 26
1586 1238 1622 1243 -

981 1266 1055 1291 Pater
1077 1267 1220 1298 potentiam
1240 1274 1315 1293 suam
1334 1267 1449 1294 declarat
1467 1268 1492 1293 in
1514 1268 1577 1294 Filio
1597 1272 1623 1295 et

979 1316 1028 1342 per
1045 1310 1153 1341 Filium,
1167 1314 1195 1337 ut
1207 1311 1327 1338 ostendat
1345 1319 1407 1337 eum
1421 1311 1471 1338 sibi
1484 1313 1621 1345 aequalem

980 1356 1006 1380 et
1024 1361 1109 1387 aeque
1128 1356 1311 1382 honorandum
1332 1356 1383 1382 309
1410 1356 1438 1382 41
1468 1371 1504 1375 -
1532 1357 1621 1383 omnia

980 1402 1104 1430 operatur
1123 1406 1184 1425 cum
1204 1400 1278 1425 Patre
1299 1400 1350 1425 248
1371 1401 1404 1426 10

1032 1456 1067 1462 -
1082 1443 1126 1469 Dei
1140 1444 1250 1475 gloriam
1263 1445 1346 1470 Patris
1359 1445 1460 1471 mundo
1474 1446 1623 1472 manifestat

983 1487 1013 1512 VI
1033 1487 1078 1513 161
1102 1495 1129 1513 v.
1149 1489 1164 1514 3
1183 1502 1220 1509 -—
1238 1489 1314 1514 Pater
1333 1490 1519 1516 honorificatur
1542 1490 1567 1516 in
1585 1491 1623 1516 Fi-

979 1531 1013 1556 110
1033 1531 1083 1557 438
1111 1532 1143 1558 14
1162 1546 1197 1552 -
1216 1533 1242 1559 111
1261 1533 1316 1559 suis
1344 1534 1471 1566 operibus
1499 1535 1623 1561 clarificat

981 1576 1094 1606 Patrem,
1114 1583 1129 1602 a
1147 1584 1201 1609 quo
1230 1580 1269 1603 est
1298 1577 1348 1603 459
1378 1579 1407 1603 21
1430 1592 1466 1597 -
1485 1579 1621 1611 propriam

980 1619 1091 1650 gloriam
1110 1627 1163 1645 non
1176 1622 1290 1653 quaerit,
1310 1622 1356 1648 sed
1374 1622 1455 1648 Patris
1469 1622 1519 1648 438
1541 1623 1573 1648 14
1587 1637 1622 1643 -

980 1669 1032 1688 11011
1051 1666 1090 1688 est
1109 1664 1321 1691 honorificandus
1344 1665 1411 1691 sicut
1430 1667 1505 1692 Pater
1529 1674 1623 1693 secun-

980 1706 1043 1732 dum
1064 1708 1206 1733 humanam
1220 1712 1353 1742 naturam,
1366 1710 1413 1736 sed
1433 1711 1517 1736 solum
1531 1718 1623 1737 secun-

979 1751 1043 1777 dum
1064 1751 1182 1777 divinam
1203 1753 1253 1778 312
1269 1753 1302 1779 55
1321 1761 1377 1785 arg.
1398 1755 1413 1779 2
1433 1768 1468 1774 -
1486 1755 1549 1781 Filio
1561 1755 1622 1781 duta

979 1798 1018 1821 est
1036 1796 1171 1822 iudicandi
1194 1800 1309 1828 potestas
1328 1798 1475 1824 secundum
1501 1802 1621 1825 naturam

980 1841 1122 1866 humanam
1141 1840 1175 1867 ib.
1196 1841 1230 1866 55

1031 1897 1067 1903 —
1086 1885 1105 1910 Α
1125 1884 1188 1910 Filio
1208 1885 1327 1917 procedit
1340 1886 1453 1918 Spiritus
1471 1891 1578 1914 sanctus
1597 1892 1622 1914 et

979 1927 1012 1953 ab
1031 1935 1063 1954 eo
1082 1929 1183 1961 accepit
1197 1929 1229 1955 Vl
1250 1929 1300 1955 459
1321 1930 1349 1955 21
1373 1944 1409 1949 —
1428 1931 1473 1956 dat
1485 1938 1543 1957 esse
1563 1933 1620 1964 Spi-

978 1972 1038 1998 ritui
1058 1976 1148 1999 sancto
1167 1980 1219 1999 non
1240 1973 1274 1999 de
1293 1974 1415 2006 proprio,
1435 1975 1481 2001 sed
1501 1983 1562 2001 cum
1576 1977 1620 2001 Pa-

979 2019 1017 2041 tre
1036 2016 1082 2042 461
1109 2017 1142 2042 26
1162 2017 1191 2043 2*

1030 2074 1066 2080 -
1084 2064 1123 2087 est
1142 2062 1236 2088 vivens
1250 2070 1297 2094 per
1316 2063 1455 2089 essentiam
1469 2064 1502 2089 Vl
1519 2064 1571 2090 330
1585 2065 1620 2091 75

978 2119 1012 2124 -
1026 2105 1105 2131 habet
1118 2106 1199 2132 vitam
1214 2107 1238 2132 in
1252 2108 1394 2140 semetipso
1408 2115 1455 2140 per
1471 2108 1620 2141 essentiam,

977 2156 1030 2175 non
1050 2157 1097 2182 per
1116 2151 1344 2183 participationem
1364 2152 1411 2178 311
1436 2152 1480 2179 50.
1502 2154 1553 2179 330
1572 2153 1607 2179 75

1030 2208 1065 2212 -
1094 2198 1181 2221 manet
1209 2196 1235 2221 in
1262 2196 1344 2222 domo
1368 2197 1392 2222 in
1421 2200 1556 2224 aeternum
1586 2198 1618 2223 Vl

979 2237 1031 2263 364
1051 2237 1097 2270 49,
1118 2239 1151 2265 50
1180 2253 1215 2259 -
1239 2241 1337 2267 Servus
1362 2248 1410 2273 per
1434 2241 1527 2268 Filium
1555 2242 1619 2268 indi-

978 2285 1022 2314 get
1040 2285 1065 2308 et
1083 2286 1167 2315 potest
1191 2283 1295 2310 liberari
1314 2285 1365 2310 364
1386 2285 1418 2311 49
1445 2300 1480 2304 —
1504 2286 1553 2319 Qui
1576 2288 1619 2312 ha-

978 2325 1022 2352 bet
1040 2327 1132 2352 Filium
1152 2334 1261 2354 securus
1283 2331 1330 2359 est,
1351 2332 1378 2354 ut
1396 2329 1492 2356 habeat
1516 2331 1617 2357 Patrem

979 2369 1030 2396 477
1057 2371 1089 2397 45
1108 2385 1143 2391 —
1162 2379 1215 2398 non
1241 2375 1326 2404 potest
1349 2373 1460 2406 relinqui
1481 2381 1502 2401 a
1528 2375 1619 2408 Patre,

977 2415 1038 2447 quia
1058 2423 1109 2441 non
1130 2419 1216 2448 potest
1234 2416 1256 2442 ei
1271 2423 1318 2442 nec
1331 2416 1484 2443 discordare
1502 2425 1551 2444 nec
1570 2419 1620 2445 dis-

977 2458 1073 2490 plicere
1094 2460 1144 2485 362
1165 2461 1197 2485 39

1032 2517 1065 2522 —-
1085 2507 1123 2529 est
1142 2504 1261 2530 Verbum
1289 2505 1319 2530 Vl
1341 2505 1390 2530 167
1411 2512 1437 2531 v.
1465 2506 1489 2531 1.
1514 2507 1564 2531 362
1585 2506 1618 2532 42

977 2560 1012 2566 -—-
1036 2548 1130 2574 (licitur
1158 2548 1276 2574 Verbum
1308 2553 1417 2582 propter
1445 2550 1617 2582 multiplicem

978 2592 1200 2623 comparationem
1222 2592 1272 2619 247
1299 2594 1314 2618 6
1334 2607 1370 2613 -
1395 2595 1468 2620 Pater
1492 2594 1554 2620 dicit
1579 2595 1618 2620 Fi-

978 2636 1055 2666 lium,
1074 2637 1119 2668 qui
1140 2640 1179 2662 est
1203 2637 1321 2663 Verbum
1344 2645 1438 2663 verum
1459 2638 1510 2664 362
1532 2638 1564 2664 43
1584 2652 1619 2658 -

978 2679 1073 2705 dicitur
1091 2687 1121 2706 os
1140 2681 1210 2712 regis
1230 2681 1264 2706 65
1283 2689 1309 2707 v.
1330 2683 1345 2706 2

1031 2737 1066 2742 -
1079 2724 1124 2749 Dei
1139 2728 1177 2750 est
1190 2725 1292 2755 species
1306 2725 1418 2750 increata
1433 2725 1464 2750 Vl
1480 2726 1529 2751 193
1545 2733 1570 2751 v.
1589 2727 1617 2752 13

980 2781 1012 2785 --
1031 2771 1070 2793 est
1082 2768 1179 2793 candor
1193 2769 1257 2793 lucis
1275 2771 1395 2794 aeternae
1408 2770 1497 2802 quoad
1516 2777 1619 2802 reprae-

977 2811 1149 2837 sentationem
1177 2812 1331 2843 sapientiae,
1356 2815 1381 2838 et
1405 2814 1542 2844 speculum
1562 2814 1618 2840 sine

978 2854 1078 2879 macula
1097 2854 1238 2879 maiestatis
1264 2854 1309 2880 Dei
1328 2856 1416 2887 quoad
1441 2860 1617 2888 repraesenta-

977 2897 1072 2923 tionem
1093 2897 1199 2923 divinae
1218 2898 1359 2924 maiestatis
1371 2902 1396 2925 et
1415 2901 1546 2931 potentiae
1567 2901 1616 2927 158

977 2949 1002 2967 v.
1023 2942 1055 2967 26
1075 2956 1110 2959 -
1129 2941 1175 2967 Dei
1199 2942 1278 2968 Filius
1302 2946 1341 2969 est
1365 2945 1503 2976 speculum
1526 2945 1617 2971 imma·

977 2986 1091 3011 culatum
1102 2989 1161 3012 actu
1172 2989 1197 3012 et
1209 2987 1324 3019 potentia
1337 2987 1399 3014 ibid.
1411 3002 1447 3008 -
1459 2992 1498 3015 est
1512 2989 1616 3022 Sapien-

978 3029 1010 3055 tia
1024 3033 1049 3055 ct
1063 3029 1178 3056 Verbum
1199 3031 1291 3063 Patris,
1305 3035 1330 3057 et
1344 3032 1417 3058 Pater
1430 3033 1520 3059 diceus
1536 3034 1615 3059 mani-

977 3074 1051 3099 festat
1069 3081 1097 3100 se
1116 3081 1163 3106 per
1177 3074 1295 3101 Verbum
1314 3083 1392 3101 suum
1414 3068 1520 3103 1711265
1536 3077 1567 3103 40
1580 3091 1616 3097 -

977 3118 1002 3143 111
1023 3118 1084 3144 Filio
1104 3121 1163 3144 sunt
1182 3119 1300 3144 omnium
1321 3120 1434 3146 rationes
1447 3121 1568 3147 viventes
1581 3122 1614 3147 Vl

977 3161 1027 3187 249
1049 3163 1076 3187 11

1028 3220 1063 3226 -
1081 3207 1143 3233 Filio
1157 3207 1340 3238 appropriatur
1360 3208 1455 3234 veritas
1469 3209 1501 3235 Vl
1516 3209 1567 3234 362
1582 3209 1614 3235 43

976 3264 1010 3270 —-
1029 3255 1138 3276 vocatur
1158 3251 1281 3283 sapientia
1305 3251 1353 3276 112
1376 3259 1402 3277 v.
1424 3253 1440 3277 2
1458 3267 1493 3271 -
1515 3253 1615 3278 Nomen

301 3291 562 3323 inaequalitatem,ml
579 3295 720 3319 humanam
736 3294 786 3320 445
803 3294 835 3320 47
854 3308 888 3314 -
902 3302 939 3320 se·
975 3294 1132 3327 principium
1152 3295 1298 3321 secundum
1317 3295 1390 3328 quod
1412 3296 1549 3322 essentiale
1568 3299 1615 3322 tra·

302 3336 418 3361 cundum
447 3337 519 3368 quod
549 3338 630 3367 Deus,
658 3341 696 3363 est
717 3339 799 3364 maior
827 3345 855 3364 se
882 3339 939 3370 ipso
976 3339 1045 3365 nitur
1058 3339 1090 3365 ad
1104 3345 1243 3371 personam
1255 3339 1308 3364 Filii
1319 3346 1365 3370 per
1376 3340 1562 3371 proprietatem
1573 3347 1615 3372 gc-

300 3380 445 3405 secundum
465 3381 537 3412 quod
563 3383 642 3408 nomo
668 3381 730 3408 ibid.
748 3397 783 3401 -
807 3383 880 3408 sedet
905 3383 939 3409 ad
975 3383 1117 3416 neratlonis
1129 3386 1155 3409 et
1168 3390 1214 3415 per
1227 3382 1413 3415 proprietatem
1428 3383 1507 3409 Verbi
1519 3384 1570 3410 362
1583 3384 1615 3410 42

1945 297 2004 322 FLE

1708 353 1744 359 —
1763 339 1852 366 Verbo
1870 340 1926 366 Filii
1945 340 1989 366 Dei
2003 340 2142 373 diligenter
2160 341 2298 367 intenden-

1656 384 1721 409 dum
1741 383 1774 410 Vl
1793 384 1828 409 65
1846 391 1873 409 ν.
1892 385 1908 409 2

1710 441 1745 447 -
1765 427 1861 454 missus
1879 431 1919 454 est
1936 428 1962 454 in
1982 428 2111 454 mundum
2136 436 2166 455 ex
2195 430 2297 455 occuito

1657 474 1683 497 et
1702 471 1876 497 secretissimo
1905 472 2040 504 proposito
2066 475 2091 498 et
2114 472 2221 499 consilio
2251 474 2298 499 Dei

1657 516 1701 541 Vll
1720 515 1771 541 506
1792 516 1825 541 18
1844 529 1879 535 -
1897 516 1954 541 eius
1972 516 2062 542 missio
2080 516 2129 542 fuit
2153 517 2297 543 maximum

1657 559 1814 585 beneficium
1833 558 1897 585 ibid.
1914 573 1952 579 —
1968 560 2039 586 solus
2051 561 2298 587 convenientissime

1657 602 1750 629 debuit
1768 603 1896 629 incarnari
1922 604 1954 630 Vl
1984 604 2035 630 253
2055 604 2088 629 33
2108 618 2143 624 —-
2162 605 2239 631 datus
2258 608 2298 631 est

1658 647 1685 673 in
1705 647 1817 679 pretium
1837 647 2026 679 redemptionis
2046 647 2096 673 477
2117 648 2151 675 45

1710 691 1814 717 Fluenm
1836 705 1869 710 —
1888 694 1927 717 est
1946 691 2035 717 infima
2062 699 2125 724 pars
2149 693 2299 719 vestimenti

1658 736 1701 762 Vll
1720 736 1766 761 211
1792 736 1820 762 81

1710 780 1777 806 Finis
1794 793 1831 799 -—
1850 780 1961 812 imponit
1979 781 2159 807 necessitatem
2179 782 2211 807 iis
2229 789 2298 815 quae

1658 827 1719 850 sunt
1738 824 1771 849 ad
1792 824 1869 850 finem
1900 825 1931 851 Vl
1962 825 1994 850 10
2014 832 2039 851 v.
2069 827 2092 851 2.
2119 825 2169 851 243
2190 826 2233 852 to,
2254 826 2299 852 Vll

1659 868 1692 893 87
1712 868 1745 893 60
1764 882 1801 887 -
1820 869 1917 894 Verum
1938 869 2045 901 dicitur,
2062 870 2209 896 secundum
2223 871 2297 903 quod

1659 912 1724 937 ultra
1744 912 1876 938 entitatem
1905 913 1978 939 addit
2006 913 2127 939 ordinem
2156 914 2188 940 ad
2208 921 2299 946 opera-

1659 955 1756 982 tionem
1777 959 1802 981 et
1821 956 1899 982 tinem
1919 957 1935 982 7
1955 964 1982 990 q.
2003 958 2018 982 2
2037 971 2073 977 -
2092 958 2168 990 Quod
2187 965 2241 984 non
2260 960 2300 984 est

1658 999 1807 1025 ordinatum
1826 1000 1853 1025 in
1872 1000 1952 1026 finem
1980 1008 2078 1027 vanum
2102 1004 2142 1027 est
2160 1004 2186 1028 et
2204 1003 2299 1028 frustra

1658 1043 1674 1068 6
1694 1050 1721 1076 q.
1740 1044 1755 1069 2
1775 1050 1832 1075 arg.
1851 1044 1867 1069 3
1888 1057 1922 1063 —-
1941 1045 2017 1077 Quod
2030 1040 2166 1072 ordina'tur
2180 1046 2206 1071 in
2219 1046 2299 1072 finem

1658 1093 1710 1112 non
1729 1090 1769 1113 est
1786 1088 2023 1120 contemnendum,
2042 1090 2090 1116 sed
2114 1090 2299 1122 accipiendum

1658 1134 1684 1156 et
1702 1127 1846 1158 amandum
1865 1131 1898 1158 ib.
1919 1139 1947 1165 q.
1966 1133 1976 1158 1
2000 1140 2059 1165 arg.
2078 1134 2093 1159 2

1711 1190 1745 1194 -
1762 1177 1809 1202 ‘Est
1826 1176 1886 1202 flnis
1905 1176 1931 1204 in
1951 1184 1978 1203 se
1997 1181 2023 1203 et
2046 1177 2070 1203 in
2092 1178 2173 1204 altero
2192 1178 2226 1204 Vl
2246 1178 2294 1205 251

1659 1220 1693 1247 22
1711 1233 1747 1239 -
1765 1220 1892 1247 Frustrari
1911 1216 1963 1247 fine
1982 1221 2008 1247 in
2021 1222 2114 1253 altero,
2128 1222 2194 1249 dum
2208 1225 2297 1249 tamen

1659 1263 1771 1289 habetur
1789 1264 1848 1290 finis
1866 1265 1893 1290 in
1913 1272 1955 1298 se,
1973 1266 2071 1291 nullam
2085 1266 2186 1292 inducit
2205 1267 2300 1299 imper-

1659 1308 1798 1334 fectionem
1818 1307 1880 1335 ibid.
1904 1323 1937 1328 ——
1959 1310 2135 1342 Desiderium‚
2151 1311 2227 1337 cuius
2245 1318 2300 1337 non

1659 1354 1699 1378 est
1717 1352 1791 1383 tlnis,
1811 1354 1950 1379 frustratur
1968 1354 2019 1380 fine
2039 1355 2071 1380 16
2090 1362 2116 1388 q.
2137 1356 2152 1381 2

1715 1410 1749 1414 -
1768 1397 1803 1422 Ex
1822 1397 1874 1423 tine
1893 1397 2026 1430 dependet
2051 1402 2153 1425 rectum
2172 1399 2299 1426 iudicium

1660 1440 1693 1467 Vl
1715 1440 1764 1466 180
1784 1448 1812 1467 v.
1835 1441 1866 1467 14
1880 1455 1916 1461 -
1928 1441 2109 1469 Consideratio
2128 1443 2186 1469 finis
2200 1444 2299 1470 animat

1660 1484 1795 1511 hominem
1810 1485 1835 1511 111
1849 1485 2016 1512 tribulatione
2035 1487 2078 1513 Vll
2093 1488 2145 1514 555
2159 1487 2193 1513 49
2205 1502 2240 1507 ——
2252 1495 2301 1515 no-

1659 1532 1713 1555 ster
1740 1532 1779 1555 est
1804 1530 1943 1562 pervenire
1967 1531 2000 1556 ad
2026 1538 2140 1563 regnum
2164 1535 2300 1559 aeternum

1660 1572 1711 1599 604
1731 1574 1765 1599 66
1785 1588 1818 1593 —-
1838 1574 1930 1600 mundi
1949 1577 1989 1600 est
2000 1574 2118 1601 Christus
2133 1576 2164 1602 Vl
2179 1577 2230 1602 160
2243 1584 2270 1603 v.
2285 1577 2294 1603 1

1710 1618 1896 1644 Fruamur-:nrum
1916 1633 1949 1637 —
1963 1618 2092 1645 Videmus
2105 1620 2299 1647 firmamentum

1659 1662 1761 1688 moveri
1783 1663 1814 1688 Vl
1835 1663 1868 1688 15
1889 1670 1916 1695 q.
1936 1662 1951 1688 4

1712 1707 1858 1732 FLAGELLUM
1877 1720 1913 1726 —
1931 1707 2016 1733 Homo
2035 1708 2100 1734 solet
2118 1708 2244 1741 flagellari
2266 1709 2300 1736 ad

1659 1750 1880 1782 vituperandum,
1900 1751 2067 1783 eiiciendum,
2086 1753 2251 1784 puniendum
2265 1754 2299 1780 Vt

1659 1793 1711 1819 6l7
1732 1794 1741 1819 ’1
1766 1809 1801 1813 —-
1820 1795 1995 1827 Flagellorum
2015 1796 2118 1822 afflictio
2142 1800 2181 1823 est
2200 1797 2305 1829 curatio.

1659 1838 1687 1863 81
1712 1845 1738 1864 v.
1758 1838 1772 1864 4
1792 1852 1827 1858 -·
1845 1839 1894 1864 Per
1913 1840 1993 1866 multa
2019 1840 2120 1873 flagella
2145 1842 2299 1873 pervenitur

1658 1882 1692 1908 ad
1710 1882 1878 1909 dilectionem
1897 1883 1959 1910 ibid.
1978 1898 2014 1904 —
2038 1884 2124 1911 Ilbmo
2151 1885 2300 1918 disponitur

1657 1933 1671 1951 a
1692 1927 1746 1952 Deo
1765 1927 1799 1953 ad
1818 1928 1898 1954 vitani
1918 1928 2080 1961 spiritualem
2093 1930 2197 1961 flagello
2215 1937 2300 1956 corre-

1658 1970 1755 2002 ptionis
1774 1971 1824 1997 562
1844 1979 1871 1997 v.
1893 1973 1921 1998 21
1945 1985 1981 1991 -
2000 1973 2074 1999 Pater
2094 1974 2171 2000 trahit
2182 1981 2230 2000 nos
2243 1981 2298 2000 sur·
2319 1997 2322 1999 a

1657 2021 1716 2040 sum
1737 2014 1842 2041 funibus
1871 2016 2034 2048 flagellorum
2063 2017 2116 2043 567
2140 2017 2155 2043 4
2175 2032 2209 2037 -—
2229 2019 2299 2045 Deus

1657 2058 1771 2084 animam
1792 2066 1839 2091 per
1865 2060 1966 2092 flagella
1994 2061 2095 2087 reducit
2122 2062 2157 2088 ad
2184 2062 2296 2095 gratiam

1657 2101 1720 2129 ibid.
1739 2117 1774 2121 -—
1787 2103 1857 2129 Deus
1871 2104 1971 2136 flagella
1984 2111 2032 2137 per
2044 2108 2132 2137 partes
2149 2107 2298 2133 successive

1658 2147 1771 2173 immittit
1791 2147 1842 2173 184
1861 2155 1888 2174 v.
1911 2149 1926 2174 2

1710 2192 1808 2218 Fenus
1826 2206 1862 2212 —
1882 2193 1939 2219 Vita
1968 2193 2111 2225 impiorum
2139 2195 2298 2222 assimilatur

1656 2236 1727 2262 ssatui
1747 2241 1856 2268 propter
1876 2237 2019 2271 inquietam
2039 2238 2175 2265 irascibilis
2199 2242 2299 2272 pertur-

1656 2280 1788 2307 bationem
1809 2281 1842 2307 Vi
1862 2282 1912 2307 120
1933 2289 1958 2307 v.
1978 2282 1994 2307 5

1709 2326 1792 2351 Fet-:aa
1813 2340 1845 2344 -
1865 2329 1904 2352 est
1923 2326 2030 2352 interius
2049 2327 2081 2353 Vl
2100 2328 2150 2353 462
2165 2328 2193 2354 31
2211 2342 2246 2347 —
2258 2331 2298 2355 est

1656 2368 1684 2394 in
1702 2369 1825 2401 lacrymis
1844 2370 1877 2396 30
1897 2378 1922 2395 v.
1939 2370 1953 2396 4
1967 2385 2001 2390 -
2014 2372 2101 2397 Fletus
2120 2372 2253 2404 praecedit
2266 2373 2297 2398 ri-

1657 2420 1716 2440 sum
1737 2414 1883 2440 secundum
1903 2418 2022 2441 naturam
2042 2416 2141 2448 lapsam
2161 2415 2224 2443 ibid.

1709 2472 1744 2476 —
1762 2458 1853 2484 Flendi
1877 2459 1942 2485 ratio
1968 2460 2100 2492 multiplex
2127 2461 2170 2486 Vll
2191 2460 2242 2487 149
2262 2462 2295 2487 53

1656 2514 1691 2520 -
1710 2502 1801 2527 Anima
1821 2503 1938 2528 insidens
1952 2505 2055 2535 corpori
2070 2505 2166 2530 misero
2179 2505 2242 2531 flere
2254 2505 2298 2531 de-

1656 2544 1700 2571 bet
1720 2545 1770 2571 496
1791 2546 1824 2572 64
1843 2560 1879 2566 —
1901 2547 1928 2572 ln
1952 2548 2109 2575 adversitate
2135 2552 2173 2575 est
2192 2552 2297 2582 tempus

1656 2590 1735 2615 flendi
1756 2590 1788 2616 1’1
1808 2590 1841 2615 30
1861 2598 1886 2616 ν.
1909 2591 1923 2616 4
1943 2605 1977 2610 —-
1997 2595 2036 2618 est
2060 2600 2212 2625 expressum
2233 2594 2297 2620 indi·

1656 2633 1724 2659 cium
1745 2634 1907 2661 contritionis
1928 2636 1970 2661 Vll
1992 2636 2041 2662 186
2061 2637 2095 2662 75
2115 2651 2150 2657 -
2170 2636 2240 2663 lestis
2253 2638 2295 2663 11ορ

1656 2677 1693 2703 vit
1711 2678 1816 2709 saepius
1838 2685 1868 2704 ex
1888 2680 2071 2711 compassione
2090 2688 2170 2713 super
2187 2682 2296 2708 afflictos

1655 2725 1680 2747 et
1699 2722 1809 2748 miseros
1829 2723 1861 2749 Vl
1888 2723 1937 2749 403
1963 2724 1995 2750 48
2018 2739 2049 2744 --
2068 2726 2155 2751 Fletus
2173 2726 2202 2751 tlt
2226 2733 2295 2752 com-

1655 2767 1809 2798 punctione,
1828 2768 2019 2801 compassione,
2033 2769 2174 2796 devotione
2194 2770 2245 2796 507
2261 2770 2294 2796 19

1707 2824 1742 2830 ·—-
1761 2811 1839 2837 debet
1852 2812 1937 2838 omnis
1950 2812 2112 2840 Christianus
2130 2821 2210 2846 super
2229 2821 2257 2840 se
2270 2818 2297 2841 et

1655 2855 1771 2881 humano
1791 2862 1901 2888 genere,
1920 2856 1982 2889 quia
2010 2863 2088 2883 causa
2118 2858 2166 2884 ruit
2194 2859 2294 2884 interse-

1653 2898 1747 2925 ctionis
1770 2899 1874 2925 Domini
1899 2900 1938 2926 sui
1969 2900 2011 2926 Vll
2040 2901 2091 2927 574
2112 2902 2144 2928 33
2164 2915 2200 2922 —-
2224 2903 2294 2929 Flen-

1654 2942 1718 2970 dum
1738 2946 1778 2969 est
1795 2950 1826 2969 ex
1846 2944 2037 2971 memoratione
2065 2946 2156 2972 mortis
2175 2947 2295 2978 spiritua-

1654 2987 1694 3018 lis,
1712 2987 1840 3020 quamdiu
1868 2994 1961 3014 sumus
1980 2990 2006 3014 ln
2025 2988 2159 3022 Babylone
2177 2989 2240 3017 ibid.
2258 3004 2294 3010 —

1653 3031 1732 3057 debet
1751 3031 1850 3062 omnis,
1876 3032 1937 3065 quia
1965 3032 2059 3059 Christi
2089 3034 2212 3066 pietatem
2241 3042 2293 3061 non

1652 3076 1816 3107 recognoscit
1845 3076 1983 3103 multitudo
2012 3078 2148 3104 hominum
2168 3077 2230 3105 ibid.
2257 3093 2290 3097 —-

1652 3119 1778 3145 Flendum
1800 3122 1848 3151 ost,
1873 3120 1934 3153 quia
1962 3121 2123 3154 ingratitudo
2155 3123 2291 3148 hominum

1653 3166 1792 3195 praeparat
1810 3163 1843 3190 ad
1863 3167 1995 3191 aeternam
2024 3166 2197 3192 calamitatem
2227 3166 2291 3193 ibid.

1651 3220 1687 3225 ——
1705 3206 1784 3233 debet
1803 3208 1882 3234 homo
1910 3215 1990 3241 super
2019 3216 2047 3235 se
2075 3213 2100 3234 et
2127 3216 2208 3242 super
2227 3210 2292 3236 alios

1652 3254 1802 3282 peccatores
1821 3258 1853 3278 ex
1870 3252 2078 3279 consideratione
2096 3253 2184 3279 ludicii
2210 3254 2293 3280 ssnalis

1652 3293 1687 3320 ib.
1707 3294 1740 3320 34

1705 3352 1740 3359 -
1759 3339 1891 3366 Flentibus
1910 3340 2068 3373 promittitur
2086 3341 2155 3367 risus
2175 3341 2292 3368 iucundi-

1653 3383 1711 3409 tatis
1732 3383 1772 3409 vu
1804 3384 1854 3410 149
1883 3385 1916 3410 53
1935 3398 1970 3404 -
1997 3385 2084 3411 Fletus
2108 3385 2244 3412 oculorum
2264 3385 2290 3411 in
