2476 3921
8 649 140 672 *Notandum

4 1127 66 1157 lugu,
74 1126 139 1156 ‘iuve-

16 1155 90 1175 ettonis
104 1159 139 1175 ex-

15 1185 107 1208 pressae.

1 1391 135 1414 <Notandum-

761 185 953 218 COMMENT.
980 185 1015 217 ΙΝ
1041 185 1278 219 EVANGELIUM
1304 187 1420 220 LUCAE
1445 189 1476 221 C.
1503 190 1548 221 tt'.

163 282 258 315 quam
283 281 324 306 ex
349 272 525 306 humilitate
549 276 580 306 et
603 273 786 313 devotione,
810 274 892 306 sicut
909 273 1053 306 Matthaei
1071 273 1124 306 de-

162 326 244 358 cimo
276 325 393 358 tertio¹
417 325 551 365 dicitur,
586 326 671 368 quod
699 339 714 354 α
731 335 793 359 non
821 326 895 359 fecit
918 327 960 359 ibi
991 326 1124 360 virtutes

162 378 296 417 multas,
320 381 450 420 propter
474 378 725 411 incredulitatem
753 387 908 411 eorum».
934 378 1020 412 Unde
1045 379 1125 411 Beda

161 431 236 464 dicit
259 431 290 464 in
314 431 438 464 Glossa:
467 444 483 460 α
499 432 628 465 Frustra
652 441 742 474 opem
768 432 1000 465 misericordiae
1025 433 1124 465 caele-

161 484 217 517 stis
240 488 422 526 exspectas,
447 485 472 517 si
496 485 605 518 alienis
629 485 801 518 virtutibus
817 485 946 518 invides.
971 486 1123 527 Asperna-

161 541 210 570 tor
233 538 315 570 enim
340 541 387 570 est
410 538 563 571 Dominus
587 538 782 578 invidorum,
807 542 839 571 et
861 538 901 571 ab
926 538 974 571 his
998 539 1052 580 qui
1076 539 1122 571 di-

160 591 232 624 vina
248 591 398 624 beneficia
410 591 441 623 in
454 591 522 624 aliis
536 594 772 633 persequuntur
784 618 791 630 ,
810 592 962 624 miracula
979 600 1054 625 suae
1067 601 1122 634 po-

160 644 274 677 tentiae
297 644 410 676 avertit
427 657 456 675 ».
472 662 513 667 —-
531 644 567 676 Et
583 648 670 683 nota,
695 645 778 686 quod
796 645 913 677 ironice
930 649 1041 677 vocant
1057 655 1121 677 me-

159 697 288 735 dicum,
313 705 406 738 quem
433 697 586 729 veraciter
609 697 761 730 deberent
785 697 926 730 wnsiteri
952 697 1120 736 medicum,

159 749 331 783 secundum
356 750 432 782 illud
458 750 510 783 lob
533 750 687 792 quinto²:
717 763 732 779 α
747 750 813 793 lpse
838 751 984 783 vulnerat
1007 754 1038 783 et
1055 759 1121 783 me-

158 802 251 836 detur
267 816 297 835 ι».
323 803 505 844 Despiciunt
528 812 623 845 quem
655 803 806 837 deberent
829 804 932 836 colere
964 807 994 836 et
1023 804 1120 835 hono-

159 865 245 895 rare,
271 856 444 889 secundum
470 856 546 889 illud
571 856 775 889 Ecclesiastici
808 845 968 899 trigesimo
991 860 1118 889 octavo:

164 910 314 942 «Honora
337 909 493 942 medicum
518 913 648 952 propter
680 910 896 942 necessitatem
914 922 945 948 »;
974 913 1005 942 et
1029 912 1118 951 post:

162 963 362 996 «Altissimus
384 963 422 996 de
447 966 532 996 terra
555 964 673 996 creavit
697 963 892 1002 medicinam,
917 966 948 995 et
970 963 1019 995 vir
1043 972 1119 1004 pru-

157 1016 234 1050 dens
257 1026 319 1050 non
342 1017 526 1050 abhorrebit
549 1017 633 1049 illam
651 1030 682 1048 υ.

247 1072 298 1103 50.
325 1071 382 1104 Per
405 1070 533 1103 modum
558 1080 633 1103 vero
656 1070 847 1103 invectionis
871 1080 1046 1112 expressae
1062 1079 1118 1103 ex-

157 1124 281 1166 primit,
307 1134 379 1157 cum
403 1124 582 1166 subiungit:
610 1125 745 1165 Quanta
762 1124 958 1156 audivimus
972 1123 1067 1166 facta
1083 1124 1119 1156 in

159 1176 419 1220 Capharnaum,
444 1178 561 1210 scilicet
584 1186 680 1219 opera
705 1177 910 1216 miraculosa3
936 1177 1019 1210 unde
1043 1178 1119 1210 Mat-

157 1231 239 1264 thaei
264 1231 474 1264 undecimo-¹³:
505 1243 521 1259 α
538 1231 600 1263 Vae
618 1230 677 1262 -tibi
712 1230 950 1272 capharnaum!
976 1231 1068 1273 quia,
1093 1232 1117 1263 si

156 1284 187 1317 in
203 1285 285 1326 Tyro
298 1287 328 1317 et
345 1284 456 1316 Sidone
472 1284 570 1316 sactae
587 1283 720 1316 fuissent
736 1283 870 1316 virtutes
886 1297 901 1312 »
924 1287 982 1316 etc.
1000 1303 1043 1307 —
1060 1284 1118 1317 Sed

156 1337 313 1379 quomodo
338 1337 414 1369 haec
438 1336 644 1375 audierunt4,
670 1345 749 1369 cumv
769 1336 963 1379 Evangelista
978 1337 1117 1369 nondum

155 1389 367 1432 expresserit,
383 1389 489 1431 aliqua
506 1389 659 1422 miracula
671 1390 773 1431 ipsum
787 1389 919 1422 fecisse?
932 1408 974 1413 --
989 1390 1118 1431 Propter

154 1442 238 1485 quod
262 1442 503 1482 attendendum,
528 1443 613 1485 quod
649 1443 844 1486 Evangelista
868 1453 929 1476 non
954 1443 1118 1485 prosequi-

156 1501 208 1529 tur
232 1496 373 1529 ordinem
398 1496 442 1529 rei
460 1500 582 1538 gestae,
600 1496 652 1529 sed
670 1496 813 1530 ordinem
830 1497 1011 1530 intentionis
1026 1505 1116 1535 suae,

155 1554 186 1583 et
218 1550 276 1582 hoc
307 1549 433 1592 quidem
466 1550 539 1582 facit
572 1550 709 1592 pluries;
746 1553 777 1583 et
812 1550 898 1589 ideo,
930 1559 1004 1582 cum
1033 1558 1117 1582 unus

156 1603 350 1646 Evangelista
373 1607 482 1636 narrat
498 1607 582 1645 post,
600 1604 683 1646 quod
708 1604 789 1636 alius
812 1606 900 1642 ante,
918 1613 979 1635 non
1004 1606 1051 1636 est
1067 1612 1116 1636 re-

155 1657 343 1699 pugnantia,
367 1657 439 1699 quia
464 1666 527 1689 non
550 1657 717 1689 intendunt
732 1657 853 1695 dicere,
871 1666 908 1689 eo
923 1656 1033 1689 ordine
1049 1665 1117 1689 esse

153 1710 252 1750 sacta,
276 1720 339 1753 quo
363 1713 437 1743 sunt
460 1710 594 1752 scripta,
619 1710 700 1742 sicut
734 1709 809 1742 dicit
844 1709 1054 1751 Augustinus,
1078 1709 1117 1742 de

153 1764 379 1797 Concordantia
404 1761 669 1805 Evangelistarum
683 1763 705 1794 ⁵.
731 1763 910 1802 Praeterea,
930 1763 1027 1796 Lucas
1043 1772 1117 1796 cum

153 1817 222 1850 aliis
246 1817 387 1856 duobus,
419 1817 573 1849 Matthaeo
609 1819 640 1849 et
670 1817 789 1855 Marco,
825 1816 903 1849 nihil
938 1820 1047 1849 narrat
1078 1817 1117 1850 de

153 1871 256 1914 primo
278 1871 415 1903 adventu
438 1870 553 1902 Christi
577 1869 609 1902 iu
633 1869 818 1908 Galilaeam‚
836 1869 889 1902 sed
906 1869 945 1902 de
961 1870 1115 1909 secundm

153 1924 192 1958 de
215 1924 317 1966 primo
340 1927 446 1956 autem
468 1923 656 1956 determinat
679 1923 765 1956 solus
789 1923 952 1956 loannes⁶.
972 1924 1017 1956 Ex
1033 1924 1117 1956 fama

153 1986 228 2019 ergo
251 1976 478 2009 miraculorum
502 1976 657 2009 factorum
694 1976 725 2009 in
762 1980 847 2009 terra
878 1977 979 2010 aliena
1002 1986 1115 2019 argue-

153 2029 228 2062 bant
244 2038 332 2068 eum,
349 2029 424 2072 quia
440 2038 502 2062 non
518 2029 651 2062 faciebat
666 2029 696 2061 iu
716 2032 800 2062 terra
816 2029 953 2071 propria.
972 2048 1011 2052 —
1030 2029 1115 2062 Unde

153 2082 296 2115 additur:
322 2083 392 2116 Fac
415 2087 443 2115 et
477 2081 530 2116 liic
554 2083 590 2115 in
610 2083 727 2125 patria
753 2087 829 2121 tua;
852 2086 883 2115 et
907 2083 967 2115 hoc
994 2086 1042 2115 est
1069 2082 1115 2115 di-

153 2144 242 2169 cere:
268 2145 345 2168 cura
376 2140 407 2169 te
431 2136 552 2178 ipsum,
585 2136 615 2168 id
639 2139 704 2175 est,
736 2136 805 2168 illos
840 2144 918 2168 cura
940 2135 979 2168 de
1014 2135 1115 2177 patria

153 2193 209 2222 tua
231 2198 288 2231 per
311 2189 478 2228 miracula,
503 2189 584 2222 sicut
606 2189 702 2228 alios,
726 2188 899 2221 secundum
917 2188 994 2235 illud
1012 2188 1114 2221 Eccle-

153 2242 268 2275 siastici
292 2242 412 2275 decimo
435 2241 589 2284 quart0⁷:
620 2254 636 2269 α
651 2241 709 2282 Qui
735 2241 793 2274 sibi
817 2237 953 2283 nequam
977 2245 1039 2281 est,
1063 2242 1114 2274 cui

153 2295 203 2327 alii
228 2295 330 2328 bonus
353 2295 413 2327 erit
428 2298 464 2326 n?
487 2298 518 2327 et
554 2294 675 2336 primae
698 2293 737 2326 ad
761 2294 960 2327 Timotheum
985 2294 1113 2337 quinto:

159 2361 175 2376 «τ
191 2348 219 2380 Si
244 2348 316 2390 quis
343 2356 474 2380 suorum
505 2351 537 2380 et
571 2347 707 2380 maxime
734 2347 977 2381 domesticorum
1003 2357 1114 2381 curam

2091 196 2146 225 tol

1188 283 1249 307 non
1275 275 1387 314 habet,
1413 277 1504 310 tidem
1530 279 1653 319 negavit
1672 292 1700 317 »;
1725 280 1840 312 dicitur
1871 281 2072 314 Ecclesiastici
2098 282 2150 314 de-

1188 328 1268 360 cimo
1281 329 1427 370 septimo:
1451 331 1648 373 «Unicuique
1666 333 1822 365 mandavit
1834 333 1872 366 de
1891 334 2036 374 proximo
2052 343 2148 367 suon.

1278 383 1329 414 51.
1355 383 1456 423 (Vers.
1486 384 1563 424 ς24).
1597 385 1655 417 Ait
1685 390 1813 418 autem:
1849 389 1953 419 Amen
1985 388 2058 420 dieo
2090 393 2147 420 etc.

1188 433 1241 466 llic
1264 438 1335 476 post
1357 435 1590 468 detrahentium
1620 438 1759 471 convicia
1783 440 2020 481 subiunguntur
2044 450 2149 472 exmu-

1184 486 1245 528 pla
1265 486 1477 529 prophetica,
1502 489 1695 522 detractores
1708 490 1720 509 ⁸
1745 492 1946 524 contutantia.
1965 493 2006 524 Ad
2026 494 2147 534 plenam

1187 543 1292 572 autem
1318 540 1458 582 ipsorum
1484 542 1726 575 confutationem
1764 545 1976 585 praemittitur
1999 547 2150 587 ‚qenerace

1184 592 1420 634 proverbium;
1444 594 1599 633 secund0,
1623 597 1764 637 speciale
1786 598 1971 639 exemplum
1994 599 2024 630 in
2053 600 2147 637 Elia,

1186 645 1305 678 eximio
1340 646 1595 688 Prophetarum;'
1625 649 1731 687 tertio,
1768 650 1797 681 in
1836 650 1959 688 Eli-seo,
1995 652 2148 692 discipulo

1186 698 1294 739 ipsius.
1321 699 1458 732 Primum
1482 705 1529 733 est
1553 701 1590 733 ad
1616 704 1898 742 commonendum,
1916 705 2089 737 secundum
2108 706 2144 736 ad

1185 751 1427 791 confutandum,
1454 754 1580 786 tertium
1606 755 1643 787 ad
1669 756 1928 789 confirmandum.

1278 805 1436 839 Generale
1460 807 1556 849 igitur
1577 809 1794 849 proverbium
1819 810 1849 842 in
1882 811 1966 843 ouini
1995 812 2148 853 Propheta

1184 860 1215 890 et
1239 858 1355 900 populo
1379 860 1567 900 praemittit,
1592 870 1664 893 cum
1689 862 1780 895 dicit:
1807 863 1863 895 Ait
1886 869 2012 902 autem,
2031 865 2148 897 scilicet

1183 910 1345 944 Christus:
1372 913 1476 945 Amen
1500 914 1572 946 (lico
1597 915 1705 954 vobis,
1731 916 1761 948 id
1796 920 1844 949 est
1867 918 2146 956 certitudinalitei·‚

1183 963 1258 1005 quia
1281 974 1378 997 amen
1401 966 1525 1007 signum
1550 971 1597 1000 est
1620 968 1844 1002 affirmationis.
1872 970 1907 1002 Et
1932 979 2022 1009 vere,
2055 972 2146 1013 quia,

1183 1017 1265 1050 sicut
1281 1018 1347 1060 ipse
1364 1019 1438 1052 dicit
1455 1021 1599 1053 Matthaei
1618 1022 1766 1063 vigesimo
1783 1028 1896 1065 quarto
1910 1024 1932 1062 ⁹,
1951 1038 1964 1051 α
1979 1025 2099 1056 caelum
2117 1029 2145 1057 et

1184 1074 1270 1103 terra
1294 1072 1488 1112 transibunt,
1514 1074 1610 1106 verba
1634 1078 1738 1107 autem
1757 1084 1825 1108 mea
1842 1085 1902 1108 non
1921 1077 2099 1109 transibunt
2115 1091 2144 1108 u.

1185 1142 1226 1147 —
1260 1125 1348 1165 Quia
1365 1135 1473 1158 “nemo
1501 1126 1665 1169 propheta
1697 1134 1849 1170 acceptus
1884 1134 1930 1161 ese
1964 1130 1998 1161 in
2029 1130 2145 1171 patria

1182 1187 1270 1216 sua,
1296 1178 1413 1211 scilicet
1437 1189 1493 1212 nec
1518 1184 1672 1222 quantum
1697 1181 1735 1213 ad
1767 1182 1941 1215 doctrinam
1968 1193 2022 1215 nec
2047 1193 2145 1225 quan-

1183 1233 1250 1263 tum
1275 1231 1314 1263 ad
1351 1232 1465 1270 vitani,
1491 1233 1521 1264 in
1553 1234 1670 1275 quibus
1706 1235 1877 1275 Prophetae
1913 1241 2145 1268 consueverunt

1184 1284 1301 1317 habere
1325 1285 1552 1318 excellentiam.
1579 1286 1614 1318 Et
1645 1287 1714 1319 ideo
1746 1297 1807 1319 non
1832 1292 1878 1320 est
1904 1289 2039 1327 mirum,
2063 1290 2087 1321 si
2114 1289 2143 1321 in

1183 1337 1285 1379 patria
1301 1347 1358 1370 sua
1375 1347 1435 1369 uon
1452 1338 1525 1370 facit
1548 1339 1710 1378 miracula,
1728 1349 1808 1381 quae
1825 1350 1881 1382 pro
1899 1342 2028 1383 ingratis
2045 1346 2074 1374 et
2100 1343 2144 1374 in—

1182 1390 1284 1432 dignis
1306 1399 1367 1422 non
1393 1394 1467 1422 sunt
1497 1390 1645 1423 facienda.
1680 1393 1754 1424 lluic
1786 1394 1954 1426 salvatoris
1979 1395 2143 1427 invectioni

1182 1446 1364 1482 attestatur,
1390 1443 1475 1485 quod
1499 1444 1608 1486 loseph
1625 1454 1643 1476 a
1660 1445 1811 1478 fratribus
1836 1447 2000 1486 venditur,
2017 1449 2145 1481 Genesis

1182 1495 1342 1537 trigesimo
1366 1496 1498 1538 septimo
1512 1498 1548 1535 ¹⁰,
1566 1497 1605 1530 ab
1621 1499 1777 1540 Aegyptiis
1802 1500 1994 1538 honoratur,
2019 1501 2145 1534 Genesis

1181 1548 1421 1591 quadragesimo
1444 1550 1555 1592 primo.
1589 1551 1637 1583 Sic
1662 1552 1781 1593 Moyses
1804 1553 1843 1585 ab
1868 1555 1966 1586 Aaron
1991 1558 2022 1586 et
2051 1555 2145 1586 Maria

1181 1602 1402 1635 contumeliam
1439 1603 1575 1645 patitur,
1600 1605 1811 1638 Numerorum
1835 1606 2034 1646 duodecimo,
2063 1611 2092 1640 et
2128 1617 2145 1640 a

1181 1656 1413 1689 contribulibus
1436 1657 1635 1700 objurgatur,
1660 1659 1871 1692 Numerorum
1897 1660 2018 1693 decimo
2042 1664 2142 1693 sexto.

1183 1710 1231 1742 Sic
1255 1710 1410 1743 Abraham
1426 1720 1445 1743 a
1461 1712 1677 1753 compatriotis
1701 1713 1837 1754 patitur;
1856 1714 1939 1746 unde
1963 1714 2079 1747 dicitur
2096 1715 2142 1747 ei:

1187 1777 1203 1792 ι(
1222 1764 1375 1806 Egredere
1398 1764 1436 1797 de
1461 1768 1547 1797 terra
1572 1770 1626 1798 tua
1649 1769 1680 1798 et
1702 1766 1741 1798 de
1765 1768 1947 1809 cognatione
1961 1782 1991 1806 n,
2016 1769 2143 1801 Genesis

1181 1817 1376 1850 duodecimo.
1401 1836 1446 1841 —
1469 1819 1629 1851 Rationem
1653 1823 1757 1852 autem
1784 1820 1880 1853 huius
1903 1821 2040 1864 assignat
2064 1822 2143 1854 Beda

1181 1870 1213 1902 in
1236 1870 1344 1904 Glossa
1358 1872 1400 1902 ¹¹:
1424 1884 1438 1899 κ
1452 1871 1552 1904 Ceteri
1571 1871 1744 1913 Prophetae
1760 1873 1866 1905 minus
1882 1873 1914 1905 in
1932 1875 2032 1915 patria
2048 1884 2142 1916 quam

1181 1924 1212 1956 in
1236 1924 1349 1957 ceteris
1371 1924 1551 1957 civitatibus
1582 1929 1656 1957 sunt
1686 1926 1846 1965 honorati,
1879 1927 1952 1969 quia
1977 1937 2142 1969 propemo-

1179 1977 1255 2009 dum
1290 1978 1434 2010 naturale
1469 1980 1533 2015 est,
1570 1978 1653 2011 cives
1684 1979 1866 2012 concivibus
1897 1980 2046 2013 invidere.
2075 1981 2141 2013 Non

1179 2029 1262 2062 enim
1286 2030 1484 2064 considerant
1509 2032 1684 2073 praesentia
1712 2033 1771 2065 viri
1801 2042 1913 2075 opera,
1947 2043 2008 2066 non
2042 2034 2140 2067 virtu-

1179 2085 1259 2122 tem,
1284 2083 1339 2116 sed
1362 2083 1503 2126 fragilem
1527 2085 1736 2118 recordantur
1760 2086 1939 2125 infantiam,
1965 2087 2053 2129 quasi
2078 2097 2140 2120 non

1179 2140 1209 2169 et
1233 2136 1291 2178 ipsi
1315 2146 1372 2179 per
1395 2137 1522 2170 eosdem
1542 2138 1653 2171 aetatis
1676 2139 1792 2181 gradus
1815 2139 1854 2172 ad
1875 2144 2031 2173 maturam
2056 2146 2140 2174 aeta-

1180 2192 1242 2222 tem
1267 2190 1468 2231 pervenerint
1484 2204 1514 2223 ».

1269 2244 1320 2276 5⁹2.
1338 2244 1440 2285 (Vers.
1458 2245 1535 2284 ⁹25).
1551 2245 1696 2286 Speciale
1709 2254 1784 2278 vero
1797 2246 1981 2288 exemplum
1999 2247 2029 2279 in
2049 2247 2139 2286 Elia,

1180 2297 1407 2339 Prophetarum
1436 2297 1571 2336 eximio,
1596 2298 1753 2341 adiungit,
1780 2308 1851 2332 cum
1876 2299 1967 2332 dicit:
1993 2301 2032 2333 ln
2054 2302 2139 2334 verz*-

1179 2353 1244 2382 tace
1267 2349 1340 2382 dico
1363 2350 1474 2388 vobis;
1499 2351 1619 2384 Ioannis
1642 2351 1762 2384 decimo
1786 2353 1918 2394 septimo
1933 2354 1975 2385 ¹²:
1998 2366 2012 2381 «ι
2031 2354 2139 2387 Sermo

224 2516 232 2531 ²
256 2518 328 2543 Vei-s.
348 2518 391 2543 58.
409 2531 445 2537 —-
463 2518 554 2544 Glossa
582 2518 690 2544 inferius
718 2519 827 2551 allegata
851 2522 890 2545 est
917 2519 1060 2546 ordinaria
1088 2520 1113 2546 in

153 2563 214 2588 Luc.
235 2562 265 2593 4,
286 2562 326 2588 24.
354 2566 379 2588 et
398 2562 520 2589 tribuitur
539 2562 634 2590 Bedae.
654 2563 756 2594 Verba,
776 2571 844 2597 quae
870 2564 895 2590 in
915 2564 988 2590 initio
1007 2565 1114 2591 Glossue

154 2605 295 2637 habentur,
315 2610 375 2632 sunt
393 2607 494 2637 Bedae,
506 2607 553 2633 sed
565 2615 635 2640 quae
648 2608 673 2633 in
688 2608 738 2633 tine
751 2611 891 2634 occurrunt
904 2612 929 2634 et
943 2609 984 2635 liic
998 2616 1012 2634 a
1027 2610 1053 2634 S.
1066 2609 1114 2635 Bo-

153 2658 214 2677 nav.
233 2652 415 2684 proferuntur,
434 2655 495 2677 sunt
523 2651 653 2683 Anibi-os„
672 2652 714 2678 lV.
734 2652 760 2677 in
788 2653 850 2678 Luc.
870 2660 898 2678 n.
919 2653 960 2679 46.
979 2667 1014 2672 —
1033 2655 1114 2686 Supe-

153 2695 207 2721 rius
226 2702 274 2727 pro
293 2694 321 2721 id
339 2697 377 2722 est
396 2695 537 2730 infirmum
557 2696 577 2721 G
597 2695 625 2722 id
643 2697 682 2723 est
701 2695 837 2730 infirmos,
863 2697 919 2722 Vat.
939 2696 968 2723 id
984 2698 1023 2723 est
1042 2696 1114 2731 infir-

153 2746 210 2766 mos
230 2742 302 2772 tuos,
323 2739 350 2766 id
369 2742 408 2767 est
423 2740 531 2774 patriae
550 2742 620 2766 tuae.

224 2782 234 2797 ²
255 2784 328 2810 Vers.
350 2784 391 2809 48.
410 2798 445 2803 —
465 2785 616 2817 Sequuntur
635 2785 711 2810 Eccti.
731 2786 779 2817 38,
798 2786 822 2810 4.
843 2789 868 2811 et
889 2786 912 2811 4.
932 2800 967 2805 —
987 2787 1012 2812 ln
1033 2786 1114 2813 ACD

155 2827 281 2853 omittitur
300 2828 334 2854 Ec
352 2829 429 2859 nota,
449 2827 546 2861 quod...
566 2828 688 2862 confiteri
704 2828 845 2855 medicum.

226 2871 236 2888 ³
256 2867 328 2897 Vers.
350 2873 392 2898 20.
411 2879 500 2906 seqq.:
520 2873 595 2900 Tunc
615 2874 701 2906 coepit
724 2873 884 2905 exprobrare
903 2874 1068 2906 civitatibus,
1088 2876 1113 2901 in

152 2915 249 2948 quibus
268 2917 349 2942 sactae
377 2920 437 2943 sunt
463 2917 591 2949 plurimae
620 2918 729 2944 virtutes
757 2918 827 2951 eius,
847 2919 909 2951 quia
928 2926 981 2945 non
1000 2920 1114 2951 egissent

152 2960 347 2992 poenitentiam.
367 2961 422 2986 Vae
441 2960 487 2987 tibi
506 2961 646 2988 Corozain!
666 2969 715 2989 vae
734 2961 779 2988 tibi
793 2963 944 2989 Bethsaida!
963 2964 1038 2997 quia,
1051 2965 1073 2990 si
1087 2965 1113 2990 in

152 3005 250 3036 Tyro...
270 3005 298 3030 Et
318 3008 343 3030 tu
363 3005 563 3038 Capliarnaum,
583 3008 703 3040 nunquid
723 3015 807 3040 usque
828 3008 852 3033 in
866 3009 967 3034 caelum
987 3008 1113 3035 exaltabe-

151 3049 208 3075 ris?
229 3056 312 3082 usque
333 3050 357 3075 in
377 3050 506 3076 internum
526 3051 686 3085 descendes;
705 3053 782 3085 quia,
802 3052 822 3078 si
841 3053 867 3078 in
889 3053 1011 3079 Sodomis
1031 3055 1113 3079 tactae

152 3093 260 3120 ruissent
278 3094 387 3120 virtutes
405 3098 453 3121 etc.
473 3109 508 3115 —
527 3096 654 3128 Superius
673 3100 734 3129 post
751 3097 882 3131 ezprz'mz't
893 3098 912 3123 Λ
927 3097 1000 3124 addit
1017 3105 1112 3125 eorum

152 3137 282 3164 convicia.
911 3150 913 3152 ·

222 3181 233 3196 ⁴
253 3183 310 3208 Vat.
330 3183 403 3209 addit
420 3183 493 3217 sacta
512 3183 540 3210 in
560 3184 762 3219 Capharuaum.
791 3185 910 3212 Subinde
938 3193 986 3218 pro
1004 3194 1112 3220 expres-

152 3225 218 3253 serit
235 3227 255 3252 Α
266 3226 285 3253 C
296 3227 318 3252 D
327 3228 345 3252 F
364 3228 509 3262 exprimat.

178 3264 181 3265 ⁷
223 3268 234 3284 ⁸
252 3270 323 3297 Libr.
343 3272 370 3298 ll.
388 3280 411 3298 c.
433 3272 474 3298 42.
493 3280 520 3299 n.
540 3273 583 3299 89.
604 3281 659 3307 seq.

222 3312 233 3328 ³
252 3314 302 3340 Ctr.
323 3315 431 3347 Bonuv.,
450 3316 598 3343 Comment.
617 3318 642 3343 in
667 3318 738 3344 loen.
765 3325 789 3344 c.
810 3320 833 3345 1.
852 3326 877 3345 n.
897 3319 940 3344 99.
966 3332 1002 3340 —-
1020 3320 1110 3346 Glossa

151 3357 348 3386 intermeat-133.-
374 3359 480 3391 Quanta
499 3360 653 3388 audivimus
678 3366 735 3394 ete,
760 3363 835 3396 quasi
854 3363 936 3389 dicat:
956 3364 1011 3389 Non
1030 3364 1111 3390 credi-

1179 2528 1239 2547 mus
1257 2522 1330 2554 quod
1351 2522 1446 2547 incerta
1468 2523 1535 2547 sama
1556 2522 1687 2553 vulgavit,
1707 2528 1768 2547 cum
1788 2522 1860 2553 apud
1881 2529 1929 2548 nos
1956 2523 2018 2548 nihil
2039 2524 2088 2548 tale
2108 2524 2140 2548 fe-

1178 2565 1258 2596 ceris,
1278 2565 1376 2598 quibus
1395 2566 1594 2592 convenientius
1613 2566 1672 2591 talia
1693 2566 1869 2598 impendenda
1890 2571 1963 2592 erant
1981 2567 2117 2592 beneficia.

1249 2608 1259 2623 ⁷
1280 2610 1354 2635 Vers.
1374 2611 1400 2636 5.
1418 2624 1453 2629 —
1473 2611 1529 2636 Duo
1548 2618 1624 2643 seqq.
1643 2610 1691 2637 loci
1710 2614 1771 2636 sunt
1790 2612 1808 2636 l.
1831 2611 1900 2637 Tim.
1922 2611 1952 2642 ὅ,
1973 2612 1996 2636 8.
2018 2616 2042 2636 et
2062 2612 2139 2637 Eccli.

1180 2654 1227 2685 47,
1247 2655 1289 2679 42.
1303 2668 1338 2673 —
1351 2655 1478 2687 Superius
1491 2659 1551 2687 post
1571 2654 1599 2681 in
1613 2654 1707 2689 patr-ia
1726 2657 1773 2682 tim
1794 2663 1823 2681 ex
1843 2656 1863 2680 Α
1875 2656 1896 2681 D
1916 2656 2097 2688 suppleximus
2116 2659 2140 2682 et

1178 2697 1228 2724 ltoc
1247 2700 1286 2725 est
1303 2697 1416 2725 diem-e...
1436 2699 1505 2726 sicul
1524 2699 1600 2725 alios.
1621 2698 1670 2725 Csr.
1687 2700 1771 2727 Beda.
1791 2701 1817 2726 ll.
1845 2700 1868 2725 in
1890 2701 1950 2725 Luc.
1972 2700 2001 2731 4,
2022 2701 2068 2726 23:
2091 2702 2138 2733 Qui

1179 2742 1317 2777 [Christus]
1336 2743 1370 2769 ab
1389 2743 1558 2770 irridentibus
1577 2744 1684 2776 quidem
1703 2744 1807 2770 civibus
1820 2752 1847 2770 se
1862 2745 1948 2776 ipsum
1970 2752 2076 2772 curare.
2092 2747 2139 2770 hoc

1178 2791 1225 2819 est,
1245 2788 1269 2813 in
1288 2795 1335 2813 sua
1355 2788 1438 2820 putria
1458 2788 1568 2814 virtutes
1588 2790 1671 2814 facere
1691 2792 1819 2814 monetur.

1249 2830 1260 2845 ⁸
1280 2833 1336 2858 Non
1356 2833 1431 2864 pauci
1452 2833 1529 2858 codd.
1548 2832 1732 2859 detractiones.

1250 2875 1260 2890 ⁹
1281 2877 1353 2903 Vers.
1374 2878 1416 2903 35.

1250 2920 1272 2935 ¹⁰
1287 2921 1360 2947 Vers.
1374 2922 1416 2947 28.
1430 2935 1466 2941 -—-
1480 2921 1596 2948 Subinde
1609 2923 1752 2954 allegantur
1765 2922 1829 2948 Gen.
1846 2922 1886 2952 tt,
1904 2922 1948 2953 14;
1962 2923 2037 2948 Num.
2060 2924 2099 2949 l2.
2114 2925 2138 2948 l.

1177 2972 1253 2998 seqq.
1272 2969 1297 2990 et
1318 2966 1365 2996 46,
1384 2965 1431 2997 4t;
1451 2967 1515 2991 Gen.
1536 2967 1582 2998 ⁴2,
1604 2967 1628 2991 t.
1642 2967 1701 2992 Post
1713 2965 1759 2992 Sic
1771 2965 1911 2992 Abraham
1924 2973 1941 2993 α
1955 2967 2138 3000 compen-iotis

1178 3010 1195 3035 F
1210 3012 1235 3035 et
1248 3010 1305 3035 Vat.
1320 3009 1421 3035 addunt
1435 3009 1461 3035 in
1484 3009 1617 3036 Chaldaea
1626 3020 1636 3042 ,·
1651 3011 1695 3035 etr.
1709 3011 1824 3041 Hieron„
1838 3010 1956 3036 Hebraic.
1972 3012 2020 3043 Qq.
2036 3012 2061 3036 in
2075 3013 2136 3037 tien.

1179 3055 1207 3080 tt
1220 3074 1227 3085 ‚
1247 3055 1289 3080 28.
1308 3058 1333 3080 et
1351 3055 1398 3086 ⁴2,
1419 3054 1449 3085 4,
1468 3054 1513 3080 ubi
1533 3056 1611 3080 refert
1638 3055 1804 3081 traditionem
1825 3055 2021 3086 Hebraeorum,
2047 3062 2136 3081 secun·

1177 3099 1241 3125 dum
1261 3105 1342 3131 quam
1366 3108 1377 3121 ι
1392 3097 1523 3124 Abraham
1544 3099 1568 3124 in
1587 3099 1677 3131 ignem
1705 3099 1802 3125 missus
1820 3100 1865 3130 sit,
1884 3100 1946 3132 quia
1966 3100 2054 3131 ignem
2077 3100 2137 3126 ado—

1177 3149 1235 3168 rare
1254 3142 1378 3172 noluerit,
1397 3149 1478 3175 quern
1497 3142 1620 3169 Chaldaei
1640 3143 1741 3173 colunt,
1760 3146 1786 3168 et
1811 3142 1856 3168 Dei
1884 3143 1979 3169 auxilio
1999 3136 2136 3174 liberatus,

1176 3186 1210 3212 de
1229 3185 1388 3212 idololatriae
1407 3186 1468 3218 igne
1486 3186 1656 3218 profugerit»
1678 3190 1726 3212 etc.

1248 3229 1269 3245 ¹¹
1291 3230 1391 3256 Scilicet
1409 3230 1551 3257 ordinaria
1578 3231 1603 3257 in
1631 3232 1694 3257 Luc.
1719 3231 1748 3262 4,
1777 3231 1820 3256 24.
1852 3231 1893 3264 (ex
1921 3232 2004 3262 Beda,
2033 3232 2058 3256 in
2077 3238 2136 3257 eun-

1175 3275 1238 3302 dem
1258 3276 1328 3308 loc.).

1248 3318 1270 3334 ¹²
1290 3320 1365 3347 Vers.
1381 3320 1422 3346 t7.
1435 3320 1519 3346 Codd.
1540 3319 1636 3347 ACD:
1654 3321 1751 3347 Ser-mo
1770 3327 1846 3347 meus
1866 3320 1965 3347 veritas
1985 3322 2031 3346 est.
2045 3333 2081 3339 --
2095 3320 2136 3345 Se-

1176 3367 1294 3397 quuntur
1323 3365 1391 3390 loun.
1412 3365 1443 3396 8,
1464 3364 1505 3390 45.
1525 3369 1550 3391 et
1570 3364 1614 3391 lob
1634 3365 1665 3395 6,
1693 3365 1743 3396 25,
1768 3365 1809 3390 cui
1838 3365 1887 3390 FG
1915 3363 2078 3396 subiungunt
2100 3363 2136 3390 ad

2164 397 2269 421 Secundo.
2279 398 2314 419 d&

2184 426 2287 445 memte·

2171 450 2306 471 confutantur

2177 477 2297 502 tripliciter.

2180 820 2258 844 Primo,
2277 827 2314 848 per

2160 848 2258 872 generale
2267 854 2315 875 pru-

2161 873 2264 895 vet-bium.

2164 1831 2224 1852 Ratio
2240 1831 2280 1852 Be·

2192 1857 2240 1879 dae.

2153 2257 2258 2281 Secundo,
2268 2263 2307 2284 per

2179 2285 2272 2311 speciale

2166 2312 2286 2337 exemplum

2195 2337 2261 2359 filiae.
