2476 3921
148 663 275 685 seeundum.

172 1190 274 1212 Tertium.

187 2517 276 2539 Divisio.

296 248 360 279 272

296 333 379 376 quod
403 343 463 365 non
488 332 581 365 fiebat
596 335 667 364 ante
683 330 851 364 Salvatoris
866 330 1052 368 adventum,
1076 329 1249 362 secundum

296 387 372 419 illud
397 386 489 419 Isaiae
513 386 615 427 primo
630 386 657 417 l:
688 398 703 413 «ι
719 384 841 416 Vulnus
863 387 894 416 et
929 383 1008 415 livor
1032 386 1063 415 et
1087 383 1177 424 plaga
1200 385 1251 415 tu-

296 448 384 473 mens
407 448 468 471 non
503 442 550 471 est
584 437 799 478 circumligata
823 445 880 469 nec
910 439 1020 468 curata
1048 434 1251 468 medicamine

296 501 398 534 neque
421 492 483 524 sota
506 491 574 524 oleo
590 504 620 522 ».
646 490 704 523 Sed
736 490 794 522 hoc
829 489 946 522 factum
972 492 1019 521 est
1042 491 1112 530 post
1135 488 1251 521 Christi

297 545 485 583 adventum;
511 543 593 576 unde
628 543 748 584 primae
772 541 853 574 Petri
878 541 1033 574 secundo:
1063 554 1078 569 α
1096 540 1155 582 Qui
1180 549 1252 582 pec-

297 602 365 631 cata
380 601 486 630 nostra
503 597 568 638 ipse
584 596 714 638 pertulit
730 596 761 627 in
778 603 910 637 corpore
927 603 985 627 suo
1001 602 1098 636 super
1116 594 1251 635 lignum,

297 651 328 683 in
360 651 457 683 livore
492 650 560 682 eius
594 649 692 681 sanati
724 656 881 680 sumus».
912 665 954 670 -
983 646 1130 679 Adhibuit
1158 646 1252 678 etiam

296 702 499 741 vehiculum,
524 705 555 734 et
578 702 637 734 hoc
662 710 717 743 per
739 700 890 743 qratiam
913 700 1078 731 virtutum
1101 702 1129 731 et
1153 699 1253 731 dono-

296 767 394 795 rum,
419 765 475 798 per
499 764 593 798 quam
618 754 765 787 vehimur
789 753 820 785 in
837 752 1008 785 stabulum
1025 751 1187 790 Ecclesiae,
1205 760 1253 784 se-

296 809 432 842 cundum
458 808 534 840 illud
558 807 668 839 Psalmi
684 806 713 838 ²:
744 819 759 834 «
777 806 889 840 Beatus
921 805 986 843 vir,
1011 804 1103 837 cuius
1126 807 1174 837 est
1197 813 1253 836 au—

295 862 409 894 xilium
432 861 488 893 abs
512 864 559 899 te;
584 859 780 892 ascensiones
816 859 846 890 in
882 857 976 890 corde
1000 866 1058 889 suo
1080 856 1252 898 disposuit,

296 915 326 947 in
351 915 430 947 valle
454 914 665 955 lacrymarum
683 924 713 950 »3
731 915 761 944 et
784 915 872 958 post:
896 924 911 939 «
929 911 1048 943 Etenim
1064 910 1253 942 benedictio-

294 976 366 1000 nem
390 967 475 999 dabit
499 966 670 1008 legislator,
694 965 785 997 ibunt
807 964 846 997 de
870 964 988 996 virtute
1005 963 1035 995 in
1058 963 1208 995 virtutem
1222 976 1253 995 n.

295 1021 331 1053 Et
356 1021 413 1053 hoc
437 1019 563 1061 quidem
588 1019 623 1050 fit
655 1018 687 1050 in
720 1017 851 1050 stabulo
876 1017 1046 1055 Ecclesiae;
1071 1016 1155 1049 unde
1179 1016 1253 1049 sub-

294 1073 398 1106 ditur:
428 1085 444 1100 «
462 1072 543 1113 Elegi
568 1071 709 1104 abiectus
740 1080 807 1104 esse
839 1070 870 1103 in
895 1070 987 1103 domo
1011 1070 1097 1102 Dei»
1127 1073 1197 1108 etc.;
1222 1072 1253 1102 et

294 1129 381 1169 post:
411 1138 427 1153 «
443 1125 522 1166 Quia
546 1123 790 1157 misericordiam
808 1127 838 1156 et
855 1123 1017 1156 veritatem
1034 1122 1134 1165 diligit
1149 1123 1252 1161 Deus,

294 1179 425 1221 gratiam
460 1181 491 1211 et
526 1178 657 1220 gloriam
688 1177 774 1210 dabit
806 1177 1003 1210 Dominus».
1029 1194 1071 1200 —
1104 1176 1254 1209 Adhibuit

293 1233 554 1270 nutrimentum,
579 1231 663 1273 quod
687 1231 722 1263 fit
746 1240 802 1273 per
826 1231 1013 1263 doctrinam
1037 1231 1185 1263 duorum
1210 1234 1252 1262 te-

294 1289 551 1323 stamentorum,
577 1294 658 1327 quae
682 1284 866 1326 intelligitur
896 1284 927 1316 in
962 1283 1136 1326 prolatione
1171 1283 1252 1316 duo-

294 1348 372 1370 rum
403 1338 643 1376 denariorum,
676 1347 756 1380 quos
790 1338 880 1370 dedit
910 1337 1118 1375 stabulario,
1142 1336 1173 1369 id
1205 1339 1253 1369 est

294 1392 449 1433 praelato,
474 1391 566 1423 cuius
590 1394 637 1423 est
671 1391 844 1427 doctrinam
877 1390 992 1423 Christi
1017 1390 1198 1422 ministrare
1222 1392 1253 1422 et

294 1444 491 1486 explanando
506 1453 766 1486 supereroyare;
783 1443 866 1476 unde
890 1442 1092 1475 Ecclesiastici
1117 1442 1253 1484 quadra-

294 1498 411 1540 gesimo
434 1497 544 1539 quinto
557 1497 587 1529 ³:
609 1509 625 1525 α
643 1496 733 1529 Dedit
749 1497 843 1538 Moysi
868 1496 1019 1528 Dominus
1036 1505 1089 1528 cor
1107 1496 1145 1528 ad
1163 1504 1253 1537 prae-

295 1554 384 1592 cepta
403 1554 434 1583 et
453 1551 551 1591 legem
571 1549 649 1582 vitae
666 1553 697 1582 et
716 1549 912 1591 disciplinae,
929 1549 1041 1582 docere
1058 1549 1147 1581 Iacob
1164 1552 1255 1581 testa-

295 1607 436 1636 mentum
461 1612 555 1635 suum
578 1606 609 1635 et
640 1602 755 1635 iudicia
778 1611 835 1634 sua
860 1602 952 1634 lsrael
970 1615 999 1633 ».
1025 1602 1075 1634 llis
1103 1601 1255 1634 Dominus

295 1656 423 1694 reddet,
442 1664 513 1689 cum
534 1655 662 1688 redierit
686 1655 717 1687 in
741 1655 790 1687 die
806 1655 926 1693 iudicii,
948 1654 1062 1686 omnia
1082 1664 1254 1696 superero-

293 1713 396 1752 9ata;
416 1708 578 1750 quoniam,
600 1707 774 1740 secundum
792 1707 875 1749 quod
892 1707 1008 1739 dicitur
1026 1707 1161 1739 Danielis
1177 1707 1255 1739 duo-

295 1762 431 1799 decimo,
462 1761 548 1803 «qui
579 1760 618 1793 ad
650 1760 800 1793 iustitiam
824 1760 975 1793 erudiunt
999 1760 1132 1799 multos,
1164 1760 1254 1802 quasi

296 1816 402 1848 stellae
423 1815 453 1847 in
478 1818 646 1856 perpetuas
667 1814 866 1846 aeternitates
883 1826 918 1853 ”3
937 1814 1081 1846 Matthaei
1106 1814 1255 1856 vigesimo

295 1869 421 1910 quinto:
452 1881 467 1896 α
493 1868 594 1910 Euge,
627 1876 717 1900 serve
750 1867 829 1900 bone
859 1870 890 1899 et
919 1867 1036 1906 fidelis,
1060 1868 1135 1909 quia
1158 1876 1254 1909 super

294 1930 394 1963 pauca
417 1920 502 1952 suisti
523 1920 636 1958 tidelis,
658 1928 754 1961 super
779 1919 877 1952 multa
901 1923 931 1952 te
952 1920 1140 1952 constituam
1157 1932 1172 1948 »
1194 1922 1252 1952 etc.

367 2008 406 2035 Ad
425 2007 630 2034 informationem
650 2007 834 2042 discipulorum
853 2007 1023 2041 subiungitur
1043 2007 1182 2034 humanum

530 2051 673 2087 exemplum
692 2051 831 2087 dupliciter
850 2052 1016 2087 propositum.

384 2135 434 2166 65.
460 2134 601 2166 Factum
629 2137 674 2166 est
706 2136 835 2172 autern,
860 2133 941 2165 dum
965 2132 1050 2165 irent
1078 2135 1136 2165 etc.
1169 2133 1255 2164 Post-

294 2195 388 2229 quam
423 2186 550 2218 tradidit
582 2186 714 2218 sormam
749 2186 873 2219 vivendi
910 2195 966 2228 per
1000 2185 1141 2218 divinum
1164 2194 1255 2227 prae-

294 2243 437 2281 ceptum,
470 2239 521 2271 hic
552 2239 689 2272 secundo
724 2239 819 2271 tradit
850 2248 907 2281 per
937 2237 1126 2271 humanum
1149 2248 1254 2271 exem-

290 2292 395 2335 plum.
428 2292 514 2325 Unde
545 2292 652 2325 Glossa
684 2292 781 2325 Bcdae
799 2293 832 2324 ⁴²:
862 2305 878 2321 α
900 2292 1010 2324 Habito
1041 2301 1185 2324 sermone
1215 2291 1255 2324 de

293 2346 457 2382 dilectione
481 2345 535 2377 Dei
560 2348 591 2377 et
616 2345 768 2386 proximi,
797 2345 946 2387 supponit
969 2345 1153 2387 exemplum
1173 2345 1254 2377 utri-

295 2407 396 2440 usque
409 2412 438 2430 ».
461 2398 673 2430 introducitur
690 2398 773 2431 enim
791 2398 842 2430 hic
863 2398 902 2430 ad
918 2398 1053 2431 litteram
1070 2398 1254 2440 exemplum

294 2450 516 2494 perfectionis,
530 2451 712 2492 exemplum
726 2451 807 2483 vitae
819 2451 938 2484 activae
946 2451 1254 2493 etcontemplativae,

295 2507 326 2536 et
354 2503 616 2545 comparationis
643 2504 827 2546 utriusque.
852 2503 938 2536 Unde
962 2504 1039 2536 haec
1063 2513 1136 2545 pars
1160 2504 1254 2536 habet

295 2556 374 2589 duas
392 2560 513 2597 partes:
531 2556 562 2588 in
579 2565 716 2598 quarum
733 2557 836 2598 prima
852 2556 1064 2597 praemittitur
1077 2565 1254 2599 compara-

297 2609 340 2641 tio
372 2609 574 2647 rationalis;
604 2609 634 2641 in
667 2599 805 2642 secunda
835 2618 911 2642 vero
935 2609 1082 2642 subditur
1106 2609 1253 2651 definitio

296 2662 484 2700 iudicialis,
509 2662 551 2694 ibi
565 2662 595 2694 ⁵:
622 2663 660 2694 Et
685 2663 884 2704 respondem
907 2662 993 2695 dixit
1009 2661 1059 2694 illi
1080 2662 1250 2694 Dominus.

368 2851 375 2866 ¹
397 2853 470 2878 Vers.
491 2853 515 2878 6.
535 2866 570 2871 -
589 2852 706 2878 Subinde
726 2854 853 2885 allegatur
881 2854 898 2879 Ι.
917 2855 984 2880 Petr.
1003 2855 1035 2885 2,
1054 2854 1096 2880 24.
1116 2868 1151 2873 —
1171 2855 1254 2886 Supe-

298 2896 352 2921 rius
371 2904 418 2928 pro
437 2896 591 2923 illinitiones
611 2897 689 2923 codd.
708 2897 886 2931 alliqationes.

368 2938 378 2953 ²
399 2940 491 2965 Psalm.
512 2940 561 2970 83,
581 2940 631 2965 6-8.
653 2943 677 2965 et
695 2940 755 2965 dein
773 2948 798 2966 v.
821 2941 861 2966 11.
881 2944 906 2967 et
927 2942 968 2967 12.

368 2981 378 2996 ⁰
398 2984 473 3008 Vers.
483 2984 507 3008 6.
518 2997 553 3002 —
565 2984 621 3008 Duo
635 2990 709 3016 seqq.
723 2984 771 3009 loci
785 2988 845 3009 sunt
857 2985 920 3010 Dan.
937 2986 978 3016 12,
989 2986 1014 3011 3.
1024 2988 1049 3011 et
1060 2986 1144 3011 Matth.
1157 2986 1199 3016 25,
1210 2986 1252 3011 21.

367 3025 378 3040 ⁴
398 3028 498 3053 Scilicet
516 3026 658 3053 ordinaria
672 3028 696 3053 in
715 3028 776 3053 Luc.
791 3028 837 3059 10,
857 3028 900 3054 38.
914 3029 961 3054 Pro
974 3029 1100 3062 supponit
1118 3029 1176 3055 Vat.
1190 3036 1252 3054 cum

298 3074 366 3096 textu
385 3071 503 3103 originali
522 3070 694 3105 supponitur.
708 3085 743 3089 —
763 3072 800 3097 De
819 3072 992 3103 praecedente
1004 3073 1184 3105 propositione
1204 3074 1251 3098 csr.

298 3122 376 3147 supra
397 3123 421 3141 n.
443 3113 485 3141 43.

368 3157 379 3172 ⁶
399 3160 471 3184 Vers.
493 3159 535 3185 tl.
557 3173 590 3177 ——
611 3160 646 3185 De
665 3167 740 3192 seqq.
760 3161 806 3186 cl'r.
827 3160 951 3192 August„
971 3161 1054 3186 Serm.
1069 3161 1128 3187 103.
1147 3163 1173 3186 et
1192 3159 1254 3186 104.

299 3202 372 3235 (alius
392 3204 434 3228 26.
453 3206 478 3228 et
497 3203 539 3228 27.
559 3203 592 3229 de
611 3202 706 3230 Verbis
724 3203 850 3236 Domini).

370 3245 382 3260 ⁶
401 3247 474 3272 Vers.
496 3247 519 3272 1.
544 3260 579 3266 —-
598 3248 749 3280 Sequuntur
768 3248 830 3273 Luc.
849 3248 880 3280 9,
899 3248 949 3273 53..
961 3249 1002 3281 (Ει
1021 3255 1071 3274 non
1095 3251 1253 3280 receperunt

298 3291 370 3323 eum)
390 3293 415 3316 et
434 3291 480 3316 56:
501 3291 529 3316 Et
548 3291 669 3317 abierunt
687 3294 736 3317 etc.

368 3332 378 3347 ⁷
398 3335 471 3360 Vers.
494 3335 523 3365 1,
548 3335 593 3361 ubi
613 3335 724 3367 Vulgata
749 3335 853 3362 sororis
874 3336 934 3369 (τῆς
960 3330 1081 3370 ἀδελφῆς)
1109 3344 1157 3369 pro
1176 3342 1254 3363 soro-

296 3385 375 3411 rum,
398 3379 469 3411 quod
490 3378 586 3405 habent
604 3379 682 3405 etiam
701 3379 779 3405 Curd.
798 3380 887 3412 nugo,
906 3381 933 3405 B.
947 3380 1044 3407 Albert.
1064 3384 1090 3407 et
1107 3381 1234 3412 Lyranus.

903 242 1095 274 COMMENT.
1121 242 1158 274 IN
1182 241 1420 275 EVANGELIUM
1444 240 1561 274 LUCAE
1586 240 1618 273 C.
1642 240 1677 272 X.

1413 329 1502 362 Circa
1529 328 1728 361 ratio-nalem
1756 331 1863 361 autem
1890 327 2170 369 comparationem
2199 336 2277 370 qua*

1316 385 1389 414 tuor
1412 381 1672 415 introducuntur:
1693 381 1831 423 primum
1855 384 1903 414 est
1922 380 2124 413 consortium
2144 380 2278 413 divinae

1312 434 1543 477 praesentiae,
1576 434 1750 467 secundum
1775 437 1822 467 est
1849 434 1954 466 otium
1985 433 2276 475 contemplativae,

1317 487 1446 520 tertium
1470 491 1517 520 est
1539 487 1733 520 exercitium
1757 487 1965 529 operativae,
1990 489 2140 529 quartum
2168 488 2216 519 est
2239 486 2278 519 li-

1317 540 1436 583 tiyium
1460 541 1546 572 inter
1569 544 1758 583 utrumque.

1407 594 1458 625 66.
1485 593 1586 635 (Vers.
1612 592 1689 634 38.).
1715 593 1818 625 Primo
1841 592 1939 635 igitur
1962 595 2117 634 quantum
2141 592 2179 625 ad
2201 602 2277 625 con—

1317 646 1460 678 sortium
1491 646 1625 678 divinae
1652 645 1862 688 praesentiae
1891 645 2025 679 dicitur:
2057 646 2200 678 Factum
2230 650 2277 678 est

1318 703 1450 737 autem,
1482 699 1564 731 dum
1595 699 1697 738 irent,
1727 702 1756 731 et
1788 698 1858 741 ipse
1888 698 2029 731 intravit
2051 698 2087 731 in
2110 698 2279 742 quoddam

1318 750 1509 790 castellum,
1533 751 1600 784 sive
1629 754 1758 793 propter
1786 761 1928 793 regnum
1957 751 2018 784 Dei
2044 751 2278 793 evanyelizan-

1318 804 1415 842 dum,
1440 804 1614 836 secundum
1638 804 1722 846 quod
1742 803 1859 837 dicitur
1883 813 1981 846 supra
2003 805 2153 837 octavoss:
2180 818 2196 833 «
2212 804 2279 847 lpse

1318 856 1378 890 iter
1402 856 1533 889 faciebat
1557 865 1613 899 per
1637 857 1778 889 civitates
1809 860 1840 889 et
1868 857 2008 896 castella,
2040 857 2224 899 praedicans
2248 860 2279 891 et

1318 910 1534 952 evangelizans
1559 918 1692 951 regnum
1716 909 1770 942 Dei
1788 921 1823 948 »ς
1848 909 1914 942 sive
1938 912 2067 951 propter
2098 901 2279 952 hospitium

1318 962 1565 1006 quaerendum,
1594 963 1768 996 secundum
1793 962 1877 1005 quod
1908 962 2024 995 dicitur
2052 972 2150 1005 supra
2177 972 2278 1003 nono,

1318 1016 1403 1058 quod
1426 1025 1499 1049 cum
1523 1016 1709 1048 Samaritani
1733 1016 1851 1048 nollent
1879 1025 1951 1049 eum
1972 1019 2007 1051 ,et
2029 1016 2199 1058 discipulos
2223 1017 2280 1049 ho-

1318 1069 1410 1112 spitio
1431 1069 1587 1111 recipere,
1612 1068 1697 1111 quod
1722 1082 1738 1098 «
1751 1069 1898 1102 abierunt
1913 1069 1944 1101 in
1965 1069 2050 1102 aliud
2070 1070 2233 1102 castellum
2247 1083 2278 1103 n.

1318 1123 1362 1155 De
1379 1123 1438 1155 hoc
1454 1122 1582 1155 castello
1597 1122 1713 1155 dicitur
1733 1122 1917 1164 expressius
1934 1122 2055 1155 loannis
2071 1122 2238 1156 undecimo
2251 1123 2278 1156 ⁷:

1322 1189 1337 1204 «
1356 1176 1428 1209 Erat
1451 1175 1578 1218 quidam
1603 1175 1755 1218 languens
1779 1176 1915 1208 Lazarus
1938 1185 1956 1208 a
1980 1176 2143 1215 Bethania,
2166 1176 2206 1209 de
2229 1185 2280 1209 ca-

1317 1229 1406 1262 stello
1430 1229 1543 1261 Mariae
1567 1232 1598 1261 et
1617 1229 1771 1267 Marthae,
1788 1237 1934 1261 sororum
1955 1228 2024 1261 eius
2041 1241 2070 1261 ».
2089 1229 2120 1261 ln
2142 1229 2215 1268 hoc,
2232 1229 2280 1262 in-

1317 1291 1430 1324 quam,
1454 1282 1582 1314 castello
1610 1281 1730 1314 invenit
1758 1281 1940 1323 hospitium.
1968 1300 2013 1305 --
2041 1282 2171 1324 Propter
2195 1282 2280 1325 quod

1317 1335 1464 1367 subditur
1479 1347 1485 1366 :
1514 1335 1552 1367 Et
1567 1334 1688 1368 mulier
1703 1335 1885 1378 quaedam,
1903 1333 2038 1367 Martlia
2053 1335 2200 1380 nomine,
2225 1346 2280 1368 ex-

1318 1388 1398 1430 cepit
1411 1388 1423 1407 ²³
1441 1387 1535 1420 ilium
1555 1388 1592 1420 in
1607 1388 1743 1422 domum
1765 1398 1882 1427 suam,
1900 1392 2050 1431 tanquam
2071 1389 2190 1422 scilicet
2205 1398 2281 1431 pau-

1317 1450 1424 1483 perem
1445 1444 1476 1473 et
1499 1450 1642 1483 egenum.
1665 1441 1750 1474 Unde
1771 1441 1886 1475 talibus
1909 1442 1991 1475 dicet
2010 1442 2088 1475 illud
2110 1442 2143 1475 in
2163 1443 2279 1476 iudicio

1318 1494 1461 1526 Matthaei
1484 1494 1633 1536 vigesimo
1657 1494 1782 1536 quinto:
1809 1508 1824 1523 a
1842 1495 1958 1537 Hospes
1981 1504 2083 1534 eram,
2107 1499 2139 1528 et
2152 1490 2280 1538 collegi-

1318 1546 1374 1579 stis
1394 1555 1445 1579 me
1458 1560 1473 1575 ι)
1486 1572 1493 1585 ,
1514 1546 1668 1579 similibus
1691 1547 1809 1580 scilicet
1828 1548 1981 1587 Marthae,
2003 1548 2105 1590 qualis
2128 1552 2196 1581 erat
2212 1549 2279 1588 Iob,

1318 1599 1357 1632 de
1380 1608 1444 1641 quo
1476 1599 1636 1641 trigesimo
1660 1600 1779 1641 primo:
1809 1613 1823 1629 «
1840 1601 1926 1633 Foris
1957 1610 2019 1634 non
2051 1602 2166 1634 mansit
2189 1611 2280 1644 pere-

1319 1652 1444 1694 grinus,
1468 1655 1500 1684 et
1523 1652 1640 1684 ostium
1665 1661 1772 1685 meum
1800 1653 1910 1686 viatori
1936 1654 2081 1695 patuit».
2108 1654 2143 1686 Et
2165 1654 2203 1687 ‹in
2227 1655 2280 1687 illo

1319 1705 1454 1747 hospitio
1485 1714 1634 1747 praesens
1661 1708 1730 1738 erat
1752 1706 1983 1748 corporaliter,
2008 1707 2089 1739 sicut
2113 1707 2222 1740 activis
2250 1711 2281 1740 et

1319 1758 1569 1800 contemplativis
1593 1767 1742 1800 praesens
1773 1762 1821 1791 est
1842 1759 2081 1801 spiritualiter,
2106 1760 2280 1793 secundum

1318 1811 1396 1844 illud
1427 1811 1625 1853 Apocalypsis
1657 1812 1794 1844 tertio⁹:
1824 1825 1840 1841 α
1869 1812 1931 1854 Ego
1955 1815 2003 1845 sto
2034 1812 2074 1847 ad
2102 1813 2218 1845 ostium
2250 1817 2280 1846 et

1319 1865 1427 1906 pulso;
1452 1864 1477 1896 si
1502 1864 1574 1906 quis
1597 1864 1758 1905 aperuerit
1786 1864 1882 1903 mihi,
1907 1864 2042 1897 introibo
2073 1865 2111 1898 ad
2136 1865 2224 1898 illum
2249 1870 2280 1899 et

1319 1917 1456 1951 coenabo
1487 1926 1560 1950 cum
1590 1917 1643 1949 illo
1660 1929 1695 1955 1>;
1719 1917 1794 1959 quia
1826 1917 2066 1951 Proverbiorum
2095 1923 2205 1952 octavo
2233 1919 2279 1952 di-

1320 1971 1417 2004 citur:
1448 1983 1463 1999 «
1479 1970 1613 2003 Deliciae
1634 1979 1721 2003 meae
1745 1979 1813 2003 esse
1833 1979 1906 2003 cum
1924 1970 1996 2003 filiis
2015 1971 2178 2005 hominum
2195 1985 2226 2012 »;
2249 1977 2281 2006 et

1319 2034 1336 2057 e
1357 2032 1524 2062 converso,
1546 2023 1630 2056 unde
1651 2023 1825 2065 Sapientiae
1848 2026 1972 2056 octavo:
2000 2037 2016 2052 «
2031 2024 2154 2058 Intrans
2181 2025 2212 2058 in
2229 2026 2281 2059 do-

1319 2087 1407 2110 mum
1432 2086 1548 2115 meam,
1572 2076 1791 2118 conquiescam
1817 2085 1889 2109 cum
1907 2076 1973 2116 illa;
1997 2086 2058 2110 non
2083 2078 2166 2111 enim
2186 2079 2281 2113 habet

1319 2130 1562 2163 amaritudinem
1585 2129 1781 2162 conversatio
1804 2128 1903 2168 illius,
1928 2138 1985 2162 nec
2009 2131 2145 2164 taedium
2174 2133 2280 2166 convi—

1319 2187 1390 2217 ctus
1414 2184 1498 2216 illius
1515 2197 1545 2215 n.

1409 2238 1460 2269 67.
1480 2236 1581 2275 (Vers.
1600 2235 1677 2276 39.).
1695 2234 1837 2268 Secundo
1853 2244 1929 2268 vero
1945 2239 2099 2278 quantum
2120 2238 2159 2271 ad
2175 2238 2280 2271 otium

1319 2289 1590 2332 contemplativae
1613 2288 1734 2322 subdit:
1760 2289 1800 2322 Et
1823 2287 1901 2321 ltu-ic
1924 2293 1996 2322 erat
2018 2300 2126 2330 soror,
2148 2293 2280 2325 nomine

1319 2344 1447 2382 Maria,
1469 2352 1551 2385 quae
1567 2342 1684 2376 scilicet
1704 2345 1772 2374 erat
1792 2341 1822 2373 in
1840 2341 1903 2374 otio
1923 2344 2191 2386 contemplationis
2207 2355 2279 2388 per-

1317 2398 1418 2436 secta3
1444 2396 1528 2429 unde
1551 2395 1713 2429 subditur:
1736 2396 1828 2436 Quae
1850 2395 1965 2434 etiam,
1989 2397 2102 2430 sedens
2116 2407 2211 2431 secus
2223 2408 2280 2441 pe-

1318 2451 1374 2483 des
1400 2449 1552 2488 Domini,
1582 2447 1740 2481 audiebat
1770 2447 1906 2480 verbum
1931 2448 2030 2481 illius.
2057 2450 2118 2484 lloc
2149 2452 2277 2494 quidem

1318 2506 1386 2536 erat
1410 2502 1500 2535 istius
1523 2502 1667 2535 mulieris
1697 2501 1811 2533 otium:
1838 2501 1977 2533 Domino
2008 2502 2192 2543 intendere,
2220 2514 2278 2537 va-

1318 2566 1415 2595 care,
1437 2555 1547 2588 sedere
1577 2558 1609 2587 et
1633 2558 1748 2587 tacere.
1773 2554 1859 2586 Unde
1887 2554 2002 2587 dicitur
2035 2556 2156 2589 loannis
2179 2557 2278 2590 unde-

1318 2609 1399 2642 cimo
1413 2610 1448 2649 ¹⁰,
1461 2609 1545 2652 quod
1563 2621 1579 2637 «
1591 2608 1687 2640 Maria
1703 2606 1785 2639 domi
1805 2606 1979 2645 sedebat»,
1997 2610 2028 2640 et
2045 2608 2104 2641 hoc
2119 2618 2213 2642 secus
2222 2619 2278 2652 pe-

1317 2662 1374 2694 des
1395 2662 1486 2700 eius;
1507 2661 1596 2704 quia,
1614 2659 1849 2694 Deuteronomii
1874 2659 2035 2701 trigesimo
2059 2661 2167 2701 tertio,
2189 2674 2205 2690 α
2222 2662 2277 2704 qui

1389 2852 1400 2867 ⁸
1419 2855 1507 2879 Plures
1528 2854 1620 2885 codd.,
1646 2856 1674 2879 ut
1699 2852 1781 2878 ACll
1801 2852 1833 2885 (D
1857 2851 2005 2884 primitus),
2030 2852 2140 2886 accepit.
2164 2868 2197 2872 —-
2219 2854 2277 2880 Duo

1318 2906 1392 2931 seqq.
1412 2899 1460 2924 loci
1480 2901 1540 2924 sunt
1559 2899 1646 2924 Manu.
1666 2898 1714 2928 25,
1733 2897 1775 2922 35.
1795 2900 1821 2922 et
1840 2896 1884 2922 lob
1905 2897 1951 2928 31,
1972 2897 2020 2928 32,
2039 2896 2084 2922 ubi
2104 2905 2151 2929 pro
2177 2898 2277 2925 ostium

1318 2942 1400 2968 ACD
1424 2941 1579 2976 hospitium.
1598 2956 1634 2962 —
1653 2942 1762 2968 lnterius
1787 2948 1835 2973 pro
1859 2940 1992 2967 similibus
2017 2940 2116 2968 scilicet
2134 2942 2273 2975 Marthae,

1318 2985 1406 3019 quatis
1425 2987 1484 3012 erat
1503 2985 1548 3012 Iob
1568 2987 1625 3012 vat.
1645 2985 1749 3013 Similis
1768 2992 1873 3019 quoque
1891 2984 2016 3011 Marthae
2034 2987 2093 3011 erat
2112 2985 2165 3012 lob.

1388 3026 1400 3042 ⁹
1421 3029 1493 3054 Vers.
1512 3030 1560 3061 20,
1586 3033 1645 3061 post
1669 3036 1749 3062 quem
1774 3030 1851 3054 Prov.
1870 3029 1898 3061 8,
1926 3029 1968 3054 31.
1987 3031 2013 3054 et
2037 3029 2097 3061 Sap.
2122 3030 2152 3062 8,
2178 3031 2221 3056 16.
2241 3044 2277 3050 --

1318 3073 1407 3098 Glossa
1427 3072 1569 3099 ordinaria
1589 3074 1630 3106 (ex
1650 3074 1773 3106 August,
1793 3074 1876 3098 Serm.
1899 3072 1957 3098 tot.
1983 3072 2046 3098 alias
2065 3073 2107 3099 27.
2129 3074 2161 3100 de
2181 3074 2276 3100 Verbis

1318 3116 1435 3148 Domini,
1456 3123 1478 3142 c.
1497 3117 1521 3141 3.
1541 3123 1566 3142 n.
1587 3116 1621 3148 t.)
1643 3117 1667 3142 in
1687 3118 1748 3143 Luc.
1773 3117 1818 3149 10,
1839 3117 2013 3142 38:1ntrante
2032 3117 2087 3142 lesu
2107 3117 2132 3143 ln
2151 3118 2275 3149 domum,

1318 3160 1370 3186 vita
1390 3160 1493 3193 iniqua,
1506 3160 1553 3186 etsi
1567 3161 1707 3194 aliquando
1721 3163 1817 3194 tuerat,
1831 3161 1944 3193 aurugit;
1963 3164 2100 3186 remanent
2119 3161 2187 3187 duae
2205 3163 2276 3188 vitae

1317 3203 1480 3234 innocentes,
1499 3203 1627 3230 laboriosa
1647 3209 1672 3231 et
1691 3205 1787 3236 otiosa,
1807 3205 1873 3231 inter
1892 3212 1936 3230 eos
1955 3204 2059 3230 medius
2078 3207 2116 3230 est
2141 3205 2197 3237 ipse
2218 3207 2275 3232 sons

1318 3247 1396 3274 vitae.

1389 3289 1412 3305 ¹⁰
1431 3292 1505 3317 Vers.
1525 3292 1567 3317 20.
1587 3292 1645 3318 Vnt.
1663 3293 1756 3325 allegat
1768 3300 1794 3318 v.
1809 3294 1851 3319 32.
1866 3293 1955 3326 (paulo
1969 3292 2075 3318 interius
2088 3291 2157 3324 cit.),
2175 3292 2220 3318 ubi
2239 3292 2276 3318 di-

1318 3336 1398 3368 citur,
1418 3336 1490 3369 quod
1510 3336 1587 3361 Maria
1611 3345 1623 3359 ι
1636 3336 1730 3362 cecidit
1748 3337 1781 3363 nd
1800 3337 1883 3369 pedes
1901 3337 1958 3362 eius
1971 3346 1995 3362 ι».
2009 3350 2045 3356 -
2057 3336 2180 3369 Sequitur
2199 3336 2275 3362 Deut.

1318 3381 1365 3413 33,
1385 3381 1410 3406 3.
1430 3394 1464 3399 -
1483 3380 1610 3412 Superius
1629 3388 1677 3413 pro
1693 3381 1813 3415 perfecta
1833 3381 1890 3407 Vat.
1905 3381 2050 3415 perfectae.

2294 335 2370 366 Quoad
2386 341 2442 358 com-
2459 333 2460 365 ζ

2302 364 2434 388 parationem
2459 372 2460 375 ¹

2307 388 2432 410 rationalem
2459 387 2460 392 ¹

2314 416 2428 441 tanguntur
2459 431 2460 436 ,

2323 443 2421 467 quatuor.
2459 438 2461 457 ἶ

2295 598 2399 621 Primum.

2298 2244 2425 2267 Secundum.

2297 2511 2392 2536 Qnatuor
2408 2509 2429 2530 in

2291 2537 2335 2558 otio
2350 2538 2442 2558 contem-

2313 2563 2412 2591 piatis-ae.
