2427 3872
380 251 446 278 clm
467 252 521 285 (15)

185 308 219 314 —-
238 295 322 321 iturus
341 299 396 322 erat
414 296 448 322 ad
474 299 565 328 gentes
590 304 642 322 non
662 303 710 328 per
729 303 771 329 se,

129 339 176 365 sed
197 346 244 372 per
272 339 410 371 Apostolos
436 341 468 366 Vl
497 341 548 366 349
578 340 611 366 50
636 355 670 359 —-
689 341 724 366 ad
743 347 772 366 se

131 383 192 409 duci
212 384 272 409 fecit
290 384 419 416 populum
439 385 557 416 gentium
577 387 603 410 et
615 392 696 417 super
709 392 770 410 eum

128 428 246 454 ascendit
265 434 312 460 per
330 429 502 455 ministerium
521 429 707 461 Apostolorum
727 429 770 455 Vll

129 472 175 498 491
200 472 234 498 52

181 530 217 535 -
236 519 275 542 051
303 515 381 543 iudex
407 518 448 543 Vll
469 518 521 544 335
551 518 584 543 86
609 532 645 537 -
673 525 687 544 0
716 519 770 544 Deo

127 561 282 587 constitutus
300 564 340 587 est
360 561 436 588 iudex
456 562 572 588 fidelium
593 562 625 588 Vl
645 563 692 588 168
713 563 769 588 ν.7

181 620 217 624 -
237 605 334 631 invitus
362 607 520 632 condemnat
548 607 581 632 Vl
610 607 661 632 356
684 607 716 632 14
735 621 770 626 -

127 656 179 675 000
193 649 327 676 iudicabat
339 657 500 683 quemquam
516 651 540 676 in
554 651 695 683 praesenti,
709 658 770 677 con-

126 694 279 720 demnando
305 694 355 720 358
382 695 410 720 21
440 708 476 716 --
494 701 549 720 non
567 695 705 721 damnavit
723 697 770 721 ho-

126 738 224 764 minem
233 758 240 770 ,
259 739 307 765 sed
321 742 456 771 peccatum
465 759 472 770 ,
486 738 661 771 prohibendo,
672 747 703 765 ne
717 747 770 766 am-

126 783 195 815 plius
214 786 337 815 peccaret
356 783 406 809 357
428 784 460 809 16
481 782 510 809 2*

178 841 214 846 -
233 828 259 852 10
274 827 369 853 10111010
383 827 559 854 manifestabit
574 829 709 854 veritatem
724 829 767 855 Vll

125 871 177 898 525
198 871 230 897 14
250 887 286 890 -
305 872 331 897 10
351 872 448 898 iudicio
466 880 519 898 non
538 876 616 904 errat,
635 873 696 906 quia
717 881 767 899 000

126 916 224 942 iudicat
242 916 299 942 sine
318 917 392 942 Patre
411 917 444 942 Vl
475 917 525 943 358
546 918 588 942 22.
609 918 655 943 361
680 918 714 943 36
733 932 768 937 -

124 967 175 986 000
195 961 251 986 vult
270 960 385 987 iudicare
403 961 437 987 de
457 962 615 987 contumelia
629 961 678 987 sibi
692 962 767 994 illata,

123 1005 170 1031 sed
190 1005 317 1031 iudicium
337 1005 406 1031 Patri
425 1008 544 1031 reservat
563 1006 614 1032 367
635 1007 669 1032 67

176 1063 212 1069 -
239 1049 310 1076 50105
339 1050 494 1075 sententiam
524 1050 705 1082 promulgabit
733 1051 765 1077 Vl

124 1094 175 1120 313
196 1094 229 1119 56
249 1108 284 1113 -
303 1093 406 1120 Christo
424 1094 515 1120 datum
536 1098 575 1120 est
588 1095 713 1121 iudicium
728 1103 767 1121 ex-

124 1138 267 1164 secutionis
286 1139 338 1165 552
352 1138 367 1164 4
380 1154 415 1157 -
428 1138 531 1165 Christo
550 1143 713 1165 reservatum
728 1143 767 1166 est

126 1182 254 1209 iudicium
273 1183 501 1209 condemnationis
520 1184 572 1209 372
592 1184 624 1209 88

180 1242 210 1245 -
232 1228 312 1253 110100
331 1227 401 1253 111001
422 1228 511 1253 iudicii
531 1229 617 1259 novit,
631 1229 678 1254 scd
692 1229 767 1255 disci-

123 1265 192 1303 pulis
210 1272 328 1297 revelare
347 1272 430 1297 noluit
459 1272 491 1298 Vl
512 1272 563 1297 452
584 1273 617 1298 29
637 1288 670 1291 -
692 1274 767 1298 Tem-

124 1323 175 1348 pus
200 1316 308 1343 secundi
335 1316 465 1342 adventus
493 1324 544 1342 nou
569 1316 699 1343 debemus
725 1325 766 1343 cu-

122 1360 191 1385 riose
211 1361 335 1392 indagare
355 1361 399 1386 Vll
419 1360 470 1386 438
491 1361 525 1386 37
544 1375 580 1380 -
599 1368 651 1387 000
670 1363 765 1393 poterit

122 1405 210 1435 latere,
236 1411 297 1430 cum
325 1405 434 1437 venerit,
455 1412 502 1431 nec
530 1408 589 1431 ante
615 1407 765 1438 praevideri

123 1449 174 1475 439
195 1449 237 1482 41,
257 1449 290 1475 42
309 1464 342 1468 -—
363 1450 500 1476 Adventus
519 1450 614 1476 Christi
643 1451 676 1477 ad
703 1451 767 1477 iudi-

122 1494 191 1519 cium
211 1494 261 1520 erit
279 1494 405 1520 omnibus
424 1495 577 1520 manifestus
597 1495 647 1520 480
661 1497 695 1521 22

176 1553 212 1557 -
232 1539 368 1564 Adventus
387 1538 480 1565 Christi
501 1540 569 1565 male
589 1540 704 1565 creditur
718 1540 767 1566 1111-

122 1583 244 1609 serendus
264 1583 306 1609 Vll
327 1584 377 1608 328
398 1583 432 1609 65
450 1598 486 1603 -
504 1584 665 1610 revelabitur
685 1585 711 1610 in
725 1586 767 1611 die

122 1627 213 1653 iudicii
232 1630 260 1653 ut
279 1628 398 1654 Salvator
418 1627 549 1654 bonorum
574 1632 599 1654 et
618 1629 694 1655 iudex
715 1637 767 1655 ma-

122 1672 207 1698 lorum
229 1672 279 1698 443
300 1672 328 1697 51
354 1687 384 1691 -
407 1673 434 1698 10
449 1673 546 1699 10111010
561 1680 608 1705 per
622 1674 765 1700 iussionem

81 1749 84 1752 Α
120 1717 305 1748 potestativam
326 1720 445 1743 mortuos
464 1717 600 1744 suscitabit
618 1722 643 1744 et
660 1718 766 1744 vocabit

120 1762 228 1793 propria
245 1762 344 1797 virtute
363 1764 389 1787 et
408 1769 455 1794 per
483 1763 632 1794 angelicum
653 1764 766 1789 ministe-

122 1806 191 1831 rium
212 1805 262 1831 480
283 1807 316 1831 23

174 1864 209 1869 -
228 1851 364 1877 Adventus
382 1850 476 1877 Christi
496 1852 530 1877 ad
543 1851 671 1878 iudicium
685 1852 766 1878 admi-

121 1894 225 1927 rabilis,
246 1895 345 1926 dulcis,
364 1902 471 1921 amarus
493 1896 535 1922 Vll
556 1897 607 1921 327
621 1896 655 1921 59
669 1911 702 1915 —
716 1897 765 1922 Ad-

120 1941 215 1965 ventus
233 1938 326 1965 Christi
352 1940 387 1965 ad
416 1940 543 1966 iudicium
571 1940 621 1966 erit
644 1940 766 1966 terribilis

121 1983 173 2009 324
194 1983 235 2009 49.
256 1984 308 2010 535
328 1984 370 2010 46.
390 1984 442 2010 574
471 1984 504 2010 34
533 1998 568 2003 -
593 1987 764 2010 contemnen-

122 2030 161 2053 tes
174 2028 346 2054 humilitatem
366 2035 442 2054 suam
462 2029 488 2053 10
509 2028 606 2054 10111010
625 2028 764 2055 erubescet

121 2072 173 2097 229
195 2072 222 2098 41

173 2130 210 2136 -
227 2117 266 2143 501
296 2117 408 2143 105111100
436 2118 544 2142 veniens
573 2118 606 2143 ad
635 2117 763 2143 iudicium

122 2161 245 2187 arefaciet
264 2162 384 2187 homines
402 2162 523 2187 viventes
542 2162 688 2188 secundum
709 2170 765 2188 car-

120 2212 181 2231 nem
201 2206 245 2231 Vll
265 2205 316 2231 534
338 2206 370 2231 44
383 2219 419 2225 -
432 2206 520 2232 veniet
538 2206 571 2232 ad
590 2207 718 2233 iudicium
738 2208 764 2232 in

120 2249 236 2276 nubibus
255 2257 316 2276 cum
337 2253 465 2282 potestate
484 2258 581 2283 magna
600 2251 651 2277 535
677 2252 709 2277 46
730 2267 765 2270 —

121 2295 209 2320 veniet
221 2298 249 2320 ut
261 2302 306 2320 rex
319 2302 380 2320 cum
394 2298 523 2327 potestate
542 2303 639 2328 magna
660 2296 710 2321 478
732 2297 764 2321 18

173 2353 209 2357 --
227 2342 267 2364 051
286 2339 362 2365 iudex
382 2339 506 2365 terribilis
529 2340 562 2365 ad
583 2340 765 2372 cogitandum,

120 2382 167 2408 5011
187 2382 326 2409 terribilior
346 2384 379 2409 ad
400 2384 545 2410 videndum
566 2384 599 2409 Vl
619 2385 670 2410 629
695 2384 711 2410 5
731 2399 766 2403 —

121 2427 178 2453 Vox
196 2426 289 2453 Christi
316 2427 437 2454 terribilis
462 2429 487 2453 10
517 2429 614 2454 iudicio
644 2429 686 2454 Vll
713 2429 764 2455 534

121 2471 153 2496 43
173 2485 209 2491 -—-
228 2471 366 2503 apparebit
385 2473 411 2498 in
430 2473 529 2499 iudicio
549 2473 698 2505 manifeste,
718 2476 766 2498 ter·

120 2514 203 2541 ribilis
221 2519 246 2541 et
264 2517 400 2548 repentine
421 2517 471 2542 439
493 2517 525 2542 42

174 2574 210 2579 -
228 2560 364 2586 Adventus
383 2560 476 2587 Christi
496 2561 545 2587 erit
558 2562 711 2594 repentinus
724 2569 764 2587 re-

121 2608 212 2636 spectu
232 2608 402 2637 peccatorum
423 2606 466 2631 Vll
487 2605 537 2631 440
559 2606 592 2631 45
611 2619 647 2625 —
666 2610 705 2632 est
724 2607 764 2632 iu-

122 2648 172 2674 dex
191 2652 312 2681 respectu
333 2650 462 2675 malorum
483 2650 529 2676 351
560 2650 594 2676 55
613 2665 648 2669 —-
669 2651 763 2676 iudica-

123 2692 161 2718 bit
188 2694 258 2719 solos
286 2694 368 2719 malos
397 2694 494 2720 iudicio
525 2695 701 2721 damnationis
730 2695 763 2721 Vl

121 2737 174 2762 312
203 2737 236 2763 53
265 2751 300 2757 --
325 2740 441 2764 00010101
469 2738 598 2771 reprobos
622 2740 646 2765 10
667 2740 764 2765 10111010

121 2781 164 2807 Vll
184 2782 235 2807 338
256 2782 271 2807 9
290 2796 326 2801 -
345 2783 371 2807 10
391 2783 488 2808 iudicio
507 2784 653 2815 confringet
672 2791 765 2816 pecca-

120 2828 190 2851 tores
219 2826 422 2858 irreparabiliter
450 2828 484 2852 98
515 2827 542 2852 41
566 2828 646 2853 —in
666 2828 764 2854 10111010

120 2869 195 2895 iustis
214 2871 263 2896 erit
281 2871 382 2897 amicus
400 2874 426 2897 et
444 2872 530 2898 affinis
550 2873 583 2898 vt
603 2873 655 2898 137
674 2880 701 2899 v.
722 2874 732 2898 1

173 2914 355 2941 —iudicabit
377 2916 524 2942 seeundum
550 2917 693 2942 humanam
721 2925 764 2943 na-

121 2960 207 2984 turam
228 2959 260 2984 Vl
281 2960 331 2984 312
361 2959 396 2985 55
424 2967 481 2992 arg.
502 2961 526 2991 l,
546 2962 562 2986 2
581 2974 617 2980 -
636 2964 665 2987 01
684 2963 764 2988 110100

120 3003 191 3028 solus
209 3003 338 3029 iudicabit
366 3004 463 3030 iudicio
491 3005 688 3037 disceptationis
713 3007 763 3031 128

120 3054 147 3072 v.
167 3047 182 3072 8
203 3061 237 3065 --
256 3051 295 3073 051
315 3048 391 3074 1011οΧ
404 3049 551 3075 5000011010
565 3050 764 3083 humanitatem,

120 3098 201 3123 quem
230 3091 305 3118 Pater
330 3093 390 3118 facit
418 3093 502 3119 timeri
529 3101 577 3126 per
596 3095 763 3120 Divinitatem

121 3135 164 3160 Vll
184 3135 234 3160 313
256 3136 290 3161 55
309 3135 339 3162 Y
356 3150 392 3156 —-
412 3137 509 3163 iudicat
536 3139 561 3163 111
588 3139 763 3171 humanitate,

121 3182 150 3205 ut
168 3180 270 3212 possint
287 3187 349 3206 eum
368 3181 475 3213 reprobi
495 3182 587 3208 videre
613 3183 638 3208 in
658 3183 764 3214 iudicio,

121 3226 147 3248 et
164 3224 226 3256 quia
246 3224 271 3249 10
292 3225 454 3251 humanitate
466 3226 598 3252 iudicatus
612 3230 651 3252 est
664 3227 697 3253 Vl
711 3227 763 3252 312

122 3267 151 3292 51
175 3280 211 3287 -
231 3268 329 3295 10111001
354 3270 501 3296 5000011010
526 3271 670 3297 humanam
690 3274 764 3297 natu-

800 207 835 240 ΙΝ
859 207 1155 241 COMMENTARIOS
1179 210 1208 241 S.
1233 210 1459 243 SCRH'TURAE

810 295 894 326 milis,
913 303 947 321 ne
975 296 1126 322 crederetur
1155 297 1222 323 Patri
1251 298 1395 330 inaequalis
1414 306 1451 324 se-

809 340 927 365 cundum
949 340 1116 366 Divinitatem
1136 340 1170 367 ib.
1190 340 1219 367 2·

862 397 897 403 —
917 384 1014 410 iudicat
1033 388 1160 416 potestate
1173 385 1223 411 sibi
1237 386 1382 412 secundum
1403 388 1451 412 hu-

808 428 958 453 manitatem
978 435 993 453 a
1022 429 1096 454 Patre
1124 430 1214 455 collata
1235 430 1266 456 Vl
1287 431 1339 455 312
1363 431 1391 455 51
1417 445 1451 448 -

808 471 886 497 habet
905 472 1071 498 iudiciariam
1091 476 1246 505 potestatem
1266 481 1280 499 a
1305 475 1379 500 Patre
1405 482 1451 506 per

808 516 976 548 privilegium
997 518 1160 543 excellentiae
1180 518 1223 544 Vll
1244 519 1294 544 229
1311 518 1338 544 41
1358 533 1391 537 -
1405 520 1450 544 Ρο-

808 562 846 586 ter
867 560 957 586 tribuit
975 561 1038 587 Filio
1058 562 1183 588 iudicium
1201 563 1235 588 ad
1254 563 1310 588 Filii
1330 564 1450 589 110001111-

807 605 936 630 cationem
957 605 988 630 Vl
1010 606 1060 631 309
1082 606 1109 631 41
1134 621 1169 624 -
1189 606 1269 632 habet
1295 611 1449 639 potestatem

808 648 970 675 iudiciariam
992 650 1034 675 Vll
1054 650 1088 675 79
1109 650 1142 676 40
1163 665 1196 669 -——
1210 651 1304 677 Christi
1319 655 1357 677 est
1370 659 1449 678 omne

810 693 935 719 iudicium
958 693 1008 720 442
1029 694 1062 719 50

860 753 894 756 -
914 737 1010 764 Christi
1029 742 1068 764 est
1091 739 1254 772 interrogare
1279 744 1305 765 et
1333 740 1448 767 iudicare

807 782 849 808 Vll
870 782 920 808 20⁵
941 783 975 808 54
993 796 1029 802 -
1047 786 1086 809 est
1114 784 1229 815 Angelus
1255 784 1355 810 habens
1380 789 1448 817 pote-

806 830 899 852 statem
920 827 1039 853 mittendi
1058 828 1085 853 in
1105 827 1231 860 abyssum
1258 829 1324 854 iusto
1344 836 1392 855 suo
1413 830 1448 855 iu-

806 871 875 897 dicio
895 871 946 897 204
966 872 1000 897 55
1019 885 1055 892 —-
1073 875 1112 898 est
1132 873 1301 909 honorandus
1320 877 1345 899 et
1359 874 1448 899 timen-

806 915 856 941 dus
870 916 970 941 ratione
983 916 1134 942 1011101011οε
1152 918 1287 948 potestatis
1302 918 1333 943 Vl
1348 918 1398 943 309
1414 918 1446 943 42

858 974 893 978 —
913 960 971 991 ipse
991 964 1030 986 est
1049 961 1128 986 iudex
1148 964 1174 987 et
1193 962 1264 987 testis
1286 962 1316 987 Vl
1343 963 1393 987 360
1414 963 1447 988 27

804 1018 839 1022 —
859 1007 898 1029 est
917 1004 994 1030 iudex
1014 1005 1102 1030 omnia
1120 1005 1228 1037 videns,
1247 1007 1335 1031 omnia
1348 1007 1448 1039 disqui-

804 1056 878 1080 rens,
897 1049 984 1074 omnia
1014 1050 1126 1082 puniens
1155 1051 1206 1075 628
1227 1051 1251 1083 4,
1271 1052 1296 1083 5,
1316 1052 1330 1076 6
1350 1066 1384 1070 —
1409 1055 1448 1077 est

806 1093 881 1119 iudex
902 1100 1015 1125 magnus
1041 1095 1190 1120 fortitudine
1209 1095 1359 1127 potestatis,
1380 1096 1448 1121 iusti-

805 1138 838 1163 tia
858 1138 997 1171 aequitatis
1015 1142 1039 1164 et
1059 1139 1155 1165 iudicio
1184 1140 1300 1166 veritatis
1320 1140 1354 1166 ib.
1374 1141 1388 1166 4
1412 1155 1447 1159 -

805 1182 932 1208 iudicabit
945 1186 972 1208 ut
986 1183 1082 1213 iustus,
1096 1187 1124 1209 ut
1137 1184 1177 1210 lux
1191 1191 1253 1210 vera
1264 1188 1290 1210 et
1304 1188 1331 1210 ut
1344 1192 1447 1211 summe

805 1226 890 1252 bonus
910 1227 954 1253 Vll
975 1227 1026 1253 352
1047 1227 1079 1253 58

858 1285 892 1290 -
911 1272 1010 1297 iudicat
1029 1273 1063 1298 de
1082 1273 1191 1298 occultis
1219 1273 1306 1299 cordis
1328 1274 1368 1299 Vll
1396 1274 1446 1299 306

805 1317 838 1341 88
858 1331 893 1334 -
913 1316 938 1341 10
959 1316 1056 1342 iudicio
1072 1306 1170 1342 'omnia
1199 1317 1376 1343 manifestabit
1396 1319 1446 1343 480

805 1362 838 1386 22
859 1375 893 1379 »-
913 1361 939 1386 10
960 1361 1056 1387 10111010
1076 1362 1164 1387 omnia
1193 1362 1298 1394 deteget
1318 1362 1384 1387 sicut
1404 1363 1448 1388 ful-

805 1412 869 1437 gur,
888 1408 914 1431 01
932 1406 1019 1431 010010
1039 1406 1163 1431 omnibus
1189 1407 1332 1432 clarissime
1351 1414 1447 1432 resera-

805 1449 842 1475 bit
861 1450 937 1482 quasi
956 1457 1021 1475 voce
1041 1451 1195 1482 Archangeli
1215 1451 1261 1476 311
1287 1451 1303 1476 7

857 1509 891 1512 -
911 1501 963 1520 000
984 1494 1081 1520 iudicat
1106 1495 1206 1520 incerte
1228 1503 1275 1521 nec
1300 1495 1446 1521 secundum

805 1539 897 1564 faciem
919 1539 951 1564 Vl
972 1539 1023 1564 358
1043 1540 1076 1565 22
1090 1553 1125 1558 -
1138 1539 1236 1565 iudicat
1250 1540 1330 1572 iuste,
1345 1547 1395 1565 non
1411 1547 1448 1565 se·

804 1583 921 1609 cundum
936 1590 1010 1609 suam
1025 1584 1186 1610 voluntatem
1201 1584 1358 1610 declinando
1371 1591 1384 1610 a
1400 1592 1447 1609 vo-

803 1628 900 1653 luntate
914 1628 958 1653 Dei
978 1632 1003 1654 et
1016 1636 1030 1654 a
1050 1629 1141 1660 regula
1162 1628 1273 1654 iustitiae
1287 1636 1334 1661 per
1348 1629 1447 1655 discor-

804 1672 875 1698 diam
895 1673 1036 1698 voluntatis
1055 1673 1107 1698 312
1128 1673 1160 1698 54
1180 1688 1215 1691 -
1235 1681 1287 1699 non
1301 1674 1397 1699 iudicat
1410 1681 1447 1699 se-

804 1718 921 1742 cundum
941 1717 1061 1743 auditum
1081 1718 1236 1743 exteriorem
1262 1721 1288 1743 et
1306 1719 1446 1751 relationis,

803 1762 848 1787 secl
869 1762 1016 1787 secundum
1036 1762 1184 1787 interiorem
1204 1765 1229 1787 et
1249 1765 1372 1794 paternae
1392 1763 1447 1788 1110-

804 1806 953 1831 minationis
972 1806 1023 1831 313
1044 1806 1077 1832 58
1097 1820 1132 1825 -
1151 1809 1222 1832 recte
1242 1807 1339 1832 iudicat
1352 1814 1447 1839 propo-

804 1850 890 1876 nendo
910 1850 1049 1882 iustitiam,
1075 1851 1235 1876 assumendo
1264 1855 1402 1883 peccatum
1422 1855 1447 1877 et

803 1895 986 1920 concludendo
1006 1895 1131 1921 iudicium
1152 1895 1194 1920 Vll
1216 1895 1265 1920 498
1286 1896 1320 1921 70

857 1952 892 1958 -
910 1939 1047 1965 Adventus
1066 1940 1198 1965 secundus
1226 1940 1275 1965 erit
1304 1943 1362 1972 post
1388 1947 1447 1972 pas-

803 1983 904 2009 sionem
924 1983 1017 2015 capitis
1036 1986 1061 2009 et
1074 1984 1191 2009 omnium
1206 1983 1388 2010 membrorum
1403 1984 1446 2009 Vll

804 2027 854 2053 439
876 2027 908 2053 44
928 2041 963 2047 —
982 2027 1125 2053 descendet
1144 2028 1168 2053 in
1182 2028 1225 2053 die
1239 2028 1326 2054 iudicii
1348 2028 1398 2053 443
1412 2028 1446 2054 52

802 2085 837 2091 ·—·
857 2072 882 2097 in
901 2072 952 2097 fine
981 2072 1073 2098 mundi
1097 2072 1185 2097 veniet
1213 2072 1246 2097 ad
1272 2072 1445 2098 iudicandum

802 2119 828 2141 et
846 2116 1012 2148 regnandum
1033 2116 1083 2142 478
1104 2116 1137 2142 17
1156 2130 1191 2135 -
1210 2116 1274 2142 abiit
1293 2117 1319 2142 in
1344 2118 1446 2143 caelum

803 2161 837 2186 ad
856 2168 984 2193 regnum,
1004 2161 1051 2186 sed
1071 2168 1185 2193 regnans
1204 2164 1350 2187 revertetur
1363 2162 1397 2187 ad
1410 2161 1446 2187 iu·

803 2205 902 2231 dicium
929 2204 963 2231 ib.
996 2205 1037 2230 18.
1067 2205 1118 2230 480
1142 2206 1176 2231 22
1205 2220 1238 2224 -
1267 2206 1407 2231 revertitur
1431 2212 1446 2231 a

803 2250 915 2281 nuptiis,
928 2249 1036 2282 quando
1049 2250 1136 2275 veniet
1149 2250 1182 2275 ad
1193 2250 1329 2282 iudicium,
1343 2250 1447 2275 descen-

803 2294 891 2319 dendo
911 2294 945 2319 de
964 2294 1043 2319 caelis
1063 2293 1115 2319 324
1135 2294 1163 2319 51
1187 2308 1224 2313 -
1243 2294 1380 2320 Secundus
1399 2295 1445 2320 ad-

807 2342 900 2363 ventus
919 2338 1013 2364 Christi
1033 2338 1082 2363 erit
1101 2338 1213 2364 iustitiae
1233 2339 1264 2364 Vl
1286 2338 1336 2363 284
1359 2338 1392 2363 35
1413 2353 1446 2356 -

805 2383 832 2408 10
851 2383 894 2408 die
922 2382 1013 2408 iudicii
1041 2382 1120 2408 intrat
1149 2383 1176 2408 in
1203 2383 1359 2414 Ecclesiam,
1388 2389 1445 2408 eam

804 2427 950 2459 praesentia
964 2434 1011 2452 sua
1025 2427 1178 2453 illustrando
1192 2427 1235 2453 vn
1250 2427 1295 2452 441
1314 2427 1345 2452 48
1359 2442 1394 2445 —
1408 2430 1447 2453 051,

804 2472 927 2503 splendor
946 2472 1035 2497 omnia
1055 2472 1182 2503 detegens
1201 2472 1227 2497 in
1248 2472 1345 2497 iudicio
1359 2472 1405 2497 311
1430 2472 1446 2497 7

857 2531 891 2534 -—
912 2516 937 2541 in
958 2516 1054 2542 iudicio
1073 2523 1165 2542 001005
1184 2517 1397 2542 certitudinaliter
1410 2516 1446 2541 vi-

802 2560 903 2587 debunt
922 2561 1065 2593 potentiam
1085 2564 1111 2586 et
1127 2561 1275 2586 dominium
1295 2561 1387 2587 Christi
1402 2561 1445 2586 Vll

803 2606 854 2631 358
874 2606 908 2631 76
930 2619 962 2623 -
982 2609 1041 2638 post
1060 2605 1189 2631 visionem
1209 2605 1234 2630 10
1254 2605 1399 2630 humilitate
1419 2605 1444 2629 in

804 2650 900 2676 iudicio
919 2650 1053 2676 videbitur
1072 2650 1098 2675 in
1118 2650 1251 2675 maiestate
1271 2649 1417 2674 Divinitatis
1429 2656 1444 2677 a

801 2695 889 2721 Beatis
906 2698 930 2720 et
944 2695 970 2720 iu
984 2695 1118 2720 maiestate
1132 2694 1300 2719 humanitatis
1314 2693 1348 2718 ab
1361 2694 1445 2719 omni-

803 2738 853 2765 bus
872 2739 935 2766 ibid.
952 2753 988 2758 —
1006 2739 1141 2765 videbitur
1161 2739 1186 2764 in
1206 2738 1302 2764 iudicio
1320 2745 1334 2763 a
1359 2745 1444 2770 perse-

802 2784 944 2816 quentibus
971 2791 1033 2810 eum
1062 2784 1095 2809 Vl
1124 2784 1170 2809 501
1196 2783 1229 2808 55
1248 2797 1283 2801 -
1303 2782 1444 2815 00101111-

802 2832 871 2854 stum
893 2828 1006 2854 iudicem
1026 2835 1077 2853 0011
1097 2828 1188 2853 vident
1207 2827 1390 2859 spiritualiter,
1402 2827 1444 2852 ali-

801 2873 909 2906 quando
929 2873 1011 2899 visuri
1030 2875 1091 2898 sunt
1109 2872 1280 2903 corporaliter
1300 2872 1350 2897 628
1373 2871 1387 2896 4
1406 2885 1442 2890 -

803 2918 876 2943 Visio
895 2917 1036 2950 spiritualis
1055 2916 1148 2942 Christi
1168 2916 1261 2942 10111015
1281 2919 1359 2941 terret
1383 2923 1444 2948 pec-

803 2965 904 2988 catores
923 2962 955 2988 ad
976 2961 1163 2994 poenitentiam
1184 2960 1235 2985 629
1255 2960 1270 2985 7
1290 2975 1326 2978 -
1344 2964 1443 2986 exseret

802 3007 930 3038 triplicem
950 3006 1067 3037 gladium
1088 3005 1114 3030 10
1133 3005 1229 3030 10111010
1248 3005 1272 3029 10
1293 3012 1377 3036 genus
1397 3006 1444 3029 hu-

803 3057 911 3076 manum
932 3050 983 3075 612
1003 3051 1028 3080 3,
1049 3049 1063 3074 4

838 3095 870 3120 16
890 3109 925 3113 ——
944 3101 1007 3120 vere
1026 3097 1065 3119 est
1083 3100 1127 3119 rex
1148 3094 1179 3118 Vl
1202 3093 1251 3118 488
1272 3094 1316 3123 61,
1336 3093 1377 3118 65.
1392 3093 1443 3118 490

801 3139 836 3165 72
855 3153 891 3158 -
909 3142 949 3165 051
967 3146 1011 3164 rex
1030 3145 1125 3170 regum
1154 3138 1197 3164 vn
1222 3138 1272 3163 517
1295 3137 1336 3163 49.
1355 3137 1407 3162 614
1427 3138 1443 3163 2

801 3198 835 3202 -
855 3186 911 3209 erat
929 3183 1047 3209 Christus
1066 3190 1111 3208 rex
1136 3182 1188 3207 566
1208 3182 1223 3207 3
1244 3196 1277 3200 -
1297 3185 1336 3207 est
1355 3189 1399 3207 rex
1418 3185 1444 3207 et

802 3227 926 3253 dominus
945 3227 979 3252 44
999 3227 1024 3252 3.
1044 3226 1077 3251 50
1098 3226 1132 3252 24
1150 3239 1186 3245 -
1205 3229 1245 3251 051
1263 3226 1386 3258 princeps
1399 3232 1443 3251 no-

800 3275 853 3297 ster
872 3271 924 3297 335
944 3271 979 3296 85
997 3284 1033 3290 —
1052 3274 1091 3297 est
1109 3278 1152 3297 rex
1181 3271 1319 3296 hominum
1349 3273 1374 3296 et
1395 3271 1443 3295 An-

121 3318 177 3337 1001
197 3315 325 3344 potestate
349 3314 486 3345 ministerii
515 3315 566 3341 313
591 3315 625 3341 55
645 3330 680 3334 —
700 3316 763 3341 iudi·
801 3316 922 3347 gelorum
941 3315 975 3341 Vl
995 3315 1041 3341 541
1066 3316 1082 3341 5
1095 3329 1130 3334 -
1143 3318 1182 3341 051
1200 3322 1244 3341 rex
1265 3315 1341 3340 lsrael
1360 3321 1444 3346 quan-

121 3355 191 3381 cabit
210 3357 234 3382 in
254 3358 430 3389 humanitate,
449 3359 477 3384 10
490 3366 542 3392 qua
555 3359 702 3391 apparebat
715 3361 763 3385 hu-

802 3363 857 3386 tum
884 3360 919 3386 ad
948 3360 1138 3386 humanitatem
1163 3359 1213 3386 267
1235 3359 1267 3384 96
1287 3372 1323 3378 ——
1342 3362 1380 3384 est
1399 3365 1441 3384 rex

2065 214 2129 246 703

1739 256 1803 283 Cmt
1825 258 1881 289 (16)

1489 300 1549 325 Sion
1570 300 1620 325 496
1641 301 1668 325 31
1694 315 1726 319 -
1747 305 1802 327 erat
1821 309 1865 326 rex
1886 303 1987 327 futurus
2011 302 2128 327 omnium

1489 344 1606 375 gentium
1627 344 1659 370 it).
1680 346 1713 370 32

1542 403 1577 406 -
1597 396 1730 422 nunquam
1751 394 1860 415 vocatus
1879 394 1917 415 cst
1936 398 1993 421 rex,
2014 391 2058 416 sed
2075 394 2129 416 tan-

1489 435 1543 457 tum
1570 433 1721 459 imminente
1750 435 1869 466 passione
1900 435 1940 460 Vll
1971 435 2021 460 494
2042 436 2074 459 60
2095 449 2129 454 -

1489 477 1551 502 dicit
1578 485 1606 503 se
1632 478 1717 509 ipsum
1746 485 1857 510 regnum
1878 479 1922 504 Dei
1955 479 2004 504 438
2033 479 2064 504 37
2094 493 2129 498 -

1489 525 1596 553 propter
1617 522 1831 548 illuminationem
1858 524 1975 548 fidelium
1995 528 2019 548 et
2039 525 2128 549 confu-

1489 566 1610 591 tationem
1630 567 1766 593 rebellium
1781 568 1927 599 acceptavit
1947 570 2072 593 honorem
2093 576 2129 593 rc-

1488 611 1574 642 galem
1595 611 1656 637 ibid.
1676 626 1710 630 -——
1731 613 1856 637 honorem
1886 613 1988 643 regium
2015 620 2064 637 non
2086 620 2128 637 su-

1487 655 1570 686 scepit
1588 659 1647 681 ante
1667 659 1771 687 tempus
1785 656 1914 688 passionis
1936 657 1966 681 ΥΙ
1988 656 2037 682 415
2052 658 2084 681 26
2100 658 2127 682 2·

1486 713 1520 717 -
1541 700 1607 731 fugit
1626 701 1752 725 honorem
1773 701 1848 732 regni
1863 701 1955 725 terreni
1976 701 2027 726 322
2047 702 2080 726 25
2093 715 2128 720 -

1488 744 1553 775 fugit
1572 745 1643 769 solus
1663 751 1710 770 nec
1729 744 1873 776 discipulos
1892 746 2052 777 exspectavit
2071 753 2127 777 pro-

1487 792 1544 819 pter
1563 790 1779 814 accelerationem
1799 795 1824 815 et
1838 796 1870 814 ne
1886 790 2046 815 inveniretur
2065 790 2127 815 ibid.

1486 833 1529 857 26.
1549 833 1599 857 324
1621 833 1653 858 34
1675 833 1703 858 3·
1722 848 1756 852 —
1776 834 1855 859 noluit
1870 841 1913 859 rex
1928 834 1983 859 fleri
2003 841 2015 859 a
2037 834 2127 866 turbis,

1486 877 1531 902 scd
1551 878 1705 909 recognosci
1725 885 1738 902 a
1755 878 1807 903 Deo
1828 878 1924 903 missus
1939 878 1989 903 415
2003 879 2036 903 26
2052 879 2079 904 2”
2093 893 2128 898 -

1485 928 1546 946 cum
1568 922 1705 953 petebatur
1725 923 1756 948 ad
1777 930 1902 955 regnum,
1923 923 1989 955 fugit
2008 923 2033 948 in
2054 931 2127 948 mon-

1486 969 1553 998 tem,
1573 973 1633 991 cum
1654 967 1813 998 laudaretur,
1832 967 1972 992 secedebat
1992 968 2016 992 in
2041 968 2126 993 descr-

1486 1013 1540 1035 tum
1560 1010 1593 1035 ad
1613 1011 1742 1036 orandum
1764 1011 1805 1037 vn
1826 1012 1877 1037 305
1897 1012 1929 1037 87

1538 1070 1573 1073 -
1592 1055 1705 1081 dicendo
1719 1063 1747 1081 se
1759 1063 1850 1087 regem
1866 1056 2004 1082 videbatur
2024 1062 2126 1082 contra-

1486 1099 1573 1124 dicere
1592 1099 1689 1124 caesari
1710 1099 1742 1124 Vl
1764 1099 1813 1124 488
1834 1100 1877 1131 61,
1897 1099 1929 1125 64
1943 1114 1977 1118 —
1992 1099 2069 1126 habet
2083 1108 2126 1132 po·

1486 1146 1603 1168 testatem
1624 1144 1738 1175 regalem
1761 1144 1801 1169 Vll
1823 1144 1856 1169 24
1873 1144 1920 1174 57,
1940 1145 1973 1169 58
1993 1158 2028 1163 -
2048 1144 2126 1171 habet

1486 1191 1640 1219 potestatem
1661 1188 1776 1219 regiam,
1795 1195 1847 1220 qua
1867 1189 1968 1220 expellit
1991 1188 2125 1214 diabolum

1486 1232 1537 1257 292
1558 1231 1590 1256 46
1604 1246 1638 1250 -
1653 1231 1732 1257 habet
1745 1239 1857 1263 regnum
1871 1236 2005 1258 aeternum
2026 1234 2058 1258 24
2079 1234 2125 1265 58,

1486 1277 1518 1302 59
1538 1291 1574 1294 -
1593 1281 1632 1302 051
1651 1284 1694 1302 rex
1715 1277 1877 1302 aeternaliter
1897 1278 1947 1302 299
1968 1278 2000 1302 67

1539 1335 1574 1340 -
1594 1321 1714 1353 Regnum
1734 1320 1827 1347 Christi
1843 1325 1881 1347 cst
1900 1322 2008 1347 caeleste
2029 1323 2060 1348 Vl
2077 1323 2126 1348 468

1486 1365 1519 1390 64
1541 1379 1574 1383 —-
1594 1372 1647 1390 000
1667 1368 1705 1391 051
1725 1372 1767 1390 rex
1786 1369 1917 1396 terrenus,
1938 1366 1982 1398 qui
2012 1367 2127 1392 defendi-

1486 1413 1527 1435 tur
1547 1416 1561 1434 a
1582 1410 1706 1435 ministris
1720 1410 1770 1435 488
1792 1410 1825 1435 64
1846 1425 1879 1428 —
1899 1411 2018 1442 Regnum
2033 1411 2125 1436 Christi

1485 1461 1536 1480 non
1555 1457 1595 1479 est
1620 1454 1782 1480 mundanum
1808 1461 1838 1479 ac
1863 1455 1998 1486 corporale
2023 1455 2072 1480 489
2093 1455 2125 1480 67

1484 1512 1519 1517 -
1538 1505 1589 1524 000
1609 1499 1680 1523 venit
1699 1499 1732 1524 ad
1752 1499 1918 1530 regnandum
1943 1500 2126 1531 temporaliter,

1485 1543 1531 1568 sed
1560 1543 1594 1568 ad
1621 1543 1757 1569 veritatem
1783 1543 1933 1569 docendum
1955 1543 2004 1568 488
2034 1544 2068 1569 65
2091 1557 2127 1563 --

1485 1588 1605 1619 Regnum
1620 1587 1713 1613 Christi
1728 1595 1780 1613 non
1796 1587 1906 1619 impedit
1919 1588 2125 1613 domInationem

1484 1632 1654 1663 temporalem
1675 1632 1699 1657 in
1720 1632 1819 1658 mundo
1839 1632 1889 1658 488
1910 1632 1944 1657 64

1537 1690 1573 1695 —
1591 1677 1714 1708 Regnum
1729 1676 1822 1703 Christi
1842 1680 1928 1702 ortum
1948 1680 1987 1702 est
2006 1681 2125 1708 tempore

1485 1721 1560 1752 regni
1579 1721 1689 1746 Romani
1709 1721 1751 1746 Vll
1766 1720 1800 1745 70
1815 1722 1830 1746 2
1844 1734 1879 1739 -
1892 1722 2012 1752 Regnum
2032 1720 2125 1746 Christi

1485 1768 1571 1790 ortum
1593 1767 1711 1796 tempore
1736 1765 1840 1796 imperii
1860 1765 1968 1790 Romani
1989 1772 2017 1790 se
2042 1769 2125 1791 exten·

1485 1809 1523 1834 dit
1541 1808 1567 1833 in
1588 1809 1741 1834 universum
1766 1808 1858 1834 orbem
1885 1809 1917 1834 44
1947 1810 1962 1834 3
1991 1823 2026 1828 —
2055 1810 2128 1835 Salus

1485 1853 1575 1885 populi
1595 1860 1647 1878 non
1667 1852 1800 1884 pendebat
1822 1860 1851 1883 ex
1871 1853 1964 1879 Christi
1978 1861 2060 1886 regno
2074 1861 2126 1880 car-

1485 1898 1549 1930 nali,
1569 1897 1615 1923 sed
1636 1898 1763 1929 spirituali
1784 1898 1816 1923 Vl
1837 1897 1887 1923 324
1908 1897 1941 1922 34
1962 1897 1990 1923 2*

1537 1956 1573 1961 -
1592 1949 1644 1967 000
1664 1946 1754 1973 aperte
1779 1942 1915 1973 respondit
1939 1942 2032 1972 Pilato,
2052 1942 2125 1975 quod

1485 1989 1553 2011 esset
1572 1993 1616 2011 rex
1636 1986 1678 2011 vn
1699 1986 1750 2011 566
1771 1986 1785 2011 4
1804 2000 1841 2005 —
1860 1993 1954 2018 passus
1974 1989 2012 2011 est
2031 1990 2059 2011 ut
2081 1994 2125 2012 rex

1485 2031 1640 2056 ludaeorum
1660 2030 1806 2056 secundum
1826 2031 1962 2056 veritatem
1978 2030 2028 2056 579
2044 2030 2076 2055 46
2090 2044 2125 2049 -

1484 2075 1510 2100 111
1532 2081 1610 2100 eruce
1629 2077 1668 2100 est
1681 2081 1744 2100 vere
1763 2081 1806 2100 rex
1820 2075 1871 2100 579
1893 2074 1940 2104 46,
1961 2074 1993 2099 47
2009 2089 2042 2093 -
2055 2074 2125 2100 Chri-

1484 2119 1515 2144 sti
1535 2118 1649 2150 dignitas
1669 2119 1784 2144 innuitur
1804 2119 1830 2143 in
1851 2119 1922 2144 titulo
1937 2119 2006 2150 regis
2026 2119 2058 2144 vt
2073 2118 2122 2144 496

1485 2164 1528 2189 31.
1549 2163 1598 2189 497
1619 2163 1652 2189 33
1672 2176 1707 2183 -
1727 2163 1831 2188 intravit
1851 2163 1875 2188 ln
1888 2169 2001 2195 regnum
2021 2163 2125 2191 inclina,-

1485 2210 1526 2233 tus
1545 2214 1592 2240 per
1605 2207 1793 2239 humilitatem,
1810 2208 1936 2239 spoliatus
1949 2215 1995 2240 per
2014 2214 2124 2239 pauper-

1485 2255 1563 2278 tatem
1589 2255 1614 2277 et
1629 2252 1799 2277 mortificatus
1819 2252 1869 2277 628
1887 2253 1902 2277 2

1538 2311 1573 2316 -
1593 2297 1713 2328 Regu-um
1734 2296 1828 2322 Christi
1847 2296 1960 2322 debebat
1979 2297 2049 2322 exire
2064 2304 2077 2322 a
2092 2298 2124 2322 le-

1485 2341 1598 2367 rusalem
1620 2341 1662 2366 vn
1684 2341 1734 2366 468
1755 2341 1787 2366 53
1808 2355 1841 2359 -
1862 2342 2011 2367 Excellentia
2036 2342 2124 2373 regiae

1486 2385 1620 2417 potestatis
1639 2385 1665 2410 in
1687 2385 1790 2411 Christo
1815 2386 1959 2411 ostenditur
1978 2392 2026 2417 per
2046 2386 2124 2417 impe·

1484 2430 1552 2454 rium
1581 2429 1670 2461 pium,
1699 2429 1840 2461 providum
1869 2433 1894 2454 et
1919 2430 2123 2461 potestativum,

1485 2477 1513 2499 ut
1531 2474 1601 2505 regis
1620 2474 1826 2501 clementissimi.
1846 2474 2029 2505 sapientissimi
2043 2478 2067 2499 et
2081 2481 2124 2506 po-

1485 2518 1621 2543 tentissimi
1643 2517 1693 2542 487
1714 2517 1745 2543 43
1765 2531 1801 2536 —
1821 2517 1898 2543 habet
1913 2521 2066 2549 potestatem
2086 2525 2123 2543 re-

1484 2562 1554 2593 giam
1581 2568 1661 2593 super
1680 2561 1765 2587 omnia
1788 2562 1837 2586 316
1860 2562 1892 2587 23

1536 2619 1572 2624 -
1590 2606 1702 2637 imperat
1721 2609 1847 2638 tanquam
1872 2607 1996 2632 dominus
2021 2611 2044 2632 ct
2065 2613 2122 2636 rex,

1483 2650 1525 2675 cui
1544 2650 1630 2675 omnis
1649 2653 1767 2675 creatura
1787 2650 1877 2675 obedit
1897 2651 1938 2676 Vll
1962 2651 2010 2675 108
2037 2651 2069 2676 83
2089 2664 2123 2670 -

1482 2695 1630 2720 5000011001
1655 2695 1727 2727 quod
1753 2701 1797 2720 rex
1822 2695 1890 2727 regit
1914 2702 1963 2720 nos
1982 2702 2029 2727 per
2049 2702 2124 2727 prac-

1482 2742 1557 2770 cepta
1585 2742 1610 2764 et
1639 2739 1735 2764 iudicia
1765 2739 1815 2764 468
1844 2739 1877 2764 54
1897 2753 1933 2758 —
1951 2739 2122 2765 eccui-rentes

1482 2782 1583 2809 Christo
1604 2783 1760 2808 confitentur
1778 2783 1874 2816 inipso
1894 2783 1994 2815 regiam
2015 2783 2123 2814 dignita-

1482 2831 1549 2858 tem,
1569 2834 1620 2853 000
1640 2827 1673 2852 01)
1700 2828 1819 2858 homine,
1839 2828 1884 2852 sed
1905 2835 1918 2852 a
1941 2828 1993 2852 Deo
2018 2828 2050 2852 Vl
2072 2827 2122 2852 414

1484 2873 1515 2896 18
1535 2885 1570 2891 -
1590 2872 1711 2904 Regnum
1725 2871 1818 2898 Christi
1832 2872 1955 2897 dicuntur
1975 2872 2076 2902 Sancti,
2097 2872 2122 2897 10

1482 2916 1579 2949 quibus
1599 2916 1655 2948 ipse
1669 2918 1760 2948 regnat
1774 2923 1825 2941 non
1840 2922 1887 2947 per
1906 2916 2062 2947 potentiam,
2075 2916 2122 2941 sed

1482 2967 1529 2993 per
1549 2961 1652 2986 illorum
1673 2960 1848 2986 obedientiam
1870 2959 1920 2985 489
1941 2960 1974 2985 67

1534 3018 1571 3024 —-
1589 3005 1659 3030 solus
1677 3003 1856 3029 dominabitur
1885 3004 1916 3029 Vl
1946 3004 1979 3028 96
2000 3011 2025 3029 v.
2045 3004 2061 3029 7

1482 3052 1521 3074 est
1539 3055 1583 3075 rex
1602 3049 1741 3080 pacificus,
1756 3048 1800 3080 qui
1816 3048 1964 3079 magnificat
1978 3055 2058 3079 opera
2072 3049 2122 3080 spi·

1482 3093 1581 3118 1110111ῐο
1602 3093 1635 3118 22
1656 3100 1682 3118 v.
1702 3093 1716 3117 8
1736 3106 1772 3111 —
1791 3093 1912 3117 Salomon
1926 3091 2121 3124 praefigurabat

1482 3137 1612 3163 Christum
1634 3137 1684 3162 166
1702 3143 1729 3161 v.
1748 3137 1781 3161 20

1535 3195 1570 3200 -
1589 3184 1617 3206 ut
1635 3188 1679 3206 rex
1705 3181 1762 3206 vult
1786 3187 1897 3212 regnare
1922 3180 1946 3205 in
1976 3180 2054 3205 corde
2075 3187 2121 3212 per

1482 3225 1561 3251 fldem
1586 3225 1618 3250 Vl
1648 3224 1698 3250 324
1719 3224 1753 3250 34
1772 3239 1807 3243 -
1825 3224 1956 3250 desiderat
1979 3224 2122 3256 principari

1481 3270 1555 3296 cordi
1575 3269 1618 3295 vn
1639 3269 1688 3294 489
1710 3269 1741 3294 47

1535 3327 1569 3332 -
1579 3313 1681 3339 Christo
1692 3313 1860 3339 serviendum
1873 3317 1996 3346 tanquam
2009 3313 2121 3338 Domino

1482 3362 1506 3383 et
1526 3358 1653 3383 salvatori
1680 3357 1723 3383 vll
1744 3358 1793 3383 207
1822 3358 1855 3382 65
1880 3371 1916 3377 -
1940 3358 2035 3383 0101105
2061 3357 2121 3382 facit
