2427 3872
372 247 437 275 CER
458 246 513 280 (15)

125 294 171 321 231
198 293 230 320 47
249 308 285 312 --
303 292 440 325 Apparitio
460 291 554 318 Christi
573 291 599 318 in
619 294 707 317 monte
726 297 767 317 ex-

123 337 215 371 primit
233 337 343 369 gloriam
363 339 423 369 post
439 336 658 362 resurrectionem
678 334 711 362 ib.
732 334 765 361 48

160 382 193 408 15
212 395 249 402 -
267 384 307 408 est
331 381 461 407 mediator
480 381 523 406 Vll
550 378 600 407 172
621 380 654 406 30
673 394 709 399 -
728 382 766 405 est

123 426 253 453 mediator
271 433 319 458 per
340 425 528 452 incarnationis
552 424 709 456 mysterium
727 430 766 449 re-

123 471 172 498 late
191 470 225 497 ad
244 473 365 496 naturam
385 470 402 495 5
427 469 470 495 17.
488 469 522 495 97
548 469 581 495 36
602 482 637 497 -,
655 471 695 494 εει
714 474 766 494 me-

122 515 208 541 diator
220 515 283 541 novi
297 514 445 540 testamenti
455 520 502 546 per
514 513 672 545 sanguinem
686 519 764 538 suum

123 557 177 584 5484
195 559 227 584 29
247 573 282 576 -
301 560 341 584 εει
359 557 489 583 mediator
507 556 656 584 secundum
674 557 765 582 huma·

122 610 182 629 nam
201 606 322 629 naturam
336 605 364 628 ut
377 603 476 628 unitam
496 601 602 627 divinae
613 601 644 626 Vl
664 600 715 626 449
732 600 765 626 15

123 662 156 666 -
176 650 231 673 erat
250 647 355 673 medius
374 647 441 673 inter
460 647 544 672 Deum
568 648 594 672 et
615 645 764 676 hominem,

122 693 208 719 minor
228 692 281 718 Deo
301 694 326 717 et
345 691 429 718 maior
442 691 550 717 homine
569 690 615 717 541
641 690 657 716 5
670 690 766 715 —suit

122 736 226 762 medius
244 736 311 762 inter
330 729 464 762 hominem
477 738 503 761 et
521 735 619 766 Deum,
638 734 699 767 quia
720 735 765 760 ho-

121 780 220 806 minem
239 780 294 806 Deo
313 780 492 806 reconciliavit
510 779 562 805 540
583 779 598 805 4

176 839 211 843 -
229 831 258 851 εε
276 824 394 851 exhihuit
411 824 529 851 medium
549 824 583 850 ad
603 829 765 855 congregan-

121 869 187 896 dum
207 869 297 895 fideles
321 869 355 895 ad
379 876 408 895 se
428 869 461 895 Vl
487 869 539 895 540
560 869 575 894 2
595 883 630 887 -
649 870 689 894 εει
712 874 764 893 me-

121 913 194 940 dium
214 913 306 939 uniens
325 913 416 939 ssdeles
435 914 533 939 unitate
546 913 620 945 pacis
633 912 680 939 541
698 911 715 938 7
729 926 764 931 -

122 958 169 984 suit
200 959 304 984 medius
328 959 397 984 inter
421 958 555 984 hominem
582 961 608 984 et
632 957 763 989 Angelum

122 1003 298 1035 pacificando,
318 1006 343 1029 et
356 1003 460 1029 medius
474 1003 539 1029 inter
553 1002 686 1032 homines,
701 1001 762 1034 quia

121 1053 168 1073 eos
186 1047 220 1074 ad
239 1048 406 1074 concordiam
426 1047 563 1074 revocavit
582 1046 633 1072 540
655 1046 670 1071 4

174 1105 210 1111 -
228 1095 267 1118 εει
285 1092 403 1118 medium
417 1092 509 1118 uniens
528 1085 644 1117 extrema
664 1091 696 1117 Vl
711 1090 762 1116 259

122 1136 155 1162 59
175 1151 210 1155 -
230 1137 277 1163 suit
296 1137 414 1163 medium
427 1137 552 1163 rationale
571 1136 697 1162 ordinans
708 1135 763 1161 duo

121 1183 274 1207 testamenta
305 1182 338 1208 ad
371 1181 588 1208 manifestandam
607 1180 762 1212 veritatem,

121 1226 238 1252 medium
259 1226 358 1252 morale
376 1226 519 1252 moderans
538 1228 612 1251 actus
630 1225 665 1251 ad
690 1224 763 1250 recti-

120 1270 237 1296 tudinem
257 1271 361 1297 virtutis
379 1274 404 1297 et
423 1271 541 1297 medium
562 1270 680 1296 naturale
704 1276 764 1295 con·

121 1317 270 1347 temperans
285 1316 319 1341 ad
335 1315 506 1341 valitudinem
522 1315 612 1341 salutis
632 1314 678 1341 541
697 1314 714 1340 7

175 1374 208 1378 -
227 1363 277 1386 stat
295 1360 322 1386 in
341 1360 429 1386 medio
451 1361 481 1385 Vl
502 1360 549 1385 621
576 1361 585 1384 1
609 1374 644 1377 -
657 1366 763 1391 semper

121 1404 238 1430 medium
257 1405 361 1438 quaerit
380 1405 422 1431 Vll
441 1404 492 1430 124
513 1404 545 1430 46
564 1419 600 1423 —
619 1407 647 1430 ut
666 1404 763 1429 media-

120 1451 161 1475 tor
179 1449 226 1475 Dei
239 1452 264 1475 et
277 1450 415 1476 hominum
428 1456 535 1482 semper
546 1449 631 1481 diligit
644 1448 762 1474 medium

122 1493 174 1519 104
193 1494 222 1519 61
240 1508 275 1512 -
288 1494 382 1520 dicitur
395 1497 464 1520 stare
484 1494 509 1519 in
523 1493 611 1519 medio
630 1496 656 1519 et
674 1494 761 1519 locum

121 1538 240 1564 medium
258 1539 404 1570 specialiter
426 1539 524 1570 eligere
549 1538 581 1563 Vi
602 1538 653 1563 259
674 1537 707 1562 59
727 1551 762 1555 -

120 1585 193 1608 stans
212 1583 238 1608 in
257 1583 344 1609 medio
367 1583 480 1609 ostendit
498 1590 526 1609 se
546 1582 718 1608 mediatorem
737 1584 763 1607 et

121 1627 344 1653 reconciliatorem
365 1628 416 1654 512
435 1628 479 1653 38.
492 1628 535 1654 Vll
550 1627 602 1652 598
623 1626 655 1652 46
669 1641 703 1644 -
723 1629 763 1652 εει

121 1672 147 1697 in
168 1672 255 1698 medio
275 1673 299 1698 in
319 1673 452 1698 nativitate
470 1674 496 1698 et
521 1672 548 1697 in
573 1671 709 1703 passione,
734 1674 763 1696 ut

122 1717 250 1743 mediator
271 1717 302 1743 Vl
316 1717 366 1743 496
386 1718 420 1743 30
435 1731 468 1735 -
482 1716 528 1742 suit
547 1716 572 1742 in
592 1715 680 1741 medio
694 1722 763 1741 eom-

122 1762 258 1788 municans
276 1762 400 1788 omnibus
413 1761 481 1787 bona
501 1768 547 1787 sua
568 1760 614 1786 541
640 1760 655 1785 9

176 1820 210 1826 —-
229 1807 276 1832 suit
294 1807 320 1832 in
339 1806 427 1832 medio
444 1808 572 1839 quantum
591 1804 626 1830 ad
651 1804 764 1837 aequali-

121 1854 199 1877 tatem
214 1852 270 1877 sine
283 1857 455 1883 personarum
469 1849 622 1883 acceptione
636 1849 668 1874 Vl
682 1848 728 1874 541
747 1848 763 1873 9

121 1909 157 1915 -
176 1899 215 1922 εει
234 1896 258 1921 iu
279 1896 367 1921 medio
387 1895 454 1920 sicut
471 1901 517 1920 cor
537 1893 656 1919 animalis
674 1893 707 1918 ad
727 1892 764 1918 vi-

121 1940 293 1971 vificandum,
306 1940 374 1966 sicut
386 1939 492 1965 lucerna
505 1938 539 1964 ad
553 1937 763 1970 illuminandum,

121 1985 189 2011 sicut
201 1985 322 2011 columna
336 1984 370 2010 ad
383 1983 566 2009 sustinendum
580 1981 615 2009 ib.
635 1983 668 2008 10
681 1997 717 2001 —-
731 1982 765 2008 ia-

122 2029 176 2056 cuit
195 2030 220 2055 in
234 2029 323 2056 medio
337 2029 451 2055 duorum
471 2027 638 2060 animalium,
651 2027 720 2053 sedit
737 2027 763 2053 in

123 2074 212 2100 medio
230 2074 383 2106 doctorum,
403 2073 530 2105 pependit
548 2072 575 2098 in
588 2072 676 2098 medio
690 2073 765 2098 latro·

123 2126 203 2152 num⁷
223 2118 370 2145 ambulavit
383 2118 408 2144 in
428 2118 517 2144 medio
536 2117 765 2151 candelabrorum,

121 2164 192 2189 stetit
211 2164 238 2190 in
257 2164 346 2190 medio
366 2163 556 2195 discipulorum
577 2162 628 2188 542
652 2163 678 2188 11

176 2222 212 2227 --—
224 2215 253 2234 se
265 2208 383 2234 exhibuit
395 2207 512 2240 primum
525 2207 559 2233 ad
576 2205 764 2240 deducendum,

120 2253 298 2279 novissimum
327 2252 360 2278 ad
388 2251 583 2284 protegendum
612 2251 646 2277 ab
672 2250 766 2277 ictibus

123 2298 337 2330 persequentium
364 2297 395 2322 Vi
415 2296 467 2322 540
487 2297 502 2321 2
522 2310 558 2315 -
576 2300 631 2322 erat
655 2296 766 2326 ductor,

124 2341 181 2367 sine
200 2348 254 2374 quo
279 2341 402 2373 discipuli
425 2343 499 2367 erant
522 2341 549 2366 in
573 2340 690 2373 periculo
715 2340 765 2365 323

125 2385 159 2411 27
179 2399 214 2405 -
232 2388 272 2412 εει
290 2385 343 2411 dux
371 2385 499 2411 exercitus
526 2385 591 2411 caeli
618 2386 767 2410 confortans

126 2434 274 2462 pugnantes
299 2430 350 2456 630
378 2430 410 2455 12
429 2444 465 2448 -
481 2432 523 2458 ,εει
548 2429 601 2455 dux
620 2431 708 2455 noster
732 2428 766 2454 ad

126 2477 222 2500 terram
242 2475 401 2507 promissam
420 2474 462 2500 Vll
483 2474 534 2500 356
552 2473 587 2499 72

180 2534 215 2538 —
234 2522 274 2546 est
286 2518 429 2546 advocatus
441 2521 530 2545 noster
542 2519 568 2544 in
582 2518 654 2544 caelo
668 2518 700 2543 Vi
717 2516 765 2542 137

123 2569 153 2589 ν.
182 2564 191 2589 1
215 2577 251 2584 -—
269 2564 316 2590 suit
344 2564 489 2590 advocatus
516 2566 542 2589 et
570 2562 717 2589 consolator
742 2560 766 2586 in

127 2609 273 2639 praesentia
296 2608 427 2640 corporali
448 2607 493 2634 441
518 2607 552 2633 25
572 2621 605 2626 -
625 2609 665 2633 εει
687 2606 767 2632 advo-

127 2654 201 2678 catus
219 2655 308 2679 noster
327 2653 400 2685 apud
419 2653 521 2678 Patrem
541 2652 575 2678 ad
600 2657 767 2684 propugnan-

127 2696 191 2722 dum
211 2697 262 2723 603
283 2698 298 2723 2
318 2711 353 2717 -
371 2700 410 2723 est
426 2697 571 2723 advocatus
589 2698 719 2729 quantum
732 2693 766 2720 ad

127 2747 281 2774 personam,
301 2745 329 2767 ut
348 2741 476 2767 mediator
495 2741 545 2767 443
566 2741 599 2766 36

181 2799 215 2803 -
233 2789 273 2811 εει
291 2784 409 2813 salutare
422 2786 467 2811 Dei
480 2785 626 2812 secundum
646 2783 767 2810 humani-

128 2831 206 2855 tatem
226 2829 269 2856 Vll
288 2830 322 2855 73
343 2830 376 2855 13
395 2844 431 2849 —-
449 2830 544 2856 dicitur
569 2829 681 2855 salutare
706 2827 766 2858 Dei,

127 2873 189 2905 quia
208 2877 332 2905 operatus
351 2877 390 2900 est
402 2875 513 2900 salutem
534 2873 566 2898 Vi
586 2872 632 2898 631
658 2880 684 2897 v.
702 2872 718 2897 6
734 2885 766 2890 -

127 2919 167 2942 εει
185 2918 255 2943 salus
273 2918 364 2950 popuii
385 2918 431 2943 151
454 2925 481 2944 v.
500 2917 535 2943 25
552 2931 584 2936 —-
596 2919 635 2942 est
653 2916 767 2953 salvath

128 2963 154 2986 et
172 2965 352 2994 propugnator
371 2962 461 2995 populi
475 2962 521 2987 Dei
540 2961 574 2986 78
588 2967 614 2986 v.
636 2960 669 2986 15
681 2974 716 2979 -—
729 2963 768 2986 est

129 3005 286 3038 principium
306 3007 396 3033 salutis
421 3009 524 3033 nostrae
548 3006 599 3031 282
622 3005 655 3030 23
674 3019 710 3023 -
729 3008 768 3030 εει

129 3049 199 3076 salus
217 3050 372 3077 universalis
390 3051 508 3083 gentium
522 3050 565 3076 Vll
582 3050 615 3074 60
634 3049 668 3074 70
682 3063 717 3069 -
729 3053 768 3075 εει

130 3093 200 3120 salus
224 3097 250 3120 et
268 3095 382 3121 salvator
406 3095 458 3121 255
478 3095 510 3120 10
529 3107 567 3119 -.
583 3096 622 3119 est
640 3100 703 3119 vere
721 3094 768 3119 sal-

131 3140 207 3164 vator
229 3139 366 3165 hominum
387 3138 415 3165 41
444 3137 555 3164 137349
576 3137 610 3163 24
623 3151 658 3156 -
671 3139 769 3164 estsal-

131 3184 206 3208 vator
227 3183 333 3215 mundi,
360 3190 411 3209 non
432 3185 531 3208 tantum
559 3182 715 3209 ludaeorum
735 3182 767 3208 Vl

132 3226 182 3251 299
194 3227 228 3252 62
238 3240 274 3246 -
283 3227 402 3253 Salvator
414 3229 483 3252 recte
495 3226 592 3252 dicitur
601 3226 712 3253 salutare
723 3227 767 3253 Dei

130 3270 182 3296 628
195 3271 205 3296 1
220 3272 291 3297 —ln
301 3271 404 3297 Christo
412 3271 468 3296 solo
480 3272 519 3296 est
532 3270 602 3296 salus
615 3270 658 3297 Vll
673 3270 724 3297 477
736 3272 768 3298 14

184 3327 220 3334 -—
238 3318 294 3341 erat
306 3315 457 3346 redemptor
475 3314 583 3346 mundi,
597 3322 677 3348 quem
697 3316 770 3343 rede-

132 3358 179 3384 mit
197 3365 243 3385 sua
257 3358 352 3384 iustitia
373 3358 404 3384 Vl
419 3358 469 3384 458
489 3358 522 3383 18
535 3373 570 3377 -
583 3362 622 3385 εει
640 3360 711 3386 solus
723 3360 769 3394 qui

794 201 831 234 ΙΝ
854 201 1149 235 COMMENTAfflos
1173 203 1202 235 S.
1227 203 1454 236 SCRIPTURAE

804 293 890 322 potest
908 290 1010 318 salvare
1030 290 1072 316 Vll
1096 291 1146 316 238
1170 291 1203 316 67
1221 305 1255 309 ——
1274 298 1380 323 semper
1400 293 1447 318 sol-

2063 210 2121 241 701

1735 250 1798 277 Cun
1820 251 1875 284 (¹5)

1538 307 1572 313 —
1591 297 1629 320 est
1649 295 1818 327 propitiator,
1847 303 1896 322 non
1926 301 2062 323 accusator
2093 298 2123 323 Vl

802 334 887 361 licitus
906 335 954 361 suit
972 338 998 360 et
1016 337 1110 366 potens
1127 335 1195 361 circa
1216 336 1324 361 humani
1343 336 1448 367 generis
1485 338 1537 363 317
1555 338 1589 363 77
1609 353 1643 356 -
1663 340 1761 365 nullum
1782 344 1888 366 accusat
1907 348 1936 366 ex
1957 348 2001 373 se,
2021 342 2066 367 sed
2096 349 2125 368 ex

803 379 913 405 salutem
937 379 987 404 109
1007 379 1041 404 88
1068 394 1103 398 -
1129 380 1242 405 maxime
1267 380 1351 411 diligit
1378 381 1448 406 salu-
1485 388 1562 407 causa
1582 386 1670 409 nostra
1700 384 1751 408 318
1772 385 1799 408 81
1831 398 1865 402 --
1884 385 1944 410 exiit
1963 392 2009 417 per
2037 386 2126 412 sollici-

803 426 855 449 tem
876 423 1013 450 hominum
1035 423 1085 449 204
1106 424 1139 449 56
1162 438 1197 443 ——
1220 424 1352 450 desiderat
1379 425 1447 451 salu·
1484 426 1600 451 tudinem
1622 427 1772 460 requirendi
1792 436 1859 460 opus
1873 436 1949 454 suum
1967 430 2006 455 Vll
2028 431 2076 455 129
2092 431 2125 455 64

803 470 855 494 tem
871 468 1008 494 hominum
1031 471 1156 501 tanquam
1169 468 1259 495 cibum
1280 469 1312 494 Vl
1332 469 1383 494 297
1404 469 1446 494 51.
1484 484 1519 490 -
1538 478 1586 496 ῃοε
1606 471 1703 498 invenit
1723 473 1755 497 Vl
1782 473 1832 497 307
1854 474 1887 498 26
1908 488 1941 491 -
1961 474 2059 499 invenit
2084 476 2126 499 ho-

803 512 854 538 299
874 512 907 537 66

856 571 891 575 --
911 557 986 583 Pater
1005 557 1079 583 dedit
1097 556 1199 583 Christo
1219 557 1446 589 praedestinatos,

803 603 831 626 ut
849 601 933 628 salvet
951 608 1044 627 omnes
1063 601 1095 627 Vi
1116 601 1167 627 469
1189 602 1221 627 10
1235 601 1270 626 2·
1288 616 1324 619 -—
1349 601 1447 627 Omnes

802 645 830 671 in
842 645 952 672 nomine
971 645 1064 672 Christi
1083 646 1202 672 salvandi
1224 645 1275 672 474
1294 646 1329 672 37
1341 660 1377 665 -
1390 646 1447 672 Nul-

802 690 842 716 lus
859 690 976 716 salvatur
995 690 1045 716 nisi
1064 697 1112 722 per
1131 690 1224 716 Filium
1245 691 1296 716 288
1317 691 1350 717 58

855 748 891 754 --
910 735 1014 761 salvum
1035 735 1095 761 facit
1114 742 1161 767 per
1175 735 1255 761 iidem
1276 735 1319 761 Vll
1340 735 1390 760 188
1412 735 1445 760 84

800 792 836 798 -
855 779 938 805 salvat
956 779 1093 806 credentes
1117 780 1143 805 in
1160 787 1189 805 se
1208 780 1260 805 212
1280 779 1314 805 85
1333 794 1368 798 ——
1388 780 1446 806 Nul-

801 824 841 850 lus
860 824 908 850 suit
925 824 1042 850 salvatus
1060 824 1117 850 sine
1141 824 1194 850 tide
1219 823 1313 850 Christi
1340 824 1372 850 Vl
1393 824 1445 856 255

804 868 836 894 42
866 883 901 888 -
930 869 977 894 Per
1001 868 1133 895 Christum
1162 876 1213 895 non
1233 869 1368 895 salvantur
1396 869 1446 896 nisi

802 913 827 938 in
847 920 909 939 eum
929 913 1067 939 credentes
1086 914 1137 939 282
1158 914 1201 945 25,
1222 915 1255 939 26
1269 928 1304 931 -
1318 914 1379 939 Sine
1393 913 1445 939 ilde

802 958 926 990 implicita
957 959 1000 984 vel
1029 958 1147 990 explicita
1178 958 1329 984 mediatoris
1358 958 1445 984 nullus

801 1003 848 1028 l‘uit
872 1003 962 1029 salvus
992 1003 1043 1029 449
1064 1003 1097 1029 15
1116 1018 1150 1022 --
1170 1010 1184 1029 a
1205 1003 1329 1029 sanandis
1347 1003 1373 1028 in
1393 1002 1445 1028 ani-

801 1054 843 1073 ma
869 1050 895 1073 et
922 1047 948 1073 in
976 1054 1088 1080 corpore
1112 1048 1305 1073 consessionem
1325 1047 1392 1074 ssdei
1406 1054 1444 1073 re-

800 1091 922 1125 quirebat
950 1092 1001 1118 306
1033 1093 1064 1117 18
1084 1107 1119 1111 -—
1138 1092 1233 1118 Anima
1257 1099 1309 1118 non
1338 1095 1444 1118 sanatur

800 1136 850 1163 nisi
868 1144 916 1169 per
935 1137 1015 1163 fldem
1035 1136 1128 1163 Christi
1148 1135 1210 1163 ibid.

854 1195 888 1199 ——
907 1181 998 1207 Nullus
1016 1182 1131 1207 salvatur
1144 1181 1194 1207 nisi
1208 1181 1360 1207 membrum
1374 1181 1444 1208 Chri-

800 1225 832 1251 sti
851 1228 877 1252 et
895 1225 944 1252 nisi
963 1228 1135 1252 conservetur
1148 1233 1163 1251 a
1176 1225 1277 1252 Christo
1297 1226 1330 1252 Vi
1345 1225 1396 1251 334
1410 1226 1444 1251 92

799 1271 881 1296 -ln
907 1270 1038 1297 Christum
1067 1270 1224 1303 aspicientes
1248 1277 1354 1303 semper
1381 1270 1445 1296 iibe-

800 1318 891 1341 rantur
911 1316 944 1341 83
964 1323 989 1341 v.
1011 1316 1038 1340 11

854 1373 890 1378 -
909 1360 1021 1386 salvavit
1035 1360 1155 1385 homines
1174 1366 1221 1391 per
1240 1360 1340 1391 lignum
1359 1359 1445 1385 crucis

800 1404 844 1430 Vll
858 1404 908 1430 440
924 1404 956 1430 46
971 1419 1004 1423 -
1018 1404 1121 1437 quaerit
1132 1404 1272 1430 salvandos
1285 1411 1332 1436 per
1346 1404 1445 1436 sapien-

800 1449 862 1475 tiam
884 1448 933 1475 477
959 1449 992 1474 14
1011 1462 1046 1468 —-
1065 1449 1149 1476 salvat
1167 1449 1284 1481 perditos
1304 1455 1351 1480 per
1370 1448 1446 1474 mise-

799 1493 939 1519 ricordiam
961 1492 1022 1519 ibid.
1036 1508 1071 1511 —
1084 1494 1168 1519 salvat
1187 1501 1201 1518 a
1221 1494 1289 1519 malo
1305 1493 1410 1525 culpae,
1429 1500 1444 1518 a

800 1539 869 1564 malo
888 1538 1035 1563 tentationis
1054 1538 1110 1563 sive
1130 1544 1251 1570 pugnae,
1264 1544 1278 1563 a
1293 1538 1362 1563 malo
1381 1544 1445 1569 poe-

799 1589 849 1608 nae
867 1583 925 1608 sive
939 1582 1059 1609 miseriae
1074 1582 1105 1608 Vl
1120 1582 1172 1608 557
1192 1589 1219 1608 v.
1233 1582 1265 1608 42
1279 1597 1313 1600 -
1333 1582 1445 1608 salvavit

799 1628 876 1654 israel
898 1627 938 1653 Vll
958 1628 991 1653 39
1013 1626 1064 1653 124

853 1685 889 1691 -
907 1672 941 1698 Ex
961 1671 1055 1698 Christi
1080 1671 1176 1704 pietate
1195 1675 1220 1697 et
1245 1671 1381 1697 clementia
1402 1678 1444 1696 ve-

800 1716 836 1742 nit
850 1717 921 1742 salus
940 1715 1065 1742 omnibus
1079 1716 1197 1748 populis,
1216 1723 1248 1742 ex
1260 1716 1388 1747 sapientia
1402 1716 1443 1741 lux

800 1760 938 1793 gentibus,
957 1768 988 1787 ex
1013 1761 1149 1787 maiestate
1169 1763 1194 1787 et
1219 1760 1335 1792 potentia
1360 1760 1443 1792 gioria

801 1805 920 1831 israelitis
940 1805 982 1831 Vll
996 1805 1030 1831 60
1051 1806 1099 1836 69,
1117 1805 1152 1831 73
1165 1806 1242 1831 —ln
1260 1805 1444 1837 redemptione

800 1850 894 1876 Christi
913 1850 1011 1882 pendet
1028 1851 1100 1876 salus
1118 1850 1237 1876 omnium
1257 1850 1291 1875 64
1306 1851 1349 1876 88.
1362 1850 1396 1875 90
1409 1863 1445 1869 -

800 1898 838 1921 εει
852 1895 966 1921 salvator
980 1898 1004 1921 et
1018 1895 1137 1921 medicus
1148 1902 1243 1921 sanans
1255 1902 1348 1921 omnes
1363 1895 1413 1920 189
1428 1895 1443 1920 3

799 1955 835 1960 -—
854 1941 912 1966 vult
939 1941 1049 1966 salutem
1078 1940 1198 1966 omnium
1227 1940 1260 1966 Vl
1281 1940 1332 1966 293
1353 1940 1386 1966 23
1409 1954 1444 1958 -

800 1992 854 2011 non
880 1987 980 2011 tantum
1009 1985 1132 2016 ludaeos,
1161 1985 1208 2010 sed
1227 1985 1305 2010 etiam
1335 1984 1445 2016 gentiles

800 2028 911 2056 curabat
924 2032 949 2055 et
962 2029 1082 2055 omnium
1102 2029 1212 2055 salutem
1226 2028 1332 2055 volebat
1345 2027 1396 2054 417
1410 2027 1443 2054 34

854 2088 890 2093 -
911 2074 1013 2106 accepit
1041 2076 1196 2106 potestatem
1226 2073 1260 2099 ad
1289 2073 1444 2099 salvandam

800 2125 907 2145 omnem
936 2125 1041 2144 carnem
1072 2119 1104 2144 Vl
1134 2117 1183 2143 467
1205 2117 1220 2143 4
1238 2117 1372 2143 —habet
1400 2124 1444 2149 po-

801 2166 920 2189 testatem
933 2163 1051 2188 salvandi
1069 2169 1176 2194 omnes,
1188 2162 1222 2188 de
1241 2161 1384 2194 generibus
1395 2161 1444 2186 sin-

802 2208 925 2239 gulorum
935 2226 941 2237 ,
960 2213 1012 2232 non
1026 2207 1143 2238 singulos
1157 2213 1285 2238 generum
1303 2205 1354 2231 469
1370 2206 1402 2230 10
1416 2204 1444 2231 2*

801 2266 837 2270 -
857 2254 1000 2284 utrumque
1017 2257 1108 2276 sexum
1128 2250 1276 2276 redemerat
1294 2253 1320 2275 et
1338 2250 1444 2282 utrique

802 2303 830 2322 se
858 2295 1025 2321 manifestare
1056 2293 1162 2320 volebat
1190 2294 1241 2319 504
1273 2294 1296 2319 1.
1329 2293 1379 2319 507
1410 2294 1443 2319 17

803 2354 838 2359 -
857 2346 901 2365 sex
921 2339 1047 2371 operibus
1072 2339 1182 2370 perfecit
1207 2341 1323 2364 nostram
1343 2338 1445 2364 redem-

803 2384 919 2416 ptionem
940 2383 982 2409 Vll
1008 2383 1058 2408 469
1085 2383 1118 2408 56
1138 2395 1173 2402 ·—
1198 2383 1308 2408 salutem
1327 2386 1444 2409 nostram

802 2434 988 2454 consummare
1006 2426 1174 2453 desiderabat
1190 2434 1237 2459 per
1256 2434 1325 2459 opus
1343 2427 1445 2453 redem-

802 2472 899 2505 ptionis
919 2471 951 2497 Vl
970 2471 1021 2497 297
1042 2471 1075 2497 54

855 2517 937 2542 —ln
962 2515 1144 2547 redemptione
1168 2519 1223 2541 erat
1252 2516 1376 2548 potentia,
1404 2523 1442 2542 sa-

802 2561 914 2593 pientia,
935 2559 1114 2586 misericordia
1141 2560 1182 2586 Vil
1209 2560 1260 2585 386
1292 2560 1324 2586 14
1352 2574 1389 2580 -
1418 2561 1443 2586 ln

802 2605 985 2636 redemptione
1010 2612 1106 2637 magna
1136 2604 1229 2631 Christi
1255 2605 1444 2631 condescensio

802 2648 865 2676 ibid.
885 2664 920 2667 —
933 2645 1064 2681 disposuit
1075 2649 1162 2675 omnia
1176 2650 1291 2676 suaviter
1305 2650 1331 2676 in
1344 2650 1445 2676 redem-

803 2693 901 2726 ptionis
921 2695 1053 2720 humanae
1072 2694 1257 2726 procuratione
1276 2695 1308 2720 Vl
1324 2694 1374 2719 160
1389 2702 1415 2720 v.
1430 2695 1439 2719 1

803 2750 838 2758 --
857 2738 969 2764 redemit
987 2745 1044 2770 nos,
1068 2746 1129 2764 cum
1155 2738 1243 2764 adhuc
1261 2739 1359 2765 inimici
1379 2746 1446 2764 esse-

803 2790 863 2809 mus
882 2782 933 2809 564
953 2790 979 2808 ν.
999 2783 1031 2809 13

857 2841 892 2847 -
910 2827 1024 2854 ostendit
1051 2828 1196 2860 potentiam
1222 2828 1342 2854 salvandi
1361 2830 1387 2853 et
1405 2834 1445 2853 oc-

804 2871 908 2898 cidendi
928 2872 971 2898 Vll
990 2872 1042 2898 205
1062 2873 1095 2898 56
1108 2873 1183 2898 —ln
1203 2872 1304 2898 Christo
1324 2875 1380 2898 erat
1392 2871 1445 2897 vir-

804 2919 846 2943 tus
864 2917 897 2943 ad
917 2917 1080 2948 sanandum,
1100 2924 1152 2943 non
1165 2917 1199 2943 ad
1212 2916 1379 2949 perdendum
1394 2916 1445 2942 124

805 2961 837 2987 43
857 2974 893 2980 -
912 2961 1013 2993 accepit
1032 2964 1186 2994 potestatem
1206 2961 1326 2987 salvandi
1339 2961 1446 2992 praede-

804 3005 912 3032 stinatos
931 3009 957 3032 et
975 3006 1109 3032 iudicandi
1137 3006 1220 3032 malos
1240 3005 1272 3031 Vl
1293 3005 1343 3031 469
1365 3006 1398 3030 10
1417 3004 1445 3030 2·

804 3064 839 3069 ——
853 3050 948 3077 Christi
962 3057 1056 3077 manus
1070 3054 1156 3083 potest
1174 3050 1275 3076 salvare
1290 3050 1332 3075 Vll
1346 3050 1398 3076 215
1411 3049 1444 3074 94

858 3109 892 3114 —
911 3098 951 3121 est
978 3099 1113 3127 reparator
1139 3102 1185 3127 per
1214 3094 1342 3126 passionis
1364 3100 1445 3120 reme·

805 3139 879 3165 dium
898 3142 927 3165 ut
946 3140 1052 3165 victima
1072 3140 1114 3165 Vll
1129 3140 1145 3164 5
1160 3139 1202 3167 17.
1215 3139 1251 3167 98,
1263 3139 1295 3164 38
1309 3152 1347 3160 -
1358 3141 1386 3164 ut
1398 3144 1445 3163 nos

805 3182 940 3217 liberaret,
959 3185 1043 3211 sactus
1060 3187 1100 3210 est
1127 3191 1176 3216 pro
1204 3182 1280 3209 nobis
1299 3182 1375 3215 quasi
1394 3188 1444 3207 ser-

805 3235 856 3254 vus
875 3228 908 3255 Vl
929 3228 979 3254 364
996 3229 1025 3254 51
1043 3242 1078 3248 -
1091 3235 1138 3254 nos
1151 3227 1271 3254 liberavit
1289 3226 1445 3253 redimendo

805 3271 867 3299 ibid.
887 3285 918 3292 -·
940 3273 988 3299 Per
1006 3272 1137 3299 Christum
1157 3272 1353 3303 redemptorem
1376 3270 1445 3296 Deus

805 3317 922 3343 visitavit
940 3317 1070 3349 populum
1097 3323 1175 3343 suum
1194 3315 1378 3342 redimendum
1402 3314 1444 3339 Vll

807 3360 858 3387 172
878 3361 911 3387 30

1485 515 1569 541 mines
1590 516 1706 547 perditos
1724 523 1784 542 cum
1800 524 1895 548 magna
1911 518 2061 544 difficultate
2082 519 2123 544 vn

1485 559 1536 584 385
1564 560 1590 585 11
1613 574 1646 578 -
1666 561 1863 592 diligentissime
1883 562 2008 593 custodit,
2023 563 2068 588 sed
2085 570 2124 589 ne·

1485 603 1581 629 minem
1608 604 1719 629 invitum
1746 605 1829 630 salvat
1849 606 1880 631 Vi
1901 606 1952 630 329
1972 606 2005 631 64
2026 621 2060 625 -
2086 612 2124 633 est

1483 651 1653 673 conservator
1673 655 1814 679 corporum
1835 653 1860 674 et
1879 650 2017 681 spirituum
2037 651 2087 675 318
2112 652 2118 675 1

1538 705 1573 710 -
1591 695 1630 717 est
1648 691 1738 725 pastor
1763 693 1794 718 Vl
1815 693 1847 718 98
1871 701 1897 719 v.
1921 695 1945 718 11
1971 709 2005 712 -
2024 698 2062 720 est
2081 702 2124 726 pa-

1483 739 1552 767 stor,
1571 737 1616 769 qui
1637 737 1719 768 pascit
1739 742 1764 762 et
1777 742 1915 763 conservat
1929 738 2009 763 vitam
2024 739 2074 763 386
2094 740 2123 764 13

1482 794 1519 800 -
1528 787 1557 806 se
1570 780 1687 806 exhibuit
1698 784 1837 813 pastorem,
1852 789 1942 813 regem
1954 786 1979 807 et
1989 783 2124 808 doctorem

1484 825 1526 851 Vll
1541 825 1592 852 375
1613 825 1641 850 51
1660 839 1695 844 -
1711 829 1750 851 εει
1763 825 1848 851 bonus
1861 830 1949 858 pastor
1969 827 2076 852 sollicite
2090 828 2124 852 vi-

1482 870 1566 901 gilans
1579 870 1611 896 w
1624 870 1675 896 582
1686 870 1702 896 5
1712 884 1747 889 -
1757 874 1796 896 εει
1806 874 1895 902 pastor
1909 872 1967 903 pius
1978 872 2002 896 in
2014 879 2124 903 suppor-

1482 914 1561 940 tando
1576 913 1638 940 ibid.
1653 929 1688 933 -—-
1702 918 1730 940 ut
1743 922 1822 941 verus
1836 919 1925 946 pastor
1939 916 2083 947 ingreditur
2099 917 2122 941 in

1482 959 1552 985 ovile
1565 960 1661 985 38512
1677 974 1709 978 -
1723 960 1770 985 suit
1780 963 1868 991 pastor
1881 961 1906 985 in
1922 961 2123 992 praedicatione,

1482 1010 1593 1036 pascens
1611 1011 1676 1030 oves
1695 1011 1756 1030 suas
1775 1004 1834 1030 cibo
1854 1005 1987 1031 doctrinae
2006 1006 2051 1031 581
2078 1007 2093 1031 2

1537 1049 1695 1074 —maxime
1707 1049 1793 1081 diligit
1806 1056 1870 1075 oves
1890 1054 1918 1075 ut
1933 1049 2019 1076 bonus
2033 1054 2121 1082 pastor

1482 1093 1516 1119 Vi
1536 1094 1587 1119 386
1617 1094 1649 1119 16
1670 1093 1804 1120 —habet
1828 1101 1919 1120 curam
1943 1095 1977 1121 de
2001 1095 2123 1121 omnihus

1482 1139 1595 1165 maxime
1613 1142 1742 1172 quantum
1762 1139 1795 1165 ad
1815 1147 1844 1165 ea
1865 1147 1933 1172 quae
1952 1144 2013 1165 sunt
2034 1141 2124 1166 salutis

1484 1183 1525 1209 Vll
1551 1184 1602 1209 189
1623 1184 1638 1209 2
1659 1198 1693 1202 -
1712 1184 1826 1216 protegit
1851 1191 1915 1210 oves
1935 1192 1981 1217 per
2006 1188 2122 1211 constan-

1481 1228 1544 1254 tiam
1564 1228 1668 1254 virtutis
1694 1229 1726 1254 Vl
1747 1228 1798 1254 582
1828 1229 1844 1255 5
1863 1243 1898 1248 -
1917 1230 2034 1255 defendit
2059 1237 2122 1256 oves

1482 1279 1530 1305 per
1553 1273 1696 1305 potentiam
1722 1274 1789 1300 sicut
1808 1274 1890 1300 David
1915 1274 1961 1299 391
1987 1275 2020 1300 39
2040 1288 2074 1293 -
2094 1278 2121 1300 ut

1482 1317 1568 1343 bonus
1590 1321 1679 1349 pastor
1704 1321 1879 1350 congregatos
1904 1319 2020 1344 defendit
2045 1319 2122 1345 disci-

1482 1362 1559 1394 pulos
1579 1362 1622 1387 vti
1644 1361 1734 1387 1341.
1756 1363 1804 1387 136
1824 1362 1840 1386 7
1861 1376 1895 1381 -
1914 1363 2047 1395 praecedit
2059 1370 2122 1390 oves

1481 1406 1655 1432 custodiendo
1675 1406 1725 1432 486
1745 1406 1779 1432 42

1536 1464 1571 1470 -
1590 1451 1671 1476 Nemo
1691 1454 1777 1483 potest
1795 1458 1889 1483 rapere
1908 1452 1941 1477 de
1961 1459 2039 1477 manu
2054 1452 2122 1478 Chri-

1482 1495 1514 1520 sti
1534 1495 1567 1520 Vl
1588 1495 1634 1520 391
1663 1495 1696 1520 40
1716 1509 1752 1514 ——
1773 1496 1843 1522 Oves
1861 1503 1913 1522 nou
1934 1497 2071 1528 rapiuntur
2090 1497 2123 1522 de

1483 1546 1563 1565 manu
1583 1538 1678 1565 Christi
1698 1547 1727 1566 ex
1747 1539 1922 1567 imbecillitate
1941 1541 2123 1572 custodientis,

1482 1583 1529 1610 sed
1548 1591 1580 1609 ex
1600 1584 1748 1610 infirmitate
1767 1585 1890 1611 custoditi
1910 1586 1961 1611 393
1981 1585 2014 1611 54

1535 1641 1571 1647 -
1590 1635 1701 1660 gregem
1727 1636 1805 1655 suum
1830 1636 1882 1655 non
1901 1630 1950 1655 nisi
1976 1631 2072 1656 amanti
2099 1634 2123 1656 et

1482 1673 1568 1704 magis
1587 1673 1685 1698 amanti
1699 1674 1755 1698 vult
1775 1674 1938 1699 committere
1962 1674 2060 1700 V1525
2081 1675 2122 1705 31,

1481 1717 1524 1743 33.
1544 1717 1595 1743 526
1616 1717 1649 1742 38

1536 1776 1570 1780 -
1599 1761 1702 1788 Christo
1726 1769 1773 1794 per
1798 1762 1973 1788 excellentiam
2000 1763 2123 1789 convenit

1481 1813 1642 1838 cognoscere
1661 1814 1726 1832 oves
1745 1814 1806 1832 suas
1833 1810 1859 1832 et
1884 1807 1997 1833 educere
2025 1814 2069 1832 eas
2089 1807 2122 1832 ad

1481 1858 1580 1883 pascua
1600 1851 1632 1877 Vl
1653 1851 1705 1877 384
1725 1851 1740 1877 4
1761 1866 1794 1869 -
1814 1852 1948 1883 cognoscit
1974 1858 2038 1877 oves
2061 1858 2122 1877 suas

1481 1903 1496 1921 a
1516 1896 1592 1922 malis
1610 1896 1797 1926 discernendo,
1818 1903 1870 1921 non
1891 1896 1967 1927 facie,
1981 1895 2027 1921 sed
2041 1896 2120 1921 corde

1482 1941 1528 1966 391
1554 1941 1586 1966 38
1606 1954 1641 1960 -
1660 1941 1794 1972 cognoscit
1813 1947 1877 1966 oves
1897 1947 1944 1972 per
1969 1941 2119 1966 eiectionem

1481 1988 1508 2011 et
1525 1992 1573 2017 per
1585 1984 1803 2017 approbationem
1821 1985 1872 2011 582
1892 1986 1907 2010 8

1534 2043 1570 2048 -
1589 2028 1682 2055 Christi
1707 2029 1841 2060 diligentia
1866 2030 1891 2055 in
1910 2029 2000 2055 ovium
2026 2029 2121 2055 discre-

1482 2074 1551 2100 tione
1579 2077 1605 2099 et
1632 2074 1781 2105 cognitione
1809 2074 1842 2099 Vl
1872 2074 1921 2100 387
1955 2074 1985 2098 19
2004 2087 2039 2092 -
2058 2080 2122 2098 oves

1481 2125 1543 2144 suas
1561 2118 1673 2150 provide
1695 2118 1794 2144 adunat
1812 2125 1842 2144 ex
1867 2118 1968 2144 ludaeis
1996 2122 2020 2143 et
2039 2118 2122 2150 genti-

1482 2163 1533 2189 bus
1552 2163 1577 2188 in
1597 2170 1680 2188 unum
1693 2163 1762 2188 ovile
1780 2166 1806 2188 et
1825 2163 1880 2194 ipse
1894 2167 1932 2188 est
1952 2170 2020 2188 unus
2033 2166 2122 2194 pastor

1481 2206 1516 2234 ib.
1539 2208 1567 2233 21
1585 2222 1620 2226 —-
1634 2214 1699 2233 oves
1717 2207 1812 2233 electas
1830 2214 1860 2233 ex
1877 2206 1999 2239 gentibus
2015 2207 2121 2233 adduxit

1482 2252 1575 2278 merito
1588 2251 1718 2284 passionis
1736 2254 1762 2277 et
1775 2251 1969 2283 praedicatione
1988 2251 2122 2283 Apostolo-

1481 2303 1541 2322 rum
1563 2297 1613 2322 389
1635 2296 1667 2321 29

1535 2354 1571 2359 -
1589 2339 1693 2366 exhibet
1718 2343 1817 2365 certum
1845 2339 1986 2370 indicium,
2012 2346 2039 2364 se
2065 2346 2121 2365 csse

1482 2392 1575 2411 verum
1601 2387 1749 2416 pastorem,
1768 2384 1830 2416 quia
1856 2384 1946 2409 fideles
1965 2383 1989 2408 ei
2013 2384 2121 2409 credunt

1482 2432 1508 2455 et
1520 2436 1580 2455 eum
1595 2432 1748 2461 sequuntur,
1762 2431 1787 2454 et
1807 2428 1863 2460 ipse
1876 2435 1920 2454 eas
1934 2432 2072 2454 conservat
2088 2428 2119 2453 Vl

1483 2474 1533 2499 390
1554 2474 1587 2499 38
1601 2487 1635 2492 -
1648 2472 1719 2498 Oves
1738 2472 1832 2498 Christi
1852 2473 1885 2498 ad
1906 2473 1992 2504 ipsum
2012 2467 2135 2499 concur-⁸

1481 2521 1542 2545 runt
1560 2517 1594 2544 ad
1608 2517 1745 2543 veritatem
1758 2520 1784 2543 et
1796 2518 1906 2543 salutem
1926 2518 2121 2550 percipiendam

1482 2563 1524 2588 Vll
1551 2562 1601 2588 146
1628 2561 1661 2588 44
1681 2576 1714 2580 -
1734 2561 1865 2588 Christum
1890 2566 2053 2594 cognoscunt
2076 2563 2121 2595 qui

1481 2609 1542 2633 sunt
1561 2606 1595 2632 de
1620 2605 1716 2632 ovibus
1741 2606 1797 2632 eius
1823 2606 1856 2632 53
1882 2606 1914 2631 38
1934 2606 2058 2632 -,Οι·εε
2081 2613 2121 2632 co—

1482 2654 1611 2683 gnoscunt
1629 2650 1761 2677 Christum
1781 2650 1897 2676 similiter
1916 2651 1983 2676 sicut
2005 2650 2122 2677 Christus

1482 2697 1583 2722 Patrem
1605 2696 1636 2720 Vl
1656 2695 1705 2720 387
1727 2695 1760 2720 20

1537 2754 1571 2758 —
1590 2743 1617 2765 ut
1637 2739 1724 2765 bonus
1743 2742 1831 2771 pastor
1856 2740 1958 2772 quaerit
1977 2746 2041 2765 oves
2067 2746 2122 2771 per·

1482 2784 1550 2810 ditas
1578 2784 1620 2810 Vll
1649 2784 1700 2809 385
1731 2784 1757 2809 11
1791 2797 1823 2801 -
1849 2791 1898 2815 pro
1925 2783 2022 2809 ovibus
2050 2785 2121 2809 inve-

1483 2827 1585 2854 niendis
1605 2827 1733 2853 laboravit
1753 2834 1837 2860 usquc
1856 2827 1889 2853 ad
1910 2832 2021 2854 mortem
2042 2827 2102 2854 ibid.

1537 2886 1571 2891 —-
1590 2879 1650 2901 cum
1677 2872 1791 2897 maximo
1815 2872 1913 2903 gaudio
1938 2872 2024 2897 retulit
2041 2873 2122 2897 homi-

1482 2923 1542 2943 nem
1563 2916 1695 2948 pcrditum
1713 2916 1754 2942 Vll
1775 2916 1825 2941 385
1847 2916 1879 2941 12
1899 2930 1933 2934 -
1953 2916 1977 2941 in
1998 2917 2121 2942 humeros

1482 2961 1567 2987 crucis
1586 2967 1664 2986 ovem
1680 2960 1808 2991 perditam
1829 2960 1952 2990 imposuit
1966 2960 2030 2985 etin
2044 2967 2121 2986 cruce

1483 3008 1588 3037 peccata
1615 3007 1701 3030 nostra
1722 3003 1835 3035 portavit
1854 3002 1916 3029 ibid.
1935 3017 1971 3022 —
1995 3011 2073 3029 ovem
2096 3005 2121 3031 iu

1482 3049 1598 3075 humeris
1622 3048 1676 3074 suis
1701 3047 1839 3079 imposuit,
1863 3047 1992 3079 portando
2015 3053 2121 3079 peccata

1481 3097 1568 3120 nostra
1589 3093 1613 3118 in
1632 3095 1753 3123 suscepta
1768 3093 1882 3117 humana
1901 3095 1992 3118 natura
2012 3091 2075 3118 ibid.
2087 3107 2122 3112 —

1481 3140 1588 3170 peccata
1601 3140 1687 3162 nostra
1707 3136 1822 3168 portavit
1834 3136 1860 3161 in
1880 3142 1958 3162 cruce
1971 3140 1995 3162 et
2015 3143 2121 3163 crucem

1483 3181 1595 3214 portavit
1610 3181 1634 3206 in
1652 3180 1769 3206 humeris
1781 3179 1842 3206 ibid.
1855 3193 1891 3199 —
1904 3180 2023 3212 gaudens
2042 3188 2121 3214 super

1482 3227 1606 3251 humeros
1633 3231 1680 3250 nos
1703 3224 1818 3255 portavit
1842 3228 1950 3256 propter
1979 3226 2121 3251 maximam

1482 3269 1615 3295 caritatem
1635 3268 1669 3294 ad
1689 3267 1868 3295 liberationem
1889 3272 2005 3295 nostram
2024 3269 2086 3296 ibid.

1534 3326 1570 3332 —
1589 3316 1617 3338 ut
1635 3312 1751 3344 optimus
1770 3313 1900 3345 praelatus
1923 3314 1970 3340 mit
1988 3313 2122 3345 piissimus

1482 3360 1508 3383 et
1535 3357 1750 3388 vigilantissimus
1777 3361 1802 3383 et
1831 3357 1864 3383 ad
1892 3357 2012 3384 subditos
2039 3361 2064 3383 et
2087 3357 2122 3383 ad
