2476 3921
146 390 276 423 ltffilandum.

169 1244 277 1271 sagacitas

177 1272 264 1293 Christi.

136 1987 201 2009 Cauta
216 1992 279 2014 quae·

296 250 359 283 502

295 338 440 371 dubitant
467 340 498 370 et
533 334 723 376 subintelligi
758 333 883 372 volunt,
917 331 1031 365 diaboli
1067 340 1136 364 esse
1171 330 1256 373 quod

296 392 369 424 facit
385 405 416 423 ι»,
441 390 519 423 Haec
549 392 656 422 autem
679 387 833 420 dubitatio
856 385 999 419 veniebat
1028 384 1090 417 illis
1113 393 1155 417 ex
1186 392 1256 416 cor—

296 445 442 487 ruptione
473 442 680 476 conscientiae
711 449 808 480 suae;
844 439 928 473 unde
963 439 1254 481 chrysostomus¹z

302 512 316 527 «
333 498 441 531 Omnis
473 497 567 529 homo
599 494 773 529 secundum
798 502 832 527 se
855 493 1015 527 existimat
1037 492 1194 530 alterum,
1225 494 1257 524 et

296 551 483 584 fornicarius
506 549 662 582 neminem
683 551 774 590 putat
797 550 933 585 castum,
957 549 1063 579 castus
1079 554 1142 577 non
1166 543 1256 577 facile

295 605 333 638 de
360 603 529 637 fornicario
560 598 755 644 suspicatur,
787 600 946 643 superbus
976 599 1132 632 neminem
1165 600 1256 640 putat

296 657 466 695 humilem;
491 656 536 689 sic
566 655 620 698 qui
646 663 707 687 non
730 658 778 687 est
806 663 848 686 ex
872 653 936 686 Deo
968 651 1113 685 sacerdos
1130 649 1256 682 <nullius

296 710 505 744 sacerdotium
529 712 619 752 putat
642 717 710 741 esse
726 717 767 741 ex
791 707 856 739 Deo
873 719 902 738 ιι.
927 705 1014 738 Unde
1035 707 1067 737 et
1090 712 1202 736 caecus
1218 702 1255 734 il-

296 764 469 797 luminatus
484 762 637 804 arguebat
660 760 899 793 Pharisaeorum
917 758 1113 795 caecitatem,
1138 756 1191 798 qui
1208 755 1255 787 di-

296 817 422 855 cebant,
446 825 479 849 se
502 815 638 853 nescire,
669 814 753 847 unde
776 812 921 845 Christus
952 813 1048 848 esset,
1080 808 1253 845 secundum

297 869 373 902 illud
398 869 519 901 loannis
548 868 674 900 nono²z
704 879 720 895 α
745 867 777 898 ln
809 866 870 898 hoc
900 863 1046 896 mirabile
1076 856 1138 901 est,
1170 860 1254 903 quod

296 932 352 956 vos
375 922 514 960 nescitis,
538 920 621 953 unde
638 920 678 953 sit
694 933 724 951 n.
754 931 770 947 α
787 918 910 951 Scimus
925 920 1030 949 autem
1043 942 1051 955 ,
1075 914 1158 957 quod
1184 923 1255 956 pec-

296 979 418 1009 catores
441 975 525 1008 Deus
548 983 609 1006 non
634 972 739 1011 audit,
764 971 817 1004 sed
841 971 866 1003 si
891 970 963 1012 quis
987 970 1041 1002 Dei
1062 969 1255 1001 voluntatem

296 1028 399 1061 facit»
428 1030 486 1060 etc.
520 1026 589 1059 ldeo
620 1025 735 1058 dicitur
768 1022 973 1057 Ecclesiastici
1004 1022 1143 1055 decimo:
1173 1033 1189 1049 α
1221 1020 1255 1052 ln

297 1089 391 1112 manu
416 1079 470 1112 Dei
502 1081 639 1120 potestas
669 1076 806 1109 bominis
823 1088 860 1115 »;
885 1078 917 1108 et
947 1074 985 1107 ad
1019 1075 1172 1107 Romanos
1202 1072 1255 1105 de-

295 1133 375 1166 cimo
400 1132 510 1165 tertio:
539 1144 555 1160 «ι
570 1131 636 1163 Νοη
660 1133 708 1162 est
730 1132 868 1171 potestas
890 1128 948 1161 nisi
973 1137 992 1160 a
1015 1127 1079 1160 Deo
1096 1140 1111 1156 ι)
1139 1128 1198 1159 etc.

383 1186 414 1218 [ι.
439 1185 539 1226 (Vers.
565 1184 619 1224 3.).
638 1182 780 1216 Secundo
804 1185 958 1224 quantum
975 1180 1014 1213 ad
1037 1179 1254 1222 sayacitatem

297 1237 421 1271 Christi
443 1238 479 1270 in
510 1236 689 1269 resistendo
717 1234 886 1268 subditur:
912 1233 1120 1276 Respondeas
1143 1235 1255 1264 autem

296 1292 387 1324 Iesus
410 1291 497 1324 dixit
520 1289 567 1322 ad
590 1288 679 1321 illos:
706 1286 921 1329 Interreyabo
937 1296 994 1319 vos
1017 1289 1048 1318 et
1065 1294 1123 1328 390
1147 1293 1255 1317 unum

297 1344 440 1377 verbum.
465 1343 542 1376 Cum
566 1342 695 1375 deberet
712 1340 916 1382 respondere,
940 1337 1168 1380 interrogabat,
1192 1345 1254 1369 non

295 1398 369 1441 quia
392 1396 541 1435 nesciret,
564 1395 618 1429 sed
642 1395 717 1437 quia
740 1393 865 1426 melius
878 1393 1015 1435 ligantur
1040 1389 1102 1434 per
1119 1390 1255 1423 interro-

295 1451 450 1494 gationem
473 1449 585 1482 factam
609 1457 704 1491 quam
729 1456 786 1489 per
810 1445 1044 1488 responsionem
1066 1444 1253 1478 absolutam.

296 1504 381 1537 Unde
412 1502 532 1536 Beda⁸:
562 1514 578 1530 α
594 1502 717 1534 Poterat
747 1503 857 1542 aperta
888 1498 1091 1541 responsione
1122 1500 1255 1530 tentato-

298 1566 368 1590 rum
393 1555 580 1589 calumniam
598 1554 776 1593 confutare,
797 1553 851 1586 sed
868 1552 1042 1595 prudenter
1066 1551 1255 1592 interrogat,

297 1614 333 1643 ut
363 1609 411 1642 vel
435 1619 493 1642 suo
523 1608 660 1646 silentio,
693 1607 742 1640 vel
773 1616 830 1640 sua
861 1605 1015 1639 sententia
1046 1604 1255 1638 condemnen-

298 1667 350 1696 tur
368 1676 398 1702 »,
431 1662 512 1695 sicut
535 1670 632 1703 supra
662 1660 782 1693 decimo
813 1668 912 1692 nono:
942 1672 957 1688 c<
980 1658 1026 1691 Ex
1050 1666 1105 1690 ore
1139 1660 1193 1690 tuo
1225 1660 1255 1689 te

298 1716 418 1754 iudico,
453 1724 543 1748 serve
577 1722 711 1756 nequam
729 1727 760 1745 n.
796 1712 924 1745 Cautela
958 1712 1041 1745 enim
1076 1714 1138 1750 est,
1170 1709 1255 1753 quod

304 1782 319 1797 «
334 1768 462 1800 omnino
484 1766 660 1799 adversanti
684 1766 811 1799 omnino
834 1764 1064 1798 adversandum
1088 1764 1160 1797 est*
1177 1777 1208 1803 n,
1225 1766 1256 1796 et

299 1825 407 1855 contra
431 1820 672 1862 tergiversantes
694 1822 818 1861 oportet
841 1827 882 1852 ex
905 1818 986 1851 datis
1010 1817 1195 1860 procedere,
1219 1818 1261 1849 ut'

299 1874 475 1907 vincantur.

390 1928 418 1959 5.
444 1926 545 1968 (Vers.
570 1925 625 1966 4.).
651 1924 720 1958 Ideo
742 1928 834 1957 caute
862 1923 986 1966 quaerit
1009 1926 1040 1956 et
1064 1923 1255 1965 interrogat,

300 1984 350 2019 ut,
374 1979 526 2022 quidquid
547 1978 769 2020 respondeant,
786 1977 1028 2016 convincantur,
1046 1985 1118 2009 cum
1135 1976 1255 2009 subdit:

290 2033 496 2075 Respondete
519 2030 617 2065 milti:
647 2032 841 2074 Baptismus
865 2030 1002 2063 Ioannis
1022 2030 1110 2063 ande
1133 2029 1256 2063 erat⁶P

304 2086 347 2119 De
369 2085 476 2124 caeto,
501 2095 547 2118 an
569 2095 608 2117 ex
632 2083 844 2117 hominibus?
868 2084 911 2116 Ad
936 2084 995 2116 hoc
1019 2093 1081 2116 non
1112 2085 1258 2125 poterant

302 2139 491 2182 respondere
513 2138 571 2171 nisi
604 2138 786 2180 tripliciter:
810 2137 858 2170 vel
891 2137 1074 2179 simpliciter
1102 2136 1256 2175 tacendo,

301 2196 332 2225 et
355 2192 399 2225 sic
422 2194 512 2225 erant
534 2191 672 2230 confusi3
697 2191 746 2223 vel
769 2190 913 2230 dicendo,
938 2190 1022 2232 quod
1046 2193 1114 2223 erat
1140 2190 1179 2222 de
1202 2188 1257 2222 ho-

302 2245 463 2284 minibus,
494 2248 525 2278 et
556 2244 599 2277 sic
622 2244 661 2277 ab
693 2243 873 2277 hominibus
896 2247 1000 2276 essent
1032 2243 1175 2286 lapidati;
1208 2243 1258 2276 vel

301 2298 445 2337 dicendo,
469 2297 553 2340 quod
577 2297 616 2330 de
642 2297 720 2336 Deo,
745 2299 776 2330 et
798 2296 843 2330 sic
866 2296 1011 2330 Christus
1030 2297 1161 2330 haberet
1185 2305 1258 2339 pro-

302 2352 455 2394 positum,
475 2351 550 2393 quia
564 2351 692 2383 loannes
709 2350 870 2392 perhibuit
886 2350 1098 2383 testimonium
1113 2350 1152 2383 de
1168 2350 1258 2383 Chri-

303 2408 351 2437 sto
367 2405 397 2437 in
418 2413 475 2437 suo
491 2404 660 2446 baptismo,
678 2403 851 2437 secundum
876 2403 952 2436 illud
969 2403 1089 2436 loannis
1106 2403 1217 2446 quinto
1229 2403 1257 2436 ⁶:

376 2562 384 2577 ¹
405 2563 498 2589 Ilomil.
518 2563 561 2588 39.
581 2563 607 2588 in
635 2563 722 2588 Matth.
747 2563 776 2587 2¹
790 2583 796 2595 ,
821 2563 864 2588 23.
891 2563 950 2595 (Op.
972 2563 1138 2597 imperseet.).
1162 2565 1260 2590 Textus

305 2608 438 2640 originalis
456 2610 516 2639 post
533 2606 652 2634 alterum
671 2607 745 2632 addit
762 2613 810 2633 nec
826 2608 913 2640 potest
930 2607 986 2640 ipse
1003 2607 1099 2634 melius
1118 2608 1217 2634 sentire
1229 2608 1261 2635 de

305 2651 373 2684 tilio,
394 2658 476 2685 quam
495 2651 550 2684 ipse
567 2650 680 2677 senserit
699 2649 730 2675 dc
743 2656 780 2682 se,
796 2653 821 2675 et
839 2653 898 2682 post
912 2649 1040 2676 humilem
1059 2650 1196 2682 subiungit
1214 2650 1261 2677 hu-

305 2694 376 2721 milis
399 2694 532 2721 neminem
550 2693 633 2720 credit
651 2700 707 2720 csse
724 2692 880 2727 superbam.
901 2693 948 2719 Pro
966 2692 1116 2727 fornicario
1135 2694 1186 2719 Gll
1205 2694 1261 2727 for-

305 2739 446 2766 nicatione.

376 2783 386 2798 ²
406 2783 481 2809 Vers.
501 2784 544 2808 30.
568 2786 594 2808 et
619 2783 660 2808 31.
679 2796 715 2801 -
734 2782 790 2808 Duo
822 2789 896 2815 seqq.
921 2782 970 2807 loci
989 2785 1050 2808 sunt
1070 2782 1146 2808 Eccli.
1169 2782 1215 2813 40,
1236 2783 1262 2808 5.

306 2827 361 2857 (ubi
381 2835 429 2860 pro
445 2829 577 2861 potestas,
603 2827 676 2860 quod
701 2827 779 2852 etiarn
803 2826 941 2859 Rabanus,
967 2825 1045 2852 Card.
1070 2827 1146 2858 llugo
1165 2829 1191 2852 et
1215 2827 1262 2859 Ly-

305 2880 384 2899 ranus
402 2873 536 2903 exhibent,
556 2873 667 2904 Vulgata
685 2872 864 2906 prosperitas)
883 2878 909 2897 et
928 2872 1003 2897 Rom.
1027 2872 1070 2903 13,
1094 2872 1114 2897 1.

375 2916 385 2931 ²
404 2916 460 2943 Lib.
480 2917 512 2942 V.
531 2918 557 2942 in
576 2918 638 2943 Luc.
652 2917 699 2948 20,
719 2917 743 2943 3.
763 2916 804 2949 (ex
817 2924 872 2949 quo
883 2920 923 2942 est
941 2917 1031 2942 Glossa
1049 2915 1262 2948 ordinaria).—

306 2976 339 2980 -—
351 2962 473 2994 Sequitur
495 2962 555 2988 Luc.
571 2962 617 2992 v¹9,
636 2962 678 2987 22.
691 2975 727 2981 —-
739 2961 865 2994 Superius
878 2968 926 2994 pro
946 2960 1130 2995 interroqab‘at
1149 2962 1169 2987 Α
1179 2960 1198 2988 C
1210 2961 1230 2987 D
1240 2962 1261 2987 11

305 3006 464 3040 interroqat.
552 3011 555 3014 ’

375 3049 385 3064 ⁴¹
405 3051 523 3081 Aristot.,
542 3051 568 3076 ll.
582 3051 686 3076 Elench.
706 3056 729 3076 c.
741 3051 767 3075 2.
787 3049 820 3082 (r.
842 3049 908 3083 l7.):
928 3050 991 3075 Nam
1009 3050 1117 3075 omnino
1134 3050 1263 3076 adversus

305 3094 481 3119 contentiosos
499 3097 538 3119 est
556 3093 752 3126 reluctandum,
772 3100 823 3119 non
844 3096 872 3119 ut
890 3093 924 3119 ad
943 3100 989 3119 eos
1012 3093 1057 3126 qui
1085 3093 1263 3126 redarguunt,

305 3139 351 3164 sed
371 3139 415 3171 qui
434 3139 595 3171 redarguere
620 3141 764 3171 apparent,
783 3145 834 3164 non
854 3138 923 3164 enim
944 3138 1072 3169 dicimus,
1091 3145 1137 3164 eos
1156 3138 1264 3170 syllogi-

305 3189 377 3213 zare;
391 3190 486 3216 quare,
500 3185 527 3209 ut
540 3190 592 3209 non
605 3182 757 3214 videantur,
775 3182 933 3208 emendandi
952 3185 1039 3207 sunt...
1058 3182 1113 3207 Non
1126 3188 1191 3213 ergo
1204 3181 1263 3207 red-

306 3227 393 3258 argui,
412 3227 459 3253 sed
477 3227 560 3253 videri
579 3226 703 3258 redargui
728 3226 876 3252 cavendum
900 3228 939 3251 est
957 3228 1007 3251 ete.
1031 3224 1083 3251 Cl'r.
1106 3224 1170 3251 ibid.
1195 3231 1217 3250 c.
1238 3225 1263 3250 3.

307 3270 341 3301 (c,
362 3270 429 3303 22),
450 3270 494 3296 ubi
513 3271 547 3297 de
572 3270 742 3303 responsione
760 3269 797 3297 ad
815 3269 950 3297 hominem
974 3268 1030 3295 sive
1049 3276 1085 3296 ea·
1104 3268 1174 3296 datis
1194 3270 1263 3302 (eon-

285 3306 286 3309 '
307 3314 410 3346 cessis),
428 3315 462 3340 de
480 3322 532 3347 qua
545 3314 607 3341 vide
626 3315 703 3340 etiam
717 3315 758 3340 lV.
778 3315 890 3347 Metaph.
904 3316 964 3340 text.
976 3314 1002 3339 9.
1022 3313 1047 3339 in
1062 3314 1112 3339 ssne
1126 3313 1174 3346 (nt.
1190 3320 1212 3339 c.
1228 3312 1263 3346 t.)

307 3362 331 3383 et
351 3358 375 3383 S.
395 3358 502 3390 Thom.,
523 3359 546 3383 in
566 3358 598 3383 V.
623 3359 734 3391 Metuph.
754 3359 813 3385 lect.
838 3359 862 3384 6.
882 3358 950 3384 Vide
970 3361 1033 3384 tom.
1053 3358 1094 3384 Vl.
1115 3364 1176 3390 pag.
1196 3357 1263 3390 393,

307 3405 395 3427 notam
418 3402 456 3427 tl.

881 242 1075 276 COMMENT.
1100 242 1137 275 IN
1161 240 1400 274 EVANGELIUM
1424 239 1542 273 LUCAE
1566 239 1598 271 C.
1624 239 1686 272 XX.

1323 342 1339 358 <1
1356 329 1419 362 Vos
1443 328 1572 361 misistis
1591 327 1629 360 ad
1654 327 1817 366 loannem,
1841 327 1954 369 etipse
1978 327 2191 360 testimonium
2209 336 2281 369 per-

1319 382 1423 415 hibuit
1439 381 1563 415 veritati
1580 394 1611 413 ».
1637 380 1713 413 Nam
1729 379 1845 413 dicitur
1868 380 1989 413 loannis
2012 380 2130 422 primo:
2153 393 2168 409 α
2182 374 2281 413 Testi-v

1319 435 1459 468 monium
1478 433 1654 476 perhibuit
1678 433 1807 466 Ioannes
1837 432 1961 466 dicens:
1986 433 2066 475 Quia
2089 432 2151 466 vidi
2183 433 2281 476 Spiri-

1319 492 1388 521 tum
1405 491 1547 521 sanctum
1565 487 1647 520 sicut
1670 480 1849 520 columbam
1869 485 2110 519 descendentem
2129 486 2168 519 de
2195 487 2281 519 caelo

1319 543 1350 574 et
1374 544 1553 573 manentem
1577 548 1673 582 super
1698 548 1770 572 eum
1787 551 1824 578 »;
1853 551 1869 567 «ι
1886 542 1918 572 et
1952 547 2010 581 ego
2037 538 2100 571 vidi
2131 542 2163 572 et
2194 539 2281 572 testi-

1318 593 1461 626 monium
1490 593 1651 635 perhibui,
1676 592 1752 635 quia
1784 591 1835 624 bic
1859 595 1919 625 est.
1937 592 2033 624 Filius
2056 591 2110 625 Dei
2133 605 2162 624 ».
2194 591 2281 625 Unde

1318 646 1469 679 Glossa⁷z
1498 659 1513 674 τι
1531 646 1630 687 Quem
1655 645 1845 679 confitemini
1870 645 1909 678 de
1932 645 2017 678 caelo
2037 644 2185 678 habuisse
2208 654 2283 687 pro-

1318 699 1476 741 phetiam,
1499 699 1575 731 mihi
1602 698 1764 740 perhibuit
1787 698 2016 738 testimonium,
2041 701 2072 731 et
2095 697 2135 731 ab
2157 697 2211 730 illo
2226 706 2282 730 au-

1318 752 1422 791 distis,
1459 752 1491 785 in
1526 761 1590 794 qua
1624 754 1778 794 potestate
1813 751 1890 793 haec
1925 751 2036 784 faciam
2061 764 2092 783 ».
2128 750 2281 793 Quoniam
2304 747 2451 782 Notandum*

1319 814 1409 847 erge,
1432 808 1469 838 ut
1492 805 1610 838 dicitur
1626 804 1748 837 loannis
1770 804 1874 847 primo
1885 804 1909 844 ⁸,
1938 817 1953 833 α
1968 813 2030 837 non
2054 807 2122 844 erat
2139 804 2190 837 ille
2206 804 2282 844 lux,

1319 859 1372 892 sed
1398 862 1434 891 ut
1458 858 1672 892 testimonium
1698 857 1880 901 perhiberet
1903 857 1942 891 de
1965 857 2084 891 lumine
2099 871 2131 897 »‚
2159 857 2282 890 dubita-

1319 914 1404 944 tores
1427 911 1466 944 de
1490 910 1615 943 lamine
1638 911 1845 944 remittuntur
1868 909 1907 942 ad
1927 910 2207 943 considerationem
2232 910 2282 942 la-

1319 973 1454 1002 ccrnac;
1474 972 1563 1003 nam,
1583 963 1666 996 sicut
1680 963 1797 996 dicitur
1823 962 1944 996 loannis
1964 962 2089 1005 quinto,
2112 975 2128 991 «ι
2144 963 2195 996 ille
2212 966 2281 995 erat

1320 1017 1450 1050 lucerna
1472 1017 1588 1050 ardens
1611 1020 1643 1049 et
1662 1017 1772 1050 lucens
1787 1029 1823 1056 »;
1848 1020 1879 1049 et
1902 1015 2098 1049 dubitatores
2120 1015 2159 1048 de
2183 1015 2282 1049 Verbo

1319 1070 1526 1103 remittuntur
1557 1070 1595 1103 ad
1627 1079 1757 1109 vocem;
1786 1069 1909 1102 Ioannis
1941 1069 2060 1112 primo:
2090 1082 2106 1098 «ι
2124 1069 2186 1111 Ego
2218 1078 2281 1102 vox

1319 1123 1482 1156 clamantis
1505 1124 1537 1156 in
1561 1123 1687 1157 deserto
1701 1137 1733 1155 ι).

1410 1177 1438 1208 6.
1456 1177 1558 1218 (vers.
1585 1177 1639 1218 5.).
1657 1177 1762 1210 Tertio
1779 1179 1934 1219 quantum
1950 1175 1990 1209 ad
2014 1174 2282 1208 Pharisaeorum
2303 1183 2429 1232 ⁰123?ssss-

1319 1228 1523 1261 dolositatem
1546 1229 1583 1261 in
1613 1227 1885 1271 subiet-sapiendo
1917 1228 2139 1270 subiungitur:
2165 1229 2209 1260 At
2234 1227 2284 1261 illi
2335 1242 2389 1258 rum.

1318 1281 1507 1323 copitabant
1522 1281 1616 1315 intra
1638 1292 1672 1314 se
1687 1282 1838 1321 dicentes,
1855 1282 1948 1326 quia,
1968 1282 2000 1315 si
2015 1281 2218 1314 dixerimus:
2237 1281 2283 1314 Dc

1319 1334 1419 1373 caelo,
1443 1335 1619 1367 confitendo
1642 1335 1825 1374 veritatem;
1843 1329 1927 1368 dicet
1942 1335 2049 1368 nobis:
2077 1336 2189 1376 Quare
2204 1344 2282 1378 erqo

1318 1397 1384 1420 non
1402 1388 1591 1421 credidistis
1613 1388 1644 1421 ei
1655 1388 1692 1420 ⁹?
1708 1388 1870 1430 arguendo
1886 1388 2004 1421 scilicet
2020 1392 2158 1422 nostram
2176 1388 2282 1422 inere—

1319 1440 1512 1480 dulitatem,
1536 1450 1600 1483 qua
1623 1441 1741 1474 scilicet
1764 1441 1833 1474 viro
1856 1441 1980 1475 caelesti
2003 1441 2133 1475 eredere
2156 1451 2284 1475 recusa—

1319 1494 1411 1533 bant,
1444 1494 1618 1527 secundum
1650 1494 1727 1527 illud
1758 1495 1904 1527 Matthaei
1936 1494 2120 1527 undecimo:
2150 1508 2165 1524 a
2190 1495 2281 1528 Venit

1320 1548 1448 1581 loannes
1479 1557 1541 1580 non
1573 1547 1768 1581 manducans
1798 1556 1902 1590 neque
1932 1547 2060 1587 bibens,
2093 1551 2124 1580 et
2154 1548 2281 1581 dicunt:

1320 1601 1525 1635 Daemonium
1548 1601 1644 1634 habet
1660 1614 1690 1633 n.

1409 1657 1439 1688 7.
1464 1655 1565 1696 (Vers.
1592 1655 1647 1696 6.).
1665 1654 1704 1688 Si
1725 1658 1836 1687 autem
1853 1653 2059 1687 dixerimus:
2077 1654 2127 1686 Ex
2144 1652 2283 1689 leontini·
2302 1663 2389 1712 ⁶3:²3⁵*

1319 1709 1396 1748 bus,
1408 1708 1500 1752 plebs
1523 1708 1684 1741 universa
1700 1706 1863 1750 lapidabit
1878 1717 1955 1746 nos,
1980 1707 2181 1740 abhorrendo
2197 1717 2283 1740 men-

1318 1763 1506 1796 dacitatem.
1531 1762 1606 1795 Nam
1628 1761 1803 1804 blasphemi
1820 1761 1976 1804 lapidandi
1997 1764 2087 1794 erant
2109 1760 2282 1794 secundum

1319 1817 1448 1859 Legem;
1473 1815 1599 1849 Levitici
1624 1815 1774 1857 vigesimo
1798 1817 1913 1857 quarto
1927 1814 1972 1846 ²⁰:
2003 1827 2019 1843 α
2036 1813 2120 1847 Educ
2136 1813 2282 1856 blasphe-

1319 1878 1408 1902 mum
1432 1872 1525 1902 extra
1541 1872 1659 1908 castra,
1684 1872 1715 1902 et
1736 1871 1854 1911 ponant
1877 1876 2001 1907 omnes,
2018 1867 2073 1910 qui
2097 1867 2284 1907 audierunt,

1319 1931 1433 1956 manus
1457 1931 1530 1956 suas
1550 1931 1646 1964 super
1670 1924 1766 1964 caput
1784 1921 1875 1968 eius,
1895 1924 1927 1955 et
1950 1921 2066 1964 lapidet
2085 1930 2158 1954 eum
2182 1920 2284 1954 omnis

1320 1976 1457 2018 populus
1473 1989 1503 2008 n.
1522 1994 1564 2000 —
1584 1975 1673 2009 Certi
1686 1979 1765 2008 sunt
1781 1975 1866 2008 enim
1878 2001 1889 2015 ,
1907 1975 2066 2010 Ioannem.
2082 1973 2282 2017 Prophetam

1320 2039 1406 2068 csse,
1430 2032 1560 2071 propter
1591 2028 1854 2062 evidentissimam
1880 2028 2091 2068 sanctitatem,
2115 2028 2156 2061 ob
2187 2036 2283 2070 quam

1320 2082 1359 2115 de
1375 2082 1488 2115 Ioanne
1503 2081 1619 2115 dicitur
1640 2081 1786 2115 Matthaei
1802 2081 1968 2115 undecimo
1982 2083 2022 2114 ¹¹:
2046 2094 2062 2111 α
2077 2081 2156 2124 Quid
2174 2081 2285 2115 existis

1320 2136 1352 2169 in
1375 2136 1536 2169 desertum
1561 2135 1691 2169 videre?
1715 2135 1927 2178 prophetam?
1951 2135 2068 2175 Etiam,
2092 2135 2161 2169 dico
2177 2135 2284 2175 vobis,

1321 2192 1352 2222 et
1368 2189 1439 2231 plus
1462 2197 1559 2232 quam
1576 2189 1762 2231 Prophetam
1780 2201 1810 2221 ι».
1835 2188 1922 2222 Unde
1938 2197 2036 2231 supra
2053 2188 2162 2222 tertio:
2192 2202 2207 2217 a
2222 2188 2284 2221 Ex—

1321 2239 1479 2276 istimanie
1502 2242 1587 2275 omni
1604 2242 1720 2285 populo
1743 2241 1782 2275 de
1806 2242 1933 2282 Ioanne,
1958 2251 1997 2275 ne
2013 2241 2093 2275 forte
2117 2241 2184 2284 ipse
2200 2245 2285 2275 esset

1321 2296 1483 2336 Christus3
1507 2295 1589 2329 dixit
1613 2296 1763 2329 Ioannes:
1789 2295 1850 2338 Ego
1882 2295 2005 2338 baptizo
2030 2304 2084 2328 vos
2107 2304 2208 2338 aqua,
2232 2303 2285 2328 ve·
2305 2308 2308 2315 =

1321 2350 1386 2383 niet
1408 2349 1519 2382 fortior
1542 2358 1593 2382 me
1610 2352 1687 2391 ,post
1710 2358 1778 2388 me,
1802 2348 1894 2382 cuius
1917 2357 1980 2381 non
1997 2357 2068 2381 sum
2093 2348 2207 2391 dignus
2223 2348 2285 2381 sol-

1323 2411 1398 2436 vere
1421 2402 1587 2445 corrigiam
1613 2402 1896 2436 calceamentorum
1920 2401 1989 2435 eius
2005 2415 2035 2434 n.

1395 2563 1406 2578 ⁶
1426 2564 1485 2589 Vat.
1505 2570 1565 2590 cum
1587 2563 1698 2595 Vulgata
1717 2562 1811 2588 omittit
1830 2561 1901 2588 unde
1919 2562 1987 2593 erat,
2007 2564 2032 2586 et
2050 2560 2163 2587 subinde
2175 2563 2235 2592 post
2248 2560 2286 2586 De

1324 2607 1397 2633 caelo
1416 2607 1490 2632 addit
1507 2608 1587 2639 erat;
1606 2606 1640 2632 de
1659 2606 1769 2632 lectione
1785 2605 1875 2637 codd,
1895 2612 1964 2638 quae
1977 2612 2006 2631 ex
2021 2605 2107 2630 Matth.
2121 2605 2163 2636 21,
2178 2604 2219 2630 25.
2233 2607 2285 2636 est,

1325 2651 1371 2675 cfr.
1391 2650 1419 2675 B.
1441 2641 1539 2674 Aibert.
1553 2663 1586 2667 —
1600 2649 1728 2680 Superius
1748 2650 1767 2674 Α
1778 2648 1830 2681 CD
1840 2649 1860 2673 ll
1880 2649 2002 2674 omittunt
2015 2647 2076 2674 Ideo
2090 2649 2167 2674 caute
2180 2646 2287 2681 quaerit

1325 2695 1348 2719 et
1368 2692 1532 2726 inim-requi,
1551 2694 1597 2724 ul,
1617 2691 1747 2726 quidquid
1764 2691 1960 2725 respondeant,
1980 2691 2187 2723 convincantur,
2200 2694 2225 2717 et
2237 2697 2287 2723 pro

1326 2743 1388 2763 cum
1406 2736 1495 2764 subdit
1513 2736 1675 2763 substituunt
1693 2729 1750 2763 ideo
1770 2734 1867 2763 subdit.

1397 2780 1407 2795 θ
1427 2781 1502 2806 Vers.
1522 2781 1570 2812 33,
1590 2784 1649 2813 post
1667 2788 1748 2813 quern
1769 2781 1799 2812 ¹1,
1819 2780 1862 2806 32.
1880 2784 1906 2806 et
1925 2779 1968 2806 34.
1987 2793 2022 2799 —
2042 2779 2168 2812 Superius
2186 2786 2234 2812 pro
2253 2778 2287 2806 ab

1326 2824 1477 2852 hominibus
1496 2825 1546 2851 CG
1565 2824 1599 2851 ab
1618 2824 1753 2851 omnibus.

1397 2868 1407 2883 ⁷
1427 2869 1528 2895 Scilicet
1546 2868 1689 2896 ordinaria
1708 2868 1748 2902 (ex
1768 2869 1853 2901 Beda,
1873 2869 1905 2895 V.
1925 2869 1950 2894 in
1969 2869 2033 2895 Luc.
2052 2869 2098 2900 20,
2118 2868 2166 2902 5.).

1396 2913 1407 2928 ⁹
1427 2914 1503 2940 Vers.
1526 2915 1550 2939 8.
1571 2928 1604 2932 -
1624 2914 1681 2940 Duo
1701 2921 1774 2947 seqq.
1795 2914 1844 2940 loci
1864 2917 1925 2940 sunt
1944 2915 2012 2940 loan.
2033 2914 2063 2945 ὅ,
2084 2914 2125 2940 35.
2146 2917 2171 2939 et
2192 2913 2219 2945 l,
2240 2914 2284 2939 23.

1397 2957 1408 2972 ⁹
1427 2960 1461 2984 lta
1481 2959 1559 2984 etiam
1580 2959 1663 2990 Beda,
1688 2958 1746 2984 Vat.
1765 2966 1826 2985 cum
1853 2959 1964 2991 Vulgata
1989 2958 2038 2985 illi.
2056 2972 2092 2978 —
2111 2958 2228 2984 Subinde
2251 2958 2288 2983 al—

1325 3003 1427 3035 legatur
1447 3003 1533 3029 Matth.
1554 3003 1581 3029 ult
1594 3022 1600 3034 ,
1622 3004 1663 3029 ts,
1677 3017 1712 3023 —
1725 3004 1815 3029 Glossu
1835 3002 2033 3030 interlinearis:
2053 3002 2133 3035 Quia,
2148 3002 2173 3029 si
2185 3001 2286 3029 diceri-

1325 3054 1406 3073 mas:
1426 3047 1464 3073 De
1483 3047 1570 3079 caelo,
1590 3048 1658 3074 sicut
1676 3055 1769 3074 verum
1790 3051 1841 3080 est,
1861 3046 1941 3074 dicet:
1963 3047 2054 3080 Quare
2075 3054 2140 3081 erqo
2159 3053 2214 3073 non.
2233 3053 2287 3073 cre-

1326 3090 1429 3118 didistis
1449 3090 1505 3124 illi,
1533 3091 1596 3117 mihi
1623 3092 1800 3118 testimonium
1827 3091 1994 3124 perhibenti?
2019 3091 2050 3119 Si
2073 3093 2164 3119 autem
2189 3091 2287 3118 dixeri-

1327 3142 1407 3162 mus.-
1428 3135 1472 3162 Ea:
1491 3135 1651 3168 hominibus,
1675 3137 1696 3162 si
1715 3144 1746 3162 ex
1766 3136 1863 3162 invidia
1883 3137 1958 3163 istius
1977 3136 2065 3163 loanni
2086 3136 2164 3163 etium
2178 3136 2288 3168 deroga-

1327 3180 1460 3211 verimus,
1475 3179 1552 3214 plebs
1571 3179 1700 3207 unit-ersa
1718 3184 1766 3206 etc.

1399 3223 1421 3238 ¹⁰
1441 3224 1516 3250 Vers.
1535 3224 1576 3250 tt.
1592 3238 1625 3243 —
1646 3225 1772 3257 Superius
1792 3232 1840 3257 pro
1860 3225 2063 3252 mendacitatem
2088 3225 2132 3257 (ite
2158 3224 2219 3258 CG)
2243 3224 2286 3249 alii

1327 3268 1405 3294 codd.
1423 3271 1449 3294 et
1467 3268 1525 3294 V.ut
1544 3267 1724 3301 mendacium,
1743 3269 1765 3294 D
1778 3275 1792 3294 a
1806 3269 1920 3295 secunda
1935 3276 2013 3295 manu
2034 3267 2214 3303 blasphemiae
2224 3274 2287 3302 per-

1327 3312 1487 3339 venitatem.

1399 3356 1419 3371 ²¹
1441 3357 1516 3383 V.ers
1535 3356 1567 3388 9,
1586 3330 1682 3383 deinde
1701 3358 1762 3385 Luc.
1782 3357 1811 3390 3,
1833 3357 1874 3383 16.
1893 3360 1919 3383 et
1940 3357 1980 3383 16.
