2476 3921
162 1258 292 1280 Notandum.

205 2482 292 2504 Divisio.

314 2893 399 2919 cunda
420 2899 514 2918 manus
533 2892 634 2918 addidit
648 2891 767 2925 patres}

316 259 380 291 '518

313 347 404 387 luda;
429 356 471 380 ex
496 350 526 380 te
550 346 634 380 enim
666 346 848 389 egredietur
881 346 936 388 qui
973 346 1013 379 sit
1043 345 1223 378 dominator
1246 345 1277 378 in

314 401 426 440 lsrael;
450 404 482 433 et
504 409 651 443 egressus
674 400 743 433 eius
766 400 806 433 ab
829 400 933 439 initio,
949 409 968 432 a
983 399 1095 432 diebus
1110 399 1278 432 aeternita-

315 453 355 486 tis
371 466 402 485 ».
427 452 497 486 Ideo
521 452 560 485 ad
584 453 738 487 Romanos
762 453 908 495 prim01:
938 466 954 481 (τ
970 452 1029 494 Qui
1054 452 1156 485 factus
1178 454 1227 485 est
1249 452 1278 485 ei

314 515 356 539 ex
379 507 498 540 semine
522 506 620 539 David
644 506 819 539 secundum
844 514 990 546 carnem,
1015 506 1069 548 qui
1106 505 1278 548 praedesti-

313 563 409 592 natus
431 563 479 593 est
502 559 598 593 Filius
621 559 677 592 Dei
701 560 733 592 in
769 559 905 599 virtute,
930 560 1104 593 secundum
1129 559 1277 601 spiritum

315 612 570 646 sanctificationis
585 626 601 641 ι)
631 616 706 652 etc.;
730 616 762 646 et
784 613 823 646 ad
848 613 1003 646 Romanos
1027 622 1126 645 nono:
1162 625 1176 641 α
1194 609 1278 654 Quo-

314 675 388 699 rum
412 668 460 699 est
483 666 609 708 adoptio
632 666 770 699 filiorum
803 669 835 699 et
866 666 966 708 gloria
1000 669 1031 699 et
1057 669 1278 699 testamentum

315 723 346 752 et
380 719 534 762 legislatio
565 722 596 752 et
627 719 816 762 obsequium
856 723 888 752 et
921 719 1078 762 promissa
1095 745 1103 759 ,
1138 728 1277 762 quorum

314 776 438 815 patres,
462 781 504 805 ex
528 773 646 815 quibus
676 776 724 805 est
754 772 900 806 Christus
932 772 1107 805 secundum
1131 781 1277 812 carnem,

314 826 368 869 qui
393 829 441 859 est
463 835 560 868 super
584 826 688 858 omnia
712 826 897 859 benedictus
921 826 1049 859 Deus».
1077 826 1112 858 Et
1137 826 1196 859 hoc
1219 835 1277 859 ex-

314 888 422 921 presse
454 879 571 912 dicitur
600 879 721 912 Ioannis
750 879 896 921 primo²z
925 891 941 907 (ι
958 879 990 911 ln
1020 879 1175 921 principio
1209 882 1278 912 erat

312 933 453 965 vVerbum
470 945 501 971 »;
526 936 557 965 et
588 936 676 975 post:
713 946 728 961 «
746 926 884 978 Verbum
909 941 983 965 caro
1018 932 1135 966 factum
1171 935 1218 965 est
1246 935 1279 965 et

314 985 467 1018 habitavit
490 986 521 1018 in
556 985 664 1024 nobis,
689 989 721 1018 et
756 985 893 1018 vidimus
924 985 1057 1027 gloriam
1088 986 1188 1018 eius»
1217 981 1276 1018 e‘tc.

315 1039 475 1071 Postremo
500 1039 566 1081 ipse
597 1039 758 1077 Christus,
794 1039 916 1071 Ioannis
939 1039 1093 1072 octavo³:
1127 1052 1143 1068 «
1160 1039 1277 1072 Princi-

313 1092 419 1134 pium,
444 1091 499 1134 qui
523 1096 554 1125 et
578 1092 691 1134 loquor
715 1092 804 1125 vohis
820 1105 851 1131 »;
869 1095 899 1125 et
916 1092 1115 1134 Apocalypsis
1146 1092 1276 1125 ultimo:

319 1158 335 1173 «
346 1145 409 1187 Ego
423 1154 493 1178 sum
506 1145 600 1187 alpha
613 1148 644 1178 et
656 1155 775 1188 omega,
790 1145 913 1188 primus
929 1149 959 1178 et
976 1145 1176 1184 novissimus,
1190 1145 1278 1188 prin-

314 1197 432 1240 cipium
457 1200 488 1230 et
511 1198 625 1231 finis».
656 1212 672 1227 <c
690 1199 751 1241 Ego
775 1206 845 1232 sum
870 1198 963 1231 radix
988 1202 1019 1231 et
1042 1207 1143 1241 genus
1159 1198 1277 1238 David,

313 1251 402 1284 stella
417 1251 578 1293 splendida
594 1255 625 1284 et
640 1252 794 1285 matutina
807 1265 837 1284 ».
854 1253 941 1285 —In
958 1252 1018 1285 hoc
1035 1251 1132 1294 igitur
1155 1264 1171 1280 α
1182 1252 1277 1285 finem

313 1305 475 1338 constituit
499 1314 575 1338 suae
598 1305 758 1339 doctrinae
775 1320 806 1345 ι),
831 1306 913 1339 sicut
944 1305 1019 1338 dicit
1050 1305 1277 1345 Ambrosius⁴;

312 1358 387 1400 quia
411 1358 441 1391 in
466 1359 526 1392 hoc
561 1362 608 1391 est
637 1358 898 1404 fundamentum
933 1359 1124 1392 christianae
1153 1359 1278 1401 religio-

312 1412 375 1450 nis,
400 1412 432 1444 in
456 1421 520 1454 quo
544 1412 705 1445 radicatur
729 1417 760 1445 et
784 1412 943 1445 clauditur
959 1421 1053 1445 omne
1073 1412 1277 1453 credendum,

314 1465 431 1498 scilicet
455 1465 539 1507 quod
564 1466 713 1499 credatur
737 1466 884 1498 Christus
908 1466 998 1498 homo
1026 1469 1058 1499 et
1081 1466 1175 1498 Deus.
1200 1466 1276 1499 Nam

313 1527 422 1551 omnes
445 1519 570 1551 articuli
595 1520 645 1552 vel
668 1519 707 1552 ad
731 1519 931 1553 Divinitatem
959 1519 1014 1551 vel.
1036 1518 1074 1551 ad
1100 1519 1277 1552 humanita-

313 1574 376 1605 tem
401 1571 618 1611 reducuntur;
643 1576 675 1605 et
699 1572 769 1605 ideo
802 1571 925 1605 dicebat
960 1572 1124 1614 Apostolus
1155 1573 1276 1614 primae

312 1625 351 1657 ad
374 1625 553 1658 Corinthios
577 1624 714 1658 tertio⁵x
744 1637 759 1653 «
777 1625 815 1658 Ut
839 1624 962 1666 sapiens
985 1625 1178 1658 architectus
1202 1625 1276 1658 fun-

312 1678 495 1711 damentum
521 1678 629 1720 posui3
663 1678 902 1711 fundamentum
934 1682 1039 1711 autem
1074 1678 1160 1711 aliud
1184 1687 1275 1711 nemo

312 1735 415 1774 potest
438 1741 555 1779 ponere
578 1734 705 1779 praeter
722 1731 752 1764 id
769 1731 853 1774 quod
878 1732 1013 1774 positum
1032 1735 1094 1771 est,
1119 1732 1203 1775 quod
1228 1735 1276 1765 est

313 1785 459 1818 Christus
482 1785 568 1818 Iesus
584 1799 614 1817 ».
642 1785 677 1817 Et
702 1785 767 1827 ipse
791 1785 884 1818 etiam
908 1789 956 1818 est
983 1786 1282 1833 complementum,

313 1838 487 1877 secundum
523 1838 600 1870 illud
632 1838 837 1871 Ecclesiastici
871 1839 1113 1881 quadragesimo
1137 1839 1273 1872 terti0⁶:

319 1904 333 1919 «
351 1891 447 1923 Multa
470 1890 604 1924 dicimus
628 1894 660 1924 et
675 1891 840 1924 deficimus
856 1891 887 1924 in
905 1892 1027 1930 verbis,
1045 1892 1276 1926 consummatio

312 1947 419 1977 autem
445 1952 625 1977 sermonum
651 1944 717 1987 ipse
741 1948 834 1978 est».

390 2058 541 2085 Informatio
561 2058 743 2094 discipulorum
763 2059 795 2087 ad
813 2060 992 2096 prudentiam,
1012 2060 1042 2087 de
1061 2068 1111 2096 qua
1130 2060 1193 2088 tria.

403 2159 454 2191 52.
489 2159 650 2192 Audicnte
684 2162 796 2192 autem.
832 2160 925 2192 omni
950 2160 1075 2202 populo
1098 2163 1157 2193 etc.
1191 2160 1275 2193 Post-

312 2221 407 2254 quam
432 2212 604 2245 confutavit
638 2213 823 2246 Pharisaeos
857 2216 1002 2246 errantes
1036 2222 1078 2246 ex
1102 2213 1221 2246 malitia
1244 2217 1276 2247 et

313 2265 508 2299 Sadducaeos
543 2270 687 2299 errantes
718 2276 760 2300 ex
785 2267 975 2309 ignorantia,
1000 2267 1051 2300 hic
1080 2267 1199 2300 terlio⁷
1223 2268 1274 2300 in-

311 2317 440 2361 format
463 2319 644 2361 discipulos
665 2319 711 2352 ad
730 2319 959 2361 prudentiam.
978 2320 1013 2353 Et
1030 2320 1179 2363 quoniam
1196 2330 1274 2363 pru-

312 2372 417 2405 dentia
440 2373 471 2405 in
496 2373 599 2405 tribus
625 2373 780 2412 consistit,
810 2371 928 2406 scilicet
947 2373 987 2411 jn
1014 2374 1145 2407 cautela
1171 2374 1273 2415 mali,

313 2425 465 2468 eliyentia
489 2425 566 2458 boni
588 2428 620 2458 et
632 2425 846 2468 providentia
861 2418 977 2469 futuri
989 2426 1022 2465 ⁸,·
1039 2427 1108 2460 ideo
1124 2436 1198 2470 pars
1214 2427 1274 2461 ista

313 2478 408 2511 habet
432 2482 497 2511 tres
520 2481 636 2520 partes.
662 2478 695 2510 In
719 2488 856 2521 quarum
880 2479 982 2521 prima
1010 2480 1159 2513 informat
1181 2480 1274 2513 disci-

312 2531 404 2573 pulos
427 2531 464 2563 ad
489 2531 654 2564 cautelam
678 2531 848 2564 malorum
855 2544 867 2571 ;
891 2532 922 2565 in
947 2533 1085 2566 secunda
1108 2533 1220 2566 invitat
1235 2533 1275 2566 ad

312 2583 500 2626 eliyentiam
534 2583 728 2623 meliorum,
760 2584 846 2617 ibi⁹z
872 2585 1059 2628 Respiciens
1091 2588 1201 2618 autem
1225 2585 1274 2617 vi-

387 2803 395 2818 1
417 2805 491 2829 Vers.
512 2804 535 2829 3.
556 2810 611 2836 seq.
631 2807 656 2829 et
675 2804 772 2829 deinde
791 2804 822 2834 9,
843 2803 867 2829 4.
886 2810 952 2836 seq„
965 2803 1010 2829 ubi
1025 2811 1073 2836 pro
1091 2805 1117 2830 et
1125 2803 1273 2837 promissa,

315 2854 433 2881 quorum
450 2849 541 2882 patres
561 2847 610 2873 AC
622 2848 643 2873 D
661 2849 686 2874 et
707 2846 870 2881 promissio,
888 2854 1015 2882 xquorum
1039 2849 1105 2873 sunt
1129 2847 1169 2881 [in
1193 2847 1213 2874 C
1237 2854 1274 2873 se-

895 2888 898 2893 *
1016 2890 1027 2905 ⁹
1048 2892 1124 2918 Vers.
1143 2893 1167 2918 l.
1187 2895 1212 2918 et
1232 2892 1274 2918 114.

386 2936 396 2951 ³
416 2937 492 2962 Vers.
512 2937 558 2967 25,
578 2939 638 2968 post
656 2942 736 2969 quem
757 2937 838 2968 Apoc.
857 2937 906 2967 22,
928 2936 968 2973 13.
989 2939 1014 2962 et
1037 2937 1075 2962 16.

384 2981 395 2995 ⁴
414 2981 484 3007 Libr.
504 2982 537 3007 X.
557 2981 583 3006 in
602 2981 664 3007 Luc.
690 2987 712 3006 c.
741 2980 785 3006 20.
805 2988 828 3006 n.
851 2981 880 3012 l;
905 2981 979 3007 cuius
1004 2982 1158 3008 sententiam
1182 2982 1273 3008 Glossa

315 3024 458 3052 ordinaria
477 3025 502 3050 in
523 3025 584 3050 Luc.
605 3025 653 3055 20,
673 3024 717 3050 41.
742 3025 776 3050 ita
802 3024 918 3051 exhibet:
944 3024 1181 3052 Consummaturus
1199 3033 1273 3058 prae-

314 3073 389 3102 cepta
409 3069 536 3095 Dominus
555 3069 581 3094 in
609 3069 660 3095 ssne
684 3069 829 3095 testamenti
855 3070 896 3096 sui
915 3070 994 3096 fldem
1014 3070 1159 3101 concludit,
1179 3074 1208 3096 ut
1226 3071 1274 3096 Do-

314 3114 417 3139 minum
436 3115 521 3139 Iesum
540 3120 634 3139 verum
654 3114 738 3139 Deum
767 3117 792 3140 et
811 3121 905 3140 verum
932 3115 1066 3140 hominem
1086 3115 1119 3141 ad
1139 3114 1273 3141 dexteram

314 3159 396 3185 Patris
414 3159 507 3185 sedere
526 3159 675 3184 credamus.
694 3172 729 3178 —
750 3158 868 3185 Subinde
887 3166 936 3191 pro
961 3154 1073 3193 quia‘in
1091 3159 1140 3186 hoc
1159 3158 1273 3186 ACDH

315 3202 379 3236 quia
397 3202 448 3235 hic,
470 3206 495 3228 ct
514 3209 562 3235 pro
581 3202 724 3230 radicatur
749 3204 773 3229 et
797 3202 935 3230 clauditur
955 3203 1005 3230 CD
1024 3210 1039 3228 a
1058 3203 1174 3229 secunda
1194 3210 1274 3229 manu

315 3246 471 3273 radicaliter
491 3246 639 3273 clauditur.

386 3289 396 3304 ⁶
416 3291 491 3317 Vers.
511 3291 553 3316 40.
573 3294 598 3317 et
618 3291 660 3317 ll.
680 3290 732 3317 Ctr.
751 3293 789 3317 lll.
810 3292 880 3318 Sent.
901 3291 927 3317 d.
947 3291 989 3317 25.
1009 3299 1035 3317 a.
1056 3292 1079 3318 l.
1092 3299 1119 3325 q.
1134 3292 1158 3317 l.
1177 3294 1203 3317 et
1216 3292 1274 3317 Bre-

316 3335 395 3367 viloq.
415 3342 440 3367 p.
460 3335 491 3361 V.
511 3342 533 3360 c.
552 3336 578 3361 7.
1274 3346 1275 3349 ¹

386 3378 398 3393 θ
418 3380 491 3405 vers.
510 3380 558 3410 29,
578 3378 630 3405 ubi·
643 3370 827 3412 pro=dicz¹mus
846 3383 871 3406 et
890 3379 1027 3415 deficimus·
1047 3380 1107 3407 Vat.
1132 3387 1193 3406 cum
1214 3380 1275 3406 Vul-

316 3426 376 3455 gata
395 3422 513 3449 dicemus
533 3426 558 3449 et
576 3422 737 3458 deficiemus.

906 256 1101 290 COMMENT.
1126 256 1163 289 IN
1186 255 1426 294 EVANGELIUM
1450 254 1568 288 LUCAE
1592 254 1624 287 C.
1650 254 1712 287 XX.

1341 344 1392 377 dit
1407 346 1484 383 etc.;
1502 344 1534 376 in
1550 343 1644 376 tertia
1660 351 1754 382 vero,
1771 342 1810 376 ad
1823 342 2070 385 providentia-m
2093 341 2305 385 futurorum,

1342 397 1403 430 ihi:
1420 397 1470 429 Et
1492 395 1694 440 quibusdam
1718 395 1901 428 dicentibus
1925 396 1964 428 de
1987 396 2103 439 templo
2126 400 2185 429 etc.

1509 510 1661 538 Informatio
1680 511 1713 538 ad
1731 510 1861 538 cautelam
1879 511 1990 546 quatuor
2008 511 2140 539 malorum.

1432 609 1603 653 Jnformat
1625 619 1702 652 ergo
1725 609 1908 652 discipulos
1938 610 1985 642 ad
2015 611 2181 644 cautelam
2203 607 2306 644 malo-

1342 674 1441 704 rum,
1466 673 1549 707 quae
1572 666 1664 697 erant
1686 663 1718 696 in
1741 663 1855 696 scribis
1877 666 1908 696 et
1932 664 2123 704 Pharisaeis,
2140 673 2179 698 ne
2195 673 2306 699 eorum

1340 709 1488 760 exemplo
1522 717 1718 751 diverterent
1749 726 1767 749 a
1804 716 1930 749 tramite
1961 717 2104 750 veritatis
2118 718 2166 758 ¹⁰3
2191 721 2223 752 et
2245 718 2306 752 hoc

1341 771 1471 814 quidem
1495 770 1568 804 facit
1591 770 1768 804 revocando
1791 770 1961 812 discipulos
1976 780 1995 803 a
2011 771 2211 814 quadruplici
2230 772 2307 806 vitio

1342 825 1545 864 scribarum,
1563 824 1682 857 scilicet
1704 833 1723 856 a
1745 823 1838 856 cultu
1861 824 2019 863 vestium,
2045 824 2223 858 ambitione
2251 824 2307 859 ho·
2324 827 2429 850 Subdivffi

1341 887 1484 917 norum,
1509 877 1659 920 appetitu
1682 877 1881 910 divitiarum
1905 881 1936 911 et
1959 878 2173 912 simulatione
2190 879 2306 913 virtu·
2419 882 2422 884 ’

1343 935 1423 963 tum.
1456 930 1596 963 Primum
1630 932 1750 972 spectat
1781 930 1819 963 ad
1851 930 2027 971 lasciviam,
2060 932 2236 965 secundum
2267 932 2307 966 ad

1342 992 1457 1016 vanam
1479 983 1628 1025 gloriam,
1653 983 1783 1015 tertium
1815 983 1854 1016 ad
1885 984 2064 1024 avaritiam,
2094 989 2245 1028 quartum
2268 985 2307 1018 ad

1341 1036 1605 1075 fraudulentiam
1630 1035 1669 1068 ad
1693 1045 1774 1078 quae
1805 1040 1943 1078 quatuor
1975 1040 2123 1080 tanquam
2156 1038 2195 1071 ad
2229 1048 2308 1082 qua-

1342 1093 1417 1122 tuor
1440 1092 1526 1122 rotas
1549 1097 1667 1122 currus
1690 1089 1900 1123 Pharaonis¹¹
1925 1090 2032 1123 reduci
2063 1091 2180 1125 habent
2202 1091 2309 1125 omnia

1343 1143 1435 1176 mala.
1457 1161 1460 1163 Δ

1434 1196 1486 1230 53.
1511 1197 1613 1239 (Vers.
1638 1198 1692 1230 45.
1724 1197 1802 1239 46).
1837 1197 1940 1230 Primo
1975 1207 2051 1241 ergo
2082 1201 2237 1241 quantum
2269 1199 2307 1232 ad

1343 1251 1470 1297 cultum
1493 1250 1649 1290 vestium,
1674 1251 1729 1293 qui
1758 1255 1826 1284 erat
1858 1251 2037 1284 scribarum
2062 1251 2173 1285 vitium
2197 1253 2308 1286 mani-

1342 1303 1484 1348 festum,
1508 1304 1599 1337 dicit:
1624 1304 1788 1337 Audiente
1811 1308 1923 1337 autem
1947 1304 2040 1337 omni
2053 1305 2196 1348 populo,
2219 1306 2308 1339 dixit

1342 1358 1517 1400 discipulis
1540 1357 1631 1391 suz’s:
1657 1358 1820 1390 Attendite
1835 1367 1858 1390 a
1874 1358 2012 1397 scribis,
2030 1359 2090 1402 qui
2103 1359 2219 1392 volunt
2234 1369 2306 1393 am-

1344 1408 1460 1444 bulare
1496 1411 1532 1444 in
1562 1411 1663 1443 stolis.
1701 1410 1771 1444 Ideo
1801 1414 1907 1444 autem
1937 1411 2038 1444 dixit:
2062 1412 2156 1445 omni
2180 1413 2306 1455 populo

1342 1465 1514 1504 audiente,
1538 1464 1614 1507 quia
1637 1465 1696 1498 hoc
1721 1467 1789 1498 erat
1812 1464 1925 1498 vitium
1949 1465 2165 1506 manifestum,
2190 1469 2222 1500 et
2236 1467 2306 1500 ideo

1340 1518 1373 1550 in
1397 1517 1561 1551 manifesto
1585 1517 1859 1560 redarguendum,
1884 1518 2058 1551 secundum
2083 1519 2162 1552 illud
2185 1519 2306 1562 primae

1341 1571 1380 1604 ad
1404 1571 1604 1604 Timotheum
1630 1571 1741 1613 quinto
1754 1572 1800 1603 1²:
1823 1584 1838 1600 α
1856 1572 2022 1605 peccantes
2038 1581 2143 1605 coram
2160 1573 2307 1607 omnibus

1340 1633 1458 1667 argue,
1483 1627 1519 1657 ut
1543 1627 1574 1657 et
1598 1624 1694 1657 ceteri
1719 1624 1864 1657 timorem
1890 1624 2026 1658 habeant
2042 1638 2073 1664 »;
2097 1629 2129 1658 et
2152 1626 2213 1659 hoc
2229 1626 2306 1669 ipsis

1340 1677 1561 1721 praesentibus
1580 1677 1677 1716 dixit,
1694 1686 1734 1710 ne
1749 1677 1867 1710 faceret
1888 1681 1999 1711 contra
2014 1678 2093 1711 illud
2109 1679 2236 1712 Levitici
2252 1679 2305 1713 de-

1340 1731 1423 1764 cimo
1447 1740 1547 1764 nono:
1577 1743 1593 1759 α
1610 1731 1674 1763 Non
1693 1730 1861 1763 maledicas
1878 1731 1976 1763 surdo
1991 1744 2007 1760 n
2029 1734 2088 1764 etc.
2114 1732 2184 1765 Ideo
2199 1735 2305 1765 autem

1339 1784 1439 1827 magis
1462 1784 1501 1817 de
1532 1783 1651 1817 scribis
1675 1783 1836 1826 loquitur,
1860 1784 1936 1826 quia
1964 1784 2157 1818 efficaciores
2187 1785 2227 1818 ad
2249 1795 2322 1818 no-⁷

1340 1837 1475 1871 cendum
1501 1840 1610 1876 erant,
1641 1837 1717 1879 quia
1752 1837 1940 1870 videbantur
1964 1837 2024 1870 viri
2060 1837 2121 1871 fide
2152 1838 2238 1881 digni
2273 1839 2305 1872 in

1341 1891 1440 1924 verbo
1463 1893 1495 1924 et
1515 1890 1659 1938 imitandi
1682 1890 1839 1933 exemplo.
1856 1890 1943 1924 Unde
1959 1890 2067 1925 Glossa
2082 1892 2125 1924 ¹⁸:
2147 1905 2164 1922 «
2179 1892 2302 1935 Duplici

1340 1944 1462 1978 ratione
1486 1944 1636 1977 iubemur
1659 1944 1821 1977 attendere
1845 1953 1864 1977 a
1893 1953 1991 1977 vanae
2022 1944 2140 1987 gloriae
2164 1945 2304 1988 cupidis,

1340 2007 1380 2031 ne
1403 1997 1453 2031 vel
1485 2006 1596 2031 eorum
1632 1998 1831 2032 simulatione
1864 1998 2078 2041 decipiamur,
2110 1999 2160 2033 vel
2191 2008 2302 2032 eorum

1340 2051 1487 2094 exemplo
1521 2051 1560 2084 ad
1594 2060 1734 2084 amorem
1770 2052 1992 2095 temporalium
2021 2051 2256 2085 inflammemur
2271 2065 2303 2085 ι).

1341 2104 1568 2138 Attendendum
1592 2108 1640 2138 est
1653 2113 1756 2147 -ergo,
1781 2114 1821 2138 ne
1844 2105 1916 2147 quis
1939 2113 1993 2138 eos
2009 2105 2151 2138 imitetur
2166 2105 2199 2137 in
2216 2104 2305 2138 cultu

1340 2158 1493 2198 vestium,
1517 2158 1573 2201 qui
1596 2152 1782 2201 intelligitur
1805 2158 1836 2191 in
1854 2158 1980 2191 nomine
1995 2150 2170 2191 stolarum.
2188 2157 2304 2191 Dicun-
2323 2156 2436 2205 Qgffilassgf‘

1340 2214 1393 2245 tur
1417 2212 1501 2245 enim
1532 2211 1634 2244 stolae
1665 2211 1811 2245 camisiae
1843 2211 1932 2244 albae
1963 2213 1995 2244 et
2026 2210 2155 2253 longae,
2186 2210 2304 2253 quibus

1338 2265 1512 2304 utebantur
1535 2265 1674 2303 scribae;
1699 2264 1784 2297 unde
1808 2264 1957 2297 Glossa¹⁴
1980 2271 2077 2305 super
2101 2264 2178 2296 hoc:
2205 2276 2221 2294 «
2245 2264 2302 2296 Vo-

1340 2318 1412 2351 lunt
1435 2317 1610 2352 ambulare
1641 2318 1678 2350 in
1708 2317 1816 2356 stolis,
1848 2317 1879 2350 id
1911 2320 1959 2350 est
1986 2316 2176 2350 cultioribus
2207 2317 2302 2350 vesti-

1338 2371 1453 2405 mentis
1475 2371 1578 2404 induti
1609 2371 1641 2403 in
1669 2370 1833 2412 publicum
1863 2369 2053 2412 procedere;
2086 2370 2170 2412 quod
2188 2379 2303 2413 >repre-

1338 2424 1490 2458 henditur
1525 2424 1558 2456 in
1592 2423 1711 2462 divite,
1747 2423 1803 2465 qui
1837 2422 2042 2456 induebatur
2074 2433 2237 2466 purpura
2271 2427 2300 2457 et

1340 2477 1436 2521 bysso
1452 2490 1482 2509 ι».
1508 2477 1544 2510 Et
1567 2477 1637 2510 ideo
1653 2475 1847 2519 Augustinus
1862 2475 1938 2509 dicit
1954 2476 1986 2509 in
2004 2477 2121 2519 Regula
2134 2476 2178 2510 ¹⁶:
2207 2490 2223 2506 α
2236 2477 2302 2510 Non

1338 2530 1490 2564 affectetis
1514 2530 1656 2563 vestibus
1679 2529 1819 2572 placere,
1843 2529 1898 2563 sed
1928 2530 2072 2563 moribus
2087 2542 2119 2569 »;
2143 2530 2302 2564 et·Eccle-

1340 2583 1456 2617 siastici
1480 2583 1664 2616 undecimo:
1686 2595 1702 2612 α
1715 2583 1748 2616 In
1764 2583 1880 2617 vestitu
1897 2592 1936 2617 ne
1952 2583 2098 2626 glorieris
2113 2592 2256 2626 unquam
2270 2596 2301 2623 »;

2327 1199 2401 1221 cultus
2414 1206 2430 1222 ν»

2349 1227 2420 1248 stium.

1411 2802 1420 2818 ⁷
1439 2803 1490 2830 Csr.
1510 2811 1590 2836 supra
1610 2811 1634 2830 n.
1655 2804 1681 2829 4.

1409 2846 1420 2861 ὅ
1440 2848 1506 2874 Vide
1526 2851 1588 2874 tom.
1609 2849 1645 2874 lll.
1666 2848 1808 2881 pag.‘728,
1827 2851 1915 2874 notam
1936 2849 1962 2874 6.

1409 2890 1420 2906 ⁰
1438 2891 1501 2924 Cap.
1522 2893 1571 2924 21,
1592 2893 1621 2924 ⁴3
1641 2893 1716 2919 tertia
1735 2900 1798 2925 pars
1817 2893 1907 2925 incipit
1926 2892 1990 2919 ibid.
2009 2899 2036 2918 v.
2056 2891 2080 2917 5.

1409 2935 1432 2951 ¹⁰
1451 2936 1501 2963 Ctr.
1521 2937 1588 2963 intra
1607 2944 1633 2963 n.
1652 2937 1695 2963 53.
1715 2938 1806 2963 Glossa
1826 2936 1978 2964 ordinaria.

1410 2980 1431 2996 ²¹
1452 2981 1536 3014 Beda,
1555 2981 1704 3008 Comment.
1723 2982 1747 3007 in
1767 2981 1847 3008 Exod.
1869 2981 1916 3013 Μ,
1935 2981 1965 3006 6;
1986 2980 2081 3007 Iunoeit
2093 2980 2177 3014 iqilur
2190 2981 2299 3009 Pharao

1337 3032 1468 3058 currum,
1489 3026 1515 3052 id
1535 3029 1574 3052 est
1591 3025 1689 3052 diaboli
1708 3026 1861 3059 quadrigas.
1880 3025 2015 3058 Quadriga
2034 3024 2147 3059 diaboli,
2161 3027 2299 3060 unusquis-

1338 3077 1391 3103 que
1411 3074 1534 3102 peccator
1553 3077 1614 3096 cum
1634 3071 1694 3103 gula
1714 3073 1740 3096 et
1760 3070 1930 3096 fornicatione
1949 3073 1975 3096 et
1994 3070 2030 3095 ira
2051 3073 2076 3096 et
2094 3070 2227 3103 superbia.

1410 3112 1432 3128 ¹²
1452 3114 1528 3140 Vers.
1547 3115 1596 3145 ἑο,
1615 3117 1675 3146 post
1693 3120 1774 3147 quem
1793 3115 1856 3140 Lev.
1877 3114 1924 3145 ⁴9,
1946 3113 1992 3145 lt,
2014 3113 2059 3140 ubi
2085 3121 2134 3146 pro
2152 3114 2299 3143 maledicas

1339 3158 1397 3184 Vat.
1418 3165 1479 3184 cum
1500 3158 1613 3190 Vulgata
1632 3157 1782 3185 maledices.
1804 3172 1837 3176 ——
1852 3158 1980 3190 Superius
1998 3165 2047 3191 pro
2075 3158 2171 3186 vitium
2189 3159 2300 3194 manife-

1338 3204 1412 3229 stum
1430 3202 1489 3228 Vat.
1500 3201 1604 3229 -vitiam
1622 3202 1787 3229 maximum.

1410 3244 1433 3260 ¹⁹
1453 3246 1555 3272 Scilicet
1573 3245 1716 3272 ordinaria
1736 3246 1778 3277 (ex
1798 3246 1888 3280 Beda).

1409 3287 1433 3304 ¹⁴
1451 3289 1551 3322 Nempe
1569 3289 1753 3317 interlinearis
1772 3290 1814 3323 (ex
1834 3291 1924 3324 Beda),
1944 3290 1969 3317 in
1995 3291 2071 3318 cuius
2094 3291 2147 3318 fine
2172 3292 2299 3324 allegatur

1338 3334 1402 3360 Luc.
1424 3334 1470 3366 46,
1492 3334 1533 3360 49.

1410 3377 1433 3393 ¹⁶
1451 3378 1553 3405 Scilicet
1573 3378 1598 3404 in
1612 3379 1715 3411 Regula
1735 3379 1770 3404 ad
1798 3385 1890 3405 servos
1910 3380 1970 3412 Dei,
1988 3387 2015 3406 n.
2035 3380 2061 3406 6.
2081 3394 2116 3400 -
2135 3380 2193 3406 Duo
2220 3386 2295 3412 seqq.

1340 3423 1389 3450 loci
1409 3426 1469 3449 sunt
1487 3423 1563 3449 Eccli.
1584 3424 1612 3448 Η
1625 3442 1632 3455 ,
1653 3423 1676 3449 4.
1696 3426 1722 3449 et
1740 3424 1758 3449 1.
1778 3424 1844 3449 Tim.
1866 3424 1896 3456 6,
1917 3425 1941 3450 8.
