2427 3872
382 242 445 268 BOS

94 301 128 307 —
147 287 193 320 qui
211 289 272 313 sunt
292 287 440 313 secundum
469 289 634 319 praesentem
663 286 734 312 iusti-

93 332 165 364 tiam,
183 331 372 364 disperguntur
392 332 443 357 393
463 331 496 356 54
508 345 545 350 —
564 331 590 357 in
609 331 705 357 iudicio
719 338 733 356 a

92 376 147 402 Dee
166 379 344 408 agnoscuntur
363 376 409 401 431
434 383 461 401 ν.
481 376 514 401 48
527 389 563 396 -
582 376 607 401 10
620 382 734 401 resurre-

93 421 178 447 ctione
196 423 272 446 erunt
290 420 382 446 elevati
402 427 483 453 supra
503 423 608 453 tempus
626 422 652 446 et
671 423 734 446 tem-

93 465 195 497 porales
211 468 307 496 motus,
325 472 406 497 supra
424 465 579 497 coniugium
599 467 623 491 et
641 471 733 491 carna-

92 509 143 535 lem
163 512 250 535 actum
271 509 314 535 Vll
333 509 386 535 515
406 509 439 535 42

145 553 193 579 Bos
211 567 246 572 —
270 556 310 579 est
337 553 423 585 figura
450 553 542 585 populi
571 553 666 580 ludaici
694 560 733 579 ra-

92 597 162 623 tione
179 597 266 624 oneris
283 598 416 624 servitutis
440 597 532 630 legalis
556 598 598 624 Vll
617 598 670 623 345
688 598 731 624 35.

93 643 139 668 361
164 642 197 668 43
216 657 251 660 -
271 643 318 668 Per
343 641 427 668 boves
453 645 557 668 arantes
580 642 732 674 intelligitur

91 693 204 719 operum
222 686 361 713 strenuitas
374 687 406 713 Vl
421 687 454 712 22
468 693 495 712 ν.
508 687 523 712 8
537 701 572 705 —-
585 689 646 712 sunt
659 693 732 718 prae-

76 965 79 968 <
145 951 230 978 Canus
247 965 282 971 —
301 954 340 978 est
367 959 490 978 mensura
520 952 656 978 continens
678 955 732 978 tres

61 1011 69 1020 .
92 1003 172 1022 urnas
191 997 234 1023 Vll
254 996 305 1022 406
325 997 341 1022 9

144 1040 267 1067 Caecius
284 1056 320 1060 —-
348 1044 388 1067 est
415 1041 561 1074 ignorantia
587 1042 731 1067 intellectus

92 1085 122 1110 Vl
143 1084 195 1110 560
215 1092 242 1111 v.
260 1086 275 1111 3
290 1086 314 1111 2.
330 1086 372 1111 Vll
394 1085 444 1111 476
459 1085 492 1111 45
506 1100 542 1105 -
554 1086 676 1118 designat
688 1086 731 1112 de-

90 1129 233 1155 viationem
254 1130 279 1155 in
299 1130 420 1161 eligendo
436 1130 481 1156 Vll
497 1130 547 1156 477
561 1130 593 1155 46
606 1144 642 1149 -
654 1129 730 1157 Caeci

91 1176 151 1200 sunt
168 1180 216 1206 per
234 1174 410 1205 ignorantiam
424 1177 563 1206 peccantes
582 1174 635 1200 305
651 1174 682 1200 44
695 1188 732 1194 -

90 1217 165 1244 Caeci
184 1221 294 1250 peccant
313 1225 361 1250 per
374 1218 549 1250 ignorantiam
566 1221 656 1244 contra
675 1219 731 1245 Filii

90 1262 245 1295 sapientiam
266 1263 317 1288 560
336 1270 363 1288 v.
383 1263 399 1288 3
420 1263 430 1288 4

143 1321 178 1325 —
197 1306 296 1333 Caecus
323 1307 444 1339 designat
472 1314 558 1340 genus
583 1309 730 1333 humanum

71 1360 78 1366 ·
90 1351 132 1377 Vll
147 1351 197 1377 470
211 1351 244 1377 58
258 1366 293 1370 —
305 1352 477 1378 Excaecatum
490 1355 529 1379 est
542 1359 628 1384 genus
641 1353 730 1378 huma-

88 1402 153 1421 num
173 1402 221 1428 per
238 1396 410 1428 cupiditatem
423 1397 608 1428 temporalium
622 1395 684 1422 ibid.
695 1411 730 1415 —-

89 1440 220 1466 humanae
240 1440 400 1472 ignorantiae
419 1440 507 1466 deficit
519 1441 545 1466 in
559 1442 730 1473 comprehen-

89 1485 163 1510 sione
185 1484 251 1510 lucis
277 1484 384 1511 divinae
409 1485 442 1511 Vl
472 1485 523 1510 536
543 1485 558 1510 6
578 1500 613 1503 —
642 1485 730 1511 cordis

90 1529 198 1555 humani
225 1536 278 1555 non
305 1529 425 1561 intelligit
450 1529 574 1561 mysteria
601 1536 665 1556 suae
692 1536 730 1555 re-

88 1573 262 1605 demptionis,
280 1573 329 1599 nisi
347 1574 418 1599 Deus
445 1576 571 1606 tanquam
589 1581 669 1600 caeco
692 1574 730 1600 lu-

90 1624 150 1644 men
168 1617 289 1643 ostendat
306 1625 370 1644 suae
388 1618 453 1644 lucis
472 1621 497 1644 et
520 1618 613 1644 reddat
631 1619 730 1644 contui-

89 1666 145 1688 tum
164 1662 280 1688 veritatis
300 1662 343 1688 Vii
364 1662 414 1688 469
435 1663 469 1689 57
488 1676 524 1682 ·-
542 1663 641 1688 Oculus
660 1663 730 1688 intel-

89 1707 170 1733 lectus
188 1710 228 1733 est
247 1713 341 1733 caecus
360 1710 482 1739 respectu
502 1707 595 1738 unius,
615 1714 675 1733 cum
696 1711 729 1733 ta-

89 1757 150 1777 men
168 1751 241 1786 videt
259 1754 380 1784 respectu
399 1752 504 1778 alterius
523 1752 556 1778 Vi
577 1752 627 1778 250
651 1753 681 1778 16

142 1809 177 1815 -
195 1796 282 1822 innata
300 1799 340 1822 ost
359 1797 470 1822 caecitas
497 1797 591 1829 culpae
617 1797 729 1829 origina-

89 1840 133 1872 lis,
158 1843 290 1866 contracta
309 1842 351 1867 vel
370 1841 498 1874 acquisita
523 1842 616 1873 culpae
644 1844 729 1868 actua-

89 1885 119 1910 lis
140 1885 171 1911 Vl
191 1885 242 1911 579
263 1885 279 1911 5
291 1899 327 1905 -
340 1886 433 1918 culpae
446 1886 554 1912 actualis
567 1887 729 1912 contrahitur

90 1936 104 1955 a
123 1930 334 1962 concupiscentia
362 1930 461 1962 carnis,
481 1937 495 1956 a
514 1931 728 1963 concupiscentia

89 1974 228 2000 oculorum
246 1981 294 2007 per
313 1975 468 2007 temporalia
488 1978 514 2001 et
526 1982 541 2000 a
553 1975 679 2007 superbia
692 1976 729 2001 vi·

90 2021 131 2044 tae
149 2017 226 2051 ibid,
245 2020 261 2044 6
281 2032 317 2038 -
335 2019 428 2051 culpae
456 2022 495 2045 est
523 2020 621 2046 erroris
646 2020 670 2045 in
691 2020 730 2045 in-

90 2063 205 2096 tellectu,
233 2063 437 2096 praesumtionis
464 2063 491 2089 in
509 2065 619 2097 affectu,
641 2064 728 2090 devia-

89 2107 167 2134 tionis
185 2107 213 2133 in
230 2108 338 2139 effectu,
358 2107 539 2134 obstinationis
567 2108 592 2134 in
619 2115 730 2135 consue-

89 2152 180 2178 tudine
198 2152 326 2184 peccandi
344 2155 370 2178 et
388 2159 496 2179 excessu
509 2151 544 2179 ib.
558 2154 573 2178 2
588 2167 622 2171 -
635 2153 729 2185 culpae

78 2196 124 2223 'ad
143 2197 253 2223 modum
272 2197 397 2223 naturalis
412 2197 472 2223 iacit
489 2197 612 2229 ignarum
632 2197 657 2223 in
676 2197 729 2223 dis-

89 2241 222 2268 cernendo
240 2241 356 2273 bonum,
385 2242 519 2268 incautum
549 2242 575 2267 in
604 2242 728 2268 evitando

90 2286 204 2318 malum,
224 2286 341 2318 ineptum
361 2286 387 2312 ln
405 2286 510 2318 agendo
528 2285 639 2318 bonum,
653 2293 730 2318 prae—

89 2330 195 2362 cipitem
214 2330 240 2356 in
259 2330 362 2361 eunde„
380 2330 551 2363 impediendo
579 2332 727 2363 profectum

88 2372 123 2400 ib.
142 2374 157 2399 3
180 2388 213 2392 —
231 2374 372 2406 spiritualis
401 2374 567 2407 depauperat
595 2375 727 2401 conscien-

89 2418 152 2444 tiam
177 2421 203 2444 et
229 2418 347 2444 denudat
374 2418 456 2445 vitam
476 2417 510 2445 ib.
530 2419 545 2445 4
564 2433 600 2451 ,-
618 2423 728 2445 naturae

89 2465 128 2488 est
146 2462 309 2494 miseranda,
337 2463 449 2489 caecitas
476 2463 639 2495 ignorantiae
664 2464 729 2490 rele-

89 2506 191 2540 vanda,
210 2507 321 2533 caecitas
340 2514 442 2539 poenae
460 2510 499 2533 est
522 2507 653 2541 timenda,
672 2515 729 2535 cae-

89 2551 154 2577 citas
180 2552 273 2583 culpae
297 2550 472 2578 abominanda
492 2551 543 2577 578
564 2553 574 2578 4
598 2565 634 2572 -
652 2552 729 2585 50111-

90 2595 165 2621 tualis
181 2595 269 2621 reddit
296 2595 430 2621 hominem
459 2595 572 2628 tristem,
597 2597 677 2622 vilem
702 2600 729 2623 et

89 2639 227 2671 indignum
254 2639 366 2666 aliorum
395 2640 582 2667 communitate
600 2641 729 2667 01110101-

88 2690 160 2709 mem
179 2690 227 2716 per
246 2683 419 2716 ignorantiam
448 2683 634 2711 obscurantem
653 2685 728 2711 intel-

89 2727 185 2754 lectum
215 2727 266 2754 579
291 2727 307 2754 4
325 2741 361 2747 -
379 2727 479 2755 Caecus
506 2728 647 2761 spiritualis
674 2736 726 2755 non

89 2771 167 2798 intrat
185 2772 313 2804 templum
334 2773 433 2804 gloriae
451 2771 513 2799 ibid.

141 2829 176 2835 —
194 2815 294 2842 Caecus
313 2816 425 2842 existens
442 2816 470 2842 in
488 2817 543 2842 sole
564 2824 617 2843 nen
635 2817 728 2844 illumi-

89 2862 165 2886 natur
193 2860 226 2885 Vl
252 2860 303 2886 253
332 2861 365 2886 30
391 2874 426 2880 -
453 2860 529 2887 Caeci
558 2861 583 2886 in
611 2861 726 2887 adventu

88 2903 183 2930 Christi
201 2907 276 2930 erant
293 2904 456 2931 illuminandi
482 2905 533 2931 376
560 2905 601 2931 47.
621 2906 668 2931 384
692 2906 726 2932 52

88 2961 124 2967 -
141 2947 218 2974 Caeci
237 2948 320 2974 solent
339 2949 490 2975 mendicare
506 2948 558 2975 374
572 2950 606 2975 10
618 2963 654 2969 -
666 2949 727 2976 Cae-

89 2998 150 3023 cus,
169 2992 215 3025 qui
234 2991 318 3018 ambit
344 2995 370 3018 et
397 2993 542 3025 praesumit
569 2993 627 3019 aliis
654 3001 728 3026 prae-

89 3036 164 3067 ferri,
183 3043 211 3062 se
230 3039 256 3062 et
273 3037 377 3062 0110510
394 3037 579 3069 praecipitium
598 3037 729 3070 demergit

89 3080 133 3106 Vll
153 3080 203 3105 460
223 3080 256 3105 93

143 3138 178 3142 -
187 3124 329 3157 aliquando
338 3128 444 3151 sanatur
453 3125 574 3157 collyrio,
584 3126 727 3159 aliquando

90 3168 160 3199 selle,
179 3168 321 3202 aliquando
339 3169 393 3195 luto
415 3169 449 3195 Vl
469 3169 520 3195 579
539 3169 555 3195 7
574 3183 610 3189 -
629 3173 727 3196 contra-

89 3215 130 3238 cta
149 3218 197 3244 per
215 3212 343 3238 luxuriam
363 3216 469 3239 sanatur
485 3213 570 3239 carnis
589 3214 727 3240 mortifica-

90 3256 174 3288 tione,
201 3259 333 3282 contracta
361 3264 409 3289 per
437 3257 574 3283 avaritiam
599 3258 726 3284 memoria

91 3300 195 3333 mortis,
214 3303 345 3327 contracta
364 3307 412 3333 per
430 3300 583 3333 superbiam
611 3302 727 3328 conside-

201 3396 230 3423 S.
245 3397 349 3423 Bonav.
361 3410 397 3416 —
410 3398 486 3423 Tom.
500 3397 552 3423 Vll.

762 198 799 231 ΙΝ
821 197 1114 231 COMMENTARIUS
1137 199 1166 230 S.
1191 198 1416 231 SCRIPTURAE

772 286 902 313 dicatores
920 286 972 313 274
992 287 1034 312 25.
1055 287 1097 313 Vll
1118 287 1152 312 67
1172 287 1233 313 402.
1256 287 1299 313 141
1324 288 1358 313 29
1376 303 1411 306 —

771 331 820 356 Per
838 330 937 357 bovem
956 331 1108 363 intelligitur
1127 331 1232 363 sapiens
1245 332 1411 363 praedicator

772 375 815 401 Vll
835 375 882 401 361
909 376 940 401 13
959 389 995 395 —
1013 375 1145 407 significat
1171 375 1304 402 Christum
1328 380 1356 402 ut
1375 377 1411 403 vi-

771 420 877 446 ctimam
897 420 913 445 6
933 419 966 445 24

825 478 859 483 —-
878 464 964 490 Labor
988 464 1069 490 boum
1099 468 1138 490 051
1158 467 1254 491 terram
1273 472 1411 498 exercere,

770 508 868 542 quibus
887 511 1074 541 comparantur
1092 509 1165 535 avari
1185 510 1227 535 Vll
1248 510 1299 536 372
1320 510 1353 536 42
1376 525 1410 529 -—

770 553 831 585 luga
851 553 971 586 quinque
990 552 1070 579 boum
1095 557 1156 579 sunt
1180 554 1264 586 ssgura
1292 555 1411 588 quinque

770 604 896 624 sensuum
916 598 949 624 ad
969 601 1071 623 terrena
1090 604 1280 624 conversorum
1294 598 1357 625 ibid.
1376 613 1410 618 -—

769 642 919 674 significant
960 642 1119 668 mundanam
1162 643 1340 668 curiositatem
1378 644 1410 668 Vl

770 686 821 712 546
842 687 875 712 42

1067 813 1112 867 O

821 966 857 972 -·-
875 952 997 985 Aegyptii
1027 953 1113 979 01111011
1133 956 1193 979 sunt
1212 953 1337 979 caecitate
1355 961 1410 979 cor-

768 997 853 1029 porali
881 1004 928 1029 per
955 997 1061 1029 plagam
1089 997 1257 1023 tenebrarum
1285 1001 1311 1024 et
1335 998 1410 1031 spiri-

768 1041 830 1067 tuali
841 1048 888 1074 per
901 1042 996 1067 mentis
1008 1042 1217 1068 excaecationem
1231 1042 1264 1068 Vi
1276 1042 1322 1067 231
1337 1050 1364 1068 v.
1375 1043 1408 1068 46

821 1086 919 1112 Caecus
936 1101 971 1105 -
990 1089 1046 1112 erat
1074 1086 1143 1112 iuxta
1172 1087 1269 1113 iericho
1295 1087 1337 1113 Vll
1357 1087 1408 1113 470

768 1130 801 1156 58
820 1145 855 1149 -
874 1133 930 1156 0101
949 1138 1012 1156 νο10
1029 1131 1191 1163 mendicans,
1204 1132 1267 1164 quia
1280 1131 1358 1157 simul
1373 1132 1408 1157 in-

768 1174 877 1207 digebat
894 1182 963 1208 pane
981 1178 1007 1201 et
1025 1176 1083 1202 luce
1101 1175 1164 1202 ibid.
1182 1190 1218 1195 —
1237 1176 1311 1202 sedet
1332 1182 1408 1202 secus

768 1220 854 1252 viam,
874 1220 982 1253 quando
1001 1220 1034 1246 ad
1055 1220 1144 1246 lumen
1172 1221 1289 1246 veritatis
1314 1227 1408 1253 appro-

769 1264 880 1297 pinquat
897 1271 928 1290 ex
947 1265 1157 1290 consideratione
1175 1271 1240 1290 suae
1259 1265 1408 1291 defectibili-

768 1309 827 1335 tatis
845 1311 871 1334 et
890 1308 1070 1335 variabilitatis
1088 1308 1151 1335 ibid.
1169 1322 1205 1328 —
1223 1316 1270 1335 sua
1289 1309 1408 1335 oratione

769 1353 814 1378 dat
827 1352 904 1379 nobis
916 1353 1066 1385 exemplum
1079 1353 1171 1379 orandi
1185 1352 1220 1379 ib.
1232 1353 1266 1379 59
1280 1367 1314 1372 -
1326 1360 1408 1386 quae-

767 1397 801 1423 rit
819 1397 927 1423 sollicite
945 1404 975 1423 ex
995 1397 1086 1423 auditu
1105 1397 1198 1423 turbae
1217 1397 1279 1424 ibid.
1296 1412 1330 1416 —-
1343 1398 1407 1430 petit

768 1441 865 1467 devote
884 1444 909 1467 et
927 1442 1044 1467 clamans
1062 1442 1188 1474 ostendit,
1208 1449 1236 1467 se
1256 1441 1354 1468 habere
1367 1449 1407 1467 ex-

768 1485 915 1511 cedentiam
943 1486 1076 1517 desiderii,
1094 1486 1279 1512 confidentiam
1307 1486 1363 1518 spei
1382 1489 1408 1512 et

768 1530 965 1562 intelligentiam
985 1530 1045 1556 fldei
1066 1530 1113 1557 471
1137 1531 1165 1556 61
1189 1544 1225 1550 -
1244 1531 1330 1563 pulsat
1348 1538 1408 1556 con-

768 1574 840 1600 tinuo
858 1578 884 1600 et
903 1575 1052 1607 importune
1071 1574 1106 1601 ib.
1125 1576 1159 1601 62
1172 1589 1208 1594 —
1221 1582 1273 1601 non
1287 1575 1352 1607 petit
1364 1582 1407 1601 au-

767 1626 840 1652 rum,
860 1620 901 1645 vel
929 1619 1029 1653 aliquid
1057 1613 1217 1651 temporale}
1241 1620 1288 1646 sed
1307 1623 1407 1646 tantum

767 1663 857 1689 lumen
876 1662 910 1690 ib.
930 1663 964 1689 64
982 1677 1018 1683 -
1036 1663 1197 1697 sequebatur
1210 1663 1341 1691 Christum
1360 1672 1408 1697 per

767 1707 956 1734 subiectionem
976 1707 1141 1734 obedientiae
1160 1708 1193 1735 ib.
1213 1709 1246 1734 66

820 1766 856 1772 —
875 1759 926 1778 non
946 1756 985 1779 est
1012 1760 1107 1779 caecus
1133 1752 1214 1779 natas
1241 1753 1268 1779 in
1294 1760 1405 1786 poenam

767 1797 868 1829 peccati
886 1798 987 1829 proprii
1007 1797 1040 1823 Vl
1054 1797 1106 1823 375
1127 1797 1168 1823 45.
1189 1798 1240 1823 380
1255 1797 1289 1823 44
1302 1811 1336 1816 -
1349 1805 1408 1824 000-

767 1848 814 1867 cus
833 1844 909 1867 natus
928 1844 967 1867 est
986 1841 1020 1867 ad
1037 1841 1256 1868 manifestandum
1276 1842 1360 1875 Deum
1379 1842 1406 1868 in

768 1886 894 1912 miraculo
914 1886 966 1912 372
985 1887 1010 1912 3.
1030 1885 1082 1912 375
1103 1887 1136 1912 15
1155 1900 1190 1906 -
1212 1893 1307 1912 caecus
1329 1890 1406 1913 natus

767 1933 819 1963 est,
839 1933 867 1956 ut
886 1930 1064 1956 manifestetur
1083 1931 1166 1963 gloria
1186 1931 1233 1957 Dei
1253 1931 1278 1956 in
1297 1931 1339 1956 illo
1353 1931 1403 1957 306

768 1975 810 2000 48.
830 1974 880 2000 403
901 1975 934 2000 50
954 1989 988 1993 -
1007 1981 1102 2001 caecus
1128 1978 1205 2001 natus
1223 1978 1263 2001 est
1282 1982 1335 2001 non
1353 1978 1406 2001 tan-

767 2022 822 2045 tum
843 2022 952 2051 propter
971 2019 1082 2051 gloriam
1101 2019 1157 2050 Dei,
1176 2020 1223 2045 sed
1242 2020 1321 2045 etiam
1347 2026 1406 2052 pro-

767 2067 825 2096 pter
843 2071 891 2090 nos
910 2063 1077 2090 instruendos
1095 2067 1122 2090 et
1140 2067 1249 2096 propter
1268 2064 1403 2090 utilitatem

767 2108 901 2141 propriam
920 2108 946 2133 in
962 2108 1150 2134 illuminatione
1164 2109 1291 2141 spirituali
1305 2109 1357 2135 375
1371 2109 1404 2135 15

766 2166 801 2172 -
819 2152 904 2178 Caeco
923 2152 1020 2178 inflicta
1038 2155 1078 2179 est
1096 2160 1182 2185 poena
1201 2146 1309 2186 propter
1320 2153 1404 2180 divini

765 2197 866 2223 consilii
884 2197 1107 2229 dispensationem
1128 2196 1189 2224 ibid.
1216 2210 1250 2216 —-
1275 2198 1405 2230 significat

765 2241 871 2273 culpam
890 2241 1044 2273 originalem
1064 2241 1116 2266 579
1135 2241 1152 2267 5

819 2299 854 2305 -
873 2284 948 2312 Caeci
968 2285 1072 2311 miseria
1091 2291 1106 2310 a
1130 2284 1234 2311 Christo
1261 2289 1351 2312 curata
1370 2286 1403 2312 Vl

767 2329 818 2356 374
839 2330 872 2355 40
892 2343 926 2348 —-
945 2332 1051 2355 curatus
1069 2329 1126 2355 loco
1144 2321 1249 2361 public'o
1263 2330 1314 2355 376
1329 2330 1362 2356 47
1375 2330 1405 2356 2*

768 2389 799 2393 -
820 2374 868 2400 suit
885 2374 1044 2400 illuminatus
1062 2374 1116 2399 luto
1144 2373 1178 2400 ad
1205 2374 1403 2401 instructionem

766 2421 869 2445 nostrae
893 2418 1051 2451 cognitionis
1078 2421 1104 2444 et
1128 2418 1287 2450 operationis
1305 2419 1357 2444 373
1377 2419 1402 2445 8.

767 2463 818 2490 374
839 2464 863 2489 9.
883 2463 934 2489 376
956 2463 990 2489 47
1008 2476 1044 2482 -
1062 2463 1110 2489 suit
1128 2463 1182 2489 luto
1210 2463 1298 2489 linitus
1320 2463 1405 2489 consi-

766 2508 885 2534 derando
904 2507 1040 2540 propriam
1060 2507 1198 2538 vilitatem,
1218 2507 1286 2533 lotus
1305 2514 1353 2539 per
1372 2508 1406 2532 la-

765 2559 917 2585 crymarum
936 2552 1089 2578 emissionem
1098 2572 1104 2584 ‚
1117 2551 1276 2577 illuminatus
1284 2553 1337 2583 ‘per
1348 2558 1405 2583 gra-

766 2597 829 2624 tiam
857 2597 909 2623 580
931 2597 957 2628 7,
977 2596 992 2622 4
1011 2611 1046 2615 --
1065 2595 1140 2623 Caeci
1168 2595 1332 2628 obedientia,
1357 2602 1404 2627 per

765 2648 846 2675 quam
865 2641 1023 2667 illuminatur
1041 2640 1092 2666 373
1111 2640 1138 2666 7.
1157 2639 1208 2665 374
1229 2640 1261 2665 13

818 2699 854 2705 -
876 2685 1026 2717 0001110101,
1055 2692 1084 2711 50
1112 2685 1191 2711 fuisse
1218 2691 1343 2716 caecum,
1369 2684 1402 2710 ad

766 2730 876 2762 gloriam
895 2730 942 2756 Dei
962 2729 994 2755 Vl
1009 2729 1060 2755 374
1085 2730 1110 2754 14
1136 2743 1169 2749 ——
1188 2736 1241 2755 non
1261 2729 1346 2755 timuit
1359 2736 1404 2755 vc-

765 2775 867 2800 ritatem
887 2774 1006 2800 confiteri
1033 2774 1085 2800 377
1105 2775 1148 2806 21,
1172 2774 1216 2799 23.
1235 2773 1286 2799 378
1307 2774 1350 2806 30,
1369 2773 1398 2799 31

765 2832 800 2838 -
828 2819 974 2851 0001110101,
1001 2817 1133 2844 Christum
1162 2824 1220 2844 esse
1247 2819 1403 2850 prophetam

766 2862 818 2888 377
831 2863 865 2888 23
879 2876 913 2881 -
926 2863 1050 2888 Parentes
1062 2862 1134 2888 caeci
1148 2862 1230 2888 timidi
1244 2862 1405 2894 respondent

765 2906 800 2932 de
818 2906 863 2932 11111
882 2906 922 2932 sui
941 2913 1052 2938 persona
1072 2909 1098 2932 et
1117 2905 1280 2937 conditione,
1293 2906 1339 2932 sed
1352 2913 1417 2931 non.

765 2950 861 2976 audent
888 2950 1049 2982 respondere
1075 2950 1110 2976 de
1137 2951 1194 2976 eius
1216 2950 1351 2976 curatione
1370 2949 1402 2976 ib.

766 2994 808 3020 26.
838 2994 889 3019 378
918 2994 961 3025 27,
990 2995 1023 3020 29
1042 3007 1078 3013 -
1102 2994 1234 3026 sapienter
1261 2994 1405 3026 respondet

766 3038 911 3064 pharisaeis
929 3038 981 3064 378
998 3039 1042 3069 31,
1061 3039 1094 3064 33
1107 3052 1143 3057 -
1154 3039 1242 3070 arguit
1258 3045 1351 3064 eorum
1370 3039 1404 3064 in-

766 3082 946 3109 credulitatem
964 3082 1016 3108 379
1037 3083 1079 3115 35,
1093 3083 1127 3108 36
1147 3096 1180 3101 -
1194 3083 1354 3108 illuminatus
1366 3089 1404 3108 ar-

766 3125 864 3158 guebat
882 3126 1081 3152 Pharisaeorum
1100 3126 1252 3152 caecitatem
1266 3126 1309 3152 Vll
1323 3126 1374 3152 502
1388 3126 1403 3151 3

766 3184 800 3189 -
818 3177 867 3202 010
894 3171 1004 3197 veritate
1032 3171 1154 3196 iniuriam
1182 3170 1279 3202 patitur
1299 3170 1332 3196 Vi
1352 3170 1403 3196 379

766 3214 798 3240 40
826 3228 862 3234 -
889 3215 984 3241 iniuste
1012 3215 1036 3240 ei
1061 3214 1236 3247 exprobratur
1263 3218 1403 3246 peccatum

765 3259 816 3285 380
837 3259 870 3285 45

2027 204 2085 236 681

1744 245 1806 272 0Αο

1504 289 1601 315 80111115
1620 304 1654 309 -—
1672 290 1764 316 allatus
1778 290 1812 316 de
1825 293 1893 316 terra
1907 292 2091 323 promissionis

1450 332 1579 365 significat
1597 332 1730 360 Christum
1751 334 1783 360 Vi
1805 334 1856 360 449
1878 336 1911 360 45

1503 378 1635 404 antemon
1653 393 1688 397 —
1703 379 1746 404 Dei
1766 382 1805 404 est
1825 380 1902 405 Filius
1923 381 1954 406 Vl
1975 381 2026 406 422
2046 381 2090 407 57.

1452 422 1492 448 vll
1513 422 1545 447 33
1575 422 1617 448 96.
1647 423 1698 448 292
1727 423 1770 449 46.
1794 424 1846 449 395
1866 424 1899 450 34
1918 439 1952 443 --
1972 425 2089 451 Christus

1449 466 1544 492 dicitur
1564 467 1700 493 brachium
1720 469 1884 500 protegendo
1900 469 1930 493 Vl
1947 469 1996 494 442
2016 477 2041 495 v.
2056 470 2089 495 47

1503 511 1570 537 Buao
1589 526 1624 530 —
1643 512 1737 537 clarius
1757 512 1828 538 videt
1855 513 1889 538 de
1914 517 1989 539 nocte
2008 521 2087 546 quam

1450 556 1538 587 homo,
1549 556 1594 581 sed
1607 563 1657 581 non
1671 557 1823 588 simpliciter
1834 558 1928 584 clarius
1939 558 1980 583 Vli
1993 558 2042 584 407
2056 559 2082 584 41

1503 600 1594 626 Bvssus
1613 615 1646 619 ——
1666 604 1705 626 est
1718 608 1801 632 genus
1814 602 1856 627 lini
1871 602 1975 628 candidi
1989 606 2014 628 et
2027 604 2088 628 mol-

1448 644 1538 669 lissimi
1560 645 1601 670 Vll
1622 644 1672 670 416
1693 645 1725 670 37
1745 659 1780 664 -
1793 653 1822 671 ex
1837 650 1904 672 terra
1921 647 2038 678 gignitur
2054 647 2086 672 w

1449 688 1500 713 227
1521 695 1546 714 v.
1567 689 1600 714 24

1448 957 1508 986 post
1536 955 1697 980 curationem
1726 956 1843 982 nondum
1873 956 1999 983 credebat
2017 956 2086 983 Chri-

1447 1002 1517 1024 stum
1537 999 1619 1025 Deum
1641 999 1692 1025 374
1713 1000 1745 1025 13
1764 1014 1800 1019 -
1818 1008 1872 1026 000
1891 1001 1977 1027 statim
1992 1002 2038 1027 suit
2051 1002 2086 1027 in-

1448 1043 1528 1069 terius
1546 1043 1706 1070 illuminatus
1726 1045 1777 1070 380
1797 1045 1839 1076 42,
1860 1045 1892 1070 44
1912 1060 1946 1064 -
1966 1046 2084 1072 nondum

1448 1086 1561 1113 habebat
1579 1088 1659 1114 fldem
1679 1089 1838 1122 explicitam,
1857 1093 1883 1115 et
1902 1090 1961 1116 ideo
1980 1097 1994 1115 a
2013 1090 2086 1116 Chri-

1446 1134 1486 1157 ste
1513 1132 1650 1158 instruitur
1669 1132 1701 1159 ib.
1723 1133 1755 1158 44
1776 1148 1809 1152 -
1828 1133 1931 1160 Christo
1958 1135 2086 1160 excitante

1446 1177 1574 1202 consentit
1593 1177 1619 1202 in
1638 1177 1717 1203 fldem
1732 1177 1765 1204 ib.
1781 1178 1813 1203 47
1826 1193 1861 1197 —
1874 1179 1940 1204 vidit
1952 1178 2084 1205 Christum

1446 1226 1494 1252 per
1513 1220 1668 1247 miraculum
1688 1221 1721 1248 ib.
1743 1221 1775 1247 48
1794 1237 1830 1241 —
1849 1224 1983 1249 consessus
2002 1227 2041 1249 est
2059 1224 2086 1249 ss-

1446 1264 1507 1290 dem
1528 1265 1552 1290 in
1571 1264 1703 1291 Christum
1731 1266 1814 1292 verbo
1842 1270 1867 1293 et
1885 1267 2013 1301 obsequio
2033 1269 2079 1294 381

1447 1308 1490 1339 48,
1510 1308 1543 1333 49

1499 1352 1600 1379 Cat-:tua
1613 1367 1649 1373 —-
1662 1355 1687 1380 ln
1707 1355 1811 1380 caelesti
1831 1356 1913 1387 patria
1927 1360 1967 1382 051
1979 1364 2084 1383 summa

1446 1397 1595 1428 pulcritudo
1616 1398 1648 1423 Vl
1667 1398 1718 1424 323
1738 1399 1772 1424 32
1791 1413 1826 1418 -
1846 1400 1872 1424 ln
1892 1401 1964 1426 caelo
1983 1404 2022 1427 051
2042 1401 2085 1427 bo-

1445 1448 1539 1467 norum
1558 1442 1711 1468 sufficientia
1732 1444 1773 1469 Vll
1794 1443 1844 1469 464
1864 1444 1897 1469 44

1498 1500 1533 1503 -
1551 1486 1682 1512 clauditur
1701 1494 1749 1519 per
1768 1488 1908 1514 carnalemv
1922 1489 1994 1514 Adae
2008 1496 2085 1521 gene·

1446 1529 1573 1555 rationem
1594 1530 1637 1556 Vll
1658 1531 1690 1556 83
1711 1531 1745 1557 52
1764 1546 1799 1550 -
1818 1531 1887 1558 Caeli
1901 1533 1999 1559 clausio
2019 1534 2088 1559 desi-

1446 1576 1509 1605 gnat
1527 1574 1660 1600 desectum
1674 1575 1774 1606 gratiae
1793 1579 1818 1601 et
1837 1576 1973 1602 doctrinae
1987 1578 2037 1603 402
2052 1578 2086 1603 55

1445 1632 1480 1636 -
1489 1619 1607 1650 aperitur
1616 1619 1650 1645 ad
1661 1619 1787 1646 mittenda
1801 1619 1938 1652 beneficia,
1951 1622 1985 1647 ad
1999 1625 2086 1647 osten·

1445 1662 1563 1689 dendum
1591 1664 1715 1695 mysteria
1746 1667 1772 1690 et
1797 1664 1828 1690 ad
1851 1665 2033 1697 recipiendum
2060 1666 2085 1692 in

1446 1707 1556 1738 gloriam
1586 1707 1618 1733 Vl
1639 1707 1690 1734 543
1713 1709 1736 1734 1.
1755 1708 1808 1734 544
1827 1709 1842 1734 3
1862 1724 1896 1728 —
1916 1710 2032 1742 aperitur
2051 1711 2086 1736 os-

1446 1751 1603 1784 serentibus,
1631 1752 1797 1785 pulsantibus
1825 1757 1850 1779 et
1868 1755 2085 1787 properantibus,

1444 1796 1574 1822 clauditur
1594 1796 1757 1823 tardantibus
1776 1797 1828 1824 544
1848 1799 1863 1824 2

1479 1853 1515 1860 -
1534 1841 1619 1873 Super
1637 1841 1770 1868 Christum
1789 1843 1854 1868 caeli
1868 1843 1951 1875 aperti
1971 1848 2032 1870 sunt
2051 1845 2084 1870 Vl

1445 1884 1496 1910 267
1516 1885 1560 1911 98.
1579 1885 1622 1911 Vll
1642 1886 1675 1911 83
1695 1886 1729 1912 52
1748 1901 1783 1905 -
1802 1887 1918 1919 aperitur
1936 1895 1985 1920 per
2009 1895 2084 1921 rege-

1444 1929 1604 1955 nerationem
1629 1930 1791 1962 spiritualem
1820 1931 1864 1957 Vll
1890 1932 1923 1957 83
1950 1932 1983 1958 52
2003 1946 2038 1952 -
2057 1934 2084 1959 10

1444 1973 1545 1999 0001010
1564 1981 1617 2000 000
1637 1975 1786 2001 ascenditur
1804 1976 1853 2002 nisi
1872 1983 1920 2008 per
1934 1977 2085 2003 Sacramen-

1443 2020 1499 2043 tum
1518 2019 1724 2050 regenerationis
1742 2018 1803 2045 ibid.

1496 2075 1532 2081 —
1557 2063 1698 2095 Postquam
1726 2062 1845 2090 Christus
1872 2065 2004 2096 ascendit,
2030 2072 2084 2092 cre·
2124 2098 2126 2100 Υ

1443 2106 1567 2133 dentibus
1584 2107 1612 2133 in
1631 2114 1692 2133 eum
1712 2108 1829 2139 aperitur
1847 2108 1935 2135 aditus
1959 2110 2024 2135 caeli
2049 2110 2083 2136 Vl

1443 2151 1495 2178 267
1514 2152 1556 2177 98.
1578 2151 1620 2177 Vll
1639 2152 1673 2177 83
1692 2151 1726 2177 52

1496 2210 1531 2214 -
1550 2196 1683 2222 desertum
1704 2197 1751 2222 ruit
1774 2196 1809 2222 ab
1832 2197 1939 2228 Angelis
1957 2201 1983 2223 et
2002 2199 2084 2224 homi·

1443 2239 1522 2266 nibus
1541 2244 1566 2267 et
1584 2241 1671 2266 nulius
1688 2240 1740 2266 iam
1754 2244 1856 2273 poterat
1869 2241 1905 2267 ibi
1917 2242 2024 2268 introire
2038 2243 2082 2268 Vll

1444 2285 1495 2311 384
1522 2285 1555 2310 40
1580 2299 1615 2304 --
1640 2289 1810 2317 comparatur
1833 2285 1937 2311 deserto
1966 2285 2027 2312 ibid.
2046 2300 2082 2306 —

1443 2329 1566 2356 Caelestis
1592 2330 1675 2362 patria
1707 2330 1797 2355 avulsa
1826 2330 1868 2355 vel
1895 2331 2017 2356 translata
2043 2334 2083 2356 est

1443 2377 1572 2407 quantum
1597 2374 1632 2400 ad
1655 2377 1756 2406 partem
1785 2374 1951 2406 peccantium
1979 2375 2083 2407 angelo·

1443 2425 1502 2444 rum
1527 2418 1560 2444 Vl
1586 2419 1637 2444 629
1667 2419 1682 2444 6
1702 2432 1737 2438 -
1756 2419 1832 2444 Porta
1860 2418 1923 2444 caeli
1951 2419 2082 2445 clauditur

1443 2469 1491 2494 per
1509 2462 1673 2488 iudiciariam
1693 2463 1881 2489 districtionem
1906 2463 1949 2489 Vll
1975 2463 2021 2489 351
2047 2464 2081 2490 55

1443 2520 1478 2526 —
1498 2507 1573 2532 Porta
1591 2507 1656 2532 caeli
1674 2510 1714 2542 est
1736 2511 1826 2540 aperta
1848 2515 1896 2540 per
1915 2511 1998 2534 totum
2025 2515 2082 2540 spa·

1443 2550 1508 2576 tium
1527 2551 1600 2583 viae,
1619 2551 1666 2577 sed
1686 2551 1815 2577 clauditur
1833 2552 1860 2577 in
1880 2552 1932 2578 11110
1952 2551 2014 2579 ibid.

1497 2608 1531 2613 —
1550 2594 1618 2620 Caeli
1636 2595 1724 2621 aditus
1741 2596 1854 2622 difficilis
1872 2599 1912 2622 est
1924 2597 1968 2622 Vll
1981 2597 2033 2622 350
2048 2597 2081 2623 49

1442 2652 1478 2658 -
1496 2639 1569 2664 Ροι·10
1584 2639 1648 2664 caeli
1661 2644 1715 2664 1100
1728 2642 1768 2665 051
1779 2643 1890 2671 angusta
1907 2644 2015 2673 propter
2025 2648 2082 2673 par-

1443 2683 1549 2708 vitatem
1563 2683 1703 2714 potentiae,
1716 2683 1764 2709 sed
1776 2687 1885 2716 propter
1898 2685 2081 2710 arctitudinem

1443 2726 1586 2753 modestiae
1595 2730 1621 2752 et
1631 2727 1813 2753 rectitudinem
1824 2728 1937 2753 iustitiae
1951 2727 1984 2754 ib.
1999 2729 2032 2754 52
2047 2743 2081 2747 -

1443 2771 1511 2798 Caeli
1530 2774 1605 2803 porta
1623 2774 1649 2796 et
1668 2771 1710 2796 via
1738 2774 1777 2797 est
1796 2775 1865 2797 arcta
1889 2772 2080 2804 inchoantibus,

1443 2816 1564 2842 dilatatur
1592 2814 1789 2847 proficientibus
1808 2819 1833 2841 et
1852 2816 1938 2848 ampla
1957 2820 1996 2842 est
2022 2824 2082 2847 per·

1442 2859 1608 2886 venientibus
1625 2860 1672 2885 351
1698 2859 1730 2885 54
1745 2873 1778 2878 --
1792 2860 1866 2895 Porta
1886 2861 1949 2886 caeli
1968 2865 2080 2892 angusta

1442 2908 1468 2931 et
1486 2904 1528 2930 via
1548 2907 1617 2929 arcta
1638 2907 1677 2929 cst
1698 2903 1817 2929 Christus
1845 2904 1896 2929 350
1919 2904 1953 2929 52
1971 2918 2006 2923 —
2026 2905 2080 2930 Non

1443 2950 1519 2975 intrat
1532 2951 1729 2980 per-angustam
1743 2952 1844 2980 portam
1864 2948 1913 2973 nisi
1932 2949 1977 2981 qui
1996 2956 2024 2974 se
2043 2956 2081 2974 re·

1443 2993 1508 3025 digit
1526 2992 1560 3018 ad
1578 2992 1734 3024 parvitatem
1763 2995 1787 3017 et
1815 2992 1992 3018 austeritatem
2018 2992 2079 3018 ibid.

1443 3052 1476 3056 —-
1496 3038 1522 3063 in
1542 3037 1643 3062 caelum
1663 3043 1723 3061 cum
1753 3035 1940 3068 cupiditatibus
1968 3034 2082 3062 101100οἑ

1442 3089 1501 3108 rum
1521 3080 1681 3112 impossibile
1699 3083 1739 3105 est
1757 3080 1865 3106 introire
1883 3081 1951 3106 sicut
1963 3087 2024 3106 cum
2038 3081 2080 3107 de-

1441 3125 1544 3152 sideriis
1562 3124 1608 3150 351
1634 3124 1667 3149 54
1885 3125 1889 3129 ’

1494 3184 1529 3188 -
1548 3168 1616 3194 Multi
1630 3171 1762 3200 quaerunt
1775 3168 1884 3200 intrare,
1899 3169 2079 3200 praemiorum

1441 3219 1531 3239 amore
1549 3212 1700 3244 provocati,
1718 3211 1765 3238 sed
1786 3219 1838 3238 non
1861 3216 1998 3245 poterunt,
2023 3219 2081 3245 per-

1441 3257 1520 3284 territi
1540 3256 1638 3282 itineris
1651 3256 1790 3288 asperitate
1804 3256 1846 3282 Vll
1861 3257 1907 3282 351
1927 3257 1960 3283 53
1974 3271 2009 3275 -
2023 3257 2080 3282 Non

818 3315 853 3323 -—
871 3303 1009 3329 occasione
1035 3303 1180 3335 corporalis
1208 3302 1404 3328 illuminationis
1442 3302 1537 3327 intrant
1555 3301 1600 3334 qui
1629 3301 1720 3326 volunt
1747 3299 1880 3326 Christum
1909 3301 2035 3334 consequi
2055 3304 2081 3326 et

89 3343 190 3370 ratione
208 3344 315 3370 vilitatis
326 3345 457 3371 humanae
469 3345 626 3372 conditionis
639 3346 691 3372 580
708 3346 726 3372 7
765 3350 804 3373 est
821 3347 989 3380 spiritualiter
1015 3347 1173 3374 illuminatus
1194 3347 1225 3373 Vl
1246 3346 1298 3372 375
1317 3347 1350 3373 45
1369 3360 1404 3366 -
1441 3345 1532 3372 nolunt
1562 3351 1623 3371 eum
1655 3345 1731 3378 sequi
1762 3343 1824 3371 ibid.
1854 3359 1890 3363 —
1921 3346 1949 3371 ln
1977 3346 2081 3371 caelum

1936 3398 1969 3423 86
