2427 3872
113 692 164 713 Pars
179 691 231 712 inci-

92 718 145 740 dens
159 718 186 739 de
204 723 239 739 re-

104 744 229 772 probatione

105 777 231 798 synagogae.

93 798 174 819 Divisio
189 799 211 818 in
227 797 238 818 3

119 824 221 845 membra.

93 930 123 951 De
139 930 185 956 ipsa
203 935 236 951 re-

101 957 227 983 probatione

142 983 192 1004 duo.

121 1279 216 1309 flagelli.

97 1308 239 1332 exaggeratio.

91 1810 188 1832 Remedii
201 1816 236 1832 ex-

130 1838 205 1859 clusio.

99 2211 130 2232 De
145 2209 238 2241 secundo

146 2239 195 2258 tria.

92 2504 187 2530 Ipsorum
204 2509 238 2525 ca-

122 2530 215 2551 lamnas.

258 256 322 288 6er

256 345 360 378 facere,
383 342 488 371 scilicet
509 341 708 371 conscientiam
729 340 884 374 discutere,
904 339 990 368 corda
1012 346 1167 374 manusque
1181 338 1217 366 le-

257 401 338 426 vare,
361 401 412 421 nos
433 393 509 427 ipsos
531 391 616 419 etiam
636 398 777 418 accusare.
799 389 876 417 Deus
897 388 941 417 est
961 388 1141 417 inexorabilis
1156 395 1217 423 pro-

257 442 320 478 pter
335 441 456 477 quatuor
470 448 574 476 genera
586 438 763 474 peccatorum
773 436 792 465 ¹.
808 454 847 457 —
858 437 931 465 Huic
943 436 1099 465 sententiae
1111 436 1217 472 triplici

257 489 441 526 praeponitur
461 488 560 517 littera
580 488 671 523 an,
693 488 759 523 quia
780 487 816 515 ad
837 486 965 514 litteram
986 486 1156 521 principium
1177 493 1217 513 re-

257 539 338 568 medii
359 539 393 567 et·
409 538 511 566 salutis
532 537 576 565 est
597 537 742 565 conversio
764 536 868 571 triplex
896 534 1123 571 poenitentialis,
1145 542 1216 570 quae

256 589 301 617 hic
322 586 543 616 commendatur.

336 637 385 664 45.
408 636 501 672 (Vers.
522 635 596 672 43.).
617 634 764 670 Sequitur:
797 634 920 662 Sumen.
946 632 1096 668 Operuisti
1120 630 1153 660 in
1173 630 1217 665 fu-

256 692 331 714 rore.
353 685 406 713 Hic
427 684 463 713 ad
493 684 621 712 litteram
652 691 685 711 ex
716 682 872 718 praemissa
897 680 1118 710 consideratione
1146 680 1218 708 divi-

257 743 309 763 nae
330 733 535 762 misericordiae
563 732 591 761 et
622 732 747 760 iustitiae
780 731 902 759 infertur
932 730 1098 767 reprobatio
1130 737 1217 765 syna-

255 791 355 820 yoyae.
377 783 472 811 Primo
493 781 627 810 describit
658 781 746 809 istam
766 780 1014 815 reprobationem;
1035 778 1156 806 secundo
1176 778 1217 806 in-

256 832 379 861 troducit
403 830 513 860 Christi·
533 831 578 859 vel
607 829 774 865 Prophetae
796 828 1038 864 compassionem,
1060 825 1135 855 ibi²:
1160 825 1218 854 Di-

256 881 380 909 visiones
411 884 580 914 aquarwm;
612 878 710 911 tertio,
731 877 948 913 reprobationis
968 876 1125 910 rationem,
1161 875 1215 903 ibi:

261 929 368 958 Oculus
399 937 478 957 meus
509 927 702 962 depraedatus
730 928 781 955 est.
807 942 848 946 ——
868 926 965 961 Ipsam
987 925 1218 959 reprobationem

256 979 346 1014 primo
367 977 499 1006 describit
520 985 570 1012 per
591 975 828 1011 comparationem
843 974 879 1002 ad
892 974 990 1002 Deum
1003 973 1217 1009 stimulantem,-

256 1026 389 1060 secundo,
405 1035 455 1061 per
469 1019 707 1061 comparationem
727 1023 763 1051 ad
785 1023 986 1052 adversarium
1008 1022 1216 1057 tribulantem,

104 1083 226 1138 ‘ffilperiiff
256 1075 307 1103 ibi:
329 1074 584 1103 Eradicationem.
605 1089 645 1092 —
666 1072 701 1100 In
723 1072 815 1107 prima
837 1071 919 1106 parte
951 1071 1042 1106 primo
1063 1069 1218 1106 exaggerat

255 1123 420 1159 flagellum,·
442 1122 540 1150 deinde
561 1120 685 1150 ostendit
698 1120 856 1149 remedium
870 1119 1063 1154 exclusivum,
1084 1118 1138 1146 ibi:
1159 1117 1218 1154 Op-

250 1172 379 1207 posuisti
398 1171 513 1199 nubem.

335 1220 391 1249 Pro
414 1221 505 1255 primo
526 1218 608 1247 dicit:
629 1217 760 1246 Samech.
780 1217 941 1253 operuisti,
963 1226 1007 1246 me
1025 1217 1131 1245 scilicet
1145 1217 1217 1245 cala-

254 1270 354 1298 mitate
375 1270 404 1297 et
425 1269 538 1297 miseria
559 1268 604 1296 vel
625 1267 830 1301 excaecatione,
852 1275 888 1295 ne
915 1266 1061 1295 Christum
1082 1274 1217 1302 agnosce-

255 1327 329 1353 rem3
351 1318 384 1346 in
404 1316 522 1352 furore,
544 1316 573 1344 id
593 1316 638 1345 est
659 1315 810 1344 severitate
830 1315 973 1349 iustitiae3
995 1316 1022 1343 et
1043 1314 1218 1349 percussisti

254 1376 321 1403 nos,
343 1367 478 1396 violentia
509 1365 677 1399 obsidionis;
703 1365 835 1393 occidisti
843 1387 858 1400 ,.
873 1364 1063 1393 destructione
1091 1363 1217 1392 civitatis

254 1417 283 1445 et
303 1416 480 1444 immanitate
501 1414 621 1451 stragis3
635 1423 688 1442 nec
696 1405 872 1450 pepercisti,
894 1413 1011 1447 ultimo,
1034 1413 1108 1442 sieut
1123 1414 1215 1449 primo

255 1466 365 1502 aliquas
386 1465 555 1493 Iudaeorum
576 1464 711 1499 reliquias
732 1463 761 1491 in
782 1463 888 1491 Iudaea
903 1463 1096 1499 relinquendo.
1112 1479 1152 1483 —
1164 1462 1218 1491 Vel

255 1515 288 1543 de
310 1514 423 1542 Christo
444 1513 609 1549 exponitur:
636 1511 800 1547 Operuisti,
822 1512 1000 1540 maiestatem
1022 1511 1217 1540 abscondendo

255 1564 380 1598 tempore
392 1562 548 1598 passionis3
564 1561 656 1589 Isaias
669 1559 695 1589 ⁵:
716 1572 730 1586 ‹<
742 1560 933 1590 Absconditus
948 1560 993 1589 est
1007 1560 1106 1589 vultus
1117 1561 1177 1589 eius
1188 1570 1216 1595 »3

256 1614 288 1641 in
307 1612 407 1647 furore
438 1614 503 1647 tuo,
537 1611 643 1639 scilicet
674 1610 823 1639 voluntate
854 1610 962 1646 flagelli
993 1609 1216 1644 indeclinabilis;

250 1662 439 1697 percussisti,
472 1661 656 1697 flagellando,
678 1660 825 1696 occidisti,
854 1660 882 1688 id
912 1660 971 1694 est,
1001 1660 1086 1689 occidi
1117 1659 1217 1695 permi-

256 1710 333 1745 sisti3
365 1718 416 1738 nec
442 1710 615 1746 pepercisti,
638 1718 756 1745 poenam
783 1710 813 1738 in
841 1709 935 1745 aliquo
957 1709 1123 1745 mitigando.

334 1760 383 1788 46.
406 1759 501 1796 (Vers.
523 1759 597 1796 44.).
629 1759 753 1787 SAMncu.
789 1758 958 1797 Opposuisti
990 1758 1111 1794 nubem,
1145 1758 1218 1787 sicut

255 1808 408 1844 opponitur
428 1808 553 1844 exceptio
575 1807 766 1844 peremptoria
786 1807 891 1835 iniuste
911 1806 1018 1843 aliquid
1034 1806 1151 1842 petenti,
1165 1815 1224 1837 nu-.

256 1858 331 1893 bern,
353 1857 381 1885 id
402 1857 446 1886 est
476 1865 589 1886 carnem
624 1856 746 1890 Christi,
779 1856 832 1884 sub
853 1864 909 1892 qua
940 1856 1028 1884 latuit
1055 1864 1140 1884 verus
1171 1856 1218 1884 Sol

255 1906 396 1940 iustitiae;
418 1905 549 1934 Isaias⁴t
576 1917 591 1930 «
604 1905 675 1934 Ecce
695 1905 822 1934 ascendit
843 1905 981 1934 Dominus
1003 1913 1088 1941 super
1114 1905 1218 1933 nubem

255 1956 344 1984 levem
354 1967 372 1981 ο)
392 1955 445 1984 etc.
460 1955 508 1984 Ne
530 1956 662 1983 transeat
682 1955 794 1990 oratio,
817 1954 853 1983 ad
867 1954 958 1983 Deum
973 1954 1094 1988 scilicet;
1109 1954 1218 1982 Isaias:

260 2015 274 2029 α
288 2004 460 2040 Iniquitates
480 2004 592 2033 vestrae
623 2003 782 2032 diviserunt
812 2003 888 2032 inter
918 2011 969 2032 vos
1000 2003 1029 2031 et
1057 2003 1147 2031 Deum
1176 2011 1219 2031 ve—

257 2054 357 2087 strum,
373 2054 402 2082 et
417 2053 531 2089 peccata
552 2052 649 2081 vestra
670 2052 879 2081 absconderunt
899 2052 998 2081 faciem
1019 2053 1079 2080 eius
1093 2061 1110 2080 a
1126 2052 1219 2086 vobis,

256 2111 291 2131 ne
312 2102 501 2131 exaudiret».

336 2151 386 2179 47.
409 2151 503 2187 (Vers.
525 2151 599 2188 45.).
620 2151 743 2180 SAMncn.
765 2151 1019 2180 Eradicationem.
1042 2151 1095 2179 Hic
1116 2151 1221 2179 descri-

257 2199 300 2228 bit
320 2200 553 2235 reprobationem
574 2201 619 2228 vel
639 2201 699 2229 eius
720 2200 848 2229 effectum
863 2208 914 2236 per
927 2200 1167 2236 comparationem
1182 2200 1222 2229 ad

259 2249 460 2277 adversarium
482 2249 691 2284 tribulantem,·
712 2250 834 2287 tangens
866 2249 926 2278 tam
947 2250 1080 2287 ipsorum
1102 2250 1221 2278 calami-

259 2300 347 2327 tatem
373 2307 457 2334 quam
489 2298 728 2326 adversariorum
749 2298 982 2334 improbitatem,
1005 2298 1142 2333 secundo,
1164 2299 1218 2327 ibi:

257 2347 470 2382 Aperuerrmt;
491 2347 576 2376 tertio
601 2347 749 2383 utriusque
770 2347 865 2384 tangit
884 2348 1041 2384 rationem,
1063 2348 1120 2376 ibi:
1143 2348 1222 2377 For-

257 2397 336 2425 mido
358 2397 411 2424 ete.

337 2445 413 2473 Dicit
434 2453 516 2481 ergo:
533 2445 789 2481 Eradicationem,
812 2446 845 2474 de
867 2446 945 2474 terra
968 2447 1084 2482 propria
1105 2447 1134 2475 et
1159 2458 1173 2472 α
1188 2447 1221 2476 de

259 2493 337 2523 terra
364 2494 521 2522 viventium
542 2506 570 2528 »,
593 2495 620 2522 et
648 2494 850 2530 abiectionem,
882 2495 1054 2524 confusionis
1081 2496 1110 2524 et
1140 2497 1221 2532 igno-

258 2543 378 2576 mimae,
404 2542 534 2577 posuisti
554 2550 612 2576 me,
641 2550 828 2579 synagogam,
855 2543 888 2571 in
913 2544 1007 2572 medio
1024 2544 1220 2580 populorum,

260 2591 383 2619 omnium
404 2591 493 2619 totius
513 2591 620 2619 mundi.
641 2591 694 2620 Vel
715 2591 749 2619 de
771 2591 884 2620 Christo
905 2592 1069 2628 exponitur,
1091 2594 1139 2629 qui
1159 2602 1222 2622 erae

259 2639 369 2668 dicatus
390 2640 434 2668 est
454 2640 487 2667 de
509 2640 587 2668 terra
607 2640 779 2673 viventium,
802 2641 954 2669 secundum
976 2642 1134 2677 opinionem
1148 2643 1223 2671 mul-

259 2688 367 2722 torum3
388 2688 481 2716 Isaias
494 2687 520 2716 ⁵:
548 2699 562 2713 α
577 2689 727 2716 Abscissus
749 2689 793 2717 est
813 2689 846 2717 de
867 2689 945 2717 terra
966 2690 1138 2725 viventium3
1161 2699 1223 2726 pro-

260 2736 324 2772 pter
346 2737 437 2765 scelus
458 2737 556 2773 populi
570 2738 623 2765 mei
638 2738 763 2773 percussi
784 2746 847 2765 eum
859 2749 872 2762 »
892 2738 961 2772 etc.;
977 2739 1004 2766 et
1022 2738 1222 2775 abiectionem,

260 2786 339 2814 iuxta
359 2786 446 2814 illud:
474 2797 488 2811 α
503 2786 563 2822 Ego
586 2786 681 2814 autem
702 2786 806 2814 vermis
828 2794 890 2814 sum
911 2786 940 2814 et
961 2794 1017 2814 non
1038 2786 1121 2815 homo
1135 2798 1164 2814 ».
1183 2803 1223 2808 —-

260 2835 333 2863 Huic
354 2835 460 2870 triplici
481 2835 624 2863 clausulae
652 2834 837 2870 praeponitur
857 2834 956 2863 littera
985 2834 1107 2864 Samech
1128 2835 1223 2871 tripli-

260 2883 337 2916 cata,
353 2891 423 2919 qnae
444 2883 652 2918 interpretatur
667 2883 931 2918 adiutorium;'hic
952 2884 1026 2912 enim
1047 2884 1223 2913 lamentatur

260 2940 404 2968 synagoga
425 2940 506 2961 omne
526 2932 696 2961 adiutorium
718 2932 771 2960 sibi
793 2932 980 2961 subtractum.

330 3175 337 3189 ¹
360 3176 428 3200 llaec
448 3175 591 3207 propositio
611 3175 684 3200 deest
704 3175 728 3200 in
748 3175 821 3206 Vat.;
835 3176 913 3201 codd.
927 3176 1024 3202 habent
1036 3177 1176 3210 mendose,
1191 3180 1219 3202 ui.

258 3211 370 3241 videtur,
390 3210 486 3244 yraoia
501 3212 676 3243 peccatorum
696 3218 744 3243 pro
770 3218 870 3244 qaaere
891 3213 1075 3245 peccatorum.
1102 3213 1217 3238 Eandem

258 3247 411 3271 sententiam
431 3245 510 3271 habet
527 3245 604 3272 Card.
624 3247 692 3278 Hug.
711 3247 736 3272 in
758 3248 827 3272 bunc
842 3247 944 3272 locuni:
960 3256 973 3269 ιι
985 3248 1092 3279 Propter
1105 3252 1218 3281 quatuor

258 3284 345 3307 autem
365 3289 416 3307 non
439 3282 512 3307 audit
537 3282 620 3307 Deus:
646 3285 753 3314 propter
778 3282 976 3308 idololatriam...
1002 3286 1110 3315 propter
1135 3284 1218 3309 avari-

258 3317 347 3343 tiam...
366 3321 472 3349 propter
491 3317 643 3349 superbiam
658 3319 814 3343 malorum...
826 3321 934 3350 propter
947 3321 1127 3351 contemptum
1140 3318 1216 3344 verbi

258 3353 297 3377 sui
312 3361 340 3383 »ς
360 3353 433 3385 qnod
453 3353 521 3378 idem
542 3353 605 3378 locis
625 3353 774 3385 Scripturae
792 3353 938 3379 confirmat.
969 3352 972 3355 ’

329 3386 339 3402 ²
360 3388 433 3414 Vers.
454 3388 500 3420 48;
520 3388 624 3414 tertium
644 3396 669 3414 v.
689 3389 731 3414 51.

1010 3388 1020 3403 ²³
1039 3388 1102 3422 Cap.
1122 3390 1171 3421 53,
1191 3389 1216 3415 3.

328 3422 340 3437 *¹
358 3423 422 3456 Cap.
444 3424 488 3454 19,
513 3424 537 3454 13
556 3424 652 3450 deinde
678 3423 740 3449 ibid.
766 3424 813 3456 59,
839 3425 864 3449 2.

959 249 1157 282 EXPOSITIO
1181 249 1413 282 THRENORUM
1436 249 1467 281 C.
1493 249 1539 281 111.

1363 337 1413 365 48.
1436 338 1529 374 (Vere.
1550 337 1624 373 46).
1645 337 1717 365 ΡΗΣ.
1738 335 1937 373 Aperuerunt.
1959 337 2014 366 Hie
2030 337 2130 368 subdit
2150 338 2245 366 inimi·
2273 350 2399 374 Adversaris

1282 395 1390 414 corum·
1403 386 1638 421 improbitatem:
1658 385 1857 421 Aperuerunt.
1878 386 1915 414 In
1935 386 2071 422 glossatis
2091 386 2245 422 interponi-

1283 435 1331 463 tur
1352 435 1422 463 illud
1437 434 1518 463 Ain:
1542 434 1651 463 Oculus
1665 442 1756 463 meus.
1770 434 1864 468 Nota,
1880 434 1953 470 quod
1968 434 2013 463 hic
2033 434 2163 463 mutatur
2177 435 2245 464 ordo

1281 484 1441 519 alphabeti,
1463 484 1530 519 quia
1554 483 1619 511 Phe
1640 483 1827 519 praeponitur
1847 482 1926 519 Ain,
1948 483 2022 512 sicut
2041 484 2071 512 in
2092 483 2245 520 alphabeto

1282 531 1500 569 praecedenti³3
1523 532 1598 569 quod
1618 533 1730 568 quidem
1757 540 1814 561 non
1835 532 2033 566 advertentes,
2061 533 2111 561 alii
2130 532 2245 561 litterae

1282 582 1407 610 ordinem
1429 581 1577 610 servantes
1599 581 1826 617 praeposuerunt
1846 580 1923 619 Ain,
1944 581 1992 610 ubi
2018 581 2174 610 debuerant
2196 590 2245 618 po-

1281 640 1347 660 nere
1368 631 1441 659 Phe.
1463 631 1522 659 Alii
1542 631 1638 659 autem
1658 630 1787 659 litteram
1808 630 2059 666 transposuerunt,
2080 630 2113 659 ut
2133 630 2246 659 littera-

1282 689 1345 708 rum
1367 680 1492 709 ordinem
1507 680 1652 713 tenerent,
1674 680 1834 714 credentes,
1857 680 1931 716 quod
1946 680 1985 708 sic
1999 676 2095 708 essent
2114 679 2187 708 istae
2200 680 2246 708 lit-

1282 729 1360 757 terae
1381 729 1629 764 praeposteratae,
1651 728 1725 757 sicut
1750 728 1846 757 Latini
1868 729 1898 757 in
1919 728 2111 764 praeposteris
2132 729 2247 758 senten-

1282 778 1330 806 tiis
1352 778 1445 807 solent
1466 786 1638 814 praeponere
1660 778 1789 814 sequenti
1813 778 2012 814 praeposterae
2033 777 2060 806 A
2088 778 2116 806 et
2137 786 2246 814 praece-

1281 827 1360 856 denti
1381 827 1581 863 praeposterae
1596 827 1630 855 B.
1651 826 1843 862 Aperuerumt
1860 835 1949 862 super
1968 835 2024 856 nos
2038 835 2070 855 os
2091 835 2190 863 sunm,
2205 827 2245 855 in-

1282 876 1415 904 sultando
1437 876 1466 904 et
1479 877 1562 912 quasi
1583 876 1718 905 devorare
1736 876 1871 910 volend03
1893 883 1990 904 omnes
2012 876 2140 912 inimici,
2160 876 2245 904 vicini

1282 925 1310 952 et
1332 924 1448 958 remoti,
1470 925 1621 960 propinqui
1642 924 1671 953 et
1692 925 1829 953 extranei.

1362 973 1411 1001 49.
1434 974 1529 1009 (Vers.
1543 973 1616 1010 47.).
1631 973 1702 1002 Pan.
1717 974 1850 1009 Sequitur
1864 982 1915 1010 pro
1930 974 2076 1003 occasione
2091 974 2136 1002 vel
2151 981 2246 1002 causa

1282 1022 1504 1058 reprobationis,
1526 1024 1720 1058 contemptus,
1743 1022 1850 1051 scilicet
1869 1023 2055 1052 remediorum
2076 1023 2178 1052 salutis
2193 1023 2247 1052 sibi

1282 1071 1419 1099 divinitus
1434 1071 1653 1107 praestitorum,
1674 1072 1747 1100 unde
1763 1072 1906 1108 sequitur:
1930 1072 2084 1100 Formido.
2107 1072 2246 1101 Construe

1282 1121 1340 1149 sic:
1362 1120 1532 1149 vaticinatio
1554 1120 1777 1157 Prophetarum,
1799 1121 1828 1149 id
1842 1120 1886 1149 est
1900 1121 2079 1157 contemptus
2100 1122 2175 1156 eius,
2197 1122 2247 1151 sic-

1281 1169 1315 1197 ut
1336 1169 1417 1198 modo
1437 1169 1617 1205 contemptus
1638 1170 1856 1205 praedicationis
1882 1170 1982 1198 multis
2007 1170 2051 1199 est
2078 1178 2166 1199 causa
2186 1179 2247 1207 per-

1281 1218 1414 1253 ditionis,
1436 1217 1517 1252 facta
1538 1220 1580 1247 est
1592 1219 1677 1248 nobis
1708 1218 1853 1255 formido,
1868 1220 1897 1248 id
1908 1220 1955 1248 est
1968 1228 2054 1248 causa
2075 1220 2246 1255 formidinis3

1282 1267 1315 1295 ut
1336 1268 1385 1303 qui
1405 1275 1462 1296 non
1482 1267 1630 1296 timuimus
1654 1267 1745 1296 Deum
1769 1267 1967 1297 exhortantem
1987 1268 2077 1298 totius
2097 1269 2195 1297 mundi
2213 1268 2247 1297 ti-

1282 1316 1354 1344 mori
1375 1315 1570 1350 subijciamur3
1586 1317 1613 1344 et
1633 1316 1785 1351 contritio,
1808 1324 1864 1351 qua
1879 1316 2025 1345 Christum
2045 1316 2245 1351 contrivimus3

1281 1364 1375 1393 Isaias
1387 1363 1411 1392 ⁷:
1438 1376 1453 1390 ‹<
1467 1364 1596 1393 Attritus
1617 1365 1662 1393 est
1683 1365 1800 1401 propter
1821 1365 1927 1394 scelera
1947 1365 2090 1400 nostra»;
2111 1364 2192 1400 facta
2206 1367 2249 1394 est

1281 1414 1365 1442 nobis
1386 1415 1414 1442 et
1435 1413 1571 1450 laqueus,
1593 1414 1623 1442 id
1643 1414 1687 1442 est
1707 1422 1793 1442 causa
1813 1414 2001 1450 captivitatis.

1364 1463 1412 1492 50.
1436 1464 1530 1500 (Vei-s.
1551 1463 1624 1500 48.).
1646 1463 1718 1492 Pnn.
1739 1464 1916 1493 Divisiones.
1937 1464 1992 1493 Hic
2006 1463 2102 1492 subdit
2116 1463 2246 1499 Prophe-
2269 1471 2302 1494 na
2318 1472 2359 1494 Pro
2375 1466 2405 1494 hs

1284 1513 1329 1541 tae
1350 1513 1395 1541 vel
1420 1511 1533 1541 Christi
1547 1513 1789 1548 compassionem,
1805 1513 1895 1548 primo
1916 1512 2056 1549 quantum
2076 1512 2114 1541 ad
2135 1512 2247 1542 desola-
2260 1501 2296 1547 ζῗῗ
2306 1499 2405 1553 ῗέἐωρζῷ

2259 1552 2319 1574 sione
2333 1553 2388 1574 duo.-

1283 1562 1373 1590 tionis
1392 1561 1588 1597 frequentiam
1595 1572 1605 1597 ,·
1626 1562 1747 1591 secundo
1767 1562 1908 1598 quantum
1928 1562 1965 1590 ad
1991 1561 2182 1591 desolationis
2202 1570 2248 1591 ve·

1282 1611 1456 1639 hementiam
1487 1612 1514 1639 et
1539 1611 1807 1647 perseverantiam,
1829 1611 1887 1640 ibi:
1921 1610 2029 1640 Oculus
2059 1619 2140 1641 meus
2172 1610 2247 1646 affli-

1282 1661 1345 1689 ctus
1366 1662 1417 1689 est.

1363 1710 1439 1738 Dicit
1460 1717 1527 1746 ergo
1553 1718 1605 1746 pro
1633 1710 1739 1745 primo:
1772 1710 1940 1739 Divisiones
1968 1718 2128 1745 aquarum,
2149 1709 2180 1738 id
2203 1709 2247 1738 est
2266 1713 2369 1735 Primum.

1282 1758 1548 1795 multiplicationem
1562 1759 1768 1794 lacrymarum,
1791 1758 1911 1787 deduscit
1924 1758 2026 1787 oculus
2039 1766 2119 1787 mous
2138 1758 2170 1787 in
2183 1766 2247 1786 con-

1283 1808 1416 1843 tritione,
1438 1808 1467 1836 id
1487 1808 1532 1836 est
1552 1808 1717 1841 afflictione,
1738 1807 1820 1842 filiae
1835 1807 1943 1843 populi
1962 1808 2035 1843 mei,
2056 1808 2085 1836 id
2106 1807 2150 1836 est
2169 1808 2248 1836 illius

1282 1857 1408 1886 civitatis
1428 1857 1546 1886 celebris
1560 1857 1734 1891 Ierusalem,
1750 1857 1886 1885 Ieremias
1898 1855 1923 1885 ⁵:
1950 1867 1965 1882 «
1980 1857 2048 1891 Quis
2069 1856 2148 1885 dabit
2161 1857 2249 1893 capiti

1283 1914 1344 1935 meo
1358 1915 1461 1942 aquam
1483 1906 1512 1934 et
1536 1906 1623 1935 oculis
1644 1906 1713 1934 mels
1727 1905 1834 1934 fontem
1858 1906 2073 1942 lacrymarum»
2092 1906 2145 1935 etc.
2164 1906 2261 1934 Istud*

1283 1955 1370 1983 etiam
1395 1963 1493 1983 verum
1518 1955 1562 1983 est
1590 1955 1623 1983 de
1649 1954 1776 1989 Christo,
1806 1955 1854 1990 qui
1878 1954 1959 1983 flevit
1984 1963 2070 1990 super
2094 1954 2247 1990 Lazarum,

1284 2003 1360 2039 apud
1385 2003 1541 2037 Ioannem3
1573 2011 1658 2039 super
1679 2003 1795 2038 impiam
1826 2002 1986 2037 civitatem,
2018 2003 2096 2039 apud
2123 2003 2247 2039 Lucam3

1284 2052 1364 2081 flevit
1394 2053 1424 2081 in
1445 2060 1544 2086 cruce,
1576 2052 1613 2080 ad
1633 2052 1796 2081 Hebraeos:
1824 2063 1838 2077 α
1853 2052 1924 2081 Cum
1944 2053 2065 2081 clamore
2096 2053 2189 2082 valido
2220 2053 2250 2082 et

1271 2101 1418 2137 ‘lacrymis
1436 2100 1570 2135 offerens,
1593 2101 1742 2129 exauditus
1763 2100 1807 2130 est
1827 2109 1879 2137 pro
1901 2109 1953 2129 sua
1973 2101 2132 2130 reverentia
2146 2112 2179 2137 »;
2203 2101 2249 2131 fie-

1285 2150 1328 2179 vit
1348 2150 1445 2184 corde,
1467 2159 1546 2185 cum,
1568 2150 1668 2186 aperto
1688 2150 1795 2185 latere,
1822 2162 1836 2176 α
1851 2151 1938 2179 exivit
1958 2159 2032 2187 aqua
2053 2159 2116 2180 cum
2137 2152 2249 2188 sangui—

1284 2209 1320 2229 ne
1334 2210 1368 2235 »3
1399 2200 1552 2229 Psalmus:
1579 2211 1593 2225 ιι
1612 2200 1665 2234 Qui
1697 2200 1794 2229 divisit
1824 2209 1902 2229 mare
1933 2200 2052 2229 rubrum
2078 2201 2109 2229 in
2140 2200 2250 2230 divisio-

1285 2257 1335 2278 nes
1350 2260 1378 2283 »,
1400 2249 1475 2285 quod
1502 2249 1539 2277 ad
1568 2248 1697 2277 litteram
1728 2249 1850 2277 divisum
1872 2249 1916 2277 est
1947 2249 1976 2277 in
2004 2249 2148 2278 duodecim
2178 2249 2248 2283 vile,

1278 2298 1365 2327 'iuxta
1386 2298 1530 2327 duodecim
1551 2298 1644 2326 tribus
1665 2298 1789 2327 filiorum
1810 2298 1911 2327 Israel.
1939 2298 1978 2326 Et
2004 2298 2089 2327 huius
2117 2298 2262 2339 spiritua-U

1285 2348 1322 2376 lis
1350 2348 1437 2376 maris
1468 2347 1611 2376 duodecim
1633 2346 1750 2375 fuerunt
1770 2346 1958 2382 partitiones,
1990 2346 2097 2375 scilicet
2127 2347 2250 2383 quatuor

1286 2396 1446 2432 praedictae
1467 2404 1575 2432 aquae,
1598 2395 1626 2424 et
1653 2395 1715 2424 octo
1735 2395 1909 2432 sanguinis,
1931 2396 1979 2431 qui
2001 2396 2091 2431 primo
2111 2395 2193 2424 fusus
2219 2396 2250 2424 in

1285 2445 1509 2479 circumcisione;
1535 2444 1671 2478 secundo,
1699 2445 1729 2472 in
1750 2444 1945 2480 agonizatione
1974 2444 2003 2472 et
2023 2444 2178 2480 sanguineo
2206 2452 2249 2473 su-

1286 2494 1368 2529 dore3
1390 2494 1484 2528 tertio,
1506 2494 1536 2522 in
1556 2492 1791 2530 flagellatione⁹3
1824 2493 1947 2529 quinque
1967 2493 2053 2521 etiam
2084 2493 2192 2522 vicibus
2219 2493 2250 2521 in

1285 2544 1409 2580 quinque
1431 2543 1581 2572 vulnerum
1602 2543 1785 2579 irrogatione.

1366 2592 1543 2620 Moraliter:
1557 2591 1668 2620 Debent
1692 2591 1779 2620 dividi
1799 2592 1941 2628 lacrymae
1955 2591 2070 2621 nostrae
2091 2600 2141 2627 per
2161 2591 2249 2628 lacry-
2268 2602 2396 2650 εειξῗῗςηισ

1286 2650 1348 2670 mas
1369 2641 1561 2674 contritionis,
1583 2641 1785 2676 compassionis
1811 2640 1840 2669 et
1861 2641 2027 2670 devotionis.
2046 2657 2086 2661 —
2106 2641 2181 2670 Huic
2200 2640 2250 2669 tri-

1287 2691 1354 2726 plici
1375 2689 1532 2718 sententiae
1554 2689 1740 2725 praeponitur
1760 2689 1860 2718 littera
1880 2690 1946 2718 Phe
1967 2690 2085 2726 triplex,
2114 2698 2185 2726 quae
2205 2690 2249 2718 in-

1287 2738 1465 2774 terpretatur
1492 2738 1570 2773 oris,
1592 2738 1637 2765 vel
1668 2746 1700 2766 os
1721 2738 1849 2774 aperiri,
1870 2738 2000 2767 alludens
2031 2739 2122 2774 ipsius
2149 2746 2249 2767 versus

1289 2787 1442 2823 principio,
1463 2786 1513 2814 ubi
1533 2786 1654 2814 dicitur:
1677 2785 1869 2822 Aperuerwnt
1889 2787 1942 2815 etc.

1369 2835 1417 2863 51.
1440 2835 1534 2871 (Vers.
1549 2834 1621 2871 49.).
1637 2834 1702 2863 Am.
1722 2834 1831 2863 Oculus
1850 2843 1931 2864 meus
1952 2835 2096 2870 afflictus3
2118 2843 2190 2870 ecce,
2206 2835 2250 2864 de·
2270 2841 2400 2863 Secundum.

1287 2884 1443 2914 solutionis
1463 2883 1659 2918 vehementia;
1683 2883 1756 2912 unde
1777 2883 1863 2912 dicit:
1889 2883 1997 2912 Oculus
2020 2892 2101 2913 meus
2122 2883 2250 2919 afflictus

1287 2935 1343 2969 est,
1359 2933 1395 2961 ad
1409 2932 1550 2967 litteram,
1572 2932 1663 2961 multa
1684 2932 1874 2968 lacrymarum
1888 2932 2071 2968 inundantia3
2093 2933 2138 2962 vel
2153 2933 2249 2962 oculus

1354 3176 1365 3191 ⁶
1384 3176 1449 3209 Cap.
1469 3176 1517 3207 53,
1537 3177 1568 3206 8;
1588 3175 1684 3201 delude
1703 3176 1743 3201 rs.
1762 3175 1809 3206 21,
1829 3175 1856 3200 7.

1353 3211 1364 3226 ⁰
1383 3211 1434 3238 Csr.
1455 3219 1481 3236 v.
1504 3212 1544 3236 16.
1557 3215 1582 3236 et
1598 3211 1638 3236 47.
1659 3225 1694 3230 —
1708 3211 1792 3242 Supra
1813 3217 1874 3236 cum
1889 3210 1948 3236 Vat.
1961 3210 1980 3235 B
1994 3210 2089 3236 omittit
2103 3211 2133 3236 1η
2147 3209 2249 3244 glossa-

1282 3247 1344 3274 tis...
1365 3246 1468 3274 Oculus
1487 3253 1578 3278 meus,
1593 3246 1689 3272 deinde
1708 3246 1780 3272 solus
1800 3246 1982 3278 prosequitur:
1998 3245 2165 3279 proponitur
2184 3245 2246 3277 Phr,

1281 3282 1324 3309 vel
1343 3281 1418 3343 deig
1434 3281 1566 3343 ριὲἔοηὸί,
1587 3281 1724 3308 sententiis
1743 3287 1799 3307 non
1817 3280 1946 3313 mutatam
1966 3280 2039 3315 quod
2056 3280 2172 3315 quidem.

1352 3352 1362 3367 ²³
1382 3325 1446 3385 Cogi
1460 3353 1485 3384 9,
1501 3337 1523 3377 4',
1538 3337 1690 3385 sequuntur
1704 3352 1772 3377 loun.
1786 3351 1826 3382 Η,
1838 3352 1886 3382 35;
1899 3351 1962 3377 Luc.
1976 3352 2018 3383 ⁴9,
2033 3351 2060 3377 41
2073 3360 2079 3384 ;
2090 3351 2170 3378 Hebr.
2182 3352 2207 3384 5,
2217 3351 2248 3382 7;

1279 3388 1417 3421 respicitur
1437 3389 1506 3414 ioan.
1527 3388 1574 3418 ⁴9,
1595 3387 1641 3417 34;
1663 3387 1777 3419 denique
1797 3387 1837 3412 vs.
1859 3387 1925 3418 ⁴35,
1946 3388 1988 3412 43.

1350 3422 1361 3438 ⁹
1379 3423 1430 3450 Csr.
1444 3430 1491 3455 pro
1505 3422 1723 3455 praecedentibus
1737 3422 1797 3447 Luc.
1812 3423 1841 3453 2,
1856 3423 1884 3447 21
1896 3433 1902 3453 ;
1914 3423 1960 3455 22,
1972 3422 2018 3454 41η
2030 3424 2098 3448 ioan.
2111 3422 2152 3454 49,
2166 3423 2189 3448 1.
2202 3423 2244 3448 18.

2275 983 2389 1014 Utriusque

2299 1012 2363 1032 ratio.
2401 1029 2402 1034 ,
