2476 3921
125 1089 205 1111 Debita
218 1094 277 1111 roeo·

169 1115 244 1142 guil-io.

299 202 340 233 54

297 290 376 322 simo
408 289 547 322 tertio¹z
585 302 599 317 «
621 289 836 322 Gloriticantes
867 289 1052 328 Dominum,
1085 294 1255 332 quantum-

297 352 432 384 cumque
456 342 642 384 potueritis;
667 342 880 384 supervalebit
907 342 1028 381 adhuc,
1059 346 1090 375 et
1121 343 1256 375 admira-

296 397 366 429 bilis
388 396 618 437 magnificentia
633 395 711 428 eius.
730 395 949 428 Benedicentes
966 396 1152 435 Dominum,
1168 396 1255 434 exal-

296 452 358 482 tate
380 457 470 487 eum,
496 452 789 490 quantumcumque
812 449 958 490 potestis3
984 449 1082 481 maior
1106 452 1153 481 est
1168 449 1255 481 omni

295 502 386 535 laude
402 516 432 533 ».
459 502 637 543 Quocontra
659 501 775 534 dicitur
803 501 841 534 de
873 502 1066 543 sapientibus
1089 502 1256 535 mundanis

294 555 333 587 ad
358 555 511 586 Romanos
535 554 638 595 primo
650 554 662 573 ²
677 566 684 585 :
706 567 722 582 «
739 554 797 595 Qui
815 563 887 587 cum
905 555 1004 587 Deum
1022 555 1254 596 cognovissent,

294 616 356 639 non
381 607 462 639 sicut
487 607 586 639 Deum
609 607 883 648 glorificaverunt,
900 610 956 639 aut
972 607 1088 648 gratias
1104 610 1254 648 egerunt,

295 661 348 693 sed
372 664 570 693 evanuerunt
593 660 624 692 in
648 660 888 702 cogitationibus
904 660 987 698 suis,
1003 664 1034 692 et
1050 660 1253 693 obscuratum

295 718 342 747 est
365 714 514 755 insipiens
538 722 592 746 cor
612 722 736 746 eorum.
763 713 905 746 Dicentes
928 714 1029 751 enim,
1055 722 1087 746 se
1111 722 1178 746 esse
1206 722 1254 746 sa-

294 766 431 808 pientes,
456 765 542 798 stulti
567 765 638 797 facti
663 768 737 797 sunt
754 779 783 797 ».
810 765 843 797 lit
866 765 934 798 ideo
958 766 1012 807 qui
1034 775 1097 798 non
1114 766 1182 798 vult
1197 775 1254 799 ex-

294 819 412 851 caecari
445 827 571 854 necesse
607 818 701 851 hahet
724 818 788 850 Deo
811 818 849 850 de
874 818 1033 851 beneficiis
1057 819 1123 852 suis
1147 828 1253 862 regra-

294 872 381 910 tiari3
400 872 468 904 ideo
484 872 600 904 dicitur
616 871 653 903 ad
670 871 867 904 Colossenses
881 872 987 904 tertio:
1006 885 1020 900 a
1035 872 1151 911 Omne,
1169 873 1253 915 quod

292 925 392 957 facitis
409 925 438 956 in
457 925 553 957 verbo
576 928 632 957 aut
656 924 685 956 iu
711 934 823 965 opere,
847 925 952 956 omnia
971 925 1061 957 facite
1078 925 1107 957 in
1126 926 1253 958 nomine

291 977 412 1009 Domini
437 977 535 1009 nostri
560 977 629 1009 Iesu
652 977 786 1015 Christi,
810 977 926 1018 gratias
949 980 1076 1019 agentes
1099 977 1206 1010 Deo».

381 1029 432 1061 43.
458 1029 528 1061 Fuit
551 1029 643 1061 etiam
668 1028 833 1061 laudabilis
857 1033 986 1070 propter
1003 1029 1146 1061 debita-m
1163 1040 1252 1062 reeo-

289 1082 488 1124 9nitionem,
513 1082 634 1113 ratione
658 1081 750 1114 cuius
773 1081 998 1123 subiungitur:
1023 1082 1063 1113 In
1080 1082 1251 1121 omnibus,

291 1144 376 1177 quae
399 1135 579 1166 audierant
603 1138 630 1166 et
654 1134 826 1173 viderant,
857 1135 946 1166 sicut
975 1134 1102 1167 (lictum
1129 1140 1176 1167 cst
1207 1136 1252 1168 ad

291 1187 382 1225 illos;
414 1187 497 1219 unde
528 1191 673 1229 poterant
703 1187 807 1219 dicere
839 1187 915 1219 illud
945 1187 1102 1220 Psalmi³2
1134 1188 1252 1221 «Sicut

290 1239 486 1278 audivimus,
511 1240 555 1272 sic
580 1240 715 1272 vidimus
739 1240 769 1272 in
787 1240 912 1272 civitate
928 1240 982 1273 Dei
1000 1241 1097 1273 nostri
1116 1255 1145 1273 ».
1164 1242 1252 1274 Tunc

292 1293 487 1333 verificatum
511 1296 558 1326 est
582 1293 666 1325 istud
690 1293 819 1326 Psalmi:
843 1307 858 1322 «
874 1294 969 1333 Ecce,
986 1294 1165 1327 audivimus
1181 1304 1250 1328 eam

290 1347 320 1379 in
353 1347 507 1388 Ephrata,
540 1346 717 1379 invenimus
748 1355 816 1379 eam
849 1347 880 1379 in
905 1348 1022 1389 campis
1046 1348 1188 1381 silvae».
1216 1349 1251 1381 Et

289 1403 378 1439 nota,
411 1399 494 1442 quod
526 1399 663 1432 dicitur:
697 1400 736 1432 In
764 1400 937 1438 omnibus,
961 1410 1045 1444 quae
1069 1401 1251 1434 audierant

288 1456 317 1485 et
336 1453 512 1491 viderant;
536 1453 567 1485 in
592 1462 655 1494 quo
679 1453 855 1485 ostenditur
876 1453 1046 1494 plenitudo
1069 1454 1249 1496 gyratitudi-

287 1506 361 1543 [ιη’-ς,-
377 1506 416 1538 ad
433 1506 581 1547 Ephesios
597 1506 726 1548 quinto:
750 1519 765 1534 «
782 1506 972 1548 Impleamini
991 1507 1109 1548 Spiritu
1127 1511 1249 1546 sancto,

289 1559 452 1601 loquentes
478 1559 706 1601 vobismetipsis
723 1559 752 1591 in
770 1559 914 1601 psalmis,
933 1560 1057 1601 hymnis
1073 1563 1104 1592 et
1121 1560 1250 1593 canticis

288 1612 522 1654 spiritualibus,
546 1615 707 1644 cantantes
730 1612 952 1654 et-psallentes
976 1613 1008 1644 in
1032 1606 1180 1645 cordibus
1197 1622 1250 1645 ve-

288 1665 363 1697 stris
385 1665 466 1703 Deo,
490 1665 606 1707 gratias
626 1669 753 1707 agentes
767 1674 893 1707 semper
909 1675 967 1707 pro
983 1666 1129 1698 omnibus
1146 1666 1177 1698 in
1194 1675 1250 1698 no-

288 1717 372 1750 mine
396 1717 518 1750 Domini
535 1718 632 1750 nostri
655 1718 723 1750 Iesu
747 1717 862 1750 Christi
879 1718 943 1750 Deo
959 1722 990 1750 et
1006 1718 1088 1750 Patri
1107 1732 1136 1750 ».
1154 1737 1197 1741 -
1215 1719 1250 1751 Et

288 1774 362 1803 nota
386 1770 554 1809 ordinem,
579 1780 643 1812 quo
666 1771 758 1803 dicit:
776 1771 816 1803 In
832 1770 1004 1810 orn-nibus,
1029 1781 1114 1814 quae
1135 1772 1259 1804 audie-'

289 1826 369 1854 rant
392 1826 421 1854 et
442 1823 620 1861 viderant;
644 1823 734 1864 quia,
760 1823 855 1855 Isaiae
879 1823 1057 1865 septimo4,
1076 1824 1249 1857 secundum

287 1875 378 1907 aliam
402 1875 556 1914 litteram,
586 1889 600 1904 «
618 1876 675 1908 nisi
701 1875 913 1915 credideritis,
938 1885 1000 1909 non
1024 1877 1203 1919 intelligetis
1218 1889 1249 1917 »3

288 1929 342 1962 sed
366 1929 404 1962 ad
429 1930 581 1962 Romanos
611 1929 750 1962 decimo:
780 1942 795 1957 «
813 1929 893 1971 Ergo
922 1929 999 1962 tides
1022 1939 1063 1962 ex
1087 1930 1197 1963 auditu
1218 1944 1250 1970 »,

286 1982 342 2015 sed
365 1982 569 2024 intelligentia
585 1991 624 2014 ex
642 1982 724 2020 visu,
741 1982 822 2014 infra
845 1982 983 2014 decimo:
1011 1995 1026 2010 a
1042 1982 1124 2015 Beati
1149 1983 1250 2022 oculi,

287 2035 343 2077 qui
367 2035 473 2068 vident
496 2044 577 2077 quae
600 2043 656 2067 vos
680 2035 791 2067 videtis
806 2047 838 2074 »;
868 2035 920 2067 lob
947 2035 1077 2068 ultimo:
1103 2049 1119 2064 α
1135 2036 1249 2069 Auditu

287 2088 375 2121 auris
390 2087 496 2120 audivi
519 2092 568 2126 te,
592 2096 677 2120 nunc
700 2092 806 2120 autem
830 2088 942 2121 oculus
964 2097 1055 2122 meus
1072 2089 1156 2122 videt
1172 2093 1202 2122 te
1218 2103 1248 2122 ».

297 2220 453 2263 Secundo,
478 2220 516 2254 de
538 2219 656 2254 Christi
679 2220 838 2254 nascentis
861 2219 1065 2263 humilitate,
1090 2221 1247 2266 quatenus

519 2272 623 2308 factus
647 2273 695 2307 est
718 2272 774 2307 sub
798 2272 919 2318 triplici
941 2273 1021 2318 lege.

378 2408 431 2440 lilii
458 2408 497 2440 Et
524 2411 702 2451 postquam
733 2408 958 2441 consummati
980 2412 1038 2441 etc.
1072 2409 1174 2450 Supra
1197 2408 1250 2441 de-

288 2461 414 2503 scripsit
437 2461 631 2503 Evangelista
656 2461 818 2494 veritatem
842 2462 1013 2494 nativitatis
1035 2462 1169 2501 Christi,
1193 2470 1250 2504 per

899 201 1090 234 COMMENT.
1117 202 1153 234 lN
1177 202 1415 235 EVANGELIUM
1440 202 1556 235 LL'CAE
1581 203 1612 234 C.
1639 203 1671 234 ll.

1320 299 1414 332 quam
1438 290 1614 323 ostenditur
1625 316 1632 329 ,
1649 291 1784 332 qualiter
1801 291 1946 324 Christus
1961 291 2073 333 factus
2089 296 2134 324 est
2149 293 2188 324 cle
2204 302 2278 324 mu-

1320 342 1416 380 liere;
1441 343 1491 375 hic
1516 343 1653 375 secundo
1669 343 1859 376 describitur
1876 343 2049 377 humilitas
2061 345 2074 364 ⁵
2091 345 2205 378 Christi
2223 354 2278 377 na-

1319 396 1450 434 scentis,
1483 405 1539 437 per
1570 405 1666 438 quam
1696 396 1894 435 declaratur,
1926 397 2062 438 qualiter
2089 395 2202 438 factus
2233 402 2278 430 est

1318 448 1379 481 sub
1403 450 1492 491 Leqe.
1517 449 1669 490 Quoniam
1702 453 1807 483 autem
1840 450 1927 492 Legis
1952 454 2118 492 praecepta
2141 453 2215 483 sunt
2246 451 2276 483 in

1319 501 1433 543 triplici
1465 501 1661 534 differentia:
1697 502 1851 543 quaedam
1886 505 1961 535 sunt
1994 503 2276 542 sacramentalia,

1319 554 1472 595 quaedam
1497 559 1571 587 sunt
1594 554 1854 587 caeremonialia
1877 559 1908 587 et
1931 555 2084 597 quaedam
2108 556 2253 589 moralia
2266 569 2277 595 ,-

1318 607 1388 639 ideo
1412 607 1488 640 haec
1512 616 1585 649 pars
1609 608 1703 640 habet
1727 612 1808 646 tres;
1833 608 1864 640 in
1888 617 2025 650 quarum
2050 609 2152 650 prima
2174 613 2277 642 osten—

1317 660 1421 698 ditur,
1445 660 1581 702 qualiter
1604 661 1749 693 Christus
1780 661 1881 698 factus
1911 665 1959 694 est
1982 661 2042 694 sub
2066 662 2132 704 lege
2160 672 2278 695 saera-

1318 713 1454 746 mentali
1476 714 1506 745 in
1531 714 1789 752 circumcisione';
1815 715 1845 746 in
1870 714 2007 747 secunda
2031 724 2123 753 vero,
2141 716 2276 757 qualiter

1318 766 1419 798 factus
1442 769 1489 798 est
1513 767 1573 799 sub
1597 766 1832 799 caeremoniali
1854 767 1885 798 in
1910 767 1957 799 sui
1982 767 2156 806 oblatione,
2185 767 2276 800 ibiss:

1319 820 1359 851 Et
1378 824 1556 862 postquam
1589 820 1713 861 impleti
1742 824 1819 852 sum
1842 823 1923 858 etc.;
1947 820 1979 852 in
2004 820 2112 859 tertia,
2141 820 2278 862 qualiter

1316 871 1418 904 factus
1440 875 1488 904 est
1512 872 1571 904 sub
1596 873 1662 914 lege
1682 872 1806 905 morali
1828 872 1860 904 in
1883 872 1937 905 Dei
1963 872 2187 911 honoratione,
2212 873 2253 905 ibi
2268 885 2281 904 :⁷

1318 925 1410 957 Puer
1434 931 1544 957 autem
1569 925 1731 958 crescebat
1755 928 1813 958 etc.

1481 1038 1599 1068 Qualiter
1618 1039 1706 1065 factius
1725 1039 1762 1065 sit
1781 1039 1828 1066 sub
1846 1039 1902 1073 lege
1921 1039 2115 1066 sacramentali.

1406 1137 1458 1168 45.
1485 1137 1585 1177 (Vers.
1604 1137 1681 1177 21.)
1699 1138 1857 1178 Quantum
1875 1138 1914 1170 ad
1932 1138 2068 1180 primum
2086 1138 2257 1170 notandum
2269 1164 2277 1177 ,

1316 1189 1399 1231 quod
1430 1189 1579 1227 «omnis,
1604 1189 1657 1232 qui
1683 1199 1716 1222 se
1740 1191 1901 1229 humiliat,
1926 1191 2144 1224 exaltabitur⁷
2160 1203 2191 1229 »;
2209 1191 2287 1224 ideo*

1312 1242 1544 1284 praemittitur
1559 1241 1749 1275 humiliatio
1766 1244 1938 1276 secundum
1956 1244 2044 1285 Legis
2063 1248 2275 1286 praeceptum,

1315 1303 1389 1327 cum
1412 1294 1549 1327 dicitur:
1576 1296 1616 1327 Et
1635 1300 1813 1338 postquam
1845 1296 2069 1329 consummati
2097 1301 2177 1328 sunt
2207 1297 2277 1329 dies

1315 1352 1404 1386 octo,
1429 1352 1466 1379 ut
1489 1348 1784 1380 circumcideretur
1809 1358 1896 1390 puer
1928 1353 1986 1381 etc.
2019 1349 2063 1381 lta
2093 1349 2176 1381 enim
2208 1353 2277 1381 erat

1314 1404 1517 1442 praeceptum
1552 1400 1680 1433 Genesis
1702 1401 1823 1434 decimo
1847 1401 2022 1443 septimoss:
2044 1415 2059 1430 «
2078 1402 2179 1434 Infans
2207 1405 2289 1435 oct0·

1314 1453 1438 1486 dierum
1469 1454 1713 1487 circumcidetur
1741 1454 1773 1487 in
1796 1454 1886 1487 vobis
1901 1468 1932 1486 ».
1961 1455 1995 1487 Et
2010 1458 2103 1488 vrecte
2126 1450 2276 1487 dicuntur

1315 1507 1363 1539 isti
1389 1507 1456 1539 dies
1479 1507 1703 1539 consummati
1723 1511 1852 1549 propter
1868 1507 2091 1549 perfectionem
2116 1508 2276 1540 humilita-

1315 1560 1354 1592 tis
1377 1562 1409 1592 et
1432 1559 1662 1593 inchoationem
1688 1563 1814 1592 nostrae
1839 1560 1969 1598 salutis;
1996 1560 2199 1593 Ecclesiastici
2224 1561 2277 1594 de-

1314 1613 1395 1645 cimo
1418 1615 1548 1644 octavo:
1579 1625 1594 1640 «
1611 1612 1689 1644 Cum
1713 1613 1977 1646 consummaverit
2000 1613 2095 1646 homo
2112 1627 2142 1652 »,
2160 1614 2278 1647 scilicet

1314 1669 1384 1698 octo
1408 1665 1491 1704 dies,
1521 1678 1536 1693 «
1555 1669 1628 1698 tunc
1653 1665 1779 1707 incipiet
1797 1679 1826 1704 »,
1844 1675 1901 1698 nos
1917 1666 2034 1699 scilicet
2050 1666 2195 1699 liberare.
2213 1667 2274 1699 lam

1314 1719 1397 1751 enim
1421 1722 1531 1751 octava
1546 1718 1595 1751 die
1612 1718 1779 1760 incipiebat
1795 1728 1854 1760 pro
1871 1719 1960 1752 nobis
1981 1720 2165 1761 sanguinem
2181 1729 2274 1752 suum

1314 1771 1455 1804 fundere.
1481 1771 1706 1804 Bernardus0:
1737 1784 1752 1800 α
1768 1771 1951 1804 Audivimus
1974 1780 2147 1814 congruam
2170 1773 2276 1805 lectio-

1314 1833 1386 1857 nem
1410 1824 1448 1856 de
1472 1823 1570 1856 Verbo
1592 1823 1801 1856 abbreviato:
1818 1824 2036 1857 abbreviatum
2054 1829 2102 1858 est
2118 1825 2149 1857 in
2166 1835 2275 1865 carne,

1315 1877 1450 1919 amplius
1465 1877 1701 1910 abbreviabitur
1718 1877 1822 1910 carnis
1835 1881 1980 1919 suscepta
1992 1878 2231 1911 circumcisione
2244 1892 2274 1911 n.

1316 1931 1352 1962 Et
1374 1934 1461 1972 post:
1491 1944 1505 1958 «
1522 1931 1622 1972 Quem
1653 1939 1747 1963 nemo
1780 1933 1881 1972 potest
1909 1940 2045 1973 arguere
2067 1931 2106 1964 de
2129 1935 2274 1973 peccato,

1315 1984 1381 2026 ipse
1405 1983 1522 2026 peccati
1548 1983 1723 2016 remedium
1747 1983 1882 2016 sustinet
1905 1984 2024 2017 humile
2041 1985 2160 2026 pariter
2176 1989 2208 2018 et
2223 1994 2277 2018 au-

2296 615 2390 637 Divisio-

2295 1249 2440 1272 Praemittitur

2302 1276 2428 1299 humiliatio.

1315 2041 1435 2070 sterum
1452 2051 1482 2069 ».
1505 2037 1611 2070 Voluit
1626 2040 1733 2070 autem
1749 2037 1902 2070 Dominus
1918 2037 2100 2071 circumcidi
2119 2042 2185 2071 tum
2202 2045 2438 2081 pro-Ramnesque»

1315 2094 1384 2132 pter
1408 2091 1503 2133 Legis
1534 2089 1806 2132 approbationem
1830 2094 1858 2122 et
1882 2090 2118 2132 impletionem,
2142 2091 2181 2124 de
2212 2101 2276 2134 qua

1314 2144 1389 2177 dicit
1412 2143 1557 2176 Matthaei
1580 2143 1691 2185 quinto
1705 2143 1752 2174 ¹⁰:
1781 2156 1796 2171 «
1814 2143 1880 2175 Non
1904 2143 1974 2176 veni
2000 2144 2110 2186 Legem
2135 2144 2274 2184 solvere,

1315 2197 1368 2243 sed
1403 2197 1574 2239 adimplere
1599 2210 1628 2228 2».
1663 2196 1743 2228 Tum
1779 2196 1872 2229 etiam
1912 2199 2042 2238 propter
2077 2196 2275 2231 humilitatis

1315 2251 1551 2288 ostensionem5
1587 2250 1748 2283 Psalmus:
1782 2262 1797 2277 «
1824 2250 1952 2291 Propter
1988 2250 2084 2283 verba
2120 2251 2273 2284 labiorum

1302 2308 1444 2337 'tuorum
1464 2312 1522 2345 ego
1545 2302 1698 2338 custodivi
1716 2302 1781 2335 vias
1797 2302 1894 2335 duras
1912 2315 1941 2340 »;
1959 2303 2019 2336 alia
2036 2303 2157 2336 littera:
2180 2317 2195 2333 «
2209 2304 2275 2337 vias

1315 2357 1445 2390 latronis
1461 2370 1490 2388 ι».
1524 2356 1702 2389 Bernardus
1716 2357 1763 2387 ¹¹:
1792 2369 1807 2384 (ι
1824 2356 1882 2397 Qui
1908 2356 1975 2389 sine
1991 2361 2118 2398 peccato
2141 2361 2188 2391 est
2211 2367 2273 2390 non

2330 2073 2385 2094 tuor.

1314 2410 1501 2452 dedignatur
1524 2412 1668 2451 peccator
1692 2409 1832 2450 reputari
1849 2422 1881 2448 ι),
1905 2409 2000 2442 immo
2022 2410 2184 2443 «latronis
2200 2404 2294 2443 cau-'

1315 2461 1395 2494 terio
1417 2464 1465 2494 est
1488 2461 1629 2503 signatus
1645 2474 1676 2493 ».
1701 2462 1780 2493 Tum
1805 2461 1897 2494 etiam
1922 2465 2052 2503 propter
2082 2462 2273 2504 spiritualis

360 2612 368 2626 ¹
391 2614 465 2638 Vers.
485 2614 528 2638 32.
550 2620 604 2646 seq.

358 2656 369 2671 ²
389 2658 462 2683 Vers.
483 2659 525 2682 21.
545 2664 599 2690 seq.
619 2672 654 2675 —
673 2656 791 2683 Subinde
810 2657 936 2689 allegatur
955 2657 1008 2683 Col.
1030 2659 1060 2689 3,
1082 2658 1124 2683 17.

359 2699 370 2714 ⁵
390 2701 483 2726 Psalm.
503 2700 549 2731 47,
569 2700 600 2731 9,
620 2703 680 2732 post
698 2707 778 2733 quem
798 2701 839 2725 ΡΒ.
861 2701 918 2732 131,
933 2701 957 2726 6.
970 2704 996 2726 et
1009 2701 1073 2732 Eph.
1088 2701 1115 2733 5,
1133 2701 1175 2726 18.
1192 2707 1248 2734 seq.

359 2744 370 2758 ⁴
390 2745 464 2770 vers.
483 2745 514 2775 9,
532 2745 578 2777 qui
597 2744 733 2770 exhibetur
753 2745 899 2770 secundum
925 2745 1120 2771 translationem
1146 2748 1248 2777 septua-

290 2790 361 2821 ginta
389 2790 578 2821 interpretum;
606 2790 652 2814 csr.
682 2795 761 2820 supra
787 2796 850 2820 pag.
870 2789 899 2819 t,
920 2792 979 2814 nota
999 2790 1022 2815 8.
1042 2803 1077 2808 -
1097 2790 1248 2822 Sequuntur

288 2834 364 2859 Rom.
385 2834 431 2865 10,
453 2833 502 2863 17;
523 2834 583 2858 Luc.
605 2833 652 2863 10,
672 2833 713 2858 23.
733 2835 758 2858 et
778 2832 822 2858 lob
844 2832 890 2864 42,
910 2832 934 2858 5.

359 2876 370 2891 ⁶
389 2877 472 2903 Codd.
492 2876 663 2908 humanitas,
677 2877 748 2909 quod
769 2883 821 2902 non
841 2877 963 2902 convenit
982 2884 1042 2902 cum
1063 2878 1094 2902 iis
1119 2884 1188 2910 quae
1210 2878 1249 2903 in-

246 2916 249 2918 ⁴
290 2922 368 2947 serius
387 2924 539 2954 ponuntur;
557 2922 603 2947 cfr.
623 2921 701 2946 etiam
720 2928 799 2953 supra
819 2928 845 2946 n.
865 2922 890 2946 1.

359 2964 371 2979 ⁶
390 2966 464 2991 Vers.
484 2966 535 2997 22;
555 2965 628 2990 tertia
647 2972 709 2996 pars
728 2964 840 2990 habetur
859 2972 884 2990 v.
905 2965 947 2990 40.
965 2979 1001 2984 —
1020 2966 1147 2998 Superius
1160 2966 1247 2998 primo

289 3009 423 3044 quaedam
442 3010 464 3034 D
482 3009 555 3035 addit
574 3008 651 3035 enim.
1026 3008 1035 3023 ⁷
1056 3010 1118 3036 Luc.
1140 3010 1185 3042 14,
1206 3010 1246 3035 11.

360 3053 370 3068 ⁸
390 3055 464 3080 Vers.
486 3054 526 3079 12.
546 3067 581 3073 -
600 3053 723 3086 Sequitur
742 3053 816 3079 Eccli.
838 3054 885 3084 18,
905 3054 936 3085 6,
960 3061 1040 3086 quem
1067 3054 1144 3080 etiam
1170 3053 1248 3080 Card.

289 3099 366 3130 ungo
390 3097 499 3132 mystice
527 3098 632 3130 exponit
656 3096 690 3124 de
708 3097 819 3124 Christo.
838 3098 978 3130 Bernard.,
999 3098 1023 3124 in
1043 3098 1247 3125 Circumcisione

289 3142 406 3173 Domini,
426 3142 510 3167 Serm.
529 3142 553 3167 2.
572 3149 596 3167 n.
617 3142 650 3167 3:
666 3142 755 3168 Merito
774 3149 850 3174 sane,
867 3142 932 3168 dum
952 3142 1148 3169 circumciditur
1166 3143 1247 3177 Puer,

289 3186 334 3218 qui
353 3189 429 3211 natus
447 3189 487 3211 est
505 3185 595 3217 nobis,
615 3185 744 3213 Salvator
764 3189 887 3218 vocatur,
916 3187 988 3219 quod
1008 3187 1129 3213 videlicet
1147 3194 1177 3213 ex
1198 3188 1247 3212 hoc

290 3230 341 3255 iam
360 3230 476 3261 coeperit
494 3231 597 3262 operari
616 3231 725 3256 salutem
746 3233 877 3262 nostram,
896 3230 1093 3258 immaculatum
1113 3231 1184 3257 illum
1199 3238 1247 3263 pro

237 3278 238 3281 ’
291 3274 365 3300 nobis
383 3274 537 3306 sanguinem
557 3274 676 3300 fundens.

360 3315 372 3331 ⁹
391 3319 418 3343 ln
436 3317 639 3343 circumcisione
667 3318 784 3348 Domini,
810 3319 893 3344 Serm.
918 3319 940 3344 1.
960 3326 986 3344 11.
1010 3319 1039 3344 l:
1061 3329 1074 3342 α
1088 3319 1247 3345 Audivimus

291 3368 436 3393 congruam
456 3362 591 3387 lectionem
611 3362 644 3387 de
663 3361 752 3387 Verbo
771 3361 938 3393 abbreviato,
958 3363 1030 3395 quod
1049 3363 1107 3389 fecit
1121 3363 1248 3389 Dominus

1312 2619 1392 2645 super
1411 2616 1507 2638 terram
1529 2611 1586 2645 [cfr.
1605 2613 1680 2638 Rom.
1701 2613 1730 2643 9,
1752 2611 1814 2646 28.].
1835 2611 2025 2638 Abbreviatum
2045 2613 2114 2638 enim
2135 2612 2160 2638 in
2180 2620 2272 2644 carne,

1311 2657 1425 2689 amplius
1442 2656 1612 2682 abbreviatur
1630 2660 1751 2688 suscepta
1764 2657 1842 2682 etiam
1856 2657 1943 2682 carnis
1956 2657 2155 2683 circumcisione
2168 2667 2194 2682 ιι.
2206 2657 2272 2683 lbid.

1312 2701 1423 2726 hahetur
1442 2701 1519 2726 ctiam
1540 2707 1595 2734 seq.
1615 2701 1740 2726 sententia
1753 2709 1759 2725 ι
1779 2701 1863 2732 Quem
1877 2699 2019 2733 [puerum‚
2033 2700 2138 2732 Agnum
2152 2701 2207 2726 sine
2221 2708 2273 2727 rna-

1312 2745 1381 2778 cula]
1401 2752 1479 2770 nemo
1499 2748 1585 2776 potest
1603 2751 1716 2776 arguere
1735 2745 1768 2770 de
1787 2748 1895 2776 peccato
1909 2745 1967 2777 [cfr.
1986 2745 2055 2770 loan.
2075 2745 2104 2775 8,
2125 2744 2196 2778 46.],
2216 2745 2273 2778 ipse

1312 2789 1411 2822 peccati
1431 2790 1578 2815 reme-dium
1598 2793 1624 2815 et
1642 2789 1823 2815 verecundum
1843 2789 1940 2821 pariter
1958 2792 1984 2814 et
2002 2793 2135 2815 austerum
2154 2790 2209 2816 sinc
2222 2791 2272 2816 ulla

1312 2833 1466 2859 necessitate
1483 2834 1605 2865 suscepit.

1385 2875 1407 2891 ¹⁰
1426 2877 1501 2902 Vers.
1522 2877 1563 2902 17.
1582 2891 1617 2896 -
1637 2876 1754 2903 Subinde
1774 2877 1900 2908 allegatur
1918 2877 1957 2902 Ps.
1982 2877 2027 2909 16,
2048 2877 2071 2902 4.
2091 2877 2210 2908 Hieron,
2230 2878 2273 2903 Di-

1312 2921 1373 2946 vina
1393 2920 1514 2947 Biblioth.
1533 2921 1576 2947 lib.
1602 2922 1726 2947 Psalmor.
1747 2922 1787 2947 Ps.
1809 2921 1858 2947 ⁴7:
1879 2922 1906 2947 lu
1925 2928 2007 2953 opere
2025 2921 2123 2954 Adam,
2144 2922 2169 2947 in
2188 2922 2272 2948 verbo

1311 2964 1441 2990 labiorum
1461 2968 1566 2991 tuorum
1586 2972 1637 2997 ego
1655 2965 1798 2991 observavi
1818 2965 1874 2991 vias
1892 2965 2007 2991 latronis.
2024 2978 2060 2984 —
2079 2966 2115 2991 De
2135 2966 2176 2992 his
2197 2966 2273 2992 ratio-

1312 3008 1389 3034 nibus
1408 3010 1454 3034 cfr.
1474 3009 1514 3034 lV.
1535 3011 1606 3035 Sent.
1625 3009 1651 3035 d.
1672 3009 1696 3034 3.
1716 3016 1742 3041 p.
1761 3009 1788 3034 ll.
1808 3016 1831 3034 a.
1851 3009 1877 3034 3.
1899 3016 1924 3042 q.
1950 3010 1969 3034 l.
1989 3009 2023 3035 ad
2044 3010 2077 3040 3;
2103 3009 2130 3035 d.
2149 3010 2173 3035 6.
2193 3017 2221 3042 p.
2241 3010 2269 3036 ll.

1312 3060 1334 3078 a.
1356 3053 1379 3078 1.
1399 3060 1425 3086 q.
1446 3054 1471 3079 2.
1489 3049 1518 3079 'in
1537 3060 1611 3086 corp.
1633 3056 1660 3079 et
1684 3054 1710 3079 d.
1736 3054 1759 3078 8.
1785 3060 1812 3085 p.
1837 3053 1863 3078 ll.
1890 3052 1954 3078 dub.
1979 3054 2003 3078 2.
2023 3067 2058 3073 —
2077 3054 2186 3079 lnfcrius
2210 3054 2270 3080 voci

1311 3096 1471 3124 humilitatis
1492 3098 1550 3123 Vat.
1570 3097 1690 3130 praefigit
1709 3096 1885 3123 humanitatis
1904 3104 1946 3123 ac.

1382 3140 1403 3155 ¹¹
1424 3142 1450 3167 ln
1469 3141 1673 3168 Circumcisione
1687 3141 1804 3173 Domini,
1818 3141 1900 3167 Serm.
1917 3142 1938 3167 1.
1953 3149 1977 3167 n.
1993 3143 2022 3167 1l:
2039 3152 2052 3165 α
2068 3141 2121 3173 Qui
2129 3143 2271 3175 peccatum

1310 3192 1365 3212 non
1384 3185 1446 3219 fecit
1462 3184 1495 3219 [l.
1514 3186 1580 3212 petr.
1600 3187 1629 3218 2,
1650 3187 1696 3217 22;
1716 3187 1763 3212 cfr.
1783 3185 1840 3214 lsai.
1852 3184 1968 3219 53‚·9.],
1981 3193 2034 3212 non
2046 3186 2205 3218 dedignatus
2217 3189 2269 3218 est,

1311 3236 1339 3255 se
1358 3233 1523 3262 peccatorem
1542 3230 1697 3262 reputari».
1716 3229 1781 3255 lbid.
1804 3222 1886 3255 Scrm.
1906 3231 1931 3255 3.
1950 3237 1976 3256 n.
1998 3230 2028 3255 3:
2048 3230 2100 3255 lam
2126 3230 2271 3256 minoratus

1311 3277 1350 3300 est
1368 3275 1451 3300 multo
1476 3275 1563 3300 minus
1591 3274 1696 3306 Angelis
1717 3273 1773 3307 [cfr.
1794 3274 1835 3299 ps.
1853 3275 1884 3309 8,
1903 3273 1957 3308 6.],
1976 3274 2021 3307 qui
2042 3281 2092 3300 non
2112 3274 2197 3300 solum
2223 3275 2271 3300 for—

1311 3324 1382 3344 mam
1402 3319 1528 3351 hominis,
1556 3319 1603 3344 sed
1628 3319 1739 3344 formam
1759 3317 1838 3344 habet
1856 3318 2001 3350 peccatoris
2019 3321 2045 3344 et
2063 3318 2179 3349 infigitur
2198 3319 2271 3344 velut

1311 3364 1427 3396 quodam
1446 3363 1561 3389 cauterio
1581 3362 1736 3395 peccatoris.
