2427 3872
288 265 353 297 754

571 306 635 332 rum

288 353 330 378 Vll
351 352 402 378 439
423 351 455 377 42
475 366 510 369 -
529 350 633 376 divinae
656 350 769 375 iustitiae
787 349 821 375 ad
841 349 926 374 malos

288 400 388 423 tantum
413 396 523 421 insilient
542 398 567 420 et
584 394 670 421 bonos
689 401 741 420 non
766 396 874 425 tangent
894 393 924 418 Vl

289 441 339 466 143
359 448 385 465 ν.
403 441 440 465 22
716 456 717 459 ,

341 487 425 512 Fusus
444 498 478 504 -—
496 486 535 510 est
551 489 635 515 vapor
649 483 742 521 igneus
756 482 789 508 Vl
804 482 855 507 119
869 489 895 507 v.
912 482 921 507 1

289 545 323 549 -
342 532 442 562 quanto
462 528 547 560 magis
566 527 696 559 ascendit,
710 530 780 552 tanto
793 526 879 558 magis
892 526 928 552 di-

291 574 423 606 spergitur
442 577 467 598 et
485 572 618 598 evanescit
638 572 688 597 596
709 571 724 596 6
744 585 779 590 -
798 570 929 602 significat

291 618 498 644 excaecationem
513 624 527 642 a
541 616 637 642 carnali
651 614 862 647 concupiscentia
877 614 927 639 l73

290 670 317 688 ν.
335 662 352 687 7
371 676 407 681 -
424 661 554 693 significat
581 662 711 686 humanae
731 660 800 685 vitae
819 658 929 684 brevita-

291 711 343 733 tem
364 707 409 732 141
434 714 460 732 v.
482 706 514 732 15
528 720 561 724 -
575 705 633 730 Vita
647 707 673 730 et
685 706 767 730 status
786 703 928 735 impiorum

290 752 385 777 dicitur
405 752 492 776 fumus
521 752 629 782 propter
656 748 789 774 rationalis
807 746 930 773 obcaeca-

290 796 387 822 tionem
408 795 458 820 120
478 801 503 819 v.
523 794 540 819 5

344 840 533 865 Funmmamrum
551 852 586 856 —
605 837 710 869 ponitur
735 843 782 868 per
808 835 886 861 fldem
906 838 931 860 et

291 883 387 910 bonam
407 882 585 915 operationem
599 881 642 907 Vll
655 880 706 906 378
726 881 759 906 59
773 893 808 898 —
821 879 931 905 aedificii

293 928 434 960 spiritualis
446 929 485 952 est
498 926 563 952 fides
582 928 608 951 et
627 925 682 956 ipse
702 923 819 950 Christus
834 923 883 948 497
898 923 931 948 69

344 973 418 997 Furiis
436 986 470 989 —
490 972 516 996 ln
536 971 596 995 fune
615 968 777 1001 significatur
789 967 933 993 observan-

293 1017 327 1042 tia
347 1015 475 1047 regularis
494 1014 526 1039 Vl
547 1014 597 1040 598
618 1013 633 1038 3

346 1061 399 1085 Fun
417 1073 451 1078 —
471 1058 586 1084 alienum
605 1062 683 1082 suum
704 1056 766 1082 dicit
785 1056 818 1081 vt
845 1055 895 1081 383
916 1056 931 1080 2

293 1117 328 1123 -
347 1104 482 1135 Ingressus
502 1102 566 1127 suris
584 1108 636 1126 non
649 1103 688 1126 est
701 1107 747 1132 per
760 1100 855 1125 ostium
869 1098 932 1125 ibid.

349 1370 481 1395 Canauna
497 1383 529 1386 —
544 1368 728 1400 interpretatur
741 1366 888 1392 sublimitas
900 1366 933 1391 Vl

297 1414 347 1439 493
370 1413 402 1438 14
420 1421 456 1431 -’
474 1416 530 1438 erat
548 1413 620 1438 locus
640 1411 727 1437 iudicii
747 1409 811 1437 ibid.

349 1458 458 1483 Gxaaiet.
475 1470 510 1476 —
528 1456 652 1482 fortitudo
679 1456 725 1480 Dei
751 1455 936 1486 interpretatur

298 1502 340 1527 Vll
364 1503 393 1527 18
414 1502 442 1527 31
467 1516 501 1519 -
520 1502 547 1526 ln
567 1500 624 1532 ipso
649 1502 753 1525 notatur
772 1498 886 1530 dignitas
910 1498 936 1523 in

299 1546 446 1572 assistendo
459 1548 485 1571 et
497 1545 638 1571 auctoritas
647 1544 673 1569 in
683 1542 862 1569 denuntiando
875 1541 937 1568 ibid.

299 1605 334 1610 —
353 1594 409 1616 erat
433 1590 501 1615 inter
525 1589 675 1614 assistentes
694 1589 789 1613 throno
808 1586 854 1612 Dei
876 1584 937 1612 ibid.

298 1649 333 1654 —
352 1639 407 1660 erat
426 1635 490 1660 inter
509 1634 602 1659 millies
619 1635 727 1658 centena
742 1631 829 1663 millia,
842 1630 887 1664 qui
898 1637 939 1655 as-

300 1679 424 1705 sistebant
442 1682 500 1703 ante
520 1678 604 1703 Deum
623 1675 685 1702 ibid.
707 1689 742 1694 —
763 1680 819 1700 erat
837 1675 871 1700 de
890 1681 938 1700 nu-

301 1731 374 1749 mero
388 1724 491 1748 illorum
504 1722 550 1755 qui
563 1724 623 1747 sunt
635 1720 847 1747 administratorii
866 1719 939 1751 spiri-

301 1771 342 1793 tus
356 1768 379 1793 in
399 1767 570 1792 ministerium
584 1766 657 1791 missi
670 1764 731 1791 ibid.
744 1779 779 1784 —
792 1765 888 1790 missus
901 1767 940 1789 est

301 1815 327 1837 et
336 1812 408 1844 loqui
419 1814 443 1836 et
453 1811 581 1843 explicare
591 1809 652 1837 ibid.
665 1824 700 1829 —
709 1810 832 1841 apparuit
842 1808 939 1834 Danieli

305 1859 331 1881 et
348 1856 451 1881 locutus
470 1858 509 1881 est
527 1855 550 1880 ei
570 1855 668 1880 docens
685 1861 747 1879 eum
771 1852 833 1880 ibid.
853 1854 881 1878 21
907 1852 939 1878 42

356 1914 390 1918 —-
409 1900 456 1925 Per
475 1898 621 1924 Gabrielem
648 1898 801 1930 mysterium
826 1898 941 1923 incarna-

304 1944 380 1970 tionis
407 1943 570 1975 praedictum
600 1943 647 1968 suit
672 1942 770 1967 Danieli
792 1942 833 1967 Vll
853 1942 881 1967 21
908 1941 940 1966 42

356 2002 391 2007 -
409 1987 565 2013 confortavit
593 1986 744 2012 Zachariam
773 1993 820 2017 per
844 1986 942 2011 denun-

305 2032 437 2058 tiationem
459 2032 537 2057 futuri
565 2033 709 2062 conceptus
737 2030 780 2055 Vll
801 2030 834 2055 16
855 2030 888 2055 19
908 2044 942 2048 —

303 2077 422 2103 instruxit
441 2076 593 2102 Zachariam
612 2074 789 2107 praedicendo
802 2075 904 2106 prolem
918 2077 943 2100 et

303 2122 416 2147 nominis
435 2120 629 2153 impositionem
648 2119 682 2146 ib.
702 2120 735 2145 20
748 2133 784 2138 -
796 2119 944 2145 consolatur

303 2166 453 2192 Zachariam
465 2164 673 2197 praenuntiando
683 2170 853 2190 communem
861 2163 945 2189 exsul-

304 2210 426 2236 tationem
446 2209 480 2235 ib.
500 2210 528 2235 21
553 2222 588 2228 -
607 2208 703 2234 missus
727 2208 775 2234 fuit
794 2208 827 2233 ad
847 2214 945 2233 annun=

305 2254 419 2280 tiandam
441 2254 603 2279 nativitatem
628 2253 728 2278 loannis
753 2252 884 2285 Baptistae
910 2252 943 2277 18

305 2299 333 2324 31
358 2313 392 2317 -
405 2298 465 2331 qnia
479 2297 603 2324 fortitudo
617 2297 662 2323 Dei
676 2298 870 2329 interpretatur,
883 2296 945 2322 mis-

306 2350 350 2368 sus
376 2343 422 2368 fuit
450 2344 597 2368 confortare
625 2342 752 2374 pavidum
779 2341 944 2367 sacerdotem

307 2387 457 2412 Zachariam
477 2386 541 2412 ibid.
559 2400 594 2405 —
612 2385 744 2418 loquendo
758 2385 885 2417 expressit
903 2392 945 2410 ve-

306 2431 407 2456 ritatem
416 2449 423 2461 ,
442 2430 646 2462 evangelizando
660 2429 789 2455 nuntiavit
802 2429 945 2458 bonitatem

307 2474 369 2501 ibid.

360 2532 394 2536 —·
414 2518 509 2543 missus
537 2518 583 2544 fuit
611 2518 645 2543 ad
673 2517 882 2544 annuntiandum
911 2517 946 2542 in-

308 2562 465 2588 carnationis
479 2563 641 2593 mysterium,
655 2566 683 2587 ut
696 2563 827 2594 reparatio
840 2569 946 2593 respon-

308 2607 369 2632 deat
388 2605 472 2637 lapsui
491 2609 516 2630 et
535 2606 651 2636 impletio
670 2606 839 2637 promissioni
858 2606 901 2631 Vll
912 2606 941 2630 21

310 2650 342 2675 42
356 2664 389 2668 --
410 2650 460 2681 ipsi
474 2649 520 2674 soli
534 2650 678 2675 revelatum
699 2649 745 2675 fuit
764 2650 947 2675 incarnationis

310 2693 465 2724 mysterium
485 2696 545 2718 ante
563 2693 747 2718 revelationem
777 2693 868 2719 beatae
896 2693 947 2718 Ma-

309 2738 363 2763 riae
382 2737 483 2768 Virgini
504 2738 612 2768 factam,
631 2739 656 2761 et
674 2736 734 2762 ideo
755 2736 802 2768 ipsi
823 2743 948 2768 congrue-

310 2781 354 2807 bat
373 2781 488 2807 officium
509 2780 645 2811 legationis
664 2779 726 2805 ibid.
745 2794 778 2798 -
792 2780 888 2806 missus
903 2780 949 2805 fuit

309 2826 334 2851 in
363 2826 493 2851 civitatem
523 2824 651 2849 Galilaeae
683 2824 716 2849 ad
735 2824 948 2856 significandum,

309 2870 381 2903 quod
401 2870 472 2895 illum
493 2869 565 2894 venit
585 2867 747 2898 annuntiare,
766 2868 812 2900 qui
842 2869 949 2900 promis

310 2922 355 2939 sus
373 2917 428 2939 erat
447 2912 568 2939 Abrahae
596 2911 629 2938 ib.
659 2912 692 2937 43
711 2925 746 2930 -
766 2912 792 2937 in
816 2912 948 2938 denuntia-

311 2959 379 2983 tione
398 2960 541 2989 conceptus
569 2956 648 2982 futuri
677 2956 796 2987 procedit
824 2959 949 2988 tanquam

310 3002 396 3028 bonus
415 3003 503 3027 rhetor
522 3001 598 3027 valde
616 3000 736 3026 ordinate
755 3000 795 3026 22
810 2999 842 3025 46

363 3061 398 3064 -
417 3053 431 3071 a
451 3046 604 3071 salutatione
623 3045 649 3070 in
670 3051 718 3070 suo
737 3044 858 3075 ingressu
878 3050 950 3069 sum-

312 3091 362 3122 psit
380 3090 516 3124 exordium
537 3090 579 3115 Vll
594 3090 627 3114 22
648 3088 681 3114 46
699 3102 734 3108 —
753 3088 779 3113 in
798 3087 950 3113 salutatione

312 3137 398 3166 captat
417 3134 533 3165 Virginis
552 3133 776 3163 benevolentiam,
794 3132 871 3163 erigit
894 3131 951 3157 eius

311 3178 496 3204 confidentiam
511 3180 536 3203 et
548 3177 654 3203 exhibet
665 3177 688 3202 ei
702 3175 876 3202 reverentiam
889 3173 950 3201 ibid.

312 3236 347 3242 —
366 3222 491 3248 salutatio
510 3222 628 3254 angelica
652 3220 800 3247 continebat
819 3219 952 3251 profundi-

312 3269 391 3292 tatem
411 3265 553 3297 sapientiae
572 3266 606 3290 23
626 3265 660 3294 52
673 3277 708 3284 -
721 3263 900 3290 denuntiando
913 3263 953 3288 in-

314 3309 472 3335 carnationis
490 3309 644 3341 mysterium
658 3308 781 3340 exprimit
793 3308 900 3334 divlnae
913 3313 952 3332 ac-

313 3353 441 3385 ceptionis
466 3352 673 3384 beneplacitum,
700 3352 847 3378 salutiferae
868 3352 952 3377 fecun-

314 3397 427 3423 dationis
454 3396 626 3428 beneficium,
652 3396 799 3422 nasciturae
818 3395 899 3427 prolis
919 3396 953 3420 fa-

1153 258 1268 292 lNDEX
1292 258 1420 291 RERUM

963 362 999 366 -
1017 348 1068 380 Qui
1087 347 1234 373 inordinate
1253 347 1399 379 ingreditur
1423 347 1463 372 fur
1483 348 1521 371 est
1540 344 1603 371 ibid.

963 406 999 411 —
1018 392 1068 424 Qui
1087 398 1139 417 non
1159 392 1236 417 intrat
1264 398 1312 423 per
1336 390 1468 417 Christum
1498 391 1538 415 sur
1565 392 1605 414 est

965 437 1017 462 385
1038 437 1070 461 10
1090 442 1125 455 2—
1149 436 1221 461 venit
1249 435 1317 461 hona
1346 434 1498 467 temporalia
1524 436 1605 460 extor-

964 480 1071 513 quendo
1091 483 1116 506 et
1135 479 1255 506 subditos
1275 479 1451 511 temporaliter
1464 477 1605 510 affligendo

966 524 999 551 ib.
1020 525 1052 550 12
1073 538 1107 543 -
1126 524 1261 550 falsitatem
1286 524 1349 549 dicit
1367 526 1393 549 et
1419 530 1484 548 oves
1512 522 1606 548 dilace-

965 571 1005 594 rat
1024 569 1075 594 388
1096 568 1129 594 27
1150 582 1184 587 -
1202 575 1311 600 gregem
1337 563 1445 592 abducit
1464 567 1515 592 582
1536 567 1551 591 6
1571 580 1606 584 -

967 613 1051 644 pascit
1068 620 1097 638 se
1114 612 1203 644 ipsum
1222 612 1274 637 626
1290 619 1319 637 v.
1341 612 1373 636 16

986 670 987 673 =
1020 657 1120 682 Furtim
1143 670 1178 675 —
1202 658 1264 682 sunt
1289 656 1388 681 occulta
1409 662 1440 680 ex
1459 654 1607 680 conditione

967 701 1094 733 temporis
1113 703 1138 726 et
1156 700 1257 726 ratione
1275 706 1371 725 causae
1389 699 1490 725 latentis
1502 699 1535 723 Vi
1558 698 1606 723 162

967 753 995 771 v.
1013 745 1038 777 7,
1058 746 1073 770 8
1093 760 1128 763 —
1146 744 1279 776 Sapientia
1299 744 1389 769 divina
1408 743 1442 769 de
1460 743 1552 768 futuris
1564 749 1606 767 ae-

968 790 1055 815 stimat
1073 788 1286 815 certitudinaliter
1304 787 1339 814 ib.
1357 795 1383 813 v.
1405 788 1419 811 8

1021 849 1056 852 -
1077 833 1253 865 contingentia
1284 840 1336 858 non
1367 835 1493 864 generant
1518 831 1607 857 simili-

967 879 1085 904 tudinem
1104 877 1144 903 sui
1164 878 1303 907 insensu,
1321 883 1370 902 nec
1389 883 1436 908 per
1449 883 1477 901 se
1490 883 1539 902 nec
1560 882 1608 908 per

968 929 1075 948 causam
1088 921 1287 947 determinatam
1306 920 1501 946 antecedentem
1522 920 1555 945 Vl
1574 919 1608 945 54

969 974 995 1000 q.
1015 967 1033 992 2
1051 980 1086 985 -
1104 966 1248 991 Intellectus
1274 968 1362 991 noster
1380 971 1432 990 non
1455 967 1541 996 potest
1562 971 1609 996 per

969 1017 998 1037 se
1017 1011 1042 1036 in
1062 1011 1209 1036 futurorum
1228 1009 1405 1041 cognitionem
1429 1008 1522 1034 'venire
1547 1007 1609 1034 ibid.

971 1068 1004 1073 —
1023 1055 1166 1080 intellectus
1185 1053 1315 1086 possibilis
1335 1055 1421 1085 potest
1447 1052 1472 1077 in
1498 1059 1526 1078 se
1545 1052 1611 1077 reci-

970 1105 1032 1131 pere
1051 1099 1140 1125 omnia
1161 1100 1246 1125 sutura
1265 1097 1327 1124 ibid.

1258 1225 1308 1279 G

971 1364 1079 1396 stigium
1105 1363 1141 1389 ib.
1171 1364 1204 1389 53
1234 1378 1269 1381 —
1297 1362 1412 1389 ostendit
1439 1361 1613 1388 necessariam

972 1415 1047 1434 suam
1067 1408 1262 1433 conclusionem
1282 1407 1315 1432 26
1341 1407 1375 1432 66
1394 1421 1430 1425 —
1449 1406 1614 1438 propositum

973 1460 1051 1478 suum
1079 1454 1216 1478 assecutus
1243 1453 1283 1477 est
1302 1450 1335 1476 27
1354 1450 1389 1476 70
1410 1464 1444 1469 —
1463 1449 1583 1476 discessit
1601 1456 1616 1474 a

974 1497 1050 1522 beata
1069 1496 1192 1528 Virgine,
1212 1495 1260 1521 sed
1287 1495 1412 1520 remansit
1440 1501 1501 1520 cum
1520 1501 1550 1519 ea
1572 1494 1616 1519 Dei

973 1541 1052 1567 Filius
1075 1539 1137 1566 ibid.
1165 1553 1201 1559 —-
1225 1539 1345 1565 discessit
1367 1546 1382 1564 a
1404 1538 1483 1564 Maria
1508 1538 1617 1569 Virgine

974 1588 1102 1618 quantum
1122 1584 1156 1610 ad
1176 1584 1357 1616 apparentiam
1377 1582 1438 1608 ibid.

1027 1631 1112 1656 GALEA
1132 1643 1167 1647 —
1187 1631 1226 1654 est
1244 1628 1439 1654 munimentum
1468 1626 1561 1658 capitis
1583 1626 1617 1651 Vl

976 1673 1027 1699 142
1047 1681 1074 1699 v.
1093 1673 1127 1698 20

1028 1719 1153 1744 ῦΑιιιΑΕΑ
1166 1732 1201 1735 -
1217 1716 1411 1747 transmigratio
1432 1715 1617 1746 interpretatur

976 1763 1009 1788 Vl
1029 1763 1080 1788 290
1101 1763 1125 1788 8.
1145 1762 1188 1787 Vll
1209 1761 1260 1787 434
1280 1761 1324 1786 23.
1346 1760 1398 1786 567
1416 1759 1433 1784 7
1446 1759 1565 1785 —idem
1579 1762 1618 1785 est

977 1807 1050 1840 quod
1079 1805 1275 1837 transmigratio
1295 1805 1352 1830 sive
1371 1807 1548 1834 transmeans,
1574 1807 1618 1829 aut

977 1855 1034 1877 rota
1053 1851 1109 1877 sive
1128 1849 1253 1876 volubilis
1271 1849 1304 1875 Vl
1324 1848 1375 1874 545
1396 1849 1411 1874 5
1430 1862 1465 1866 -
1485 1851 1540 1873 erat
1559 1854 1618 1873 con-

978 1896 1070 1921 ssnium
1091 1895 1247 1921 ludaeorum
1276 1896 1302 1919 et
1329 1893 1448 1925 gentium
1468 1892 1510 1918 Vll
1530 1892 1559 1917 21
1585 1892 1617 1917 43

978 1954 1013 1959 -
1032 1941 1059 1966 ln
1079 1940 1191 1965 Galilaea
1211 1938 1329 1965 Christus
1349 1937 1495 1969 concipitur
1516 1936 1565 1962 124
1586 1936 1618 1962 42

1032 1999 1067 2003 -
1086 1984 1155 2009 Mare
1174 1984 1303 2009 Galilaeae
1317 1982 1412 2009 dicitur
1429 1988 1444 2007 a
1463 1981 1573 2013 regione
1585 1981 1619 2007 Vl

981 2029 1031 2054 318
1051 2030 1076 2054 2.
1096 2028 1147 2053 519
1167 2029 1182 2054 2
1212 2042 1214 2044 v

1032 2087 1067 2091 —
1082 2073 1190 2098 Galilaei
1209 2072 1331 2098 dicuntur
1350 2070 1486 2097 credentes
1506 2069 1531 2096 in
1550 2069 1621 2096 Chri-

980 2120 1049 2143 stum
1069 2117 1102 2143 Vl
1122 2117 1174 2143 352
1193 2116 1228 2142 70
1249 2130 1283 2135 —-
1302 2115 1406 2142 Galilaei
1435 2117 1510 2140 erant
1532 2114 1621 2140 durio-

981 2168 1023 2187 res
1042 2162 1076 2188 ad
1095 2161 1258 2188 credendum
1272 2161 1323 2187 300
1337 2160 1371 2186 69
1385 2174 1420 2179 -
1432 2159 1538 2185 Galilaei
1551 2158 1621 2185 Chri-

981 2208 1050 2232 stum
1074 2206 1208 2238 paulisper
1236 2207 1366 2231 honorare
1393 2206 1538 2236 coeperunt
1565 2210 1623 2235 pro-

982 2253 1039 2282 pter
1058 2250 1184 2276 miracula
1204 2249 1246 2276 ib.
1265 2249 1295 2275 71
1320 2262 1354 2267 ——
1373 2248 1478 2275 Galilaei
1504 2247 1622 2281 quodam

982 2295 1063 2320 modo
1082 2294 1238 2325 credebant,
1251 2294 1369 2326 quodam
1382 2293 1463 2319 modo
1476 2298 1528 2318 non
1542 2291 1575 2318 ib.
1588 2291 1623 2317 73

983 2353 1016 2358 -
1036 2339 1139 2364 Galilaei
1159 2341 1234 2364 erant
1251 2338 1342 2364 rustici
1362 2338 1412 2363 268
1435 2338 1480 2362 101

1036 2384 1144 2409 Gutum
1162 2396 1199 2402 —
1217 2390 1264 2408 sua
1278 2383 1374 2415 pietate
1387 2385 1412 2408 et
1425 2381 1558 2414 vigilantia
1572 2387 1624 2405 mo-

983 2430 1059 2453 vetur
1078 2427 1111 2453 ad
1137 2428 1222 2460 pullos
1247 2430 1273 2452 et
1300 2434 1346 2452 eos
1373 2429 1517 2458 congregat
1535 2428 1560 2451 et
1578 2424 1625 2450 alis

983 2471 1099 2497 defendit
1118 2472 1161 2497 Vll
1181 2471 1232 2497 357
1252 2471 1286 2497 74

1036 2517 1132 2541 Gxttus
1151 2528 1185 2534 ——
1203 2515 1333 2547 significat
1351 2515 1561 2548 praedicatorem
1591 2513 1625 2539 Vl

984 2560 1035 2585 614
1055 2561 1070 2585 6
1474 2573 1477 2576 -

1038 2604 1154 2630 Giunwn
1173 2614 1213 2622 —·
1227 2610 1273 2630 cor
1292 2603 1383 2629 dilatat
1401 2606 1426 2628 et
1451 2602 1567 2628 calefacit
1588 2601 1626 2627 >ab

986 2648 1102 2673 interiori
1122 2648 1164 2673 Vll
1185 2647 1236 2673 347
1259 2647 1291 2673 43
1311 2661 1345 2666 -
1364 2650 1403 2673 est
1416 2647 1524 2673 interius
1538 2647 1569 2672 Vl
1592 2646 1625 2671 20

985 2699 1011 2717 v.
1024 2693 1040 2717 2
1060 2706 1094 2709 -
1114 2692 1222 2716 interius
1241 2691 1339 2722 decipit
1356 2690 1418 2717 ibid.

1038 2748 1074 2754 —
1093 2735 1148 2760 Non
1168 2735 1266 2766 gaudet
1284 2742 1360 2767 vere,
1389 2735 1438 2760 nisi
1463 2734 1627 2767 qui-gaudet

986 2779 1013 2804 in
1032 2778 1112 2804 corde
1133 2779 1164 2803 Vl
1185 2778 1235 2802 608
1255 2785 1281 2803 v.
1301 2778 1334 2803 24
1354 2793 1389 2797 -
1408 2779 1457 2810 Qui
1476 2779 1551 2810 plene
1565 2785 1627 2810 gau-

986 2823 1030 2849 det
1049 2823 1119 2853 vult,
1137 2822 1201 2847 alios
1220 2828 1310 2847 secum
1329 2822 1446 2854 gaudere
1467 2822 1519 2848 287
1539 2823 1573 2848 52
1591 2833 1626 2841 --

987 2867 1076 2892 Nullus
1095 2866 1194 2898 gaudet
1212 2866 1326 2898 perfecte
1346 2866 1393 2891 nisi
1412 2873 1442 2892 ex
1456 2873 1535 2892 causa
1549 2869 1574 2891 at
1589 2873 1627 2891 ra·

987 2911 1056 2937 tione
1075 2911 1118 2936 Vll
1139 2910 1171 2936 49
1192 2909 1226 2935 24
1244 2923 1280 2929 -
1292 2910 1400 2941 plenum
1413 2910 1528 2936 consistit
1542 2911 1569 2936 ln
1582 2910 1627 2936 do-

987 2955 1057 2981 tibus
1085 2955 1188 2980 animae
1215 2957 1241 2979 et
1268 2955 1387 2985 corporis
1416 2954 1447 2980 Vl
1469 2954 1519 2979 464
1539 2955 1572 2979 38
1592 2966 1627 2973 -—

987 2998 1193 3025 desiderandum
1215 2998 1240 3023 in
1268 2997 1392 3024 omnibus
1417 2997 1478 3024 ibid.
1498 3012 1532 3017 —
1552 2998 1627 3023 Plena

988 3043 1086 3075 gaudet
1110 3042 1156 3076 qui
1179 3041 1258 3067 habet
1275 3041 1348 3074 quod
1368 3041 1500 3068 desiderat
1519 3041 1572 3068 287
1592 3041 1626 3067 52

987 3101 1022 3106 -
1047 3087 1183 3119 Optimum
1203 3086 1309 3118 signum
1329 3089 1382 3117 est,
1401 3092 1463 3111 curn
1487 3086 1547 3118 quis
1566 3092 1627 3118 gau-

989 3131 1033 3157 det
1052 3131 1085 3157 de
1112 3130 1218 3157 alterius
1246 3129 1397 3156 exaltatione
1426 3137 1486 3156 cum
1513 3137 1559 3156 sua
1585 3130 1628 3155 ‹le-

988 3175 1124 3207 pressione
1142 3174 1177 3201 ib.
1196 3174 1230 3199 53

1042 3233 1077 3239 -
1096 3219 1176 3245 debet
1197 3221 1345 3250 temperare
1365 3218 1493 3243 tristitiam
1520 3218 1553 3244 Vl
1577 3217 1627 3243 463

990 3264 1022 3289 36
1042 3278 1076 3282 -
1095 3263 1216 3289 Gaudere
1236 3262 1262 3287 in
1282 3261 1492 3288 tribulationibus
1509 3265 1548 3287 est
1561 3269 1629 3294 opus

989 3307 1176 3333 arduissimum
1206 3306 1249 3331 Vll
1279 3305 1329 3330 150
1353 3305 1386 3330 55
1405 3306 1486 3331 —in
1514 3312 1561 3337 spe
1589 3312 1629 3331 ex-

989 3351 1130 3377 auditionis
1148 3349 1295 3382 concipitur
1314 3349 1346 3374 vi
1367 3349 1417 3375 472
1438 3349 1472 3375 25
1493 3363 1529 3368 —
1548 3352 1587 3374 est
1605 3349 1630 3374 in
1650 3342 1652 3344 ’

990 3394 1143 3420 contritione
1163 3394 1191 3419 31
1216 3400 1243 3419 ν.
1263 3393 1278 3418 8
1297 3406 1333 3412 -
1352 3393 1384 3419 dc
1407 3396 1546 3425 peccatore
1571 3399 1630 3424 poe-

1930 300 1995 326 GAU

1693 358 1729 364 -
1748 347 1776 370 ut
1795 347 1895 370 certum
1920 344 2074 376 exprimitur
2093 350 2140 375 per
2159 343 2282 376 praeteri·

1642 392 1697 414 tum
1718 389 1750 414 Vl
1771 388 1822 414 452
1851 389 1885 414 29
1905 403 1939 407 ——
1958 389 2085 414 Futurum
2114 391 2218 420 tempus
2243 390 2282 413 est

1642 433 1835 465 periculosum,
1855 433 1917 465 quia
1944 439 1997 458 non
2025 435 2111 464 potest
2131 431 2281 464 praevideri

1643 477 1676 502 66
1695 484 1723 503 v.
1741 477 1756 502 7
1776 490 1812 496 —·
1830 476 1952 508 Cogitare
1981 478 2096 502 futurum
2125 479 2164 502 est
2182 476 2283 501 utilissi-

1644 528 1717 546 mum
1746 521 1780 546 55
1809 529 1835 546 v.
1864 522 1879 546 3
1899 534 1934 540 -
1952 521 2049 546 Futura
2077 527 2130 546 non
2158 520 2225 546 scire
2244 522 2283 545 est

1644 565 1721 590 valde
1740 565 1898 591 damnosum
1919 565 1952 590 85
1972 572 1998 589 v.
2019 563 2052 589 14

1696 623 1732 629 -—-
1750 609 1835 635 Homo
1854 616 1907 635 non
1925 609 1973 634 scit
1994 610 2094 640 futura,
2108 609 2156 634 nisi
2171 608 2284 634 Domino

1644 654 1777 679 revelante
1796 661 1843 685 per
1863 653 1975 685 gratiam
1998 653 2031 679 Vl
2051 653 2084 678 53
2104 660 2131 678 v.
2152 653 2161 678 1
2186 667 2222 670 -
2240 653 2284 678 So*

1644 699 1684 724 lus
1704 698 1773 723 Deus
1792 699 1877 723 futura
1898 698 2034 729 cognoscit
2057 701 2082 723 et
2105 697 2203 723 revelat
2221 695 2284 723 ibid.

1644 756 1680 761 —
1700 742 1812 774 Spiritus
1831 742 1877 767 Dei
1897 742 1974 767 docet
1992 741 2128 767 veritatem
2145 741 2179 767 de
2193 741 2286 766 futuris

1646 786 1696 812 459
1726 787 1759 812 20
1787 801 1822 805 —
1851 786 1929 819 Quod
1956 787 2073 812 futurum
2101 788 2140 811 est
2166 785 2219 810 iam
2239 785 2287 811 fuit

1647 832 1679 857 16
1699 839 1726 856 v.
1744 831 1760 856 9

1699 889 1734 894 —
1753 876 1780 900 ln
1798 875 1972 907 prosperitate
1991 875 2071 900 futuri
2091 874 2216 906 temporis
2235 880 2286 909 me-

1648 920 1730 945 moria
1756 918 1877 945 habenda
1905 922 1944 944 est
1972 919 2003 944 Vl
2032 919 2066 944 90
2092 926 2119 944 v.
2148 919 2163 943 8
2182 931 2217 937 —
2236 917 2288 950 Qui

1647 965 1750 989 futurus
1769 966 1808 989 est
1826 964 1879 989 iam
1898 966 2008 989 vocatus
2036 966 2075 988 est
2099 965 2229 995 quantum
2253 961 2287 987 ad

1648 1010 1781 1034 aeternam
1795 1008 1947 1033 electionem
1968 1007 2001 1032 53
2021 1014 2048 1033 v.
2069 1007 2101 1032 10
2121 1021 2156 1025 -
2174 1007 2231 1032 Νοῐι
2250 1009 2288 1032 est

1648 1052 1854 1084 exspectandum
1881 1053 2013 1082 futurum,
2041 1051 2106 1077 dum
2125 1054 2230 1083 tempus
2249 1053 2289 1076 est

1648 1096 1683 1122 74
1703 1103 1729 1122 ν.
1751 1097 1783 1121 10

1652 1361 1786 1386 nitentium
1812 1363 1905 1392 agente
1930 1360 2064 1393 quomodo
2092 1359 2289 1392 intelligendum

1653 1405 1696 1430 Vll
1716 1405 1767 1429 386
1788 1404 1821 1430 14
1840 1418 1875 1423 -
1894 1405 2009 1436 nuptiale
2027 1404 2122 1430 dicitur
2146 1404 2291 1430 reinventio

1653 1449 1761 1474 humani
1780 1449 1884 1481 generis
1903 1448 1936 1475 ib.
1958 1450 1990 1475 13

1707 1507 1743 1512 -
1756 1493 1867 1519 Mundus
1881 1493 1906 1518 in
1921 1493 2050 1525 praesenti
2070 1492 2168 1526 gaudet
2185 1493 2219 1519 Vl
2240 1492 2291 1518 462

1655 1538 1683 1563 31
1716 1552 1750 1556 -
1778 1538 1974 1570 hypocritarum
2001 1542 2026 1564 et
2054 1538 2250 1564 mundanorum
2277 1543 2292 1563 a

1654 1582 1751 1613 gaudio
1765 1581 1897 1608 bonorum
1920 1582 2005 1608 differt
2025 1581 2066 1608 Vll
2087 1582 2119 1607 49
2141 1582 2174 1607 23
2193 1596 2228 1600 -
2248 1582 2294 1607 hu-

1656 1627 1696 1651 ius
1725 1626 1816 1652 mundi
1845 1627 1969 1653 citissime
1998 1627 2089 1652 transit
2117 1626 2168 1652 494
2197 1626 2230 1651 62
2259 1640 2294 1644 -

1655 1670 1818 1696 mundanum
1837 1674 1876 1696 est
1890 1671 2113 1697 contemnendum
2134 1670 2186 1696 495
2205 1670 2239 1696 62
2258 1684 2294 1688 —-

1654 1714 1687 1740 de
1707 1714 1777 1740 bono
1800 1715 1953 1741 ‘transitorio
1972 1718 2012 1741 est
2030 1715 2168 1741 ruinosum
2188 1715 2239 1740 263
2260 1714 2293 1740 33

1707 1772 1743 1778 -
1762 1759 1818 1785 Non
1837 1764 1876 1785 est
1895 1760 2066 1791 gaudendum
2094 1759 2121 1784 in
2147 1758 2295 1789 miraculis,

1655 1803 1703 1829 sed
1730 1804 1819 1835 potius
1837 1804 1863 1829 in
1883 1804 2019 1829 tormentis
2046 1807 2072 1829 et
2098 1803 2224 1829 conviciis
2251 1802 2295 1828 Vll

1655 1848 1706 1873 263
1727 1849 1760 1874 33
1779 1863 1814 1866 -
1834 1848 1890 1873 Non
1909 1851 1948 1874 est
1967 1848 2138 1880 gaudendum
2166 1847 2200 1873 de
2225 1846 2296 1873 dono

1655 1892 1713 1917 licet
1732 1892 1859 1918 divinitus
1877 1899 2017 1923 concesso,
2036 1899 2071 1917 ne
2089 1892 2122 1917 sit
2140 1892 2244 1918 occasio
2256 1898 2298 1917 su·

1656 1936 1764 1968 perbiae
1783 1939 1808 1962 et
1826 1944 1873 1968 per
1892 1943 2057 1970 consequens
2076 1936 2168 1962 ruinae
2186 1934 2249 1962 ibid.
2262 1950 2297 1954 -

1656 1980 1832 2006 Gaudendum
1851 1984 1904 2012 est,
1923 1981 1985 2014 quia
2004 1981 2110 2007 nomina
2128 1980 2224 2012 scripta
2238 1983 2298 2006 sunt

1658 2025 1682 2050 in
1702 2024 1768 2051 libro
1786 2026 1855 2052 vitae
1873 2025 1907 2052 ib.
1927 2025 1961 2051 34
1979 2038 2015 2044 ——
2033 2025 2113 2051 debet
2131 2031 2189 2051 esse
2201 2025 2228 2062 in
2240 2024 2299 2061 Spi-

1658 2069 1707 2095 ritu
1727 2073 1828 2102 sancto,
1848 2077 1899 2096 non
1919 2070 1945 2096 in
1964 2076 2042 2095 carne
2061 2069 2112 2095 264
2132 2070 2165 2095 36
2184 2069 2299 2095 —Gau·

1658 2114 1776 2140 dandum
1795 2115 1829 2141 de
1847 2114 2014 2146 providentia
2042 2114 2087 2140 Dei
2113 2113 2298 2146 irreprehensi-

1658 2158 1702 2184 bili
1721 2157 1754 2185 ib.
1774 2159 1806 2184 38
1827 2173 1861 2178 —
1879 2158 2054 2184 Gaudendum
2073 2161 2113 2184 est
2131 2158 2165 2184 de
2182 2157 2299 2190 potentia

1660 2203 1705 2228 Dei
1725 2202 1982 2236 incomprehensibili
2002 2203 2054 2228 265
2073 2203 2107 2228 39
2126 2216 2162 2221 -
2180 2201 2300 2228 Gaude-n-

1660 2247 1724 2273 dum
1743 2247 1777 2273 de
1795 2247 1941 2280 praesentia
1960 2247 2007 2273 Dei
2025 2245 2192 2273 desiderabili
2211 2245 2245 2273 ib.
2266 2245 2294 2271 4l

1660 2306 1695 2310 --
1714 2298 1807 2317 verum
1827 2299 1858 2317 ex
1877 2295 1990 2325 quatuor
2009 2291 2095 2317 causis
2114 2291 2165 2316 263
2185 2289 2219 2316 34

1714 2350 1748 2354 -
1764 2336 1947 2362 Gaudentibus
1966 2343 1981 2361 a
2001 2335 2112 2361 Domino
2136 2334 2231 2361 dicitur
2249 2341 2299 2361 vae

1662 2380 1695 2405 Vl
1715 2380 1747 2405 56
1766 2388 1793 2406 v.
1806 2381 1822 2405 5
1835 2395 1869 2399 -
1883 2381 1972 2406 Plures
1990 2383 2093 2412 oportet
2112 2379 2206 2405 tristari
2218 2385 2300 2411 quam

1663 2424 1780 2456 gaudere
1798 2423 1832 2450 ib.
1852 2432 1877 2457 q.
1899 2425 1914 2449 2

1717 2479 1750 2486 —
1770 2471 1808 2494 est
1826 2469 1918 2500 triplex
1937 2469 1970 2494 Vl
1990 2468 2042 2493 608
2062 2475 2089 2493 v.
2109 2466 2190 2493 24-
2203 2470 2302 2498 tempo·

1662 2513 1716 2538 rale
1734 2519 1786 2538 non
1806 2516 1845 2538 est
1863 2512 2022 2544 petendum,
2049 2511 2112 2545 quia
2131 2514 2170 2537 est
2188 2517 2302 2542 vanum,

1663 2557 1789 2588 mixtum,
1808 2560 2021 2582 momentaneum
2041 2555 2102 2581 ibid.
2121 2555 2302 2587 -spirituale

1663 2604 1702 2627 est
1720 2601 1912 2632 appetendum,
1931 2604 1971 2626 est
1990 2600 2080 2632 triplex
2099 2598 2162 2626 ibid.
2176 2613 2209 2618 ——
2222 2601 2302 2625 aeter-

1663 2645 1720 2671 nale
1748 2648 1787 2670 est
1815 2645 2000 2676 postulandum
2029 2648 2054 2670 et
2081 2643 2302 2673 desiderandum,

1663 2689 1726 2722 quia
1745 2692 1784 2714 est
1802 2695 1911 2720 verum,
1940 2689 2056 2720 plenum,
2075 2691 2211 2714 aeternum
2240 2686 2302 2714 ibid.

1663 2748 1698 2752 —
1717 2733 1781 2758 caeli
1799 2736 1838 2758 est
1862 2733 1988 2764 gaudium
2018 2739 2126 2763 verum,
2154 2732 2215 2764 quia
2241 2737 2303 2764 gau-

1663 2777 1736 2803 dium
1755 2777 1843 2802 cordis
1861 2776 1923 2802 ibid.
1943 2791 1977 2795 —
1996 2777 2130 2808 spirituale
2142 2775 2257 2808 disponit
2269 2775 2303 2800 ad

1663 2824 1737 2847 actus
1755 2821 1903 2852 spirituales
1922 2821 1964 2847 Vll
1986 2820 2036 2846 604
2057 2821 2090 2846 66

1718 2879 1752 2884 ——
1775 2860 1886 2890 Etiectus
1915 2865 2057 2891 mansionis
2085 2865 2111 2890 in
2138 2864 2240 2890 Christo
2265 2866 2304 2888 est

1663 2909 1790 2942 gaudium
1812 2909 1837 2934 in
1856 2910 1985 2940 praesenti
1998 2912 2023 2934 et
2037 2908 2164 2941 gaudium
2178 2908 2204 2932 in
2218 2909 2304 2934 futuro

1666 2953 1697 2978 Vl
1717 2952 1767 2978 448
1789 2952 1821 2977 12
1835 2966 1870 2970 -
1883 2959 1980 2983 purum
2000 2955 2052 2984 est,
2071 2958 2125 2984 quo
2144 2952 2223 2976 homo
2243 2956 2305 2982 gau-

1663 2997 1708 3023 det
1727 2996 1751 3021 in
1772 2996 1898 3027 Domino,
1918 3003 1970 3022 non
1996 2996 2021 3021 in
2050 2995 2151 3021 mundo
2179 2993 2242 3021 ibid.
2269 3007 2304 3013 —

1664 3044 1782 3067 nostrum
1802 3040 1925 3072 impletur
1944 3047 1958 3066 a
1988 3040 2085 3072 gaudio
2110 3038 2213 3065 Domini
2241 3036 2304 3064 ibid.

1664 3099 1700 3105 -
1718 3084 1839 3110 Gaudere
1860 3076 1939 3110 debet
1958 3085 2038 3110 homo
2057 3083 2185 3109 memoria
2204 3083 2305 3109 futurae

1665 3129 1763 3161 gloriae
1792 3129 1820 3153 91
1844 3135 1870 3153 ν.
1891 3129 1905 3152 8
2233 3141 2238 3143 ἡ
2321 3118 2323 3121 ’

1719 3187 1753 3191 -
1771 3171 1935 3205 quadruplex
1955 3171 1982 3197 in
2002 3171 2084 3202 gloria
2098 3170 2142 3195 Vll
2157 3170 2207 3195 159
2222 3169 2255 3195 89
2269 3183 2304 3187 —-

1666 3216 1705 3242 Ad
1728 3216 1856 3248 gaudium
1877 3214 2045 3241 beatitudinis
2072 3214 2179 3240 venient
2197 3213 2244 3246 qui
2262 3219 2305 3237 ve-

1666 3261 1768 3286 ritatem
1796 3260 1921 3291 audiunt,
1949 3259 2061 3291 diligunt
2079 3260 2105 3283 et
2130 3257 2228 3283 faciunt
2252 3256 2303 3283 297

1667 3305 1700 3330 62
1719 3318 1754 3323 -
1773 3303 1867 3329 Omnia
1886 3306 1963 3328 erunt
1982 3302 2125 3334 gaudium,
2143 3300 2251 3334 quando
2264 3300 2306 3325 tri-

1667 3348 1735 3373 stitia
1754 3350 1871 3373 vertetur
1885 3347 1909 3372 in
1924 3346 2052 3378 gaudium
2072 3345 2105 3371 Vl
2119 3344 2170 3370 609
2183 3352 2211 3370 v.
2224 3343 2257 3371 24
2270 3358 2306 3362 -

1668 3393 1767 3417 Servus
1784 3391 1870 3417 tidelis
1889 3397 1942 3416 non
1954 3391 2039 3416 solum
2053 3389 2147 3421 accipit
2163 3387 2306 3421 gaudium,
