2476 3921
140 1019 218 1048 Sensus
235 1018 285 1039 alle-

166 1050 257 1072 gericus.

162 1363 211 1384 Tria
225 1367 286 1384 reeo-

200 1389 263 1410 enda.

142 1794 246 1817 Memoria
255 1800 303 1815 cou—

153 1821 289 1843 solationem.

303 291 367 324 616

302 379 414 416 quando
434 378 463 406 in
485 374 674 413 prosperitate
688 374 810 402 maxima
830 372 928 400 Iudaei
949 369 1114 399 floruerunt.
1134 368 1172 396 Et
1193 367 1263 395 haec

303 429 396 457 omnia
416 426 606 456 calamitatem
635 421 809 459 exaggerant
829 429 879 457 per
904 419 1089 454 multiplicem
1114 417 1181 445 mali
1202 416 1262 444 illa-

303 478 422 509 tionem:
455 483 525 510 quae
551 473 636 501 etiam
658 470 846 507 exaggeratur
871 477 921 504 per
946 468 1011 496 boni
1032 466 1262 501 vilipensionem,

302 525 396 554 cultus
417 524 519 556 divini,
542 530 596 557 quo
625 521 714 548 Deum
740 518 869 548 solebant
890 517 1002 553 placare
1023 515 1052 543 et
1079 515 1112 543 de
1133 513 1263 542 hostibus

302 572 487 607 triumphare.
509 570 588 598 Unde
614 568 748 597 viderunt
768 575 832 595 eam
852 566 959 601 hostes,
982 563 1115 592 Chaldaei
1141 561 1261 595 scilicet,

302 623 329 649 et
354 608 516 649 deriserunt
540 617 670 646 Sabbata
690 617 765 650 eius,
787 616 853 651 quia
884 622 948 642 vere
979 614 1038 641 risu
1069 612 1169 647 digna,
1197 610 1263 646 quia

302 669 385 698 erant
405 668 441 696 ad
461 666 668 702 impetrandam
689 664 813 701 gratiam
833 662 967 691 invalida.
990 659 1175 695 Quiescebant
1189 659 1264 686 enim

303 717 339 746 ab
360 725 442 752 opere
463 715 607 748 exteriori,
628 721 684 742 non
705 713 741 741 ab
756 720 838 748 opere
858 710 1011 743 criminali,
1033 717 1090 738 non
1108 707 1212 736 intenti
1226 706 1264 734 di-

303 767 385 794 vinae
405 765 476 800 legis
504 763 688 792 meditationi.
710 761 790 790 Unde
821 760 920 788 derisit
951 767 997 787 eos
1025 758 1128 786 Seneca
1155 756 1265 788 dicens,

303 814 377 851 quod
398 814 546 849 septimam
568 812 678 848 partem
693 810 767 838 vitae
789 818 855 837 suae
877 808 994 844 propter
1015 805 1265 835 sabbatizatienem

304 862 468 898 perderent,
490 861 523 889 nt
543 860 644 888 dicitur
663 859 696 887 de
718 858 839 886 Civitate
862 856 952 890 Dei¹3
974 856 1064 891 primo
1085 853 1265 882 Machabaeo-

304 921 382 940 rum:
410 922 424 935 <a
438 910 562 938 Sabbata
583 910 641 936 0105
662 909 691 936 in
713 907 894 942 opprobrium
909 917 938 932 n.

383 959 569 995 Alleyorice:
598 956 778 990 Ierusalem,
809 955 837 982 id
858 954 902 982 est
932 953 1072 985 Ecclesia,
1103 951 1148 979 vel
1170 950 1265 978 anima

303 1007 524 1043 contemplativa
549 1007 579 1043 111
604 1004 788 1033 tribulatione
816 1003 925 1038 posita,
952 1001 1107 1029 recordata
1139 1000 1181 1027 est
1211 998 1267 1026 die*

303 1065 370 1085 rwm
391 1055 558 1091 afflictionis
579 1061 665 1088 suae,
688 1053 789 1088 quibus
810 1052 905 1086 aliqua
926 1050 1083 1078 tentatione
1102 1048 1184 1083 gravi
1205 1054 1267 1082 pro-

304 1105 447 1138 babatur3
475 1101 646 1131 Psalmus²:
674 1112 687 1126 ιι
706 1100 838 1129 Afflictus
867 1108 929 1127 sum
957 1099 985 1127 et
1012 1097 1179 1126 humiliatus
1205 1103 1267 1124 sum

304 1154 388 1182 nimis
400 1164 414 1178 a>
428 1163 435 1186 ;
457 1152 521 1180 Iob:
549 1162 563 1176 «
577 1151 614 1179 In
635 1149 871 1178 amaritudinibus
892 1146 1019 1176 moratur
1035 1146 1131 1175 oculus
1145 1152 1223 1173 meus
1238 1153 1266 1177 »ς

305 1203 334 1231 et
349 1200 628 1238 praevaricationis,
649 1207 720 1234 quae
734 1198 841 1234 flagelli
862 1196 1003 1225 exactione
1025 1193 1217 1231 purgabatur3
1239 1192 1268 1220 et

305 1249 543 1279 desiderabilium
562 1256 698 1282 suorwm,
726 1247 755 1275 id
776 1246 821 1274 est
845 1245 1023 1274 aeternorum
1045 1244 1196 1276 bonorum3
1218 1242 1268 1270 Ec-

306 1298 492 1327 clesiasticus:
513 1308 528 1322 ι(
542 1297 578 1325 In
592 1296 635 1324 die
649 1296 789 1324 malorum
810 1303 844 1322 ne
863 1295 1007 1322 immemor
1029 1293 1067 1320 sis
1092 1291 1267 1319 bonorum».

306 1348 384 1376 Haec
416 1348 490 1375 enim
521 1346 578 1373 tria
609 1344 677 1373 sunt
708 1343 822 1372 assidua
854 1342 1044 1371 recordatione
1076 1339 1244 1368 revolvenda
1261 1349 1267 1366 :

305 1396 388 1425 mala
405 1395 560 1431 poenalia,
582 1394 616 1422 ut
634 1393 694 1421 vita
715 1400 849 1428 praesens
865 1390 1037 1425 contemptui
1057 1388 1268 1422 habeatur31e-

305 1445 407 1473 remias
419 1443 443 1471 ⁸:
465 1455 478 1468 «
493 1443 570 1471 Haec
591 1442 635 1470 est
649 1440 802 1469 infirmitas
817 1448 891 1473 mea,
907 1438 1027 1475 portabo
1040 1438 1120 1466 illam
1134 1448 1162 1464 ».
1176 1436 1250 1464 Item

299 1494 435 1528 peccata,
453 1491 487 1519 ut
501 1499 551 1526 per
570 1490 706 1526 gemitum
721 1489 864 1517 assiduum
879 1487 1042 1523 expientur3
1056 1485 1257 1521 Apocalypsis:

310 1552 324 1565 α
338 1541 444 1568 Memor
465 1539 539 1572 esto,
553 1539 626 1567 unde
641 1538 785 1571 excideris,
801 1538 829 1565 et
843 1545 895 1572 age
910 1535 1111 1571 poenitentiam
1125 1534 1154 1562 et
1168 1534 1260 1569 prima

306 1597 391 1625 opera
411 1589 455 1617 fac
468 1599 503 1622 »ς
524 1588 634 1616 Ι53135;
662 1586 858 1622 «Recogitabo
879 1585 930 1613 tibi
951 1592 1047 1613 0111005
1067 1591 1157 1611 annos
1184 1590 1260 1610 meos

306 1639 336 1666 in
356 1637 542 1665 amaritudine
556 1637 665 1664 animae
685 1644 761 1663 meae
775 1647 803 1662 ν).
818 1635 905 1668 Item,
922 1633 1058 1668 beneficia
1073 1632 1187 1667 divina,
1203 1632 1262 1659 sive

309 1686 476 1722 praeterita,
498 1686 556 1713 sive
577 1685 688 1718 futura,
709 1684 742 1712 ut
762 1684 871 1720 gratiae
892 1682 1026 1718 agantur.

389 1734 437 1761 25.
459 1734 526 1762 Ideo
547 1733 627 1761 dicit:
655 1732 790 1761 Omniwm
810 1731 1049 1760 desiderabilium
1071 1738 1209 1764 suorwn5
1237 1730 1267 1757 10

309 1781 468 1811 Canticis⁴:
495 1793 509 1807 «
524 1782 660 1810 Memores
675 1782 793 1810 uberum
814 1781 928 1809 tuorum
943 1788 1028 1815 super
1049 1780 1147 1807 vinum
1166 1790 1195 1805 ».
1216 1778 1270 1806 Sed

309 1832 423 1868 quidam
435 1832 518 1860 nimis
530 1831 609 1860 tarde
621 1830 677 1859 ista
688 1829 854 1866 recogitant,
868 1837 918 1864 pro
929 1828 1029 1864 quibus
1041 1827 1180 1863 sequitur:
1197 1826 1270 1855 Cum

308 1881 425 1909 caderet
433 1880 563 1916 populus
578 1881 653 1915 eius,
668 1879 697 1907 id
711 1879 754 1907 est
770 1879 897 1907 diversae
911 1886 1046 1913 personae
1060 1877 1209 1909 Ecclesiae,
1224 1876 1270 1904 vel

307 1929 494 1965 cogitationes
505 1929 533 1957 et
545 1928 705 1956 affectiones
717 1928 870 1963 singularis
882 1928 1004 1960 animae;
1018 1927 1049 1954 in
1056 1934 1148 1954 manu
1159 1925 1269 1961 hostili,

308 1979 336 2006 id
350 1978 394 2006 est
412 1978 553 2014 potestate
575 1977 693 2010 diaboli;
715 1978 742 2004 et
763 1985 821 2004 non
843 1977 914 2004 esset
934 1975 1103 2009 auxiliator,
1119 1974 1177 2002 Deo
1195 1974 1270 2002 dese-

309 2027 402 2060 rente,
423 2035 474 2055 nec
494 2026 605 2055 homine
622 2025 769 2053 subvenire
784 2024 910 2058 131001ος
931 2023 1115 2052 Ecclesiastes
1128 2022 1151 2051 ⁵:
1173 2034 1186 2048 «
1202 2022 1270 2051 Con-

310 2075 402 2103 sidera
422 2083 507 2110 opera
528 2075 594 2108 Dei,
626 2074 699 2110 quod
724 2082 803 2102 nemo
828 2073 919 2109 possit
946 2073 1084 2108 corrigere
1112 2080 1194 2108 quem
1222 2071 1270 2099 ille

310 2124 509 2159 despexerit».
530 2123 568 2151 Et
588 2122 665 2151 istud
686 2122 856 2158 intelligitur
882 2121 1033 2150 secundum
1054 2121 1181 2157 regulam
1197 2119 1269 2148 Cice-

311 2174 400 2206 roniS,
423 2181 478 2208 qua
493 2172 634 2200 transitur
648 2172 680 2200 de
695 2172 784 2207 specie
798 2172 833 2199 ad
847 2179 950 2207 genus,
965 2171 1111 2206 quoniam,
1125 2178 1187 2198 cum
1203 2169 1271 2197 mali

310 2222 486 2255 laberentur,
508 2221 573 2250 boni
599 2220 816 2256 praeteritorum
837 2218 1070 2252 recordabantur,
1092 2218 1166 2247 sicut
1186 2218 1224 2246 ibi
1240 2216 1270 2246 ⁶:

317 2282 330 2295 «
346 2271 415 2298 Cum
441 2270 576 2299 occideret
596 2278 656 2303 eos,
683 2269 856 2304 quaerebant
886 2277 949 2296 eum
968 2279 996 2295 ».
1024 2268 1167 2296 Viderunt
1193 2275 1270 2302 eam,

312 2319 481 2353 Ierusalem,
502 2319 531 2347 id
551 2318 595 2347 est
615 2319 738 2346 animam
759 2317 1020 2352 contemplativam,
1043 2317 1150 2351 hostes,
1172 2316 1201 2344 id
1229 2316 1273 2343 est

313 2368 469 2395 daemones.
491 2367 535 2395 Et
554 2367 719 2395 deriserunt
739 2366 791 2394 etc.
814 2365 962 2393 Rabanus:
990 2375 1004 2389 α
1018 2364 1122 2392 Hostes
1146 2364 1273 2392 videntes

314 2415 456 2450 Sabbata,
472 2416 617 2449 derident,
633 2423 696 2442 cum
710 2414 827 2450 maligni
838 2414 957 2449 spiritus
970 2413 1032 2448 ipsa
1047 2412 1202 2440 vacationis
1215 2412 1274 2440 otia

314 2463 351 2491 ad
371 2463 555 2499 cogitationes
576 2461 690 2490 illicitas
712 2461 892 2497 pertrahunt.
914 2461 1102 2496 Unaquaeque
1124 2460 1196 2488 enim
1211 2460 1273 2488 301-

315 2520 376 2546 1113,
399 2520 452 2547 quo
474 2511 582 2540 remota
602 2511 638 2538 ab
659 2510 781 2539 externis
807 2510 962 2538 actionibus
984 2510 1089 2538 servire
1110 2509 1168 2537 Deo
1190 2509 1274 2537 credi-

316 2561 380 2594 tur,
402 2568 433 2588 eo
454 2560 545 2595 magis
571 2567 666 2588 eorum
687 2559 830 2594 tyrannidi
858 2558 958 2587 illicita
982 2558 1130 2594 cogitando
1157 2557 1274 2586 famula-

316 2608 373 2636 tur.
395 2608 491 2636 Sancti
506 2609 578 2636 enim
600 2608 666 2641 viri,
682 2608 747 2642 quia
768 2615 785 2634 a
806 2607 902 2635 mundi
917 2607 1047 2642 operibus
1067 2614 1123 2634 non
1144 2614 1273 2641 corpore,

317 2657 364 2685 sed
387 2656 493 2685 virtute
507 2656 670 2692 sopiuntur,
692 2656 859 2684 laboriosius
873 2655 1028 2689 dormiunt,
1051 2663 1134 2690 quam
1155 2655 1274 2690 vigilare

317 2705 472 2741 potuerunt
485 2717 513 2732 n.
535 2705 611 2733 Haec
625 2705 768 2732 Rabanus.
789 2704 827 2732 Et
841 2704 970 2732 similiter
993 2704 1145 2739 Gregorius
1157 2702 1167 2717 '¹
1190 2711 1275 2738 super

317 2754 388 2782 illud
408 2754 474 2782 Iob:
503 2765 516 2778 α
531 2753 647 2787 Quando
675 2753 747 2781 solet
774 2761 857 2788 sopor
879 2760 1012 2787 occupare
1040 2752 1165 2780 homines
1186 2763 1214 2785 »,
1242 2751 1276 2779 (10

392 2940 399 2954 ¹
421 2940 489 2965 Libr.
510 2940 550 2964 Vl.
570 2947 593 2965 c.
618 2940 657 2964 ll.
677 2939 798 2971 Sequitur
819 2939 834 2963 Ι.
854 2940 935 2964 Maeli.
956 2939 979 2970 l,
1000 2939 1040 2964 41.
1060 2953 1095 2958 —
1114 2940 1198 2971 Supra
1218 2939 1277 2964 Vat.

321 2980 423 3008 praeter
442 2976 490 3000 alia
516 2975 610 3000 menda
637 2974 714 3000 babet
734 2974 781 3000 vim
801 2974 894 3000 intenti
913 2982 960 3006 pro
980 2981 1033 3000 non
1052 2974 1158 3006 intenti,
1178 2978 1203 3000 et
1220 2978 1278 3006 post

322 3011 395 3037 Unde
415 3011 509 3036 omittit
527 3014 605 3036 totam
626 3010 846 3042 propositionem:
866 3010 959 3036 derisit
977 3017 1060 3042 usque
1080 3011 1113 3035 ad
1133 3009 1272 3036 Sabbata„

392 3046 402 3060 ²
422 3047 514 3071 Psalm.
534 3046 581 3076 37,
602 3046 630 3076 9,
650 3046 767 3078 sequitur
786 3045 830 3070 lob
851 3046 895 3076 17,
916 3047 945 3077 2;
965 3046 1060 3071 deinde
1080 3046 1154 3071 Eccli.
1175 3046 1221 3076 ll,
1235 3045 1277 3070 27.

393 3081 403 3095 ⁹
422 3082 485 3113 Cap.
503 3082 545 3111 10,
563 3082 606 3112 ‡9;
621 3085 767 3113 sequuntur
780 3082 861 3112 Apoc.
875 3082 904 3111 2,
924 3082 954 3111 5;
975 3081 1030 3106 lsai.
1049 3082 1097 3111 38,
1122 3081 1159 3105 15.
1178 3095 1213 3099 —
1233 3081 1278 3105 Su-

322 3124 368 3149 pra
389 3125 436 3149 pro
458 3117 526 3142 Haec
545 3116 616 3142 enim
636 3116 690 3142 tria
708 3118 772 3142 sunt
790 3115 901 3141 assidua
919 3116 1105 3142 recordatione
1116 3115 1278 3142 revolvenda

323 3153 379 3178 Vat.
399 3153 455 3178 Hac
474 3151 579 3185 quidem
597 3151 782 3178 recordatione
807 3153 871 3177 sunt
889 3151 995 3177 assidue
1023 3150 1174 3177 revocanda
1185 3161 1194 3183 ,·
1214 3152 1278 3175 intra

323 3195 370 3219 pro
386 3189 463 3219 Item,
480 3189 603 3221 peccata,
618 3189 647 3213 ut
663 3188 719 3212 Vat.
734 3186 802 3212 Hinc
812 3188 950 3220 peccantes
957 3196 968 3218 ,·
982 3194 1060 3218 porro
1075 3194 1122 3218 pro
1135 3186 1278 3220 capientur

323 3223 383 3248 Vat.
401 3223 608 3256 aperirentur,
628 3223 743 3255 denique
763 3229 811 3254 pro
831 3221 935 3255 qratiae
948 3224 1067 3255 affantur
1083 3223 1176 3248 eadem
1197 3221 1279 3248 conti-

323 3265 376 3284 nue
394 3260 510 3284 ametur.

394 3293 405 3306 ⁴
425 3293 488 3325 Cap.
511 3295 536 3323 1,
557 3293 580 3318 3.
599 3307 633 3311 —
653 3294 718 3318 lnsra
745 3300 794 3324 pro
819 3291 861 3318 vel
885 3291 1056 3325 coqitationes
1079 3294 1103 3318 et
1126 3291 1278 3325 affectiones

324 3328 474 3361 singularis
493 3329 600 3354 animae
619 3329 677 3353 Vat.
703 3328 901 3360 corruptissime
919 3329 944 3353 et
962 3327 1133 3361 cogitationes
1151 3329 1177 3354 et
1194 3327 1278 3361 defen·

325 3363 428 3389 3101103.-
448 3370 495 3389 nec
515 3370 605 3389 omnes
624 3362 803 3396 singulariter
822 3362 939 3388 animae.

325 3398 414 3459 notas)
426 3398 489 3458 chtp'
507 3399 538 3429 7,
560 3399 601 3424 ⁴4.
614 3413 648 3418 —
662 3399 698 3424 De
710 3399 801 3431 regula
820 3398 952 3424 Ciceronis
966 3398 1026 3424 vide
1039 3405 1117 3430 supra
1132 3405 1193 3430 pag.
1213 3398 1259 3423 614
1272 3418 1278 3430 ‚

1014 278 1212 313 EXPOSITIO
1236 275 1467 310 THRENORUM
1491 273 1522 306 C.
1548 272 1569 304 Ι.

1326 364 1471 392 desidiosis
1492 361 1572 390 dicit:
1600 372 1614 385 «
1629 359 1736 393 Quibus
1762 358 1926 394 plerumque
1947 356 2100 392 contingit,
2128 355 2162 384 ut
2182 354 2289 391 quanto

1327 413 1451 441 securius
1477 411 1513 438 ab
1534 409 1658 438 externis
1683 407 1841 436 actionibus
1867 405 1993 438 cessant,
2015 404 2096 433 tanto
2121 403 2210 432 latius
2236 403 2290 431 im·
2447 429 2448 445 3

1326 461 1447 490 mundae
1461 461 1490 487 in
1506 467 1534 487 50
1549 457 1729 493 cogitationis
1751 445 1903 490 strepitum
1918 462 1968 490 per
1983 453 2072 482 otium
2092 451 2247 488 congerant
2260 462 2289 479 ».
2448 466 2449 479 l

1407 509 1455 537 26.
1478 508 1515 544 (V
1517 515 1571 536 ers.
1595 506 1647 542 8.).
1670 505 1766 533 Hera.
1793 504 1950 532 Peccatum
1978 502 2119 537 peccavit.
2148 501 2226 529 Haec
2246 500 2290 529 est
2312 510 2446 542 newham„

1327 558 1449 587 secunda
1470 565 1537 592 pars
1559 555 1727 591 principalis
1748 553 1833 582 huius
1861 552 1996 588 capituli,
2017 551 2065 579 ubi
2093 550 2189 579 subdit
2205 556 2291 585 prae·
2326 549 2328 551 ’
2349 540 2410 559 ¹³⁰⁰·

1327 606 1419 634 dictae
1445 605 1632 634 desolationis
1663 603 1826 637 rationem,
1857 609 1977 636 poenam
2007 599 2104 628 tamen
2134 599 2292 634 adiungens

1327 656 1436 690 culpae.
1464 654 1560 682 Primo
1588 652 1684 688 tangit
1712 651 1827 687 peccata
1854 649 2045 678 communiter
2075 646 2292 681 mititudtnis;
2310 648 2452 671 Divisionegfl

1329 703 1449 732 secundo
1469 702 1634 738 specialiter
1666 708 1762 729 eorum
1791 699 1839 735 qui
1870 697 1954 726 erant
1974 697 2007 724 in
2037 697 2118 724 statu
2133 695 2292 732 praelatio-

1328 754 1391 789 nis,
1412 753 1442 781 in
1464 751 1591 787 sequenti
1613 758 1712 783 versu,
1734 749 1788 777 ibi:
1812 747 1918 776 Sordes
1939 747 2000 775 eius
2022 746 2074 774 etc.
2090 761 2129 767 —
2150 745 2186 773 In
2201 745 2293 780 prima

1330 802 1412 838 parte
1440 802 1529 837 primo
1562 799 1657 835 tangit
1683 805 1796 834 poenae
1825 796 2017 833 gravitatem,-
2043 794 2163 823 secundo
2179 801 2293 829 poenae

1329 849 1594 885 multiplicitatem,
1616 848 1670 876 ibi:
1702 847 1867 882 Propterea
1898 844 2049 872 instabilis
2071 844 2123 871 etc.
2151 858 2192 864 —
2218 842 2292 870 Huic
2304 842 2451 866 Liuor-aneni.

1330 899 1425 928 versui
1447 897 1641 934 praemittitur
1662 895 1761 924 littera
1782 894 1879 929 Heth,
1894 893 1968 929 quod
1989 891 2197 928 interpretatur
2216 892 2293 927 vita,-

1331 948 1410 976 cuius
1445 946 1597 982 expositio,
1634 946 1657 973 si
1693 943 1845 980 praedictis
1885 941 2054 978 copuletur,
2090 940 2191 977 patet,
2227 940 2293 976 quia

1331 996 1456 1025 omnium
1477 994 1684 1031 praedictorum
1705 992 1883 1029 flagellorum
1904 999 1990 1020 causa
2010 990 2055 1018 est
2074 990 2135 1018 vita
2150 996 2293 1025 perversa.

1330 1045 1383 1073 Vel
1403 1044 1502 1077 aliter,
1525 1044 1605 1079 quasi
1626 1042 1716 1070 dicat:
1739 1041 1775 1069 ad
1796 1041 1848 1069 hoc
1869 1040 2026 1069 recitantur
2047 1039 2120 1072 ista,
2135 1038 2294 1067 111οο0101·-

1331 1093 1412 1122 tatur
1433 1093 1462 1121 et
1481 1092 1571 1121 vivat.

1412 1141 1459 1169 27.
1481 1140 1557 1169 Dicit
1577 1148 1657 1176 ergo:
1680 1140 1839 1167 Peccatwm
1854 1137 1987 1173 peccavit
2011 1136 2189 1172 Ierusalem,
2212 1136 2294 1172 quasi
2307 1141 2397 1172 peecata
2406 1141 2454 1172 inui-

1332 1190 1419 1219 dicat:
1432 1189 1547 1225 peccata
1561 1188 1754 1223 multiplicans
1769 1186 1974 1223 frequentavit3
1990 1186 2125 1214 Ieremias
2135 1183 2160 1213 ⁸:
2180 1184 2294 1218 «Quam
2325 1168 2433 1189 titudinis.

1331 1240 1397 1267 vilis
1418 1238 1493 1267 facta
1513 1246 1558 1271 05,
1580 1238 1664 1265 nimis
1684 1237 1793 1265 iterans
1813 1236 1915 1264 vias».
1936 1235 2007 1269 Vel,
2029 1233 2176 1270 peccatum
2197 1235 2296 1270 singu—

1330 1288 1430 1317 lariter
1450 1286 1623 1323 intelligitur
1644 1285 1790 1322 peccatum
1810 1284 2013 1319 idololatriae,
2036 1291 2088 1319 pro
2109 1291 2164 1319 quo
2178 1282 2295 1311 fuerunt

1331 1337 1484 1373 captivati3
1505 1336 1566 1370 vel,
1588 1335 1733 1371 peccatum
1755 1333 1953 1369 crucifiaeionis
1974 1332 2152 1368 dominicae,
2174 1340 2226 1368 pro
2240 1340 2295 1368 quo

1333 1385 1449 1414 fuerunt
1470 1385 1596 1413 finaliter
1617 1384 1757 1420 dispersi;
1779 1383 1915 1411 Ioannes:
1942 1393 1957 1407 α
1971 1382 2000 1410 Si
2020 1390 2078 1410 non
2108 1381 2248 1410 venissem
2268 1381 2297 1410 et

1331 1435 1443 1464 locutus
1458 1435 1497 1463 eis
1511 1443 1568 1463 non
1590 1433 1719 1467 fuissem,
1741 1432 1887 1468 peccatum
1900 1440 1958 1461 non
1971 1430 2147 1460 haberent».
2162 1447 2203 1451 —
2221 1430 2297 1459 Pro·
2315 1437 2457 1488 Giisvjtastri-

2325 1473 2339 1494 p
2348 1471 2388 1487 icis
2401 1470 2450 1493 1100-

1326 1485 1431 1519 pterea
1450 1483 1608 1512 instabilis.
1630 1482 1716 1515 Ecce,
1732 1490 1822 1517 poena
1836 1481 1956 1516 triplex:
1979 1481 2086 1516 prima,
2102 1479 2298 1515 captivitatis‚·
2358 1498 2407 1514 nae..

1333 1532 1471 1566 secunda,
1491 1532 1592 1568 yravis
1613 1531 1833 1566 vilipensionis:
1863 1529 1984 1565 Omnes,
2006 1529 2076 1565 01οξ
2097 1528 2184 1557 tertia
2205 1536 2298 1557 conse-

1333 1582 1448 1617 quentis
1479 1580 1654 1609 anxietatis:
1675 1580 1749 1615 Ipsa
1780 1580 1878 1607 autem
1902 1586 2027 1615 yemens.
2048 1594 2090 1599 —
2109 1577 2202 1611 Nota,
2224 1576 2298 1613 quod

1337 1630 1464 1658 facienda
1485 1629 1613 1662 Iudaeis,
1635 1628 1664 1656 et
1685 1628 1759 1664 quod
1780 1628 1846 1663 post
1876 1626 2074 1663 captivitatem
2094 1626 2297 1663 Babylonicam

1334 1687 1480 1714 nunquam
1502 1686 1553 1713 per
1572 1677 1764 1706 idololatriam
1785 1676 2055 1712 praevaricaverunt
2065 1674 2087 1704 ⁹.

1414 1726 1491 1755 Dicit
1511 1735 1578 1762 ergo
1600 1733 1651 1761 pro
1672 1726 1778 1761 primo:
1801 1725 1964 1760 Propterea
1984 1724 2134 1753 instabilis
2148 1722 2230 1758 facta
2244 1724 2296 1760 est,
2318 1724 2462 1752 eaptivitaeis„

1334 1777 1462 1813 migrans
1481 1775 1516 1803 de
1537 1775 1615 1803 terra
1637 1783 1703 1807 sua,
1724 1775 1809 1802 immo
1841 1782 1891 1809 per
1923 1773 2016 1802 totum
2043 1772 2139 1802 orbem
2160 1772 2298 1808 dispersa.

1333 1825 1386 1854 Sed
1407 1833 1458 1860 pro
1479 1824 1600 1853 secundo
1621 1823 1764 1859 sequitur:
1791 1822 1909 1858 Omnes,
1931 1822 1983 1858 qui
2002 1822 2213 1858 glorificabant
2224 1830 2298 1858 eam,
2317 1830 2448 1862 vufflens„-

1334 1874 1460 1909 tempore
1494 1872 1710 1909 prosperitatis,
1742 1873 1914 1907 spreverunt
1933 1879 2013 1907 eam,
2048 1871 2077 1899 in
2111 1870 2298 1904 adversitate,
2357 1864 2399 1880 ¹¹¹⁵·

1334 1923 1446 1958 quando
1468 1922 1524 1950 fuit
1544 1921 1658 1957 captiva
1689 1920 1719 1949 et
1749 1920 1840 1954 victa3
1862 1920 1936 1948 unde
1957 1919 2100 1955 sequitur:
2127 1919 2204 1956 Quia
2224 1919 2297 1947 vide-

1333 1972 1406 2000 rwnt
1426 1971 1619 2007 iynominiam
1649 1970 1726 2005 eius,
1748 1969 1777 1997 id
1806 1969 1851 1997 est
1881 1969 2072 1998 confusionem
2103 1968 2297 2004 captivitatis;

1334 2029 1422 2056 supra
1443 2020 1553 2048 eodem:
1581 2030 1595 2044 ‹<
1610 2018 1713 2047 Omnes
1744 2019 1826 2047 amici
1846 2019 1906 2046 eius
1928 2017 2099 2054 spreverunt
2120 2026 2222 2046 eam».
2243 2017 2298 2046 Sed
2317 2017 2445 2040 anxietatis.

1334 2077 1385 2105 pro
1400 2069 1485 2097 tertio
1501 2068 1643 2104 sequitur:
1666 2068 1740 2103 Ipsa
1755 2069 1858 2096 autem
1876 2075 2008 2103 yemens;
2027 2067 2111 2102 ipsa,
2132 2066 2298 2101 Ierusalem,

1334 2118 1364 2146 et
1384 2118 1522 2153 accipitur
1542 2117 1690 2146 continens
1711 2124 1763 2152 pro
1783 2116 1932 2150 contento;
1945 2123 2076 2152 9emens,
2092 2115 2209 2151 propter
2230 2115 2299 2144 affii-

1334 2167 1436 2196 ctionis
1457 2166 1679 2200 vehementiam;
1701 2167 1729 2194 et
1749 2173 1887 2194 conversa
1907 2166 2085 2200 retrorsum,
2100 2164 2134 2193 ut
2148 2163 2301 2200 respiceret

1335 2216 1480 2245 civitatem
1502 2215 1531 2244 et
1552 2215 1674 2249 terram,
1696 2214 1730 2243 de
1751 2223 1808 2250 qua
1828 2213 1936 2247 exibat,
1965 2213 2039 2241 sicut
2059 2213 2202 2249 peregrini
2223 2221 2299 2241 rece-

1335 2265 1434 2293 dentes
1454 2265 1487 2293 de
1503 2264 1562 2293 5010
1577 2264 1684 2297 natali,
1706 2271 1789 2299 saepe
1804 2263 1961 2291 retrorsum
1976 2261 2140 2297 respiciunt.
2162 2261 2264 2290 Glossa
2275 2260 2300 2275 ¹⁰

1336 2314 1431 2342 tamen
1452 2313 1555 2342 hocin
1585 2313 1691 2341 bonum
1721 2311 1945 2347 interpretatur,
1977 2311 2086 2339 dicens:
2120 2321 2135 2335 ‹<
2153 2309 2301 2339 Conversa

1336 2364 1499 2391 retrorsum
1519 2362 1572 2390 hoc
1592 2362 1622 2389 in
1648 2362 1709 2390 1000
1739 2361 1769 2389 in
1800 2360 1903 2389 bonam
1923 2359 2035 2395 partem
2056 2360 2177 2395 3001111ος
2198 2359 2300 2388 idcirco

1337 2411 1411 2440 enim
1432 2411 1509 2439 Deus
1530 2410 1638 2439 inducit
1659 2410 1841 2438 afflictionem
1862 2417 1948 2444 super
1969 2408 2123 2444 quemlibet
2142 2408 2300 2444 hominem,

1336 2460 1370 2488 ut
1390 2459 1573 2488 convertatur
1594 2459 1630 2487 ab
1651 2466 1745 2487 errore
1760 2458 1789 2486 et
1802 2458 1882 2486 vivat
1896 2469 1910 2483 υ
1919 2479 1925 2485 .
1946 2474 1987 2477 -
2000 2457 2053 2486 Vel
2067 2457 2181 2492 melius,
2196 2458 2226 2486 in
2240 2458 2302 2494 qui-

1337 2508 1456 2536 busdam
1478 2516 1623 2544 synagoga
1644 2515 1782 2535 conversa
1802 2508 1845 2535 est
1871 2508 2048 2542 retrorsum,
2076 2506 2110 2534 ut
2138 2506 2302 2542 sequeretur

1337 2557 1488 2586 Dominum
1510 2565 1573 2585 cum
1593 2556 1692 2590 Petro,
1713 2557 1742 2584 in
1764 2556 1932 2592 quibusdam
1946 2563 2013 2584 vero
2028 2563 2182 2592 synagoga,
2203 2555 2302 2584 fractis

1338 2606 1501 2639 cervicibus,
1524 2605 1601 2634 retro
1623 2605 1721 2633 cecidit
1742 2613 1805 2633 cum
1826 2605 1892 2633 Heli
1905 2604 1939 2633 ¹¹.

1419 2654 1467 2682 28.
1489 2653 1671 2689 Alleyorice:
1692 2653 1817 2682 Ecclesia
1832 2653 1967 2689 peccavit,
1982 2653 2043 2681 ideo
2057 2652 2208 2681 instabilis
2228 2651 2302 2688 βαίη
2320 2656 2400 2686 sensus
2416 2654 2466 2676 auo-

1339 2712 1356 2731 a
1381 2703 1518 2738 principio
1543 2702 1659 2731 orientis
1683 2703 1712 2730 in
1734 2702 1818 2730 finem
1840 2702 1990 2731 occidentis
2011 2701 2147 2729 transivit
2168 2701 2197 2729 et
2217 2701 2246 2729 in
2267 2701 2305 2730 il-'
2347 2688 2439 2710 “mmm

1338 2751 1391 2785 lis,
1413 2760 1431 2778 a
1451 2751 1553 2786 quibus
1574 2750 1702 2785 recessit,
1725 2751 1814 2779 solam
1836 2749 2034 2778 infidelitatem
2056 2749 2180 2785 reliquit.
2194 2765 2234 2770 —
2248 2749 2301 2778 Vel

1414 2937 1425 2952 ⁶
1445 2939 1538 2963 psalm.
1553 2938 1595 2970 77,
1609 2938 1649 2963 34.
1662 2939 1746 2963 Locus
1759 2937 1858 2963 Rabani
1873 2941 1911 2963 est
1924 2937 1948 2962 in
1961 2936 2072 2968 Exposit.
2084 2940 2133 2962 010.
2147 2936 2204 2962 libr.
2216 2938 2303 2963 XVlll.

1342 2974 1375 2999 ad
1394 2981 1421 2999 ν.
1441 2974 1467 2999 7.
1486 2987 1521 2992 -
1541 2974 1625 3005 Supra
1645 2981 1693 3005 pro
1707 2973 1877 3005 laberentur,
1901 2972 1964 2998 boni
1983 2973 2041 2998 Vat.
2062 2971 2202 3004 laborant,
2225 2972 2303 2999 bono-

1341 3016 1420 3041 rum,
1440 3012 1465 3034 et
1484 3009 1508 3034 in
1529 3010 1585 3035 loco
1606 3009 1704 3034 [labani
1725 3009 1803 3034 habet
1821 3008 1910 3042 mayis
1929 3015 1976 3034 cor
1991 3015 2039 3039 pro
2053 3007 2141 3040 moyis
2154 3014 2263 3040 eorum,
2278 3011 2303 3034 et

1341 3044 1452 3103 sapiant
1466 3052 1519 3105 11))10
1535 3044 1690 3105 ῧορὶὧιηίιιιν,
1710 3044 1902 3105 1οἑ113ςο011511115
1921 3044 1999 3069 codd.
2019 3046 2044 3068 et
2063 3043 2190 3074 originali.

1453 3088 1470 3104 n
1493 3087 1514 3105 r.
1562 3100 1566 3105 .
1613 3087 1716 3105 ora,c.
1774 3087 1825 3105 .n.
1863 3088 1918 3104 0..

1414 3114 1424 3128 Β
1444 3114 1506 3146 Cap.
1527 3116 1558 3146 2,
1578 3116 1625 3146 36;
1645 3116 1764 3148 sequitur
1784 3116 1852 3140 loan.
1871 3115 1917 3145 45,
1938 3115 1980 3139 22.

1414 3148 1425 3164 ⁹
1445 3150 1532 3175 Verba
1552 3150 1678 3175 obscura:
1699 3150 1783 3182 Nota,
1804 3149 1901 3184 quod...
1922 3148 2183 3183 praevaricaverunt
2208 3149 2302 3176 desunt

1343 3185 1367 3210 in
1389 3185 1462 3245 §atq
1482 3186 1501 3224 .B
1521 3193 1569 3245 gro
1590 3185 1660 3211 Nota
1685 3186 1764 3211 habet
1783 3186 1859 3217 Non,
1885 3189 1910 3211 et
1929 3187 1950 3211 Α
1970 3184 2050 3218 quasi
2072 3183 2225 3217 faciendam
2250 3192 2299 3217 pro

1344 3227 1395 3254 quo
1415 3220 1517 3281 lofassssn
1526 3221 1668 3282 gieslsiimils
1680 3224 1916 3290 illitrgiiisrrliz‘iitsufet
1929 3262 2021 3281 revera
2034 3256 2099 3280 haec
2112 3254 2192 3280 verba
2206 3254 2302 3281 haben-

1344 3291 1424 3316 turin
1439 3291 1480 3316 cit.
1501 3292 1628 3322 opusculo
1649 3292 1673 3316 in
1694 3293 1783 3317 lerem.
1804 3292 1882 3324 (inter
1901 3292 1986 3323 Opera
2005 3290 2122 3322 Hieron.)
2142 3290 2176 3315 ad
2194 3297 2220 3314 v.
2241 3291 2267 3315 8.

1416 3326 1435 3340 ¹¹
1457 3327 1473 3351 l.
1493 3327 1556 3358 Reg.
1578 3326 1605 3358 Ιι,
1627 3327 1668 3352 18.
1688 3341 1723 3346 -
1743 3328 1827 3359 Supra
1848 3334 1896 3359 pro
1916 3326 2020 3353 dicens:
2045 3325 2180 3352 Conversa
2198 3327 2300 3352 retror-

1343 3368 1405 3387 sum
1425 3361 1484 3386 Vat.
1508 3363 1531 3387 et
1550 3361 1606 3388 ideo
1632 3369 1790 3389 conversam
1809 3364 1981 3393 retrorsum,
2005 3364 2031 3387 et
2055 3361 2116 3387 dein
2142 3368 2190 3393 pro
2209 3367 2302 3394 seque-

1341 3398 1420 3426 retur
1440 3397 1490 3422 AB
1527 3399 1712 3430 sequerentur.
