2476 3921
9 693 10 710 i

9 711 10 736 l

8 738 10 762 l

9 765 10 781 i

8 845 125 917 {Difficultas
138 861 158 884 ί.

8 951 10 994 ³
62 969 150 992 Solutio.

6 1443 124 1473 inimo-:nas
137 1448 158 1471 a.

64 1822 151 1846 Salutio.

773 225 968 258 COMMENT.
993 225 1030 258 ΙΝ
1055 225 1293 259 EVANGELIUM
1318 227 1435 260 LUCAE
1459 228 1491 260 C.
1516 229 1551 261 X.

172 315 373 359 respondens
395 314 500 348 dixit:
523 314 647 357 Diliyes
664 314 844 347 Dominum
861 314 967 346 Deum
984 318 1079 346 tuum
1095 323 1136 346 ex

172 373 236 402 toto
259 368 357 401 eorde
379 371 435 400 tuo
459 371 488 400 et
511 377 551 400 ex
584 371 653 400 tota
681 367 799 400 anima
823 370 884 399 tua
914 370 943 399 et
965 376 1006 399 eae
1028 366 1135 399 omni-

172 422 234 455 bus
256 421 387 455 viribus
411 421 479 454 tuis
502 425 532 454 et
554 431 594 454 ex
618 421 711 454 omni
732 424 922 453 mentetua.
940 421 1002 453 Hoc
1020 421 1136 463 legitur

171 475 407 509 Deuteronomii
425 478 538 508 sexto:
561 474 709 516 «Diliges
726 474 896 506 Dominum
922 474 1022 506 Deum
1043 478 1134 506 tuum

171 539 212 563 ex
238 531 302 562 toto
326 528 421 561 corde
445 531 501 561 tuo
516 541 532 558 n
562 532 621 561 etc.
646 528 679 561 ln
706 528 764 560 hoc
796 527 944 560 mandato
975 527 1136 569 legislator

171 582 277 616 omnia
307 585 475 624 praecepta
507 581 638 614 reduxit
669 581 708 614 ad
738 590 860 620 unum,
893 581 924 613 in
949 590 1014 623 quo
1037 581 1136 614 verbo

170 635 328 670 clauditur
352 638 418 668 tota
440 635 543 668 forma
566 634 709 674 vivendi,
734 634 826 667 iuxta
849 634 927 667 illud
951 634 1035 676 quod
1059 634 1136 666 dici-

170 693 224 723 tur
255 689 400 722 Matthaei
432 688 584 731 vigesimo
620 688 780 721 secundo:
822 700 837 717 α
863 688 896 720 111
929 688 979 721 his
1009 687 1136 720 duobus

169 742 325 776 mandatis
347 742 497 775 universa
520 742 585 775 Lex
609 741 725 784 pendet
747 745 778 775 et
803 741 978 783 Prophetae
995 755 1026 773 n.

259 797 312 829 47.
337 795 396 829 Sed
420 795 547 828 videtur
571 795 796 834 contrarietas,
825 795 901 837 quia
924 795 976 828 hic
999 795 1134 834 dicitur,

171 849 255 893 quod
271 849 479 892 lepis-peritus
496 848 675 891 respondit;
693 848 723 881 in
741 849 886 882 Matthaei
912 849 1063 891 vigesimo
1086 857 1135 881 se-

171 902 294 936 cundo¹
306 902 434 942 dicitur,
450 902 535 944 quod
555 900 729 941 Christus,-
745 902 797 935 hie
810 906 974 944 ponuntur
986 907 1135 946 quatuor

170 955 381 995 conditiones,
397 955 439 988 ibi
457 959 533 988 crea.
550 974 594 979 ——-
611 955 670 988 Sed
686 958 789 997 patet,
806 955 891 998 quod
908 956 969 988 alia
992 955 1052 988 fuit
1076 956 1136 988 ista

170 1009 329 1052 quaestio,
355 1009 416 1042 alia
439 1009 507 1048 illa,
531 1008 613 1042 sicut
637 1009 741 1042 innuit
772 1009 966 1052 Augustinus
992 1009 1031 1042 de
1054 1009 1134 1042 Con-

170 1063 277 1096 cordia
308 1063 623 1105 Evangelistarum2,
657 1063 712 1096 ubi
744 1063 837 1102 dicit,
869 1063 953 1105 quod
988 1063 1135 1096 Christus

169 1117 272 1159 primo
295 1116 474 1159 respondit,
499 1115 674 1149 secundum
699 1116 783 1158 quod
799 1116 875 1149 dicit
891 1117 1086 1155 Matthaeus,
1103 1120 1135 1149 et

169 1169 280 1203 deinde
305 1169 505 1212 legisperitus
538 1169 680 1202 iterando
710 1169 914 1212 approbavit,
946 1170 1028 1203 sicut
1059 1169 1135 1202 dicit

169 1223 285 1263 Lucas,
302 1226 334 1256 et
349 1223 434 1265 quod
451 1226 626 1265 utrumque
642 1223 756 1262 fuerit,
774 1226 924 1256 narratur
941 1223 1034 1256 Marci
1056 1223 1134 1256 duo-

169 1276 299 1310 decimo.
324 1277 362 1309 Et
385 1276 429 1310 sic
453 1279 557 1319 patet,
582 1276 667 1319 quod
691 1277 815 1310 Marcus
846 1277 905 1310 hos
935 1277 1015 1310 duos
1046 1277 1134 1309 ducit

171 1330 210 1363 ad
234 1330 442 1364 concordiam.

259 1384 312 1416 [18.
337 1383 397 1416 Sed
419 1387 524 1417 tamen
547 1383 653 1417 adhuc
676 1384 802 1417 videtur
827 1393 991 1417 remanere
1019 1384 1134 1417 discor-

170 1436 221 1470 dia
244 1446 286 1470 ex
309 1440 399 1479 parte
423 1437 649 1471 conditionum
673 1437 851 1480 diligendi,
883 1438 959 1480 quia
981 1438 1135 1471 Deutero-

170 1489 267 1523 nomii
288 1493 379 1523 sexto
392 1489 404 1509 Β
420 1490 555 1523 dicitur:
578 1503 594 1519 α
606 1490 722 1533 Diliges
738 1490 907 1523 Dominum
925 1491 1026 1524 Deum
1043 1494 1135 1523 tuum

171 1551 214 1576 ex
237 1545 302 1576 toto
334 1543 428 1576 corde
452 1546 508 1576 tuo
531 1547 563 1576 et
587 1552 629 1576 ex
653 1547 719 1577 tota
741 1544 847 1576 anima
870 1547 926 1577 tua
949 1547 980 1577 et
1004 1552 1046 1577 ex
1071 1546 1136 1576 tota

173 1596 357 1630 fortitudine
380 1600 437 1630 tua
452 1609 484 1636 »;
503 1597 554 1630 hic
570 1600 676 1630 autem
692 1597 837 1630 additur:
857 1598 908 1630 Ex
924 1597 1017 1630 omni
1032 1601 1136 1630 mente

170 1654 249 1690 tua,
273 1653 305 1684 et
332 1650 365 1683 in
396 1651 552 1684 Matthaeo
582 1651 758 1684 omittitur:
788 1652 839 1684 Ex
868 1651 1022 1684 omnibus
1052 1651 1135 1684 viri-

172 1703 234 1736 bus
257 1704 334 1737 tuis.
597 1714 601 1717 “

258 1757 303 1791 Ad
325 1758 411 1801 quod
434 1758 690 1801 intelligendum,
715 1758 800 1801 quod
816 1758 855 1791 ad
872 1758 1049 1801 perfectum
1069 1767 1136 1791 mo-

171 1811 248 1845 dum
271 1811 417 1854 diligendi
449 1812 550 1845 Deum
575 1812 770 1854 requiritur,
795 1812 880 1855 quod
904 1812 1080 1846 referamus
1104 1813 1136 1845 in

171 1865 275 1908 ipsum
287 1870 397 1898 omnes
408 1865 623 1908 cogitationes
631 1892 641 1905 ‚
654 1874 764 1899 omnes
776 1865 963 1909 affectiones
979 1869 1011 1899 et
1026 1874 1137 1899 omnes

172 1919 388 1961 operationes.
414 1919 450 1952 Et
473 1919 550 1952 haec
575 1919 636 1952 tria
659 1923 835 1962 tanguntur
863 1919 895 1952 in
927 1920 1007 1962 Lege
1019 1919 1043 1952 ⁴.
1076 1919 1136 1952 Sed

172 1972 248 2015 quia
270 1972 484 2016 coyicaciones
507 1976 582 2006 sunt
604 1973 813 2007 intellectivae
836 1973 940 2007 cordis
963 1977 994 2006 et
1018 1982 1136 2006 memo-

242 2148 253 2164 ¹
273 2149 349 2175 Vers.
368 2149 420 2175 37:
439 2149 481 2175 Ait
500 2149 534 2175 illi
554 2149 642 2175 lesus:
668 2149 766 2182 Diliges
794 2149 935 2175 Dominum
956 2150 1039 2175 Deum
1059 2152 1134 2175 tuum

172 2201 203 2220 ex
223 2196 276 2220 toto
295 2194 376 2220 corde
394 2197 440 2220 tuo
459 2197 484 2219 et
505 2194 529 2219 in
549 2197 602 2220 tota
621 2194 710 2219 anima
729 2197 772 2220 tua
792 2197 818 2220 et
836 2194 863 2220 111
882 2197 935 2220 tota
955 2197 1043 2220 mente
1063 2197 1115 2219 tua.

242 2237 253 2253 ²
273 2238 343 2265 Libr.
363 2240 391 2265 ΙΙ.
410 2246 432 2265 c.
452 2238 496 2265 73.
516 2246 543 2264 n.
564 2238 622 2264 141.
642 2245 715 2271 seq.,
735 2238 780 2264 ubi
801 2239 827 2264 in
846 2239 898 2264 nne
916 2238 969 2264 ait:
983 2238 1058 2264 Unde
1072 2238 1133 2271 quia

171 2286 198 2310 et
215 2286 316 2310 tentans
335 2283 485 2316 praedictus
503 2286 543 2309 est
562 2282 586 2316 [a
607 2282 706 2317 Luca],
725 2286 750 2309 et
778 2284 833 2309 duo
852 2286 992 2315 praecepta
1013 2283 1071 2315 ipse
1095 2290 1136 2309 re-

171 2327 291 2360 spondit,
310 2330 336 2353 ct
354 2331 414 2360 post
432 2327 641 2353 admonitionem
671 2327 774 2353 Domini
799 2327 911 2353 dicentis
929 2326 971 2361 [v.
991 2326 1059 2361 28.]:
1080 2327 1135 2353 Hoc

172 2372 216 2406 fac
243 2373 270 2399 et
295 2371 381 2404 vives,
413 2379 466 2398 non
493 2371 581 2397 bonus
608 2371 821 2403 commendatur,
850 2378 910 2398 cum
937 2372 1032 2398 dicitur
1050 2372 1085 2397 de
1104 2378 1136 2397 eo

173 2416 210 2450 [v.
231 2415 305 2450 29.]:
335 2416 383 2443 tlte
406 2418 499 2443 autem
516 2415 609 2442 volens
627 2423 656 2442 se
674 2415 839 2451 ἐπῆκαν-ε,-
859 2416 906 2442 istc
925 2420 1028 2447 autem,
1054 2423 1135 2449 quem

172 2461 229 2494 pari
247 2461 341 2488 ordine
360 2462 503 2487 Matthaeus
522 2461 678 2494 Marcusque
697 2460 760 2495 [l·2,
789 2462 832 2487 28.
860 2460 949 2495 seqq]
974 2468 1137 2487 commemo-

172 2509 244 2538 rant,
264 2509 317 2532 tam
337 2505 404 2532 bene
423 2506 624 2532 commendatus
643 2509 696 2537 est,
716 2509 745 2532 ut
757 2506 780 2532 ei
794 2506 894 2532 diceret
907 2506 1034 2532 Dominus
1048 2505 1137 2540 [Marc.

174 2552 220 2584 ⁴2,
240 2550 311 2585 34.]:
336 2550 399 2578 Non
423 2550 502 2585 lonae
520 2558 548 2578 es
566 2558 584 2577 a
605 2557 690 2585 regno
721 2550 786 2578 Dei:
816 2551 980 2584 probabilius
1007 2552 1137 2584 creditur,

173 2597 244 2622 hunc
262 2596 342 2622 alium
361 2603 433 2628 esse,
452 2603 505 2622 non
524 2596 605 2622 illum.
624 2610 660 2616 —-
678 2596 737 2622 Vat.
756 2604 787 2623 ex
806 2598 856 2622 hac
874 2604 926 2623 una
949 2597 1051 2623 ratione
1070 2597 1137 2622 duas

172 2640 249 2666 facit:
268 2639 322 2667 Sed
335 2641 423 2674 patet,
443 2639 515 2674 quod
533 2640 589 2667 alia
607 2640 660 2675 fuit
678 2639 727 2667 illa
756 2641 890 2674 quaestio,
918 2640 976 2668 alia
1000 2640 1062 2668 ista.
1091 2640 1139 2667 Vel

169 2686 258 2719 potest
274 2684 447 2719 responderi,
475 2685 547 2712 sicut
574 2685 665 2712 innuit
682 2685 853 2719 Aziyustinus
873 2689 922 2712 ete.
942 2700 976 2705 —
995 2686 1136 2717 Notamus,

174 2730 319 2756 secundam
338 2733 441 2762 partem
461 2731 539 2756 huius
558 2730 694 2756 solutionis
712 2731 874 2763 respondere
893 2731 924 2757 iis
943 2738 1012 2764 quae
1036 2732 1137 2757 Marcus

176 2774 224 2806 ⁴2,
243 2775 287 2801 29.
306 2782 380 2808 seqq.
400 2775 532 2807 proponit.

244 2816 255 2832 ⁸
276 2819 350 2844 Vers.
369 2818 395 2844 5.
414 2833 449 2838 —
468 2818 555 2845 Verba
575 2819 695 2845 Matthaei
715 2819 777 2846 vide
795 2827 875 2852 supra
896 2820 921 2846 in
941 2822 1002 2847 notu
1020 2820 1047 2846 ’1.

244 2861 256 2876 ⁴
275 2863 352 2889 Dent.
370 2864 400 2895 6,
429 2863 454 2888 5.
484 2870 566 2895 supra
594 2864 744 2896 allegatum.
763 2878 800 2884 —
818 2865 960 2897 Explicatio
987 2865 1078 2897 Legis,
1103 2865 1138 2891 de

173 2907 271 2940 quain
291 2914 347 2940 seq.
370 2908 549 2940 propositione
577 2908 678 2940 agitur,
704 2910 812 2942 respicit
839 2910 955 2942 primum
985 2910 1136 2936 membrum

174 2951 250 2977 Deut.
270 2952 300 2983 6,
321 2953 345 2978 5.
365 2952 515 2984 allegatum,
534 2953 590 2979 scil.
608 2960 644 2980 ea:
662 2955 716 2980 toto
744 2954 825 2981 corde
844 2956 904 2987 tuo,
936 2958 1066 2988 quatenus
1090 2961 1138 2981 cor

174 2995 303 3028 significat
322 2999 423 3028 partem
443 2997 546 3022 animae
564 2998 734 3030 rationalem,
753 3006 823 3032 quae
841 2999 1025 3031 complectitur
1038 2998 1137 3026 intelle-

174 3042 247 3067 ctum
267 3040 379 3074 (coi->et
397 3040 559 3068 memoriam
578 3041 731 3076 (mentem);
750 3044 799 3069 cfr.
820 3043 929 3069 inferius
946 3044 1072 3069 sententia
1086 3044 1136 3070 Au-

175 3086 271 3117 gustini
289 3089 316 3112 et
334 3086 371 3112 ΙΙΙ.
391 3086 461 3112 Sent.
481 3086 506 3112 d.
526 3086 570 3112 27.
586 3086 655 3113 dub.
674 3087 700 3114 4.
720 3101 757 3107 —
776 3088 903 3120 Superius
929 3095 978 3120 pro
1004 3087 1047 3115 Ad
1065 3088 1138 3123 quod

175 3129 393 3164 intelligendum,
412 3131 434 3156 11
453 3129 496 3157 Ad
514 3130 587 3164 quod
604 3130 713 3164 dicitur,
733 3132 791 3158 Vat.
811 3133 866 3159 Pro
886 3132 968 3159 huius
988 3132 1078 3167 itaque
1096 3132 1137 3160 in-

177 3174 324 3208 teltiyentia
341 3174 478 3207 eruenda,
496 3175 571 3201 nota.

247 3217 259 3232 ⁶
277 3219 341 3245 Cod.
361 3220 401 3246 11:
419 3218 453 3245 Et
472 3218 537 3253 quia
555 3219 605 3253 qui
620 3220 704 3254 refert
722 3227 819 3255 opera,
845 3220 1019 3255 cogitationes
1046 3222 1072 3247 et
1098 3221 1139 3255 af-

177 3262 303 3296 sectiones
322 3263 381 3298 ayit
397 3263 546 3291 secundum
565 3270 658 3291 omnes
675 3264 746 3292 vires
764 3265 874 3292 animae
882 3275 894 3299 ,·
913 3264 971 3292 ideo
989 3268 1039 3292 etc.

246 3306 258 3322 ⁶
276 3308 341 3341 Cap.
361 3310 408 3340 ⁴2,
428 3309 476 3335 30:
495 3309 531 3336 Et
547 3315 582 3336 ea:
601 3311 656 3336 tota
675 3309 774 3337 virtute
793 3312 850 3338 tua.

246 3349 257 3366 ¹
278 3352 344 3379 Vide
362 3360 432 3386 quae
450 3354 500 3380 hac
517 3354 552 3380 de
570 3354 732 3386 expositione
750 3354 865 3380 diximus
890 3356 953 3381 t'om.
972 3354 990 3380 1.
1007 3360 1069 3386 pag.
1095 3354 1138 3387 8¹,

177 3398 238 3423 nota
257 3396 282 3423 8.
300 3399 326 3422 et
345 3399 408 3422 tom.
426 3398 463 3424 111.
483 3404 545 3430 pag.
558 3398 625 3430 613,
639 3401 699 3424 nota
712 3398 738 3424 7.
751 3399 779 3425 ln
791 3398 932 3431 operibus,
945 3405 1014 3432 quae
1027 3398 1138 3430 August.

2097 235 2160 266 0267

1200 314 1319 348 rativae
1343 316 1479 354 mentis;
1505 316 1573 349 ideo
1598 318 1649 350 hic
1673 321 1704 351 et
1728 319 1758 351 in
1776 320 1930 353 Matthaeo
1946 320 2089 353 additur:
2112 323 2162 354 Ere

1200 372 1268 400 tota
1290 373 1412 408 mente,
1438 369 1468 402 in
1493 379 1557 412 quo
1580 374 1628 403 est
1651 372 1819 413 explicatio
1844 374 1940 415 Legis.
1964 374 1999 406 Et
2015 375 2090 416 qnia
2106 376 2159 417 qui

1200 420 1297 453 refert
1320 421 1405 463 quod
1430 422 1564 455 interius
1592 427 1656 462 est,
1688 424 1806 457 scilicet
1836 430 1941 458 actum
1975 428 2161 466 memoriae,

1200 473 1422 516 intelligentiae
1446 478 1478 508 et
1501 476 1688 515 voluntatis,
1706 477 1735 509 in
1754 478 1869 517 Deum,
1895 488 1950 521 per
1967 489 2163 522 consequens

1200 526 1297 559 refert
1320 527 1464 569 opera⁶;
1490 528 1558 561 ideo
1586 529 1616 561 in
1646 529 1696 562 his
1728 530 1830 563 trihus
1862 532 2020 565 clauditur
2053 534 2162 566 relatio

1199 580 1349 612 omnium
1373 580 1511 613 virium.
1537 582 1636 614 Lucas
1659 586 1765 615 autem
1789 583 1827 615 ad
1852 585 2001 617 maiorem
2025 586 2163 627 explica-

1201 633 1317 666 tionem
1341 634 1428 667 addit
1453 635 1512 667 hoc
1536 635 1657 677 ipsum,
1683 636 1820 669 scilicet:
1858 638 1906 669 Ex
1938 638 2090 670 omnibus
2118 639 2164 671 vi-

1199 687 1321 725 ribus‚·
1345 688 1488 721 similiter
1513 689 1636 722 Marcus
1648 689 1670 721 ⁰.
1695 709 1739 713 —
1764 690 1818 722 Vel
1854 691 1912 723 hoc
1943 692 2026 733 quod
2054 696 2101 725 est
2124 702 2163 725 ex

1200 740 1355 773 omnibus
1392 741 1521 774 viribus
1559 745 1607 774 est
1641 742 1860 775 determinatio
1897 744 1992 776 trium
2029 745 2162 777 aliarum

1200 794 1434 834 conditionum,
1459 799 1495 827 ut
1519 795 1693 828 secundum
1712 796 1919 837 Augustinum
1934 797 1945 815 ⁷
1971 797 2010 830 sit
2034 806 2163 831 sensus:

1202 847 1325 890 Dilz'yes
1359 848 1540 880 Dominum
1564 849 1669 881 Deum
1695 853 1791 881 tuum
1815 859 1854 882 ecc
1880 854 1943 882 toto
1967 851 2064 884 corde
2088 857 2162 893 tuo,

1201 901 1318 933 scilicet
1342 901 1504 934 intellectu
1529 901 1595 934 sine
1619 911 1748 942 errore;
1773 913 1812 935 em
1830 907 1897 935 tota
1915 905 2051 943 anima,
2070 906 2098 938 id
2117 911 2164 939 est

1200 954 1363 987 voluntate
1387 954 1454 987 sine
1478 955 1744 995 contradictione3
1769 966 1808 988 ex
1825 957 1917 989 omni
1931 963 2052 997 mente,
2072 959 2099 991 id
2117 965 2165 992 est

1201 1008 1353 1041 memoria
1376 1008 1443 1041 sine
1467 1009 1641 1048 oblivione;
1659 1014 1688 1042 et
1704 1019 1744 1042 ex
1760 1010 1912 1042 omnibus
1930 1011 2059 1044 viribus
2076 1013 2161 1052 tuis,

1199 1061 1230 1094 id
1261 1065 1309 1094 est
1339 1065 1405 1094 tota
1436 1062 1554 1095 virtute
1586 1063 1653 1095 sine
1682 1063 1816 1096 fictione.
1842 1083 1883 1087 —
1909 1064 1963 1097 Vel
1988 1066 2160 1099 secundum

1199 1115 1394 1148 Bernardum
1409 1115 1443 1148 ⁸:
1473 1129 1488 1145 α
1510 1117 1558 1149 Eoe
1584 1121 1647 1149 tolo
1665 1118 1762 1150 corde
1779 1123 1853 1157 tuo,
1873 1118 1902 1151 id
1919 1122 1966 1151 est
1982 1120 2138 1161 sapienter
2153 1134 2160 1159 ;

1199 1178 1239 1201 ex
1263 1173 1331 1201 tota
1356 1169 1494 1208 anima,
1523 1169 1554 1202 id
1578 1173 1626 1202 est
1649 1170 1805 1210 dulciter;
1830 1181 1869 1203 em
1894 1176 1961 1204 tota
1984 1178 2105 1212 mente,
2131 1174 2165 1206 id

1199 1225 1247 1255 est
1270 1222 1437 1263 fortiter»;
1462 1227 1494 1256 et
1517 1224 1548 1256 in
1575 1224 1633 1257 hoc
1658 1225 1815 1257 clauditur
1839 1235 1878 1257 esc
1903 1226 2055 1259 omnibus
2078 1227 2160 1259 viri-

1200 1275 1269 1308 bus.
1294 1295 1339 1299 -—
1364 1276 1419 1309 Vel
1443 1277 1508 1309 sic:
1535 1278 1585 1309 Ex
1610 1282 1673 1310 coto
1697 1278 1814 1317 corde,
1841 1279 1870 1311 id
1898 1283 1945 1312 est
1978 1280 2159 1322 vigilanter,

1199 1329 1375 1362 secundum
1399 1330 1477 1362 illud
1508 1329 1708 1363 Canticorum
1734 1331 1890 1373 quinto⁹:
1913 1345 1928 1359 α
1946 1332 2007 1374 Ego
2023 1332 2159 1372 dormio,

1199 1386 1230 1415 et
1253 1391 1308 1415 cor
1334 1388 1439 1415 meum
1465 1383 1571 1425 vigilat
1587 1396 1618 1422 »ς
1643 1393 1682 1416 ex
1707 1388 1775 1416 tota
1804 1385 1940 1423 anima,
1974 1385 2003 1417 id
2036 1390 2082 1418 est
2113 1396 2160 1418 ar-

1199 1436 1327 1475 denter,
1352 1436 1526 1469 secundum
1552 1437 1628 1470 illud
1652 1437 1851 1470 Canticorum
1870 1438 1997 1480 quinto:
2020 1453 2034 1467 «ι
2052 1440 2161 1472 Anima

1199 1498 1269 1522 mea
1284 1489 1452 1532 liquefacta
1467 1493 1532 1529 est,
1550 1493 1586 1522 ut
1601 1489 1735 1523 dilectus
1752 1491 1876 1524 locutus
1892 1496 1939 1524 est
1951 1504 1982 1531 »;
2000 1502 2039 1524 ex
2056 1493 2161 1525 omni-

1200 1542 1261 1575 bus
1283 1542 1414 1575 viribus
1439 1543 1525 1582 tuis,
1549 1543 1581 1576 id
1604 1547 1652 1576 est
1675 1548 1872 1583 constanter,
1890 1545 2062 1578 secundum
2084 1546 2161 1578 illud

1199 1597 1400 1630 Canticorum
1432 1597 1564 1630 ultimo:
1594 1610 1609 1626 α
1634 1597 1734 1630 Fortis
1765 1601 1812 1630 est
1844 1601 1880 1630 ut
1910 1607 1997 1631 mors
2020 1598 2161 1638 dilectio,

1199 1651 1281 1684 dura
1304 1651 1386 1684 sicut
1410 1651 1553 1684 infernus
1581 1651 1766 1690 aemulatio;
1791 1651 1950 1693 lampades
1975 1652 2061 1691 eiuS,
2086 1653 2162 1685 lam-

1201 1704 1296 1747 pades
1319 1704 1401 1747 ignis
1423 1708 1519 1746 atque
1542 1704 1761 1744 ssanimarum;
1779 1714 1879 1747 aquae
1896 1705 2013 1738 multae
2029 1715 2091 1738 non
2108 1715 2163 1748 po-

1200 1762 1333 1791 tuerunt
1356 1758 1562 1800 exstinguere
1585 1758 1765 1797 caritatem,
1790 1767 1847 1791 nec
1872 1758 2003 1791 flumina
2026 1759 2162 1792 obruent

1200 1811 1285 1844 illan]
1303 1823 1335 1851 »;
1359 1822 1399 1844 ea:
1423 1811 1515 1844 omni
1536 1816 1640 1844 meme
1665 1815 1739 1850 tua,
1765 1811 1795 1844 id
1819 1815 1867 1844 est
1890 1812 2097 1851 incessanter,
2115 1822 2163 1846 se-

1200 1865 1340 1899 cundum
1364 1865 1442 1898 illud
1465 1865 1700 1898 Deuteronomii
1724 1869 1834 1898 octavo
1848 1865 1894 1897 ¹⁰:
1924 1878 1940 1893 α
1961 1865 2102 1898 Observa
2132 1870 2163 1899 et

1200 1927 1294 1958 cave,
1318 1927 1358 1951 ne
1383 1918 1509 1961 quando
1537 1918 1732 1952 obliviscaris
1764 1919 1886 1951 Domini
1918 1919 1972 1951 Dei
2004 1919 2051 1951 tui
2069 1931 2099 1957 »;
2132 1923 2163 1952 et

1200 1972 1315 2005 Tobiae
1339 1976 1475 2015 quarto:
1505 1985 1521 2000 (ι
1539 1971 1571 2003 111
1594 1971 1743 2005 omnibus
1770 1971 1882 2004 (liebus
1913 1972 1995 2005 vitae
2027 1976 2099 2004 tuae
2130 1972 2160 2004 in

1199 2151 1261 2175 tunc
1274 2147 1473 2179 tribuebantur,
1486 2147 1513 2173 in
1526 2147 1624 2180 quibus
1637 2148 1701 2173 haec
1714 2147 1851 2179 explicatio
1871 2147 1984 2179 tangitur
1993 2168 1999 2179 ,
2018 2147 2073 2173 scil.
2091 2147 2161 2173 Libr.

1200 2193 1233 2219 de
1251 2193 1350 2225 Spiritu
1370 2196 1396 2218 et
1413 2193 1514 2223 anima,
1534 2199 1556 2217 c.
1577 2192 1628 2223 35;
1648 2192 1681 2217 de
1701 2192 1837 2223 Diligendo
1858 2192 1924 2222 Deo,
1943 2199 1966 2217 c.
1987 2193 2012 2217 2.
2031 2195 2056 2218 ct
2076 2193 2159 2218 Serm.

1201 2238 1261 2263 ⁴08.
1280 2238 1305 2263 in
1324 2237 1477 2269 Appendice
1496 2236 1571 2269 (alias
1591 2236 1632 2261 53.
1653 2236 1686 2261 de
1707 2236 1849 2269 Tempore)
1869 2243 1895 2261 n.
1915 2236 1939 2266 4,
1959 2237 2110 2267 simpliciter
2124 2237 2161 2262 di-

1200 2283 1284 2308 citur:
1307 2292 1320 2305 u
1334 2282 1361 2308 ld
1381 2285 1420 2307 est
1438 2289 1469 2307 ex
1489 2284 1542 2307 toto
1562 2281 1692 2306 intellectu
1721 2284 1766 2306 tuo
1791 2285 1816 2306 ct
1835 2287 1866 2306 ex
1886 2284 1937 2306 tota
1958 2282 2090 2307 voluntale
2117 2286 2160 2307 tua

1200 2331 1226 2354 et
1244 2335 1274 2354 ex
1293 2330 1346 2353 tota
1366 2326 1495 2352 memoria
1514 2329 1557 2351 tua
1572 2336 1596 2357 »ς
1616 2325 1713 2356 verba,
1733 2332 1802 2358 quae
1821 2325 1963 2356 adduntur,
1978 2325 2035 2351 sine
2048 2332 2157 2358 errore,

1199 2372 1257 2399 sine
1275 2370 1499 2404 contradictione,
1524 2370 1581 2397 sine
1600 2369 1745 2402 oblivione,
1774 2370 1928 2396 exhibentur
1948 2377 1962 2395 a
1983 2371 2048 2395 Pctr.
2078 2371 2158 2397 Picta-

1200 2417 1300 2449 vicnsi,
1320 2417 1358 2443 111.
1377 2417 1446 2442 Sent.
1467 2423 1490 2447 c.
1510 2416 1558 2448 23,
1578 2419 1603 2441 et
1622 2415 1656 2440 ab
1676 2416 1805 2441 lnnoccnt.
1826 2416 1877 2447 111.,
1898 2417 1981 2440 Scrm.
2001 2415 2025 2440 5.
2045 2416 2069 2441 in
2087 2415 2162 2442 Com-

1201 2461 1276 2488 muni
1294 2462 1328 2488 de
1347 2468 1401 2487 uno
1421 2461 1532 2493 Martyre
1551 2464 1576 2486 et
1595 2461 1622 2486 111
1642 2461 1723 2485 Serrn⁴
1746 2461 1788 2485 20.
1808 2467 1856 2492 pro
1877 2461 1940 2485 testo
1954 2460 1981 2485 B.
1995 2460 2071 2485 Petri.
2085 2460 2161 2486 Card.

1201 2508 1294 2539 Ilugo,
1313 2507 1340 2532 B.
1361 2505 1474 2537 Δῶρι-1.,
1493 2506 1627 2531 Gorranus
1645 2508 1671 2530 et
1689 2505 1748 2531 cod.
1768 2505 1788 2530 A
1808 2505 1833 2529 in
1857 2505 1906 2530 hac
1928 2505 2064 2538 Augustini
2086 2505 2163 2536 expli-

1201 2551 1304 2578 catione
1322 2558 1374 2576 non
1394 2550 1516 2576 exhibent
1535 2553 1658 2582 quartum
1686 2549 1836 2575 membrum
1857 2551 1882 2575 et
1900 2556 1934 2575 ea·
1953 2548 2076 2575 omnibus
2104 2548 2163 2575 tiri-

1202 2596 1251 2623 bus
1270 2596 1338 2628 tuis,
1358 2595 1387 2622 id
1405 2597 1443 2622 est
1461 2596 1516 2622 tota
1537 2594 1634 2621 virtute
1652 2594 1709 2620 sine
1727 2593 1842 2629 fictione.
1861 2594 1956 2619 Paulus
1975 2594 2118 2624 Diaconos,
2137 2594 2161 2618 in

1201 2648 1250 2667 suo
1269 2640 1436 2671 Ilomiliario,
1455 2639 1544 2665 homil.
1565 2639 1625 2665 174.
1645 2639 1678 2664 de
1698 2639 1829 2671 Tempore
1857 2645 1904 2670 pro
1933 2638 2067 2664 Dominica
2094 2638 2162 2664 ΚΝ.

1201 2688 1262 2718 post
1280 2686 1393 2716 Pcntec„
1413 2685 1487 2710 affert
1506 2684 1640 2710 homiliam
1661 2690 1691 2709 cx
1711 2683 1803 2709 lleriro
1830 2684 1958 2708 monacho
1978 2683 2162 2712 Antissiodor.,

1203 2731 1227 2756 in
1247 2737 1298 2763 qua
1320 2730 1368 2755 tria
1387 2729 1472 2761 prima
1493 2728 1611 2754 membra
1632 2728 1726 2753 eodeni
1746 2728 1827 2753 modo
1851 2728 2010 2760 explicantur
2038 2728 2105 2752 sicut
2130 2727 2163 2752 ab

1201 2775 1366 2807 Augustino;
1385 2774 1419 2800 de
1438 2776 1533 2806 quarto
1553 2772 1674 2798 membro
1694 2772 1745 2798 ait:
1769 2782 1782 2795 α
1797 2772 1830 2798 Et
1848 2779 1883 2798 ea·
1908 2772 2033 2798 (inanibus
2061 2771 2163 2798 viribus

1202 2819 1270 2852 tuis,
1300 2821 1349 2845 hoc
1378 2822 1416 2844 est
1444 2825 1475 2844 cx
1503 2818 1575 2843 omni
1601 2817 1751 2843 soi-titudine
1765 2827 1790 2842 ν.
1815 2818 1904 2843 Glossa
1931 2816 2113 2843 interlinearis
2138 2817 2162 2842 in

1202 2864 1289 2891 Matth.
1309 2864 1359 2894 22,
1378 2863 1429 2889 37:
1452 2862 1551 2896 Diliges
1580 2861 1727 2888 Dominum
1755 2862 1842 2888 Deum
1862 2863 1939 2887 tuum
1958 2868 1993 2887 ear
2012 2863 2065 2887 toto
2085 2860 2164 2887 corde

1201 2910 1262 2940 tuo,
1284 2909 1309 2935 id
1328 2911 1368 2934 ost
1386 2908 1529 2939 intellectu,
1550 2910 1578 2933 ut
1596 2907 1697 2933 nullum
1718 2907 1743 2932 iu
1763 2907 1926 2932 consessione
1953 2906 2101 2931 Divinitatis
2126 2913 2164 2931 re-

1201 2954 1305 2986 linquas
1324 2952 1407 2978 errori
1426 2952 1528 2982 locum;
1547 2952 1573 2977 et
1590 2951 1619 2977 in
1638 2952 1695 2977 tota
1713 2951 1809 2977 anima
1827 2953 1889 2982 tua,
1913 2950 1937 2976 id
1958 2954 1996 2976 est
2015 2950 2162 2980 voluntate,

1202 3001 1231 3024 ut
1248 2997 1312 3023 nihil
1330 2997 1355 3022 ei
1374 2996 1534 3022 contrarium
1562 2996 1644 3027 velis;
1673 2996 1699 3021 et
1716 2995 1744 3021 in
1764 2997 1820 3021 tota
1839 2996 1925 3021 mente
1944 2996 2006 3025 tua,
2028 2994 2053 3019 id
2073 2997 2112 3019 est
2136 2994 2161 3019 in

1201 3041 1343 3072 memoria,
1362 3041 1397 3066 nil
1416 3040 1600 3071 reminiscens,
1621 3040 1766 3072 quominus
1783 3040 1817 3065 de
1836 3046 1867 3064 eo
1887 3039 1991 3064 sentias.

1272 3084 1284 3099 ⁶
1302 3087 1386 3112 Serm.
1406 3086 1449 3111 20.
1470 3085 1496 3110 111
1515 3084 1588 3111 Cant.
1608 3092 1633 3110 n.
1655 3085 1687 3115 ἀς
1714 3085 1797 3109 Scrm.
1823 3084 1866 3109 29.
1889 3083 1922 3108 de
1942 3083 2070 3113 Diversis,
2090 3089 2117 3107 n.
2140 3083 2162 3108 l.

1202 3134 1228 3157 et
1247 3131 1271 3157 t.
1289 3138 1346 3163 seq.
1363 3132 1390 3156 et
1409 3130 1452 3155 96.
1471 3129 1505 3155 de
1525 3129 1640 3154 Diversis
1669 3129 1743 3161 (alias
1764 3120 1814 3153 '67.
1843 3135 1874 3153 ex
1899 3127 1998 3158 Parvis)
2019 3134 2044 3151 n.
2065 3127 2088 3151 6.
2108 3125 2161 3152 Csr.

1203 3179 1266 3202 tom.
1284 3176 1322 3200 111.
1342 3181 1404 3206 pag.
1425 3174 1492 3206 613,
1513 3177 1572 3199 nota
1591 3173 1616 3198 7.
1636 3177 1661 3198 ct
1681 3180 1741 3205 pag.
1763 3173 1828 3203 619,
1848 3175 1908 3197 nota
1928 3173 1953 3196 2.

1272 3217 1283 3233 ⁹
1303 3219 1378 3245 Vers.
1406 3219 1443 3249 25
1471 3217 1585 3243 subinde
1612 3224 1637 3242 v.
1662 3217 1686 3242 6.
1715 3220 1741 3242 et
1769 3217 1799 3247 8,
1828 3216 1852 3241 6.
1877 3222 1932 3248 seq.
1952 3215 2003 3241 Ctr.
2022 3215 2160 3244 Rerum-d„

1203 3265 1286 3290 serm.
1306 3263 1349 3288 20.
1370 3263 1394 3287 in
1415 3261 1489 3288 Cant.
1508 3269 1533 3287 n.
1554 3261 1587 3287 4:
1617 3262 1686 3293 Ergo
1714 3267 1835 3286 amemus
1863 3259 2020 3294 affectuose,
2048 3259 2160 3285 circum-

1201 3309 1288 3343 specte
1306 3310 1333 3333 et
1350 3305 1446 3333 valide.

1274 3350 1296 3366 ¹⁰
1316 3350 1391 3376 Vers.
1413 3351 1454 3381 ll,
1474 3352 1534 3382 post
1553 3356 1633 3382 quem
1654 3349 1720 3375 Tob.
1741 3349 1771 3379 A,
1790 3349 1816 3374 6.

2183 698 2259 720 Aliter.

2181 1072 2257 1093 Aliter.

2180 1285 2258 1306 Aliter.
