2476 3921
10 1411 82 1439 *Quoad
97 1412 153 1433 iudi-

30 1444 74 1460 cem
88 1444 152 1466 appa-

30 1466 118 1486 rentem.

1 2617 2 2633 1
21 2611 72 2634 Mira
84 2614 149 2635 multa

0 2646 2 2658 ι
26 2639 47 2660 111
60 2640 148 2663 iudicio.

769 205 964 238 COMMENT.
990 205 1027 238 IN
1050 204 1291 239 EVANGELIUM
1315 207 1432 240 LUCAE
1457 208 1489 241 C.
1515 209 1588 241 XXI.

183 293 327 326 sublatus
359 292 472 332 fuerit,
504 293 660 326 timebunt
690 292 796 335 Angeli
828 296 859 326 et
892 293 993 326 territi
1026 302 1142 335 purga-

181 346 346 379 buntur».
372 345 458 379 Unde
482 346 565 379 sicut
595 346 667 388 quis
699 355 796 388 super
827 347 943 379 montis
973 346 1143 388 supercilio

181 398 323 431 existens
362 398 499 440 quodam
534 398 628 432 modo
667 402 808 432 terretur
843 408 886 432 ex
925 399 1143 433 combustione

181 451 272 484 villae
295 451 429 484 alicuius
460 451 511 484 vel
539 451 645 485 hiatus
670 455 788 491 terrae,
813 452 858 485 sic
881 452 1018 494 quodam
1049 452 1143 485 modo

180 503 329 536 caelestes
352 504 422 537 illae
446 504 582 538 virtutes
613 505 774 547 pavebunt
802 505 833 537 in
858 505 911 537 illa
934 505 1068 538 terribili
1093 505 1143 538 ul-

181 555 275 588 tione.
301 556 386 589 Unde
410 556 662 599 Hieronymus1:
692 570 708 586 ‹<
724 557 805 599 Quid
826 557 918 591 faciet
942 557 1066 599 virgula
1088 557 1142 591 de-

179 607 276 647 serti,
307 608 360 641 ubi
395 609 509 642 timore
544 609 726 643 concutitur
762 609 877 643 cedrus
910 610 1017 643 Libani
1050 619 1142 652 para-

177 661 285 694 disi»?
308 661 394 695 Unde
418 662 513 696 Isaiae
537 666 646 696 sexto:
676 676 691 691 α
712 663 873 696 Commota
904 663 986 696 sunt
1007 664 1141 706 superli-

178 714 311 747 minaria
335 715 500 748 cardinum
535 725 554 748 a
582 725 658 749 voce
693 716 873 756 clamantis,
899 719 931 750 et
953 716 1067 750 domus
1092 726 1141 750 re-

177 767 260 809 pleta
288 770 336 801 est
365 768 452 801 fumo
468 782 499 801 ».
532 769 619 802 Unde
647 769 936 811 Chrysostomus2:
963 782 990 807 γα
1007 770 1037 813 Si
1062 779 1140 810 rex,

176 829 385 863 processurus
400 821 440 854 ad
456 821 575 855 bellum
599 825 709 855 contra
732 823 881 865 aliquem,
905 823 1140 865 expeditionem

176 874 302 907 mandat
326 875 358 907 in
381 876 516 917 populo,
533 876 701 918 dignitates
716 885 827 910 omnes
842 880 1029 916 moventur,
1046 886 1140 911 exer-

175 927 257 960 citus
280 927 474 967 concitatur,
501 931 565 961 tota
588 928 698 962 civitas
732 929 852 968 servet;
877 933 997 972 quanto
1021 930 1139 973 magis,

174 988 248 1022 rege
272 981 396 1014 caelesti
420 984 614 1024 exsurgente
638 981 779 1015 iudicare
810 982 899 1015 vivos
923 986 954 1015 et
977 986 1138 1022 mortuos,

173 1034 331 1076 angelicae
354 1034 489 1067 virtutes
511 1038 766 1074 commoventur,
795 1035 952 1068 terribiles
984 1036 1138 1076 ministri,

174 1087 347 1120 terribilem
361 1088 529 1121 Dominum
546 1088 778 1130 praecedentes,
792 1092 864 1122 ante
877 1089 981 1131 ipsum
994 1099 1053 1131 pro
1066 1098 1139 1122 can-

173 1141 309 1174 delabris
333 1141 460 1183 fulgura
482 1141 554 1174 viva
578 1141 779 1184 praecedent,
803 1151 862 1184 pro
878 1142 964 1175 tubis
980 1142 1139 1176 horrenda

173 1194 336 1226 tonitrua?
360 1194 441 1227 Vere
465 1203 577 1236 magna
602 1204 684 1233 vox,
708 1195 758 1228 cui
783 1195 888 1228 omnia
904 1195 1055 1228 obediunt
1075 1196 1138 1228 ele-

172 1250 295 1286 menta,
319 1256 401 1289 quae
423 1249 530 1289 petras
565 1246 694 1286 scindit,
719 1247 836 1280 inferos
867 1248 988 1289 aperit,
1012 1248 1137 1281 vincula

171 1299 282 1332 mortis
305 1300 475 1342 disrumpit
492 1313 521 1332 n.

260 1353 313 1385 46.
338 1353 439 1394 (Vers.
465 1354 542 1394 27).
573 1352 688 1394 Quinto
723 1356 878 1395 quantum
915 1353 962 1385 ad
992 1353 1136 1386 iudicem

171 1409 389 1448 apparentem
411 1405 500 1438 dicit:
528 1407 567 1438 Et
582 1411 661 1438 tunc
677 1405 834 1438 videbunt
851 1406 880 1438 F
880 1405 976 1438 ilium
992 1404 1135 1438 hominis

169 1457 347 1489 venientem
370 1457 406 1490 in
428 1457 515 1490 nube
538 1467 615 1490 cum
635 1462 793 1500 potestate
821 1468 949 1501 magna
972 1462 1002 1490 et
1032 1458 1134 1491 maie-

169 1514 268 1548 stace;
292 1510 491 1553 Apocalypsis
507 1510 654 1553 primo³:
684 1524 699 1539 α
718 1511 809 1550 Ecce,
834 1511 919 1544 venit
943 1520 1016 1544 cum
1042 1511 1134 1544 nubi-

170 1564 244 1603 bus,
269 1567 300 1596 et
323 1563 441 1596 videbit
464 1572 538 1596 eum
563 1563 665 1597 omnis
688 1564 817 1604 oculus,
841 1568 872 1598 et
896 1564 951 1607 qui
976 1574 1050 1598 eum
1075 1574 1134 1607 pu-

171 1621 331 1660 pugerunt
352 1630 382 1649 ».
416 1617 452 1649 Et
483 1616 521 1650 de
550 1617 611 1650 hoc
641 1617 779 1650 adventu
811 1617 947 1651 Danielis
978 1618 1132 1660 septimo:

174 1670 398 1713 «Aspiciebam
430 1679 488 1713 ego
518 1670 550 1703 in
578 1670 697 1704 visione
729 1671 847 1710 noctis,
878 1675 909 1704 et
941 1680 1027 1710 ecce,
1060 1681 1132 1705 cum

169 1724 309 1757 nubibus
329 1723 406 1757 caeli
430 1724 520 1766 quasi
544 1724 640 1757 Filius
664 1724 800 1757 hominis
816 1724 961 1758 veniebat
984 1728 1015 1758 et
1030 1734 1133 1767 usque

169 1778 208 1811 ad
231 1779 398 1821 antiquum
421 1778 545 1811 dierum
570 1778 728 1820 pervenit,
752 1781 784 1811 et
807 1778 839 1811 in
864 1781 1034 1821 conspectu
1065 1779 1133 1812 eius

168 1830 353 1864 obtulerunt
376 1840 460 1864 eum.
487 1831 522 1863 Et
549 1830 634 1864 dedit
657 1831 685 1864 ei
706 1834 892 1874 potestatem
924 1832 1132 1871 ethonorem

168 1887 199 1917 et
222 1893 367 1927 regnum.
393 1884 530 1917 Potestas
550 1884 618 1917 eius
640 1887 778 1927 potestas
798 1888 943 1924 aeterna,
968 1894 1049 1927 quae
1070 1894 1132 1918 non

168 1937 346 1977 auferetur,
363 1940 395 1971 et
417 1946 551 1980 regnum
569 1937 656 1977 eiuS,
680 1937 766 1980 quod
782 1947 845 1971 non
861 1941 1087 1980 corrumpetur
1099 1952 1130 1971 ».

168 1990 204 2023 Et
227 1990 279 2023 hic
302 1989 456 2023 adventus
479 1989 540 2022 erit
563 1989 815 2024 terribilissimus
837 1990 931 2030 adeo,
956 1990 1042 2033 quod
1073 1991 1131 2023 im-

167 2043 292 2086 pleatur
316 2042 394 2075 illud
417 2042 512 2075 Isaiae
535 2042 717 2076 secund04:
747 2057 763 2072 «ε
780 2043 1001 2076 Incurvabitur
1032 2044 1129 2076 subli-

167 2096 260 2129 mitas
291 2095 472 2134 hominum,
497 2098 528 2128 et
560 2095 780 2129 humiliabitur
804 2096 937 2129 altitudo
968 2096 1128 2136 virorum,

168 2152 200 2183 et
222 2148 397 2182 elevabitur
420 2148 574 2180 Dominus
597 2148 684 2181 solus
707 2148 739 2181 in
755 2148 805 2181 die
829 2148 899 2187 illa,
924 2151 956 2181 et
979 2147 1060 2180 idola
1076 2156 1130 2190 pe-

167 2201 254 2235 nitus
269 2203 473 2234 conterentur
490 2212 520 2232 1».
552 2212 568 2229 «
584 2200 621 2232 Et
636 2199 831 2242 ingredietur
855 2200 1009 2233 scissuras
1025 2203 1130 2242 petra-

168 2263 241 2288 rum
265 2257 296 2287 et
319 2254 526 2287 in‘cavernas
549 2262 701 2286 saxorum
725 2262 744 2285 a
766 2252 844 2286 facie
866 2252 1042 2286 formidinis
1069 2253 1129 2286 Do-

167 2308 243 2341 mini
275 2311 306 2341 et
337 2317 355 2340 a
385 2308 484 2350 gloria
516 2306 687 2340 maiestatis
721 2306 807 2345 eius,
841 2315 913 2339 cum
949 2306 1129 2339 surrexerit

168 2364 335 2403 percutere
358 2364 520 2394 terram».
546 2360 582 2393 Et
603 2360 672 2393 ideo
691 2360 723 2393 in
747 2359 908 2393 Psalmo⁵:
930 2359 1043 2393 «Deus
1067 2368 1130 2392 ma-

168 2413 278 2447 nifeste
309 2414 430 2452 veniet,
462 2414 547 2447 Deus
581 2416 706 2452 noster,
741 2416 772 2446 et
806 2422 869 2446 non
901 2412 1013 2446 silebit.
1048 2411 1129 2455 Ignis

168 2466 199 2499 in
231 2470 401 2509 conspectu
432 2466 501 2499 eius
529 2466 731 2505 exardescet,
766 2469 797 2499 et
828 2466 860 2499 in
890 2465 1026 2499 circuitu
1061 2465 1129 2499 eius

167 2523 336 2562 tempestas
359 2519 458 2552 valida
473 2532 503 2551 n.

257 2572 310 2604 47.
336 2572 420 2605 Licet
439 2575 544 2605 autem
563 2572 663 2605 multa
686 2575 717 2604 et
732 2571 812 2604 mira
837 2571 1017 2614 contingant
1034 2571 1063 2603 in
1081 2571 1130 2604 iu-

167 2624 247 2658 dicio
282 2628 313 2658 et
348 2625 439 2667 quasi
477 2625 717 2664 inenarrabilia,
753 2625 989 2667 Hieronymus⁶
1025 2627 1128 2657 tamen

240 2829 249 2844 ¹
270 2830 303 2855 lta
323 2830 401 2855 ctiam
421 2828 498 2856 Card.
516 2829 608 2861 Hug0;
628 2829 700 2861 apud
728 2829 924 2864 Hieronymum
949 2834 1036 2856 tamen
1063 2831 1129 2855 banc

168 2874 322 2899 sententiam
350 2881 404 2899 non
431 2873 594 2904 invenimus,
619 2873 664 2899 sed
692 2874 768 2908 apud
796 2873 895 2900 Bedam
923 2875 1014 2907 (quem
1034 2874 1129 2905 allegat

168 2918 245 2943 etiam
265 2918 292 2943 S.
312 2918 418 2948 Tuom„
437 2917 493 2944 Cat.
511 2924 589 2943 aurea
608 2917 636 2942 in
652 2916 718 2943 Luc.
737 2917 779 2943 21.
799 2925 824 2943 n.
844 2918 890 2951 6.),
911 2919 952 2944 vt.
966 2918 992 2943 in
1005 2918 1067 2943 Luc.
1081 2918 1109 2943 21
1123 2936 1129 2947 ,

169 2961 218 2986 26:
240 2960 387 2987 Columnae
410 2960 479 2987 caeli
501 2960 712 2987 contremiscunt
736 2964 785 2987 etc.
810 2960 869 2995 [lob
901 2962 950 2993 26,
971 2961 1038 2996 11.].
1059 2962 1128 2994 Quid

168 3011 233 3036 ergo
253 3005 348 3030 faciunt
366 3004 484 3036 tabulae,
503 3005 610 3038 quando
629 3008 743 3031 tremunt
761 3006 917 3031 columnae?
937 3006 1006 3039 Quid
1026 3006 1128 3038 virgula

168 3049 263 3075 deserti
283 3049 391 3080 patitur,
411 3055 472 3074 cum
500 3049 596 3075 cedrus
620 3050 735 3081 paradisi
763 3050 930 3076 concutitur?
950 3064 985 3070 -
1004 3051 1128 3083 Sequitur

170 3093 226 3119 lsai.
245 3093 275 3124 6,
295 3093 320 3118 4.

240 3137 250 3152 ²
270 3138 364 3163 Homil.
385 3137 428 3162 49.
454 3137 481 3162 111
507 3138 594 3163 Matth.
623 3138 672 3170 24,
691 3139 735 3164 31.
754 3138 814 3171 (Op.
839 3138 1005 3172 imperfect).
1032 3139 1128 3165 Textus

169 3181 305 3213 originalis
325 3184 384 3213 post
398 3180 587 3214 praecedentes
607 3181 682 3213 pluru
701 3182 781 3208 addit.

242 3224 252 3239 ³
271 3225 347 3251 Vers.
365 3225 392 3251 7.
417 3224 477 3258 (pro
502 3224 598 3252 oculus
616 3224 635 3251 C
650 3225 672 3251 D
686 3225 819 3260 populus)
844 3229 869 3252 et
892 3225 989 3252 deinde
1014 3226 1077 3252 Dan.
1096 3226 1128 3257 7,

173 3269 214 3294 13.
233 3276 288 3301 seq.

241 3311 251 3325 ⁴
272 3312 346 3338 Vers.
372 3312 414 3338 17.
432 3318 489 3345 seq.
513 3315 539 3337 et
557 3312 604 3344 21,
630 3311 676 3338 ubi
701 3319 749 3344 pro
775 3312 808 3339 Ει
831 3312 997 3348 ingredietur
1022 3312 1126 3347 [homo]

171 3356 191 3381 Α
202 3355 220 3381 C
233 3356 253 3381 D
272 3356 306 3383 Et
324 3355 519 3390 inyredienlur.

2108 212 2173 246 535

1209 294 1363 336 quaedam
1387 299 1514 336 narrat,
1544 306 1626 339 quae
1656 298 1731 331 dicit
1755 308 1788 332 se
1813 300 1968 341 reperisse
2000 300 2032 333 in
2056 301 2175 333 annali-

1208 346 1269 379 bus
1301 347 1507 388 ludaeorum‚
1540 358 1622 391 quae
1653 360 1671 383 a
1701 351 1834 385 diversIs
1857 352 2067 386 diversimode
2090 354 2175 386 ordi-

1208 402 1336 432 nantur.
1361 400 1443 433 Dicit
1465 401 1567 441 enim,
1591 402 1675 444 quod
1700 403 1802 445 primo
1826 404 1876 437 die
1900 405 1999 446 eriget
2028 413 2061 437 se
2086 414 2173 438 mare
2196 413 2234 435 nie
2253 414 2329 441 primo.

1208 460 1305 494 super
1321 453 1519 486 altitudinem
1544 454 1717 495 montium,
1742 459 1778 488 ut
1795 457 1977 489 verificetur
2001 457 2078 490 illud
2095 458 2174 490 Psal-

1207 504 1250 537 mi
1264 505 1295 537 ⁷:
1326 518 1341 534 «
1357 505 1514 539 Mirabiles
1537 507 1687 540 elationes
1711 509 1808 542 maris
1824 523 1854 541 ».
1886 528 1925 532 —
1956 510 2099 543 Secundo
2123 510 2173 543 die
2192 519 2298 541 seeundo.

1208 557 1240 590 in
1257 560 1380 591 tantum
1405 558 1587 598 descendet,
1612 564 1648 592 ut
1664 560 1718 592 vix
1743 561 1842 594 videri
1860 562 1972 603 possit,
1997 562 2171 595 secundum

1207 610 1286 643 illud
1310 611 1434 644 Nahum
1465 612 1610 654 primoss:
1641 625 1657 641 α
1680 613 1831 646 Dominus
1862 614 1894 646 in
1927 617 2110 656 tempestate
2142 619 2173 648 et

1207 663 1336 697 turbine
1352 664 1421 697 viae
1437 665 1519 704 eius,
1544 669 1575 698 et
1598 665 1732 699 nebulae
1755 667 1860 708 pulvis
1883 667 1999 708 pedum
2020 667 2103 706 eius,
2126 668 2173 700 in—

1206 724 1340 759 crepans
1356 726 1445 750 mare
1464 721 1496 751 et
1519 718 1683 752 exsiccans
1699 719 1777 752 illud
1800 723 1831 752 et
1855 720 1959 752 omnia
1983 720 2114 753 ssumina
2129 720 2169 753 ad

1206 769 1368 803 desertum
1391 770 1550 804 deducens
1570 785 1600 804 n.
1627 772 1663 804 Et
1686 771 1724 805 de
1748 772 1798 805 his
1820 772 1945 805 duobus
1969 773 2000 805 in
2033 773 2171 806 Psalmo:

1212 835 1228 852 <t
1243 823 1345 863 Dixit,
1371 828 1402 857 et
1425 825 1512 858 stetit
1535 825 1667 867 spiritus
1691 825 1863 867 procellae,
1888 829 1920 859 et
1942 826 2072 859 exaltati
2097 830 2171 859 sunt

1205 876 1323 910 fluctus
1354 878 1423 911 eius
1447 891 1463 907 »
1491 881 1550 911 etc.
1581 897 1622 901 —
1650 879 1756 911 Tertio
1791 879 1841 912 die
1876 879 2017 913 marinae
2048 880 2172 913 belluae
2189 888 2269 911 remo.

1204 930 1408 964 ascendentes
1440 940 1536 973 super
1567 940 1655 965 mare
1686 931 1806 965 dabunt
1842 932 1967 974 rugitus
1999 941 2101 975 usque
2132 933 2171 966 ad

1204 984 1340 1023 caelum,
1365 985 1456 1027 quasi
1472 984 1618 1018 futurum
1642 988 1808 1018 narrantes
1831 985 2072 1025 iudicium310b
2092 986 2170 1019 duo-

1204 1037 1369 1070 decim0⁹:
1399 1051 1415 1067 <1
1432 1038 1574 1080 Loquere
1599 1041 1722 1077 terrae,
1746 1041 1778 1071 et
1808 1039 2009 1072 annuntiabit
2033 1039 2107 1078 tibi,
2139 1043 2170 1072 et

1204 1090 1382 1122 narrabunt
1405 1090 1506 1132 pisces
1530 1090 1626 1123 maris
1643 1104 1659 1120 2>
1687 1094 1746 1124 etc.
1764 1110 1807 1115 ——
1831 1092 1951 1133 Quarto
1974 1091 2024 1125 die
2048 1092 2170 1125 ardebit
2188 1101 2276 1128 Quarto.

1203 1152 1303 1184 aqua,
1339 1143 1513 1176 secundum
1551 1143 1627 1176 illud
1664 1144 1758 1177 Isaiae
1793 1144 1990 1186 sexagesimo
2032 1147 2167 1186 quarto:

1208 1196 1360 1229 «Utinam
1384 1196 1602 1238 disrumperes
1622 1197 1724 1230 caelos
1748 1201 1779 1230 et
1802 1197 2025 1237 descenderes,
2050 1207 2068 1230 a
2091 1198 2169 1231 facie

1203 1252 1258 1281 tua
1282 1252 1404 1282 montes
1435 1249 1629 1288 defluerent,
1662 1250 1744 1283 sicut
1767 1251 1894 1283 exustio
1926 1251 2006 1292 ignis
2030 1251 2168 1284 tabesce-

1202 1304 1290 1341 rent,
1315 1311 1417 1343 aquae
1448 1302 1598 1335 arderent
1628 1302 1709 1345 igni,
1734 1306 1770 1335 ut
1801 1307 1911 1336 notum
1936 1303 2026 1336 fieret
2053 1313 2166 1337 nomen

1202 1356 1292 1386 tuum
1318 1353 1453 1387 inimIcis
1476 1354 1540 1387 tuis
1556 1368 1586 1386 ».
1604 1373 1648 1378 —
1664 1355 1780 1396 Quinto
1803 1355 1853 1388 die
1878 1356 1995 1388 herbae
2019 1360 2050 1389 et
2073 1356 2166 1389 arbo-
2186 1366 2272 1392 Quinto.

1201 1415 1253 1439 res
1275 1406 1396 1439 dabunt
1430 1416 1535 1439 rorem
1559 1408 1786 1450 sanguineum;
1811 1408 2010 1450 Apocalypsis
2045 1409 2166 1443 decimo

1200 1462 1316 1501 quarto
1330 1459 1374 1491 1⁰:
1404 1472 1420 1487 «
1438 1459 1473 1492 Et
1497 1460 1635 1493 calcatus
1658 1463 1705 1493 est
1722 1461 1808 1493 lacus
1825 1464 1918 1493 extra
1933 1461 2091 1494 civitatem
2103 1488 2110 1501 ,
2135 1466 2167 1496 et

1199 1512 1299 1544 exivit
1323 1512 1451 1554 sanguis
1474 1512 1513 1546 de
1538 1512 1607 1545 lacu
1632 1522 1734 1555 usque
1758 1513 1797 1545 ad
1821 1513 1926 1546 frenos
1950 1523 2108 1556 equorum
2132 1528 2163 1547 n.

1201 1583 1242 1589 -—
1271 1566 1368 1598 Sexto
1402 1565 1452 1599 die
1488 1569 1583 1599 ruent
1617 1566 1774 1606 aedificia;
1811 1567 2010 1609 Apocalypsis
2044 1568 2165 1602 decimo
2186 1577 2258 1599 sexto.

1200 1620 1309 1650 sexto:
1340 1631 1355 1647 «
1373 1611 1409 1650 Et
1431 1618 1531 1651 fracta
1554 1622 1601 1651 est
1625 1618 1735 1652 civitas
1758 1628 1871 1661 magna
1894 1619 1926 1652 in
1950 1624 2016 1652 tres
2039 1624 2162 1662 partes,

1199 1673 1230 1703 et
1254 1671 1396 1704 civitates
1419 1671 1559 1713 gentium
1585 1672 1767 1705 ceciderunt
1788 1684 1824 1711 »;
1849 1676 1880 1706 et
1903 1673 2063 1706 Matthaei-
2084 1674 2166 1716 vige-

1199 1724 1277 1758 simo
1312 1728 1445 1767 quarto:
1475 1725 1574 1758 «Non
1607 1725 1806 1768 relinquetur
1842 1726 1921 1768 lapis
1955 1735 2052 1768 super
2088 1727 2166 1769 lapi-

1198 1777 1288 1817 dem,
1312 1778 1368 1820 qui
1391 1787 1453 1810 non
1478 1777 1663 1811 destruatur
1684 1791 1699 1807 »
1729 1782 1787 1811 etc.
1815 1797 1861 1802 —-
1887 1779 2025 1821 Septimo
2057 1784 2165 1822 petrae
2184 1789 2288 1817 Septimo.

1199 1831 1387 1864 collidentur
1422 1831 1461 1864 ad
1485 1831 1636 1870 invicem,
1661 1832 1744 1865 sicut
1773 1832 1891 1865 factum
1915 1832 1975 1865 suit
2003 1833 2034 1865 in
2065 1833 2164 1866 domi-

1198 1883 1269 1917 nica
1291 1883 1452 1926 passione;
1477 1884 1623 1916 Matthaei
1640 1883 1791 1926 vigesimo
1813 1885 1946 1926 septimo
1960 1886 2000 1917 ¹¹:
2023 1898 2038 1914 «
2056 1886 2164 1918 Petrae

1198 1937 1312 1970 scissae
1336 1940 1442 1970 sunt»
1474 1939 1533 1970 etc.
1554 1956 1599 1961 —
1614 1936 1732 1970 Octavo
1762 1937 1813 1971 die
1836 1938 1890 1971 fiet
1921 1939 2076 1980 generalis
2100 1942 2163 1971 ter·
2182 1948 2269 1970 octavo.

1197 1993 1376 2029 raemotus;
1408 1989 1607 2032 Apocalypsis
1640 1989 1762 2022 decimo
1797 1993 1910 2023 sexto:
1951 2003 1968 2020 «
1991 1991 2027 2023 Et
2061 1991 2162 2024 factus

1196 2046 1245 2076 est
1275 2046 1486 2075 terraemotus
1510 2051 1660 2084 magnus,
1692 2042 1795 2084 qualis
1826 2052 1890 2076 non
1918 2043 1992 2083 fuit,
2025 2053 2066 2076 ex
2098 2054 2162 2086 quo

1196 2094 1340 2128 homines
1374 2103 1442 2127 esse
1477 2098 1704 2136 coeperunt».
1734 2113 1778 2118 -
1810 2095 1896 2128 Nono
1931 2095 2161 2138 adaequabitur
2180 2106 2251 2128 sono.

1196 2151 1298 2186 terra;
1331 2150 1362 2180 et
1392 2151 1469 2180 tunc
1499 2147 1682 2189 implebitur
1713 2147 1792 2180 illud
1831 2148 1926 2181 Isaiae
1957 2149 2160 2192 quadragesi-

1195 2209 1247 2233 mo
1263 2200 1308 2232 ¹²:
1338 2213 1354 2228 α
1369 2199 1479 2233 Omnis
1501 2200 1591 2233 vallis
1615 2200 1825 2240 exaltabitur,
1843 2205 1874 2234 et
1889 2201 1992 2234 omnis
2015 2211 2105 2235 mons
2129 2206 2160 2236 et

1194 2253 1282 2287 collis
1305 2253 1527 2286 humiliabitur
1543 2266 1579 2293 »;
1604 2257 1635 2287 et
1658 2254 1858 2296 Apocalypsis
1882 2258 1988 2288 sexto:
2018 2268 2034 2283 «τ
2050 2255 2160 2289 Omnis

1194 2315 1286 2340 mons
1308 2309 1340 2340 et
1363 2306 1484 2339 insulae
1507 2306 1546 2339 de
1569 2307 1645 2340 locis
1669 2307 1735 2340 suis
1759 2311 1862 2341 motae
1886 2311 2007 2341 sunt».
2032 2326 2075 2332 —
2101 2308 2159 2341 De·
2180 2317 2275 2340 Decimo.

1194 2360 1276 2393 cimo
1310 2360 1445 2393 exibunt
1480 2360 1623 2393 homines
1657 2360 1695 2394 de
1719 2361 1863 2394 cavernis
1897 2361 1964 2394 suis
2003 2365 2034 2395 et
2068 2361 2159 2395 ibunt

1194 2413 1282 2446 velut
1305 2417 1446 2447 amentes
1469 2416 1501 2447 et
1524 2423 1586 2447 non
1611 2417 1761 2457 poterunt
1785 2415 1843 2448 sibi
1867 2418 1980 2448 mutuo
2003 2414 2108 2458 loqui,
2128 2418 2159 2448 et

1194 2466 1254 2499 hoc
1284 2475 1361 2508 prae
1393 2470 1523 2509 stupore
1555 2467 1680 2500 illorum
1714 2467 1925 2507 mirabilium,
1957 2476 2038 2510 quae
2074 2467 2160 2501 vide-

1194 2519 1274 2552 bunt
1302 2523 1333 2552 et
1360 2519 1606 2562 exspectabunt3
1631 2523 1662 2553 et
1686 2520 1746 2553 hoc
1773 2523 1860 2553 notat
1884 2520 1990 2559 hic²³,
2015 2529 2087 2553 cum
2112 2520 2158 2553 di-

1194 2571 1253 2603 cit:
1283 2584 1299 2600 «ι
1316 2571 1536 2604 Arescentibus
1560 2571 1742 2605 hominibus
1766 2581 1842 2614 prae
1866 2572 1979 2606 timore
1993 2586 2023 2604 n.
2042 2591 2083 2596 -
2096 2573 2158 2606 Un-
2177 2582 2302 2606 Undecimo.

1194 2623 1316 2657 decimo
1340 2624 1523 2666 aperientur
1554 2624 1718 2667 sepulcra,
1742 2628 1773 2658 et
1801 2625 1930 2658 stabunt
1960 2634 2030 2658 ossa
2061 2634 2157 2668 super

1265 2827 1276 2842 Β
1295 2829 1388 2854 Psalm.
1413 2829 1459 2859 49,
1480 2829 1505 2853 3.

1263 2871 1275 2887 ⁶
1294 2873 1345 2899 Csr.
1365 2877 1428 2898 tom.
1447 2873 1490 2898 lV.
1509 2879 1571 2904 pag.
1594 2873 1660 2903 996,
1686 2876 1746 2898 nota
1772 2874 1797 2899 2.
1816 2880 1890 2906 seqq.
1909 2887 1946 2893 -
1964 2873 2030 2900 Cod.
2049 2874 2071 2899 H
2090 2874 2156 2899 haec

1193 2918 1268 2949 signa
1288 2917 1382 2942 omittit
1404 2926 1417 2939 ιι
1431 2917 1493 2949 quia
1512 2923 1564 2942 non
1583 2919 1645 2942 sunt
1663 2917 1810 2942 authentica
1824 2927 1849 2942 n.

1265 2960 1274 2975 ⁷
1295 2961 1389 2986 Psalm.
1407 2961 1454 2991 92,
1476 2960 1501 2985 4.

1263 3004 1274 3019 ⁸
1295 3005 1368 3030 Vers.
1394 3004 1418 3029 3.
1444 3007 1469 3029 et
1495 3004 1524 3034 4,
1551 3003 1594 3030 ubi
1621 3011 1670 3036 pro
1695 3003 1827 3031 deducens
1851 3004 1932 3030 ACD
1950 3004 2098 3031 adducens.
2119 3018 2154 3023 —

1193 3048 1309 3075 Subinde
1328 3049 1454 3080 allegatur
1473 3048 1512 3073 Ps.
1535 3048 1598 3079 I06,
1617 3048 1660 3073 25.
1679 3055 1736 3081 seq.

1242 3103 1245 3105 *
1263 3091 1274 3106 ⁹
1294 3093 1369 3118 Vers.
1392 3093 1420 3124 8,
1441 3092 1467 3116 in
1492 3098 1546 3124 quo
1569 3098 1618 3123 pro
1641 3091 1797 3118 narrabunt
1815 3091 1834 3118 C
1849 3092 1870 3118 D
1882 3093 1903 3118 G
1922 3091 2099 3118 enarr-abunt.
2117 3105 2154 3112 ——

1193 3136 1316 3170 Sequitur
1335 3135 1392 3161 lsai.
1412 3135 1459 3166 64,
1482 3135 1505 3159 t.
1527 3141 1584 3168 seq.

1265 3179 1287 3194 ¹⁰
1307 3180 1383 3205 Vers.
1401 3179 1444 3204 20.
1457 3192 1493 3197 —
1506 3178 1563 3204 Duo
1582 3185 1658 3212 seqq.
1672 3179 1722 3205 loci
1735 3182 1795 3205 sunt
1813 3179 1894 3211 Apoc.
1917 3179 1963 3210 16,
1984 3179 2026 3205 19.
2047 3179 2106 3212 (pro
2121 3180 2154 3207 Et

1191 3224 1281 3258 fracta
1304 3224 1363 3249 Vnt.
1388 3229 1448 3249 cum
1469 3222 1581 3254 Vulgata
1600 3222 1635 3249 Et
1652 3222 1738 3256 sucta)
1757 3226 1783 3248 et
1801 3223 1890 3249 Matth.
1908 3222 1957 3253 24,
1977 3223 2002 3248 2.
2023 3230 2080 3256 seq.

1263 3267 1284 3282 ²¹
1306 3267 1380 3293 Vers.
1402 3267 1446 3292 51.
1464 3273 1519 3300 seq.
1538 3280 1574 3286 —
1593 3265 1709 3292 Subinde
1726 3266 1852 3298 allegatur
1872 3267 1953 3298 Apoc.
1974 3266 2020 3297 16,
2043 3267 2083 3292 18.

1264 3310 1286 3327 ¹²
1307 3313 1380 3337 vers.
1402 3311 1426 3337 4.
1445 3314 1469 3337 et
1487 3311 1583 3337 deinde
1601 3311 1681 3343 Aper.
1702 3311 1732 3342 6,
1753 3310 1793 3336 16.

1263 3355 1285 3371 ¹⁵
1305 3356 1379 3382 Vers.
1399 3356 1442 3381 26.
