2427 3872
279 253 342 284 722

565 294 627 320 CON

331 354 367 359 —
385 340 527 371 sapientiae
540 342 578 364 est
596 339 682 371 aliqua
696 344 756 369 pars
772 336 914 368 sapientiae

279 385 312 409 *vt
334 385 384 409 ⁴49
404 391 429 408 ν.
452 385 482 408 48

332 443 366 447 —
385 435 452 453 vana
479 428 568 459 triplex
587 429 626 452 est
652 426 682 451 Vl
705 425 753 449 449
778 432 805 449 v,
828 424 860 448 ⁴8
879 437 914 442 —

281 474 313 498 Ex
337 472 545 503 concupiscentia
571 470 737 501 deliciarum,
762 468 912 494 divitiarum

279 521 304 542 et
324 518 452 542 honorum
472 516 553 541 oritur
567 515 656 545 triplex
676 513 812 538 infirmitas
832 511 882 536 629
898 511 912 535 8

279 576 313 580 -
333 562 367 586 Ex
397 560 490 592 triplici
516 557 722 590 concupiscentia
747 558 836 581 manat
859 555 914 580 uni-

280 606 387 631 versalis
406 604 576 635 transgressio
601 606 626 627 et
649 600 806 633 perpetratio
825 606 914 631 pecca-

280 654 365 675 torum
386 649 428 673 Vll
450 648 499 673 454
520 648 551 672 ⁴8

334 709 367 712 —
387 695 530 722 honorum,
548 690 696 717 divitiarum
711 691 736 714 et
749 689 913 720 voluptatum

280 739 362 764 illudit
382 736 510 769 peccatori
530 736 562 760 vt
582 735 633 760 6i7
653 735 668 759 6
683 732 915 764 —Concupiscen-

280 784 330 808 tiae
350 783 491 807 vehemens
511 780 625 812 pronitas
644 777 765 810 perducit
783 776 815 802 ad
837 776 915 801 inaxi-

281 834 350 853 mam
369 825 568 851 amaritudinem
588 822 638 848 sub
657 822 745 854 specie
770 820 916 846 dulcedinis

281 872 314 896 62
337 878 362 895 v.
392 870 424 895 27
444 883 478 888 -
498 869 621 900 pertrahit
649 867 682 892 ad
710 865 800 891 nefarii
828 865 916 897 operis

280 914 499 947 perpetrationem
513 911 575 938 ibid.
588 925 622 930 —
635 911 719 936 Ardor
730 909 916 940 concupiscen-

280 960 329 985 tiae
348 958 446 984 inducit
470 957 504 982 ad
529 957 629 988 lapsum
655 955 749 986 culpae
774 954 826 978 6l3
847 953 862 979 4
882 968 916 971 —

281 1003 411 1036 Quamdiu
437 1004 528 1033 regnat
553 999 778 1031 concupiscentia,
798 1000 915 1030 oportet,

280 1048 349 1080 quod
370 1047 420 1072 sint
439 1046 494 1071 lites
513 1048 537 1070 et
556 1044 621 1070 bella
644 1044 684 1069 Vll
704 1043 755 1069 526
777 1043 809 1068 ⁴5

333 1106 365 1110 —-
388 1091 517 1122 Tempore
537 1088 631 1115 Christi
650 1088 701 1113 rari
715 1087 917 1113 inveniebantur

279 1144 292 1162 a
314 1134 522 1167 concupiscentia
543 1134 673 1158 immunes
694 1133 726 1158 V1
747 1131 780 1157 64
800 1139 826 1165 q.
846 1132 862 1157 2
882 1146 917 1149 -

280 1181 396 1206 Christus
414 1180 485 1204 solus
504 1178 587 1204 evasit
602 1185 616 1202 a
635 1177 805 1208 corruptione
823 1183 918 1202 concu-

280 1224 420 1257 piscentiae
439 1223 573 1255 originalis
586 1222 620 1247 63
640 1229 665 1246 v.
685 1222 728 1247 29.
748 1221 781 1246 64
801 1228 828 1254 q.
847 1222 863 1246 2
882 1234 917 1240 --

280 1271 300 1294 A
320 1267 528 1300 concupiscentia
548 1267 634 1292 nullus
659 1266 783 1297 eripitur,
803 1265 851 1290 nisi
871 1265 918 1298 qui

281 1313 397 1339 ambulat
416 1319 475 1338 cum
495 1311 621 1343 sapientia
641 1310 674 1336 64
694 1318 720 1334 v.
741 1310 774 1335 30
787 1323 823 1329 ·-
836 1310 918 1335 Nemo

280 1357 405 1383 liberatur
424 1364 438 1382 a
451 1355 661 1387 concupiscentia
679 1354 727 1380 nisi
740 1354 835 1380 auxilio
853 1353 919 1379 divi-

280 1409 330 1427 nae
357 1401 500 1433 sapientiae
527 1401 561 1425 62
586 1407 601 1425 3
621 1413 656 1419 -
675 1399 785 1424 carnalis
813 1402 919 1424 curatur

280 1447 332 1472 sale
352 1446 494 1477 sapientiae
509 1444 558 1469 ⁴73
579 1451 604 1469 v.
621 1444 638 1469 7
652 1458 687 1463 -
700 1444 721 1469 Α
734 1443 919 1475 concupiscen-

280 1491 330 1516 tiae
358 1490 489 1522 pronitate
510 1489 598 1514 nullus
620 1488 743 1520 eripitur,
762 1488 812 1513 nisi
840 1488 886 1521 qui
905 1494 919 1513 a

281 1535 391 1560 Domino
410 1535 514 1560 iuvatur
533 1534 566 1558 63
586 1541 613 1558 v.
630 1533 663 1558 27
683 1546 718 1551 --
738 1532 863 1558 Diabolus
876 1532 921 1557 im-

280 1587 401 1612 pugnans
420 1586 468 1610 per
491 1578 729 1610 concupiscentiam
755 1580 921 1609 expugnatur

283 1624 370 1656 gladio
390 1622 594 1649 mortificationis
613 1622 699 1648 carnis
715 1622 766 1647 612
781 1623 796 1647 2
810 1635 845 1641 --·
861 1629 921 1647 ocu-

281 1670 365 1694 lorum
385 1668 498 1694 vincitur
517 1674 564 1699 per
583 1667 766 1698 temporalium
791 1666 921 1692 dimissio-

281 1721 341 1739 nem
361 1713 413 1738 584
434 1714 448 1738 3

344 1772 378 1777 —
402 1756 634 1789 Concupiscentiae
659 1763 751 1782 servus
782 1758 869 1788 potest
888 1757 922 1781 fa-

281 1809 353 1832 cere,
372 1809 425 1834 quo
445 1803 512 1827 facto
525 1800 619 1826 habeat
638 1801 748 1832 gratiam
760 1820 766 1832 ‚
780 1807 828 1832 per
840 1807 920 1833 quam

282 1846 376 1871 habeat
389 1853 467 1877 posse
484 1845 609 1871 domandi
623 1845 863 1877 concupiscentiam
877 1844 920 1870 Vll

282 1891 332 1916 372
355 1890 386 1916 43
408 1904 441 1908 —-
460 1890 560 1916 Ardore
573 1889 802 1922 concupiscentiae
821 1896 922 1915 cessan-

282 1939 320 1966 te,
340 1936 419 1960 homo
439 1934 607 1967 spiritualiter
626 1934 769 1960 mundatur
787 1934 820 1959 Vl
840 1934 891 1959 600
906 1933 921 1959 4

334 1979 539 2005 Coxcurisctmtis
569 1993 604 1997 —
636 1981 758 2003 movetur
783 1985 830 2010 per
860 1984 922 2009 pro-

281 2024 418 2049 missiones
443 2023 485 2048 Vll
505 2023 538 2048 90
558 2022 574 2047 5
598 2037 633 2040 -
658 2025 780 2048 movetur
803 2021 921 2054 praemio

282 2068 333 2093 ⁴57
354 2068 387 2092 82

334 2111 507 2138 Coxnfflmnz
526 2125 560 2130 —
579 2114 619 2137 est
637 2113 711 2136 actus
732 2110 878 2136 severitatis
896 2110 921 2136 in

282 2156 378 2182 iudicio
398 2156 441 2181 Vll
464 2156 512 2181 ⁴58
539 2156 581 2181 86.
603 2155 653 2181 ⁴59
678 2155 711 2180 87
730 2169 766 2174 -
785 2155 836 2187 Qui
861 2162 923 2180 con-

282 2201 440 2226 demnantur
467 2207 481 2225 a
510 2200 597 2232 lapide
625 2199 728 2225 Christo
753 2202 923 2225 conteruntur

282 2245 334 2271 509
354 2244 387 2270 24

335 2289 446 2315 Cosntna
465 2303 498 2307 -
517 2289 602 2314 Homo
622 2288 763 2320 spiritualis
782 2288 816 2314 ad
843 2288 923 2313 imita-

282 2334 378 2359 tionem
399 2333 491 2359 Christi
505 2333 585 2359 debet
603 2333 705 2358 condiri
724 2333 846 2358 unctione
866 2332 924 2364 Spi-

284 2378 348 2403 ritus
366 2378 448 2403 sanct't
468 2378 501 2402 Vi
524 2378 571 2402 469
593 2377 602 2402 4

335 2422 454 2448 Conmrto
467 2436 501 2440 -
514 2421 637 2453 Operatio
651 2421 806 2447 conditi0nis
825 2424 864 2446 est
882 2428 923 2446 su-

284 2474 330 2499 pra
351 2470 470 2492 naturam
490 2473 539 2491 nec
559 2465 628 2491 cadit
641 2465 691 2491 sub
705 2468 824 2497 tempore
845 2465 876 2490 Vl
891 2465 924 2490 ⁴7

283 2518 312 2543 q.
331 2511 345 2536 3
365 2524 400 2529 —
413 2510 486 2542 opus
505 2510 607 2542 primae
629 2510 786 2536 conditionis
809 2509 926 2535 consistit

284 2555 310 2580 in
330 2555 461 2580 creatione
480 2561 571 2580 eorum
585 2561 654 2587 quae
673 2557 792 2587 spectant
810 2554 843 2580 ad
856 2561 926 2580 com-

285 2600 445 2631 plementum
460 2599 576 2624 universi
594 2601 620 2624 et
633 2599 741 2624 includit
753 2599 925 2629 creationem,

285 2644 479 2669 distinctionem
499 2646 525 2668 et
537 2646 658 2668 ornatum
679 2643 730 2668 308
750 2643 784 2668 34

340 2687 474 2713 Comes—‚sto
493 2702 528 2705 —
541 2688 594 2713 oris
610 2694 670 2712 cum
684 2687 827 2713 omissione
840 2687 928 2719 operis

286 2734 326 2757 est
345 2732 462 2757 simulata
484 2732 527 2757 Vll
549 2732 598 2756 463
619 2731 668 2756 405
686 2745 722 2750 -
741 2731 814 2756 Voce
832 2732 928 2757 confes-

287 2776 368 2801 sionis
392 2775 482 2801 iideles
507 2778 710 2807 cognoscuntur.
728 2775 761 2800 Vl
788 2776 839 2800 583
860 2775 875 2800 9
893 2789 929 2794 —

286 2833 322 2838 —
336 2819 453 2844 Verbum
468 2819 637 2845 confessionis
654 2820 699 2844 Dei
713 2821 830 2844 aufertur
846 2822 930 2844 morte

288 2864 381 2894 culpae
400 2863 451 2889 558
472 2871 498 2888 v.
521 2863 553 2888 47
573 2864 596 2895 ⁴,
611 2864 635 2888 2.
656 2863 707 2888 589
726 2863 742 2888 7
759 2876 794 2882 -
813 2863 929 2888 veritatis

289 2907 399 2939 gloriam
420 2907 474 2932 Deo
494 2907 553 2932 facit
572 2907 623 2932 378
644 2907 677 2932 30
696 2920 732 2926 -
752 2907 854 2933 Veritas
872 2914 930 2933 con-

289 2954 387 2977 stanter
406 2951 553 2977 confitenda
575 2951 625 2976 256
647 2951 679 2977 46

341 3009 377 3015 —-
395 2995 529 3021 Confessio
549 2995 664 3021 nominis
689 2995 783 3022 Christi
804 3003 929 3028 magnam

289 3040 560 3072 recompensationem
590 3039 669 3065 habet
696 3040 739 3065 Vll
769 3040 820 3066 314
847 3040 876 3066 44
895 3055 930 3058 -

288 3083 407 3109 Christus
437 3083 604 3110 confitebitur
632 3084 800 3110 confitentem
820 3092 848 3110 se
867 3083 929 3111 ibid.

290 3143 325 3146 —
344 3131 430 3154 nostra
445 3131 484 3153 est
504 3128 608 3154 modica
627 3131 651 3154 et
671 3131 853 3154 momentanea
868 3128 931 3155 ibid.

344 3186 379 3191 —
404 3180 455 3198 non
476 3176 574 3199 tantum
595 3176 634 3198 est
653 3173 758 3204 culpae,
786 3173 833 3199 sed
852 3173 930 3199 etiam

292 3216 352 3242 fidei
376 3223 455 3242 verae
480 3219 505 3242 et
524 3217 608 3242 laudis
632 3217 737 3243 divinae
757 3217 800 3242 Vll
825 3217 877 3243 264
897 3217 930 3244 36

292 3274 326 3278 ——
352 3260 469 3286 Christus
487 3261 567 3292 exigit
591 3261 652 3287 fldei
679 3261 870 3287 confessionem
898 3261 930 3286 Vl

295 3303 341 3329 404
366 3304 408 3329 37.
429 3304 479 3330 402
501 3305 533 3330 44

346 3362 381 3367 -
404 3348 532 3375 Cedentes
558 3356 573 3374 a
598 3350 650 3377 tide
672 3350 772 3376 cadunt
796 3357 811 3375 a
834 3351 932 3376 confes-

292 3392 364 3418 sione
392 3392 460 3418 fideii
490 3393 521 3419 Vl
550 3393 584 3419 95
608 3401 634 3419 v.
662 3393 678 3419 7
698 3408 733 3412 —-
751 3400 815 3419 vera
842 3396 881 3420 est
905 3394 931 3419 in

1143 243 1256 276 tNDEx
1281 243 1408 276 RERUM

951 334 1057 365 publico
1084 332 1146 359 ibid.
1175 347 1208 351 ——
1238 333 1289 358 Ore
1316 332 1432 358 confiteri
1460 332 1590 359 debemus

952 378 1033 402 Deum
1054 380 1161 409 propter
1176 376 1374 402 beneficentiam
1394 376 1590 402 misericordiae

950 422 1006 447 eius
1026 421 1076 446 209
1103 428 1130 446 v,
1153 421 1185 445 49
1206 435 1239 438 -
1266 421 1335 446 Deus
1360 417 1524 446 contitendus
1543 427 1590 452 per

951 465 1018 491 bona
1038 471 1119 497 opera
1139 465 1181 490 Vll
1206 465 1254 490 145
1274 465 1315 490 40.
1340 465 1387 490 147
1408 464 1441 490 47

1003 523 1038 529 -
1057 509 1146 535 Nullus
1165 509 1318 535 recordatus
1337 512 1376 535 est
1394 508 1488 535 Christi
1506 509 1531 534 in
1546 516 1591 534 ore

950 554 1099 579 confitendo
1130 553 1162 578 Vl
1189 552 1223 578 78
1244 553 1262 578 b
1282 567 1316 571 —-
1335 553 1469 579 Confessio
1497 553 1591 579 Christi

950 598 1067 624 facienda
1081 601 1120 623 est
1133 597 1227 628 corde,
1241 604 1302 628 ore,
1320 600 1409 629 opere,
1429 600 1456 623 ut
1469 597 1501 623 sit
1515 598 1591 629 plena

951 642 994 668 Vll
1020 643 1071 668 3⁴3
1088 642 1130 667 ’42
1152 655 1189 661 -
1210 642 1259 674 Qui
1278 642 1416 667 confitetur
1445 642 1591 673 veritatem,

950 693 1031 719 quam
1050 686 1168 712 Christus
1187 686 1288 718 docuit,
1308 685 1440 712 Christum
1454 686 1592 712 confltetur

951 731 1007 757 sive
1026 731 1052 756 in
1072 730 1136 761 fide,
1156 730 1212 756 sive
1231 730 1257 756 in
1277 730 1397 756 moribus
1416 730 1467 756 314
1489 731 1521 756 43

1004 789 1040 794 ——-
1056 776 1104 801 Per
1128 775 1319 801 confessionem
1344 774 1446 809 pemati
1470 777 1594 807 peccator

952 820 1071 852 procedit
1090 820 1123 846 de
1142 820 1264 852 sepulcro
1284 820 1317 845 Vl
1337 819 1388 845 406
1408 820 1441 846 63
1458 835 1491 839 -—
1505 821 1593 846 Sacra-

952 867 1042 890 mento
1060 864 1232 890 consessionis
1244 871 1309 890 oves
1325 865 1474 890 educuntur
1493 864 1545 890 583
1561 865 1589 890 41

952 924 987 927 -
1007 909 1033 934 111
1058 909 1221 935 confessione
1248 912 1418 941 peccatorum
1444 909 1540 935 tollitur
1562 910 1594 935 la-

953 953 1008 985 pis,
1027 956 1168 986 antequam
1193 956 1313 979 mortuus
1337 954 1477 979 suscitetur
1500 953 1547 978 591
1578 955 1593 979 2

954 1013 987 1016 -
1001 999 1027 1023 111
1041 998 1206 1023 confessione
1220 1001 1340 1023 mortuus
1355 997 1521 1030 spiritualiter
1535 1001 1595 1030 post

953 1042 1150 1068 suscitationem
1178 1042 1288 1068 solvitur
1316 1041 1350 1068 ib.
1370 1043 1385 1067 3
1405 1056 1441 1062 —
1460 1043 1507 1067 P'e'r
1535 1049 1595 1068 con-

955 1087 1093 1112 fessionem
1112 1089 1235 1118 peccator
1256 1087 1395 1112 suscitatus
1413 1086 1504 1119 incipit
1523 1087 1593 1120 loqui

954 1131 997 1157 Vll
1020 1131 1069 1156 472
1090 1131 1123 1156 32

1007 1190 1042 1194 -—
1061 1178 1135 1201 curat
1160 1182 1266 1201 omnem
1292 1174 1416 1201 morbum
1441 1178 1521 1208 atque
1544 1175 1595 1201 lan-

955 1227 1066 1252 guorem
1087 1221 1129 1245 Vll
1151 1220 1201 1245 435
1220 1220 1254 1245 29
1268 1235 1303 1238 -
1320 1220 1517 1245 sacramentalis
1536 1227 1596 1252 pur-

954 1268 999 1297 gat
1018 1266 1124 1297 peccata
1144 1265 1177 1290 Vl
1203 1264 1255 1290 604
1275 1272 1301 1289 v.
1328 1266 1343 1289 2
1363 1265 1378 1290 2
1397 1278 1433 1284 -
1451 1265 1477 1290 111
1497 1265 1597 1290 conses-

954 1309 1028 1335 sione
1046 1312 1162 1341 potestas
1186 1309 1354 1334 sacerdotalis
1379 1309 1456 1334 solvit
1480 1313 1597 1341 peccato-

955 1361 1011 1379 rem
1032 1353 1083 1379 406
1097 1354 1130 1379 63
1150 1367 1186 1372 -
1204 1353 1292 1379 Pudor
1304 1353 1474 1379 confessionis
1488 1354 1598 1380 mundat

955 1400 1122 1430 peccatorem
1141 1398 1209 1423 sicut
1225 1404 1305 1430 scopa
1319 1398 1370 1423 600
1385 1397 1400 1423 4
1413 1412 1448 1416 -
1461 1398 1501 1424 Ad
1515 1405 1598 1424 sacra-

956 1443 1096 1468 mentalem
1114 1442 1305 1468 consessionem
1322 1442 1450 1468 Dominus
1465 1449 1514 1468 nos
1527 1443 1597 1475 ligat,

956 1487 1081 1520 quamvis
1101 1487 1211 1512 mundet
1228 1494 1277 1518 per
1299 1487 1450 1513 interiorem
1470 1487 1599 1513 contritio-

958 1539 1017 1558 nem
1037 1532 1081 1557 Vll
1102 1532 1147 1557 ⁴2⁴
1173 1532 1201 1558 31
1226 1545 1261 1551 -
1280 1535 1399 1564 tempore
1422 1532 1539 1558 veritatis
1562 1539 1599 1558 re-

957 1577 1058 1602 velatae
1077 1579 1116 1602 est
1135 1577 1169 1602 de
1187 1579 1329 1608 praecepto
1348 1575 1412 1603 ibid.

1011 1635 1046 1641 -
1065 1621 1243 1647 Confessionis
1266 1628 1346 1647 verae
1369 1624 1409 1647 est
1433 1628 1486 1647 non
1514 1622 1598 1647 solum

958 1666 1075 1691 confiteri
1088 1666 1188 1698 peccati
1202 1666 1363 1698 impietatem
1377 1668 1403 1691 et
1417 1666 1549 1698 peccantis
1565 1666 1600 1691 in-

958 1710 1127 1742 dignitatem,
1152 1710 1198 1736 sed
1218 1710 1296 1736 etiam
1316 1710 1457 1742 implorare
1476 1710 1599 1742 pietatem

958 1755 1001 1781 Vll
1021 1754 1073 1780 394
1093 1755 1121 1780 31
1146 1768 1181 1774 -
1200 1754 1279 1780 debet
1302 1762 1359 1780 esse
1385 1762 1449 1780 vcra
1473 1758 1499 1780 et
1518 1755 1601 1780 humi-

958 1800 1004 1831 lis,
1024 1802 1053 1825 ut
1071 1799 1108 1825 sic
1127 1802 1332 1831 recognoscatur
1351 1800 1468 1831 gravitas
1486 1800 1600 1831 peccati,

959 1844 1100 1876 indignitas
1118 1845 1264 1876 peccantis,
1284 1848 1310 1870 et
1328 1844 1483 1876 imploretur
1504 1844 1602 1870 miseri-

959 1889 1049 1915 cordia
1068 1888 1131 1916 ibid.
1149 1903 1186 1909 —
1201 1890 1227 1914 ln
1246 1889 1408 1915 confessione
1428 1889 1508 1915 debet
1521 1890 1601 1915 homo

958 1934 1076 1960 confiteri
1094 1941 1155 1959 cum
1176 1934 1295 1966 planctu,
1315 1933 1386 1959 nude
1411 1936 1436 1959 et
1459 1936 1549 1965 aperte
1568 1934 1600 1960 Vl

959 1979 987 2004 3⁴
1012 1985 1038 2003 v.
1059 1979 1074 2003 8
1094 1992 1129 1997 -
1151 1978 1295 2010 impeditur
1322 1985 1369 2010 per
1395 1978 1495 2003 malum
1519 1978 1601 2010 pudo-

958 2030 1015 2048 rem
1035 2023 1086 2048 593
1106 2030 1132 2048 v.
1153 2022 1186 2048 44
1207 2023 1217 2047 4

1012 2066 1155 2093 (Ιοκηεεοιι
1184 2081 1217 2085 -
1245 2067 1446 2093 commendatur
1473 2069 1601 2100 quantum

960 2111 995 2137 ad
1022 2111 1223 2137 declinationem
1255 2109 1330 2143 mali,
1358 2112 1392 2137 ad
1421 2111 1600 2143 operationem

961 2155 1021 2181 boni
1041 2159 1067 2182 et
1084 2156 1117 2181 ad
1140 2156 1360 2188 exspectationem
1379 2156 1473 2188 optimi
1487 2156 1529 2181 Vll
1550 2155 1602 2181 325

961 2201 1011 2233 52,
1036 2200 1069 2226 55
1089 2214 1124 2219 —
1143 2200 1369 2226 commendabiles
1396 2200 1549 2226 exstiterunt
1576 2200 1601 2225 in

960 2245 1084 2271 fidelitate
1103 2248 1128 2270 et
1146 2245 1299 2277 prudentia,
1322 2245 1475 2271 auctoritate
1494 2248 1520 2270 et
1538 2245 1603 2277 vigi-

960 2290 1036 2315 lantia
1057 2296 1103 2315 sen
1123 2289 1258 2321 diligentia
1278 2290 1329 2315 328
1350 2290 1383 2315 62

1014 2333 1182 2360 (ΖοκΠῡΕΝτιΑ
1201 2348 1236 2352 —-
1261 2334 1367 2365 respicit
1395 2333 1549 2359 irascibilem
1570 2334 1603 2359 Vl

963 2378 1014 2404 457
1034 2378 1066 2403 40
1081 2392 1115 2396 -
1128 2385 1191 2403 vera
1210 2385 1263 2403 non
1283 2378 1398 2403 innititur
1418 2378 1533 2410 propriis
1546 2378 1604 2403 viri-

962 2421 1027 2452 bus,
1047 2422 1094 2448 sed
1118 2422 1215 2448 divinis
1240 2422 1282 2447 Vll
1309 2422 1360 2447 415
1381 2422 1414 2446 40
1433 2435 1469 2441 --
1487 2425 1526 2447 est
1548 2422 1604 2454 spei

963 2467 995 2492 Vl
1010 2466 1060 2492 402
1081 2466 1114 2492 45
1133 2473 1191 2498 arg.
1210 2467 1224 2492 2
1238 2479 1274 2485 —
1287 2466 1468 2498 complectitur
1487 2466 1566 2492 fidem
1580 2469 1606 2492 et

962 2518 1037 2543 spem
1063 2510 1126 2537 ibid.
1144 2524 1180 2530 —
1198 2510 1376 2537 Confidentiae
1394 2514 1433 2536 est
1458 2511 1606 2542 impetratio

963 2556 1081 2581 miraculi
1092 2554 1155 2581 ibid.
1167 2569 1202 2574 —
1213 2555 1326 2581 insinuat
1336 2555 1497 2581 desiderium
1510 2555 1560 2581 396
1573 2555 1582 2580 ⁴
1590 2555 1605 2581 3

1018 2615 1052 2618 -
1071 2600 1200 2625 iustorum
1227 2600 1252 2625 in
1272 2599 1368 2626 iudicio
1394 2606 1425 2625 ex
1447 2603 1548 2631 septem
1569 2607 1606 2625 ra-

964 2644 1080 2670 tionibus
1098 2644 1215 2676 exsurgit
1227 2644 1259 2670 Vl
1273 2644 1323 2669 ⁴37
1337 2651 1363 2669 v.
1384 2645 1393 2669 4
1418 2658 1453 2664 —-
1473 2644 1532 2670 lusti
1546 2646 1607 2669 sunt

965 2689 1128 2714 confidentes
1141 2692 1249 2720 propter
1269 2688 1392 2713 iustitiam
1407 2689 1458 2713 220
1479 2695 1505 2713 v.
1526 2688 1558 2713 42
1572 2702 1607 2707 -

966 2732 1132 2757 Confidentes
1159 2732 1182 2756 in
1208 2732 1292 2757 Deum
1322 2732 1450 2757 videbunt
1469 2732 1606 2757 veritatem

967 2775 991 2800 in
1012 2776 1094 2807 gloria
1116 2776 1166 2800 428
1190 2783 1217 2800 ν.
1236 2776 1251 2800 9
1278 2790 1313 2794 ——-
1339 2776 1401 2801 ndei
1426 2777 1555 2808 reperitur
1580 2776 1607 2801 in

967 2819 1058 2851 paucis
1079 2819 1119 2844 vn
1141 2819 1191 2845 452
1213 2820 1245 2844 42

1020 2878 1055 2881 -
1075 2863 1236 2895 impunitatis
1254 2864 1336 2889 oritur
1355 2871 1384 2889 ex
1405 2864 1497 2890 iudicis
1510 2864 1608 2889 miseri-

968 2907 1071 2939 cordia,
1098 2914 1128 2933 ex
1155 2908 1211 2933 eius
1231 2908 1374 2939 ignorantia
1394 2911 1420 2933 et
1438 2915 1469 2934 ex
1488 2908 1544 2933 eius
1563 2908 1607 2934 im-

968 2952 1083 2984 potentia
1098 2951 1130 2976 Vl
1155 2952 1202 2977 143
1217 2951 1234 2977 h
1248 2966 1282 2971 —
1297 2952 1416 2978 Defectus
1436 2952 1607 2978 confidentiae

968 2999 1048 3028 auget
1067 2996 1187 3022 timorem
1207 2996 1259 3021 220
1279 3003 1305 3021 v.
1326 2998 1358 3022 42

1021 3055 1057 3059 -
1075 3040 1215 3067 Confidens
1234 3041 1261 3065 in
1280 3041 1387 3072 propria
1401 3041 1497 3066 iustitia
1518 3044 1609 3072 peccat

968 3087 1076 3117 propter
1089 3084 1219 3110 desectum
1234 3085 1384 3110 humilitatis
1398 3085 1439 3110 Vll
1455 3084 1505 3110 452
1527 3084 1560 3110 44
1574 3100 1608 3103 —-

969 3129 993 3154 in
1010 3129 1117 3161 propria
1132 3128 1225 3154 iustitia
1240 3132 1279 3154 est
1292 3136 1370 3154 verae
1381 3129 1493 3156 iustitiae
1504 3129 1608 3155 inimica

968 3173 1030 3200 ibid.
1047 3187 1078 3192 -
1092 3173 1117 3198 in
1137 3173 1244 3205 propria
1260 3173 1355 3199 iustitia
1369 3176 1408 3199 est
1421 3176 1510 3199 contra
1525 3174 1607 3199 Deum

968 3217 1107 3249 superbire
1126 3216 1189 3243 ibid.
1207 3230 1243 3236 —
1261 3216 1375 3243 Confidit
1389 3217 1450 3250 quis
1467 3217 1490 3243 in
1510 3224 1539 3243 se
1558 3221 1609 3243 tan·

968 3268 1050 3294 quam
1069 3261 1166 3293 iustus,
1179 3261 1286 3294 quando
1305 3269 1334 3287 se
1353 3262 1450 3288 iustum
1463 3265 1567 3294 reputat
1579 3269 1610 3287 ex

968 3305 1023 3332 suis
1041 3305 1168 3338 operibus
1180 3304 1243 3332 ibid.
1256 3320 1290 3324 —
1304 3306 1441 3332 Coniidere
1461 3306 1485 3331 in
1505 3313 1533 3332 se
1553 3306 1610 3338 ipso

968 3353 1008 3376 est
1027 3350 1125 3376 malum
1139 3350 1172 3376 vt
1187 3349 1238 3375 485
1259 3350 1292 3375 47
1304 3363 1341 3370 -
1352 3350 1543 3377 Confidendum
1558 3358 1611 3376 non

969 3397 1008 3420 est
1026 3394 1061 3420 de
1079 3393 1188 3426 proprio
1207 3396 1274 3420 statu
1295 3394 1337 3420 Vil
1357 3393 1409 3420 553
1431 3394 1463 3420 45

1907 287 1971 314 CON

1679 332 1853 359 Conrtnuflto
1872 347 1907 351 —
1932 333 2008 365 Quod
2037 333 2206 359 confirmatur
2234 333 2268 359 ad

1628 377 1814 408 perfectionem
1835 377 1917 403 tendit
1935 377 1968 403 Vt
1985 377 2037 403 524
2057 378 2090 403 30

1680 434 1716 441 —-
1743 421 1871 447 insinuata
1900 424 1925 446 et
1950 421 2061 453 figurata
2090 422 2136 448 suit
2161 422 2187 447 in
2212 429 2270 454 par-

1628 465 1695 490 vulis
1715 471 1729 490 a
1743 464 1845 491 Christo
1860 464 2003 491 benedictis
2017 472 2064 497 per
2084 472 2210 492 manuum
2225 466 2270 492 im-

1628 509 1785 540 positionem
1805 510 1850 535 Vii
1874 509 1926 535 458
1952 509 1985 535 27
2005 523 2040 529 —-
2059 511 2085 536 ln
2104 514 2270 536 sacramento

1627 553 1834 579 confirmationis
1847 554 1924 579 datur
1936 554 2013 586 copia
2033 555 2133 586 gratiae
2145 557 2170 580 et
2190 554 2269 580 bene-

1628 597 1750 623 dictionis
1768 597 1830 624 ibid.
1852 612 1888 617 —
1910 598 2026 630 Apostoli
2045 599 2192 625 confirmati
2211 601 2271 624 sunt

1629 641 1656 667 in
1669 641 1796 667 descensu
1811 642 1923 674 Spiritus
1940 643 2023 669 sancti
2037 643 2069 668 Vl
2089 642 2141 668 514
2157 643 2191 668 50
2208 642 2272 670 Vide

1630 692 1656 712 v.
1676 684 1802 712 Liberum
1820 685 1978 712 arbitrium.

1684 730 1860 756 Couronmms
1879 745 1913 749 -
1932 731 2074 757 voluntatis
2092 738 2153 757 cum
2167 731 2221 757 Deo
2234 735 2274 758 est

1631 781 1679 807 per
1699 775 1810 806 gratiam
1836 775 1869 801 Vl
1895 776 1946 801 369
1969 775 2014 801 72.
2033 775 2084 801 377
2105 777 2146 801 22.
2167 775 2218 802 429
2238 777 2272 802 27

1632 818 1670 844 2*.
1690 819 1740 844 476
1764 819 1797 845 43
1816 833 1852 838 -
1871 820 1918 845 Per
1947 820 2156 846 conformitatem
2184 821 2275 846 volun-

1633 863 1691 889 tatis
1710 865 1790 889 homo
1810 864 1899 890 unitur
1918 871 1978 890 cum
2000 865 2053 890 Deo
2073 864 2125 890 609
2145 865 2160 890 3
2249 896 2252 899 ἢ

1684 907 1807 934 (3011111510
1835 922 1870 927 -
1897 909 1940 934 rel
1969 908 2062 934 minuit
2090 909 2201 940 gloriam
2226 909 2274 935 Dei

1633 955 1740 984 propter
1759 956 1873 978 nostram
1899 953 1941 978 vel
1966 952 2060 978 minuit
2078 956 2192 979 nostram
2220 954 2274 985 glo·

1632 997 1698 1022 riam
1718 1000 1743 1022 et
1757 997 1903 1023 manifestat
1915 997 2088 1029 ignominiam
2102 998 2135 1023 ad
2155 997 2274 1024 divinam

1632 1042 1743 1074 gloriam
1764 1041 1981 1068 manifestandam
2002 1043 2034 1067 Vl
2055 1041 2107 1068 374
2128 1042 2156 1067 41

1685 1086 1863 1112 (Ζοκσηεωτιο
1880 1101 1916 1104 -
1935 1086 2024 1112 Melior
2043 1089 2082 1112 est
2101 1086 2155 1112 vita
2174 1086 2201 1112 in
2215 1092 2275 1113 con-

1632 1130 1785 1162 gregatione
1804 1137 1884 1164 quam
1898 1131 2013 1156 solitaria
2023 1131 2056 1156 Vl
2071 1130 2104 1157 40
2117 1138 2143 1164 q.
2156 1144 2193 1150 -
2205 1130 2275 1157 bona

1632 1178 1671 1201 est
1683 1175 1717 1201 ad
1730 1175 1846 1201 studium
1860 1175 1991 1206 veritatis,
2008 1175 2041 1201 ad
2055 1175 2206 1202 exercitium
2225 1176 2276 1202 vir-

1633 1219 1695 1245 tutis
1713 1223 1739 1245 et
1757 1219 1791 1245 ad
1811 1220 1958 1252 praemium
1979 1219 2106 1246 felicitatis
2126 1220 2168 1246 vti
2187 1221 2221 1246 80
2242 1220 2275 1246 43

1686 1263 1871 1295 Consanuutnat
1890 1279 1926 1283 —
1939 1265 1988 1290 Pro
2006 1264 2210 1297 consanguineis
2223 1271 2277 1290 car-

1633 1308 1738 1334 nalibus
1756 1316 1809 1334 non
1828 1312 1867 1334 est
1888 1315 1951 1334 cura
1970 1308 2092 1335 habenda
2112 1309 2145 1335 Vl
2171 1309 2222 1335 273
2243 1309 2276 1335 47

1687 1352 1852 1379 ΟοΝεοιεΝτιΑ
1869 1367 1900 1371 -
1913 1354 1977 1379 Fere
1990 1360 2082 1379 omnes
2101 1354 2276 1379 conscientiae

1636 1397 1760 1423 distortae
1774 1399 1918 1423 formantur
1935 1405 1965 1424 ex
1980 1398 2049 1424 falsis
2071 1398 2278 1424 assumtionibus

1636 1442 1678 1467 Vll
1699 1442 1749 1467 309
1772 1442 1822 1467 400
1843 1456 1877 1460 -
1895 1443 1944 1467 Per
1960 1443 2035 1468 falsas
2048 1442 2220 1468 conscientias
2233 1444 2278 1468 ho-

1637 1486 1720 1512 mines
1733 1493 1747 1511 a
1761 1493 1843 1518 regno
1858 1487 1903 1512 Dei
1925 1486 2065 1512 eiiciantur
2084 1486 2145 1513 ibid.
2159 1500 2194 1506 —
2208 1487 2276 1513 mala

1636 1534 1675 1556 est
1694 1532 1834 1557 thesaurus
1853 1531 1951 1563 malus,
1976 1538 1990 1556 a
2015 1538 2068 1565 quo
2095 1532 2162 1557 mala
2181 1532 2277 1564 produ-

1636 1578 1732 1602 cuntur
1747 1576 1796 1601 463
1812 1576 1863 1601 404
1875 1590 1909 1594 -
1919 1575 1989 1601 bona
2002 1579 2042 1602 est
2054 1576 2150 1602 domus
2164 1575 2215 1601 464
2228 1575 2279 1601 407

1690 1634 1726 1639 -
1745 1621 1855 1646 multum
1875 1621 1967 1653 affligit
1980 1624 2145 1653 peccatorem
2159 1621 2186 1646 in
2205 1627 2279 1652 prae-

1637 1664 1703 1690 senti
1728 1665 1760 1690 Vl
1788 1665 1838 1690 439
1864 1672 1890 1690 V.
1916 1665 1989 1690 77-
2011 1665 2098 1697 arguit
2114 1668 2279 1697 peccatorem

1637 1710 1689 1735 606
1717 1710 1723 1734 1
1742 1712 1892 1735 —accusat
1904 1712 2058 1741 peccantem
2079 1709 2131 1735 573
2151 1711 2166 1735 2
2181 1723 2215 1728 --
2229 1709 2278 1735 Via

1638 1754 1803 1786 peccantium
1823 1754 1936 1780 difficilis
1955 1758 1994 1780 est
2012 1754 2037 1780 in
2058 1761 2200 1786 progressu
2219 1761 2281 1786 pro-

1639 1802 1696 1830 pter
1720 1805 1868 1824 remorsum
1893 1799 2067 1824 conscientiae
2087 1798 2138 1824 440
2163 1806 2191 1824 ν.
2209 1798 2226 1824 7
2244 1813 2280 1817 —

1638 1843 1768 1875 peccatrix
1787 1846 1826 1868 est
1845 1850 1917 1869 mare
1938 1843 2045 1869 interius
2064 1846 2171 1875 propter
2190 1843 2280 1869 suiin-

1638 1887 1818 1921 quietudinem
1839 1887 1890 1913 566
1910 1889 1925 1913 2
1939 1901 1975 1907 —-
1988 1887 2167 1913 Conscientiae
2183 1894 2281 1913 remor-

1639 1939 1684 1958 sus
1702 1935 1741 1958 est
1759 1939 1844 1964 poena
1859 1932 2000 1964 spiritualis
2019 1932 2127 1958 interior
2141 1933 2191 1957 482
2206 1939 2231 1957 v.
2246 1932 2275 1957 21

1638 1991 1674 1995 -
1692 1977 1836 2002 Remorsus
1854 1976 2029 2002 conscientiae
2042 1980 2081 2002 est
2100 1977 2198 2009 poena,
2212 1983 2281 2010 quae

1638 2021 1747 2046 infertur
1766 2020 1791 2046 in
1811 2021 1941 2052 praesenti
1960 2028 2009 2053 pro
2026 2021 2102 2053 culpa
2122 2020 2174 2046 547
2194 2020 2209 2046 4

1692 2080 1728 2083 -
1747 2064 1831 2091 tidelis
1855 2068 1895 2091 est
1913 2066 2017 2098 hortus,
2043 2066 2068 2091 in
2087 2072 2141 2098 quo
2164 2064 2282 2091 Christus

1638 2109 1771 2135 invenitur
1791 2110 1822 2135 Vl
1843 2110 1894 2135 612
1914 2116 1928 2135 3
1954 2124 1989 2128 —
2008 2109 2095 2143 quieta
2121 2112 2160 2135 est
2187 2109 2283 2135 domus

1639 2154 1906 2186 contemplativorum
1921 2155 1954 2180 22
1974 2161 1999 2180 v.
2020 2155 2035 2179 8
2054 2169 2090 2172 -
2109 2154 2210 2180 Puritas
2223 2161 2282 2180 con-

1640 2199 1763 2224 scientiae
1788 2199 1934 2224 neeessaria
1965 2201 2005 2224 est
2029 2199 2093 2224 viris
2123 2199 2283 2230 contempla-

1641 2243 1701 2268 tivis
1726 2243 1760 2268 74
1780 2250 1806 2268 v.
1831 2243 1860 2268 10
1879 2257 1914 2262 -
1933 2243 2006 2268 omni
2036 2242 2283 2275 temporemunda

1640 2294 1698 2313 esse
1726 2287 1805 2313 debet
1831 2287 1866 2312 75
1895 2295 1921 2313 v.
1952 2288 1985 2312 40
2003 2302 2039 2306 -
2057 2287 2097 2313 Ad
2127 2287 2284 2313 munditiam

1641 2331 1816 2357 conscientiae
1835 2332 1954 2365 sequitur
1980 2332 2080 2358 interna
2104 2331 2199 2357 laetitia
2218 2330 2281 2358 ibid.

1643 2390 1677 2394 —
1696 2382 1756 2401 cum
1776 2378 1816 2401 est
1834 2379 1918 2407 recta,
1938 2383 1989 2402 non
2009 2376 2089 2402 dictat
2108 2376 2209 2402 homini
2233 2375 2283 2402 nisi

1643 2420 1740 2445 iustum
1761 2421 1794 2445 68
1814 2427 1840 2453 q.
1861 2421 1870 2445 ⁴

1696 2478 1732 2484 —
1751 2464 1819 2490 bona
1839 2468 1865 2490 et
1884 2465 1927 2497 pia
1946 2468 2057 2490 vocatur
2075 2468 2166 2491 venter
2185 2465 2218 2490 vt
2232 2465 2284 2491 350

1644 2509 1677 2534 56
1692 2509 1707 2534 3
1721 2523 1756 2527 -—
1770 2512 1809 2534 est
1821 2510 1921 2541 vultus,
1935 2516 1989 2542 quo
2008 2509 2110 2535 animae
2123 2516 2286 2541 cognoscun-

1645 2556 1686 2578 tur
1705 2553 1756 2578 583
1777 2554 1793 2578 9
1811 2567 1846 2572 -
1865 2556 1904 2579 est
1923 2553 2022 2585 piscina
2041 2560 2139 2586 aquae.
2158 2554 2185 2579 in
2210 2553 2285 2579 cuius

1644 2597 1823 2623 commotione
1848 2604 1895 2629 per
1923 2598 2154 2629 compunctionem
2179 2600 2286 2623 sanatur

1644 2641 1765 2667 infirmus
1783 2642 1834 2667 560
1856 2642 1865 2666 4
1891 2656 1924 2660 -
1945 2645 1983 2667 est
2002 2649 2089 2672 mare,
2108 2641 2182 2675 quod
2200 2641 2287 2667 Domi·

1645 2693 1694 2711 nus
1712 2686 1808 2711 dividit
1826 2685 1852 2710 in
1871 2686 1998 2712 scissione
2021 2686 2108 2712 cordis
2126 2692 2173 2718 per
2191 2685 2286 2712 contri-

1646 2730 1741 2755 tionem
1762 2730 1812 2755 566
1834 2731 1849 2755 3

1698 2789 1733 2792 -
1752 2774 1932 2800 Conscientiae
1951 2777 2010 2800 sunt
2029 2775 2096 2800 sicut
2110 2774 2233 2800 tenebrae
2253 2774 2287 2799 Vl

1646 2818 1692 2843 221
1726 2825 1752 2843 v.
1773 2819 1805 2844 20
1831 2833 1866 2836 —
1891 2819 2053 2850 significatur
2080 2826 2128 2851 per
2155 2821 2287 2845 secretum

1645 2861 1758 2888 cubiculi
1780 2863 1812 2887 86
1827 2870 1854 2888 v.
1874 2863 1906 2887 20
1926 2877 1961 2881 —
1981 2863 2028 2888 Per
2047 2863 2233 2889 conscientiam
2247 2870 2287 2888 re-

1644 2906 1734 2932 dimus
1752 2907 1786 2932 de
1804 2914 1866 2933 cura
1880 2907 2001 2932 exteriori
2018 2907 2052 2932 ad
2071 2907 2222 2933 interiorem
2237 2906 2287 2932 ⁴64

1646 2959 1673 2976 v.
1693 2951 1726 2976 ⁴6
1746 2965 1781 2969 ——
1800 2954 1839 2977 est
1858 2951 2007 2977 testificator
2027 2952 2078 2977 219
2099 2959 2126 2977 v.
2146 2952 2178 2976 40

1698 3008 1734 3014 -
1753 2995 1921 3027 perturbatur
1940 2999 2048 3027 peccato
2068 2996 2109 3022 vel
2129 2995 2229 3028 peccati
2248 3002 2288 3021 re-

1647 3046 1736 3065 morsu
1758 3040 1790 3064 Vt
1805 3040 1856 3064 219
1876 3047 1902 3065 ν.
1922 3040 1955 3065 40
1968 3053 2003 3059 -
2016 3040 2167 3066 naturaliter
2186 3047 2287 3066 remur-

1648 3087 1734 3109 murat
1754 3084 1795 3109 Vll
1809 3083 1861 3109 334
1881 3084 1915 3109 84
1934 3097 1970 3103 -
1989 3087 2110 3117 testatur,
2127 3084 2201 3117 quod
2220 3084 2287 3109 mala

1647 3131 1735 3153 nostra
1755 3135 1808 3153 non
1821 3128 1997 3154 remanebunt
2013 3129 2092 3154 inulta
2112 3128 2175 3155 ibid.
2187 3142 2222 3147 —
2235 3135 2288 3154 non

1647 3175 1766 3203 accusat,
1794 3173 1903 3198 dimissa
1933 3174 2009 3205 culpa
2038 3173 2071 3199 Vl
2091 3173 2142 3198 573
2162 3173 2176 3198 3
2203 3186 2237 3191 -
2257 3179 2288 3198 ex

1649 3216 1705 3248 ipsa
1725 3217 1895 3243 sollicitamur
1913 3217 1948 3243 ad
1966 3217 2084 3243 divinam
2105 3217 2216 3249 gratiam
2230 3223 2287 3249 pro-

1649 3261 1802 3287 merendam
1823 3261 1865 3287 Vll
1886 3261 1938 3288 335
1958 3261 1992 3287 84

1702 3305 1872 3331 Cousscnmo
1891 3320 1926 3324 -
1950 3304 2012 3332 Vide
2030 3312 2054 3332 v.
2075 3304 2258 3332 Eucltarzstia.

1702 3350 1845 3376 consensus
1863 3365 1898 3368 —
1920 3349 2044 3376 Liberum
2073 3349 2211 3376 arbitrium
2236 3355 2289 3375 non

1650 3395 1792 3425 consentit,
1811 3394 1859 3420 nisi
1879 3394 2004 3420 excitetur
2023 3401 2037 3419 a
2057 3394 2112 3420 Deo
2131 3394 2165 3420 vt
2180 3394 2226 3420 291
2247 3393 2256 3418 4
2263 3392 2290 3427 4.
