2427 3872
281 273 345 304 '716

522 313 586 340 ΕΗΒ
608 312 662 346 (26)

276 360 331 391 dle,
350 366 403 392 quo
423 358 508 390 primo
537 359 602 383 facta
630 358 669 381 est
687 356 742 386 iux,
762 355 911 386 resurgeret

275 403 392 430 Christus
411 403 444 428 de
463 400 577 428 tenebris
602 400 693 426 mortis
720 402 746 424 et
764 398 858 424 inferni
877 397 911 423 ad

276 449 361 474 lucem
380 447 449 472 vitae
463 445 515 472 587
535 447 550 471 2

329 506 364 511 -
382 491 493 517 surrexit
510 497 525 515 a
544 489 653 515 mortuis
672 488 713 513 Vll
728 487 778 513 589
799 487 814 511 9
827 500 862 506 —
874 492 911 511 re-

276 536 387 563 surrexit
400 539 518 565 01110105
532 534 600 559 Deus
614 533 664 559 469
684 532 717 557 56
728 546 763 550 —-
773 530 912 557 resurrexit

277 581 351 607 tertia
365 580 407 606 die
419 580 453 605 Vl
467 579 516 604 123
531 585 556 603 v.
572 577 614 603 17.
625 577 667 603 th
679 576 729 602 469
740 576 773 601 56
784 589 819 593 —
829 581 913 600 resur-

277 625 356 651 rectio
370 624 416 650 fuit
428 623 556 653 diluculo,
574 622 615 647 vel
635 621 719 646 media
734 622 809 645 nocte
821 625 912 644 secun·

277 670 341 696 dum
355 668 501 699 veritatem,
520 666 567 692 sed
586 665 698 691 diluculo
708 663 819 690 innotuit
831 662 882 687 588
897 662 912 686 3

278 729 313 733 -
325 712 464 739 resurrexit
476 719 527 738 non
539 710 645 737 omnino
659 710 684 734 in
697 709 740 734 die
749 714 797 734 nec
807 706 913 733 omnino

279 758 366 784 media
386 760 476 789 nocte,
488 756 534 781 sed
554 755 608 781 sole
626 753 751 779 redeunte
769 750 830 777 ibid.

314 817 349 821 ——
368 803 456 827 clauso
474 800 553 826 exivit
575 798 709 830 sepulcro,
734 796 802 821 sicut
825 795 913 819 clauso

279 847 357 873 exivit
376 849 451 871 utero
470 843 584 875 Virginis
610 842 651 867 Vll
671 841 722 866 588
743 840 757 865 4
778 853 812 857 —-
830 844 913 864 surre

279 892 329 922 xit,
348 890 435 915 clauso
454 889 632 916 monumento,
651 888 676 910 et
704 883 766 909 iliud
791 884 911 914 apertum

279 938 318 961 est
336 932 504 966 postmodum
523 930 558 956 ab
581 929 680 961 Angelo
708 927 742 953 ad
770 926 914 952 certifican-

280 979 343 1005 dum
363 978 427 1003 alios
446 976 478 1001 Vl
498 975 549 1001 506
578 973 610 999 14
630 986 664 991 -
683 973 709 997 10
728 972 912 1003 argumentum

280 1029 358 1048 verae
377 1018 572 1047 resurrectionis
590 1016 712 1043 custodes
725 1013 841 1047 deputati
854 1015 915 1038 sunt

280 1068 323 1092 Vll
342 1065 393 1091 584
412 1066 446 1091 65

332 1125 367 1128 -
386 1111 411 1135 10
431 1107 620 1134 resurrectione
639 1104 733 1131 Christi
754 1110 804 1129 non
818 1102 865 1128 fuit
877 1108 914 1127 re-

280 1155 385 1180 volutus
403 1153 481 1184 lapis,
500 1151 546 1177 sed
565 1152 624 1182 post
651 1149 691 1174 Vtt
712 1149 763 1174 588
787 1147 801 1172 4
821 1160 857 1165 -
875 1145 915 1171 Ad

280 1196 495 1225 manifestandam
514 1194 608 1222 Christi
626 1192 841 1219 resurrectionem
865 1189 917 1215 An-

280 1243 354 1275 gelus
382 1240 493 1266 revolvit
516 1238 630 1271 lapidem
659 1235 729 1268 ibid„
751 1235 766 1261 4
786 1250 820 1253 —
839 1233 917 1266 Lapis

280 1289 395 1312 remotus
414 1292 428 1310 a
447 1284 568 1316 sepulcro
588 1282 620 1308 Vl
639 1281 690 1307 505
704 1282 720 1306 2
734 1293 767 1298 -
781 1279 918 1304 inveniun—

281 1334 322 1357 tur
341 1329 488 1355 linteamina
508 1328 627 1353 ordinata
646 1325 680 1352 ib.
699 1326 724 1350 8.
743 1324 795 1349 506
815 1324 830 1348 9

333 1389 368 1393 —-
387 1373 480 1400 Christi
498 1375 571 1398 ortus
590 1374 615 1396 et
633 1376 756 1401 occasus,
769 1375 878 1394 somnus
891 1370 917 1393 et

280 1418 436 1445 resurrectio
455 1420 579 1449 tanquam
593 1415 630 1441 501
645 1414 755 1440 iustitiae
768 1415 849 1438 totum
862 1418 918 1444 per-

281 1463 400 1489 lustravit
427 1461 555 1487 mundum
584 1460 626 1485 Vll
646 1459 697 1484 585
717 1458 751 1483 65
769 1472 804 1476 —
823 1457 918 1482 dicitur

281 1514 419 1539 resurgere
438 1509 463 1531 et
481 1504 622 1530 ascendere
641 1502 675 1528 ab
695 1509 789 1528 occasu
809 1500 861 1527 334
882 1501 915 1525 82

282 1565 316 1570 -
327 1550 436 1576 Domino
455 1552 614 1580 resurgente,
632 1550 687 1572 erat
700 1545 870 1578 gaudendum
885 1545 917 1570 Vl

283 1596 334 1621 508
354 1595 382 1620 21
406 1609 440 1612 -
461 1595 487 1619 10
505 1592 694 1619 resurrectione
713 1590 806 1617 Christi
821 1589 917 1615 Sabba-

282 1644 337 1665 tum
356 1638 482 1669 cessavit,
501 1645 561 1664 cum
582 1637 628 1663 fuit
646 1636 799 1668 impletum,
817 1637 843 1660 et
861 1634 918 1660 dies

282 1684 429 1710 dominicus
438 1682 561 1709 successit
575 1680 747 1708 celebrandus
761 1680 802 1705 Vll
818 1679 869 1705 585
884 1679 917 1703 68

335 1743 369 1746 —
389 1726 577 1760 Quaerentibus
599 1726 703 1757 signum
732 1723 860 1756 promittit
884 1723 918 1748 51-

283 1780 363 1805 gnum
383 1779 445 1798 suae
463 1770 659 1797 resurrectionis
678 1770 710 1795 Vi
731 1769 782 1795 276
802 1769 845 1794 33.
865 1768 916 1793 277

283 1818 310 1843 41
336 1832 370 1836 —-
388 1816 481 1843 Christi
500 1815 656 1842 resurrectio
685 1814 861 1847 praefigurata
879 1815 919 1838 est

283 1862 306 1888 in
327 1863 385 1888 lona
405 1862 436 1888 Vl
456 1861 506 1887 276
526 1862 568 1886 36.
588 1861 631 1886 Vll
652 1859 703 1886 227
717 1859 750 1885 36
764 1872 800 1877 —
814 1864 918 1890 passus,

282 1910 401 1933 mortuus
429 1910 454 1932 et
481 1906 619 1932 suscitatus
646 1905 774 1936 figuratur
802 1903 828 1929 in
859 1903 918 1928 lona

283 1952 334 1977 298
354 1953 387 1978 65

334 2010 370 2016 —
388 1996 442 2022 Nox
460 1994 657 2021 resurrectionis
684 1992 778 2019 Christi
797 1991 920 2017 termina-

284 2041 361 2067 batur
382 2041 407 2066 in
426 2041 511 2065 lucem
536 2039 580 2064 Vll
606 2038 658 2064 585
677 2038 711 2063 67
730 2050 765 2056 —
783 2035 919 2062 mortalem

282 2086 363 2111 vitam
382 2084 508 2115 deseruit,
528 2083 635 2116 quando
654 2081 794 2108 resurrexit
805 2083 832 2106 et
849 2079 921 2105 novi-

282 2134 360 2156 tatem
381 2129 449 2155 vitae
468 2127 592 2154 assumsit
611 2127 642 2152 Vl
662 2126 713 2151 620
733 2126 748 2151 2
768 2139 804 2143 -
822 2127 861 2150 est
880 2123 921 2149 tri-

283 2175 422 2206 umphator
441 2180 488 2206 per
506 2170 704 2198 resurrectionis
724 2173 862 2202 tropaeum
881 2175 922 2194 re-

284 2219 333 2244 late
352 2218 386 2244 ad
405 2217 540 2243 victoriam
560 2216 604 2241 Vll
618 2216 634 2241 5
655 2214 687 2240 17
700 2229 735 2233 -
748 2214 829 2239 muita
847 2213 921 2245 signa

285 2263 358 2293 fecit,
376 2262 423 2288 sed
443 2261 585 2288 maximum
615 2262 654 2286 est
679 2259 785 2291 signum
809 2264 922 2283 resurre-

284 2307 376 2333 ctionis
395 2307 445 2332 298
466 2305 508 2336 64,
528 2305 562 2331 65

337 2366 372 2369 -
391 2352 417 2376 10
436 2349 626 2376 resurrectione
645 2347 739 2374 Christi
757 2349 796 2373 est
809 2345 923 2378 dignitas

285 2395 480 2428 glorificationis
498 2397 524 2420 et
552 2392 701 2419 excellentia
730 2391 876 2417 Divinitatis
898 2393 924 2415 et

286 2439 452 2466 humanitatis
470 2438 504 2464 Vl
518 2438 569 2464 510
584 2437 617 2462 26
630 2450 666 2455 —-
679 2435 844 2461 Resurrectio
855 2433 925 2460 Chri-

286 2484 318 2510 sti
338 2485 458 2509 informat
476 2489 525 2508 nos
545 2481 578 2507 ad
604 2480 778 2506 desertionem
808 2481 925 2511 peccato·

287 2535 359 2558 rum,
379 2527 411 2553 ad
431 2528 578 2559 profectum
607 2524 775 2555 meritorum,
803 2523 837 2549 ad
865 2524 925 2549 tole-

287 2573 397 2598 rantiam
417 2572 599 2601 adversorum,
612 2570 646 2596 ad
659 2571 838 2601 contemptum
852 2575 925 2594 mun-

288 2618 416 2643 danorum
447 2619 473 2642 et
502 2615 536 2641 ad
566 2614 726 2641 desiderium
758 2617 924 2639 aeternorum

289 2662 340 2687 620
360 2662 375 2686 2
393 2675 428 2679 —-
447 2660 523 2686 Fides
541 2659 670 2692 passionis
688 2661 714 2684 et
726 2657 925 2684 resurrectionis

289 2705 383 2731 Christi
401 2705 524 2730 astruitur
552 2711 599 2736 per
626 2703 787 2734 scripturam
808 2701 850 2727 Vll
874 2701 926 2727 595

291 2750 333 2781 32,
352 2749 384 2774 33
406 2763 438 2766 —
458 2748 623 2774 Resurrectio
651 2747 744 2773 Christi
763 2749 803 2771 est
820 2745 925 2777 signum

291 2797 316 2818 et
334 2793 376 2818 via
396 2792 574 2818 manuducens
602 2791 637 2817 ad
662 2791 742 2816 fidem
768 2790 819 2815 590
840 2790 868 2814 11
893 2803 926 2807 -

291 2837 339 2862 Per
351 2836 566 2862 resurrectionem
580 2835 672 2861 Christi
687 2838 775 2860 nostra
789 2834 854 2859 fldes
866 2840 928 2859 con-

292 2881 409 2906 firmatur
427 2880 460 2906 Vl
480 2880 530 2905 504
552 2881 561 2905 1

346 2938 379 2943 —-
398 2925 513 2956 oportuit
532 2931 546 2949 a
561 2924 669 2950 mortuis
681 2930 820 2954 resurgere
832 2922 866 2948 ad
880 2923 928 2948 im-

293 2968 413 3000 plendam
433 2969 606 3001 scripturam,
626 2968 660 2994 ad
685 2967 832 2993 liberandos
850 2966 928 2998 capti-

294 3019 342 3038 vos
361 3012 394 3038 de
413 3012 507 3043 limbo,
527 3013 560 3038 ad
579 3012 764 3038 confortandos
776 3011 928 3043 discipulos,

294 3056 329 3081 ad
347 3056 550 3082 confirmandam
571 3056 650 3082 fidem
664 3059 689 3081 et
702 3056 735 3082 ad
748 3055 929 3081 informandos

295 3107 382 3125 mores
401 3100 434 3125 Vl
453 3100 504 3125 620
525 3100 534 3124 1
557 3113 593 3119 -
613 3100 699 3126 Passio
723 3103 749 3125 et
773 3099 929 3125 resurrectio

295 3142 389 3169 Christi
417 3143 627 3175 irrefragabiliter
650 3151 712 3169 vera
731 3147 757 3169 et
781 3147 849 3169 certa
878 3145 929 3173 est,

296 3190 420 3219 tanquam
440 3194 486 3218 per
506 3188 681 3213 testimonium
701 3188 806 3213 firmum
835 3190 861 3213 et
888 3194 931 3212 au·

296 3231 439 3256 thenticum
458 3231 535 3256 totius
548 3231 642 3257 veteris
655 3232 799 3257 testamenti
812 3237 931 3263 compro-

298 3274 357 3300 bata
378 3274 419 3300 Vll
439 3275 484 3299 601
510 3274 542 3299 57
555 3289 590 3293 -
603 3275 767 3301 Resurrectio
780 3278 819 3301 est
831 3275 932 3306 integre

297 3321 323 3344 et
341 3319 453 3350 perfecte
470 3318 599 3344 credenda
619 3319 669 3344 592
690 3319 722 3344 -18

1139 264 1252 296 INDEX
1277 262 1404 295 RERUM

947 367 982 371 ——
1002 353 1050 378 Per
1067 351 1199 378 Christum
1218 350 1370 376 crucifixum
1391 351 1417 375 et
1434 348 1587 374 suscitatum

948 400 974 423 et
992 396 1115 429 gentibus
1143 402 1190 428 per
1218 394 1343 427 Spiritum
1363 395 1481 419 sanctum
1505 391 1588 417 divul-

949 443 1039 473 gatum
1059 440 1190 473 profunda
1209 438 1333 470 mysteria
1353 437 1379 462 in
1399 436 1533 468 Scriptura
1552 435 1588 461 10-

949 485 1099 517 telliguntur
1117 483 1178 510 itn'd.

1002 543 1037 548 —
1056 531 1115 561 post
1132 526 1351 553 resurrectionem
1377 524 1444 550 vivit
1462 524 1515 550 vita
1535 523 1588 556 gio·

949 574 1004 600 riae
1022 573 1055 598 Vl
1075 573 1121 598 441
1145 572 1178 597 28
1200 585 1233 589 -
1246 572 1306 602 0051
1318 568 1537 595 resurrectionem
1549 570 1589 593 est

950 618 976 643 in
995 617 1066 643 caelo
1085 616 1137 642 349
1157 615 1190 641 49

1003 675 1038 680 -
1057 659 1148 686 habuit
1166 661 1321 691 potestatem
1345 664 1425 690 super
1443 663 1536 682 omnes
1554 655 1588 681 ab

950 708 1068 735 aeterno,
1087 711 1157 737 quae
1184 702 1348 728 manifestata
1367 704 1406 727 est
1424 704 1485 734 post
1504 707 1589 726 resur-

949 749 1106 778 rectionem,
1124 747 1166 773 vel
1185 748 1315 772 humanae
1343 748 1451 771 naturae
1469 751 1589 771 commu-

950 794 1034 819 nicata
1053 792 1087 818 Vl
1115 792 1165 817 469
1195 791 1238 816 10.
1256 790 1308 816 538
1329 789 1345 815 4
1368 803 1404 809 ·-·
1422 789 1449 815 ln
1476 795 1590 815 resurre-

950 838 1034 863 ctione
1053 837 1113 862 data
1132 839 1171 861 est
1195 834 1298 861 Christo
1323 836 1438 866 potestas
1462 832 1590 859 durabilis

950 882 1001 908 553
1022 882 1047 906 3.
1067 881 1109 906 Vil
1128 880 1161 905 39
1182 878 1233 905 124
1251 893 1285 898 —-
1299 881 1360 911 post
1371 877 1588 904 resurrectionem

950 925 1051 957 accepit
1070 927 1225 957 potestatem
1244 926 1273 949 ut.
1291 922 1418 949 Dominus
1437 922 1488 947 588
1509 921 1525 946 5

1003 984 1039 988 —
1058 969 1083 995 10
1102 967 1293 994 resurrectione
1311 967 1412 999 accepit
1435 968 1589 998 potestatem

951 1014 1014 1040 aiios
1032 1012 1217 1039 introducendi
1236 1012 1263 1037 in
1281 1011 1382 1038 caelum
1402 1011 1435 1037 Vl
1449 1010 1495 1036 581
1520 1010 1536 1035 2
1555 1023 1591 1027 -

950 1073 986 1078 -
1004 1059 1082 1084 vivos
1100 1061 1126 1084 et
1154 1059 1273 1083 mortuos
1298 1055 1374 1082 faciet
1401 1055 1529 1087 gloriosos
1549 1053 1590 1079 Vll

952 1103 1003 1129 234
1023 1103 1056 1128 53

1007 1161 1041 1165 -
1059 1147 1099 1172 Ad
1123 1153 1217 1172 vocem
1245 1145 1340 1172 Christi
1367 1145 1412 1170 fiet
1434 1142 1591 1169 resurrectio

953 1191 1084 1224 generalis
1102 1191 1135 1216 Vl
1156 1190 1207 1216 405
1227 1189 1260 1215 59
1278 1204 1314 1209 --
1339 1184 1430 1214 Mortui
1454 1190 1593 1218 resurgent

954 1234 988 1262 ad
1006 1242 1100 1261 vocem
1120 1234 1214 1261 Christi
1232 1235 1284 1260 312
1304 1233 1337 1259 52
1356 1248 1391 1251 -
1410 1232 1505 1258 0100105
1523 1238 1594 1257 1050-

954 1280 1058 1307 scitahit
1075 1280 1109 1305 ad
1128 1282 1250 1305 aeternae
1268 1277 1437 1304 beatitudinis
1455 1275 1594 1308 participa-

955 1325 1052 1351 tionem
1071 1325 1123 1350 328
1143 1323 1176 1349 60
1195 1338 1230 1342 —
1249 1322 1356 1349 suscitat
1374 1322 1401 1347 in
1430 1327 1541 1352 corpore
1569 1322 1595 1345 et

955 1370 981 1396 in
1001 1370 1089 1395 anima
1108 1369 1159 1394 309
1181 1367 1214 1394 40
1233 1382 1269 1386 -
1288 1367 1395 1392 suscitat
1414 1368 1532 1391 mortuos
1545 1370 1593 1396 per

955 1414 1097 1447 potentiam
1117 1413 1253 1446 aequalem
1282 1410 1415 1444 potentiae
1433 1409 1514 1438 Patris
1533 1407 1593 1434 ibid.

1008 1472 1044 1478 -
1061 1457 1153 1484 liberat
1172 1464 1187 1482 a
1207 1459 1292 1482 morte
1311 1455 1338 1481 in
1356 1453 1548 1480 resurrectione
1561 1452 1594 1478 Vl

955 1504 1007 1529 330
1027 1504 1060 1528 68
1081 1517 1114 1521 -
1133 1502 1192 1527 facit
1211 1503 1329 1527 mortuos
1354 1505 1492 1531 resurgere
1510 1500 1536 1523 et
1558 1497 1595 1522 vi-

954 1552 1047 1574 ventes
1066 1547 1157 1573 vivere
1176 1546 1222 1572 401
1248 1546 1295 1576 36,
1315 1544 1349 1570 37
1368 1557 1404 1563 ——
1423 1542 1543 1569 invitabit
1561 1541 1595 1567 ad

956 1599 1065 1618 coenam
1087 1592 1111 1617 in
1132 1593 1217 1616 futura
1236 1588 1427 1615 resurrectione
1446 1587 1497 1613 523
1519 1587 1551 1612 22

1008 1651 1043 1656 -
1061 1635 1226 1662 Resurrectio
1252 1633 1347 1660 Christi
1371 1630 1505 1658 revelatur
1524 1637 1597 1657 occa-

954 1682 1028 1708 sione
1054 1681 1185 1710 adventus
1213 1679 1353 1711 mulierum
1382 1677 1415 1703 ad
1444 1676 1594 1708 sepulcrum

955 1727 999 1752 Vll
1028 1725 1079 1752 587
1101 1726 1110 1750 1
1135 1738 1170 1744 -
1198 1717 1407 1750 Resurrectionis
1434 1719 1596 1746 annuntiatio

955 1778 1003 1804 per
1021 1770 1144 1796 mulieres
1163 1768 1234 1794 venit
1253 1768 1287 1793 ad
1308 1767 1378 1792 viros
1391 1765 1479 1791 divina
1494 1764 1596 1790 ordina-

956 1816 1026 1841 tione
1045 1815 1096 1840 590
1123 1815 1156 1839 12
1184 1827 1219 1831 -
1247 1812 1320 1845 01105
1347 1810 1470 1843 apparuit
1495 1808 1596 1835 mulieri

956 1867 1036 1893 quam
1056 1858 1194 1890 discipulis
1213 1857 1245 1883 Vl
1266 1856 1317 1882 510
1337 1856 1370 1881 28

1010 1918 1044 1923 —-
1063 1904 1150 1936 primo
1169 1901 1294 1934 apparuit
1316 1899 1410 1926 Mariae
1429 1898 1597 1930 Magdalenae

958 1949 1000 1978 Vll
1020 1948 1071 1974 590
1092 1948 1125 1973 13
1145 1961 1179 1966 -
1197 1953 1225 1972 50
1253 1945 1401 1971 manifestat
1429 1943 1598 1975 Magdalenae

957 1993 1044 2026 primo
1069 1991 1191 2019 sensibus
1219 1990 1316 2021 carnis,
1337 1988 1432 2015 deinde
1451 1987 1545 2013 mentis
1564 1986 1597 2012 Vl

959 2038 1009 2063 508
1030 2038 1071 2063 22.
1092 2037 1144 2063 509
1164 2035 1207 2061 24.
1227 2035 1273 2061 511
1299 2035 1331 2060 33
1350 2047 1386 2053 ·-—
1405 2037 1464 2065 post
1482 2038 1599 2058 resurre-

958 2083 1072 2108 ctionem
1083 2088 1111 2107 se
1124 2080 1237 2106 ostendit
1250 2080 1275 2105 in
1288 2079 1377 2111 specie
1390 2077 1530 2109 hortulani,
1544 2083 1599 2108 per-

959 2127 1043 2159 egrini
1062 2129 1088 2151 et
1106 2125 1222 2151 crucifixi
1242 2124 1294 2149 622
1313 2131 1340 2149 v.
1361 2123 1394 2148 15

1014 2185 1049 2190 -
1070 2171 1168 2196 1011005
1186 2168 1270 2195 ianuis
1294 2167 1390 2194 clausis
1413 2166 1526 2193 ostendit
1543 2172 1600 2192 cor-

959 2223 1025 2249 pus,
1045 2216 1071 2241 in
1090 2221 1144 2248 quo
1163 2220 1258 2246 passus
1276 2216 1329 2242 est,
1343 2211 1476 2237 Divinitati
1489 2210 1600 2240 unitum,

960 2261 1002 2286 vei
1021 2266 1118 2291 corpus
1145 2258 1289 2290 gloriosum
1316 2257 1348 2282 Vl
1378 2256 1429 2281 517
1457 2256 1491 2281 63
1511 2269 1544 2273 -
1565 2254 1600 2279 in-

931 2303 934 2306 ’
960 2304 1052 2330 trando
1071 2303 1156 2329 ianuis
1173 2302 1267 2328 clausis
1295 2300 1409 2326 ostendit
1432 2306 1529 2331 corpus
1548 2299 1600 2330 glo·

960 2349 1076 2379 riosum,
1096 2347 1143 2373 sed
1171 2353 1219 2378 per
1244 2348 1340 2371 tactum
1368 2343 1481 2370 ostendit
1503 2350 1601 2375 corpus

960 2399 1019 2419 esse
1038 2392 1123 2422 idem,
1141 2390 1216 2424 quod
1242 2391 1325 2416 fuerat
1350 2396 1457 2421 passum
1489 2388 1540 2414 518
1566 2388 1600 2413 65

961 2451 997 2457 -
1014 2437 1086 2462 venit
1112 2436 1147 2461 ad
1175 2435 1317 2466 discipulos
1336 2434 1419 2459 ianuis
1437 2433 1532 2459 clausis
1557 2433 1599 2458 Vll

963 2482 1013 2508 599
1035 2481 1067 2506 47
1087 2494 1122 2499 -
1150 2480 1253 2505 Virtute
1277 2478 1371 2504 Christi
1398 2477 1561 2509 resurgentis
1585 2483 1599 2501 a

962 2528 1076 2560 quatuor
1089 2524 1174 2550 ventis
1188 2523 1260 2549 venit
1279 2522 1386 2554 spiritus
1399 2525 1424 2547 et
1436 2522 1550 2547 insufflat
1561 2528 1601 2547 su-

962 2576 1009 2603 per
1029 2570 1176 2595 interfectos
1195 2567 1359 2606 suscitandos
1378 2566 1430 2592 585
1450 2566 1483 2592 65

1016 2628 1052 2633 -
1070 2616 1130 2646 post
1148 2613 1296 2645 passionem
1317 2618 1369 2637 non
1389 2610 1511 2643 apparuit
1530 2617 1603 2636 mun—

962 2658 1052 2689 danis,
1071 2658 1118 2684 sed
1137 2656 1267 2689 Apostolis
1287 2656 1319 2681 vt
1341 2655 1386 2681 441
1418 2656 1451 2681 28
1470 2669 1505 2673 -
1525 2661 1604 2686 appa-

963 2703 1015 2728 ruit
1034 2703 1108 2728 Petro
1133 2704 1275 2734 antequam
1305 2700 1362 2725 aliis
1382 2700 1423 2725 Vll
1444 2699 1495 2725 598
1516 2698 1548 2724 44
1568 2713 1603 2716 -

965 2748 1002 2772 1)0
1020 2746 1184 2779 apparitione
1202 2744 1295 2771 Christi
1311 2746 1376 2770 facta
1392 2745 1465 2769 Petro
1478 2742 1530 2769 non
1545 2750 1604 2768 nar-

965 2794 1037 2816 ratur
1056 2789 1127 2821 ibid„
1148 2789 1181 2815 45

1018 2849 1052 2853 -
1071 2833 1194 2866 apparuit
1218 2833 1353 2865 discipulis
1377 2832 1542 2864 congregatis
1571 2831 1603 2857 Vi

966 2879 1017 2905 512
1037 2878 1079 2904 37.
1099 2878 1151 2904 513
1172 2877 1215 2903 46.
1234 2877 1285 2903 516
1306 2877 1339 2903 55
1352 2891 1387 2896 -
1400 2877 1521 2908 apparuit
1533 2879 1604 2902 stans

967 2924 992 2949 in
1012 2923 1099 2949 medio
1119 2921 1322 2954 discipulorum,
1343 2924 1370 2946 ut
1383 2921 1417 2946 ab
1430 2920 1554 2946 omnibus
1567 2921 1605 2946 vi-

965 2968 1072 2996 deretur
1097 2967 1149 2993 512
1175 2967 1219 2992 38.
1238 2966 1289 2991 516
1314 2966 1347 2991 56
1367 2979 1402 2985 ·-
1425 2966 1559 2997 tripliciter
1577 2972 1605 2991 se

967 3011 1142 3038 manifestavit
1159 3010 1283 3037 omnibus
1301 3010 1436 3042 discipulis
1448 3014 1506 3042 post
1523 3017 1606 3045 resur-

967 3057 1109 3082 rectionem
1130 3055 1176 3081 511
1202 3056 1236 3081 36
1249 3068 1285 3075 -
1299 3054 1383 3080 tribus
1396 3054 1607 3086 apparitionibus

967 3101 1125 3127 sufficienter
1145 3100 1325 3125 manifestatus
1343 3102 1382 3124 est
1401 3099 1535 3131 discipulis
1554 3099 1605 3124 523

969 3146 1002 3171 25
1021 3159 1056 3164 —
1076 3145 1151 3170 tertio
1170 3151 1199 3170 se
1217 3144 1364 3169 manifestat
1382 3143 1527 3175 specialiter
1546 3150 1607 3174 pro-

969 3192 1027 3222 pter
1039 3189 1143 3215 Petrum
1157 3188 1209 3214 519
1230 3188 1245 3213 4
1257 3202 1294 3208 -
1306 3187 1458 3220 appa'rendo
1472 3187 1607 3219 discipulis

968 3234 1066 3265 effugat
1084 3232 1118 3258 ab
1137 3233 1175 3258 eis
1192 3232 1314 3258 timorem
1335 3232 1376 3258 Vll
1396 3232 1447 3257 599
1468 3231 1500 3257 46

1022 3291 1058 3296 -
1076 3277 1137 3309 post
1154 3276 1373 3302 resurrectionem
1392 3283 1445 3301 non
1458 3282 1486 3302 se
1500 3276 1608 3301 manife-

970 3320 1055 3347 stabat
1071 3321 1193 3347 continue
1212 3320 1346 3352 discipulis
1365 3320 1398 3346 ad
1412 3320 1564 3351 augendum
1583 3324 1609 3345 et

352 3375 388 3382 -·
407 3362 443 3387 De
456 3361 557 3388 Christo
570 3366 596 3388 et
608 3366 715 3395 propter
727 3362 859 3388 Christum
873 3364 933 3388 sunt
971 3365 1165 3397 purificandum
1184 3371 1303 3391 amorem
1323 3364 1354 3389 Vl
1375 3364 1425 3390 524
1440 3365 1473 3389 29
1487 3378 1521 3382 -
1535 3364 1608 3396 qnin-

298 3406 447 3438 SCFFDUH'HO
465 3409 490 3431 θῑ
508 3405 542 3431 ³¹)
560 3413 592 3431 0⁰
605 3407 763 3438 explicantur
777 3406 819 3432 Vl!
833 3407 880 3432 60¹¹
898 3406 931 3432 58
970 3409 1046 3443 quies
1064 3409 1187 3442 apparuit
1205 3409 1298 3435 eadem
1326 3408 1369 3434 die
1389 3409 1431 3434 Vil
1451 3408 1502 3433 598
1523 3407 1555 3434 44
1574 3422 1609 3426 -
1650 3421 1681 3427 -
1700 3406 1868 3433 manducavit
1887 3413 1939 3431 non
1964 3412 1994 3431 ex
2013 3404 2169 3437 indigentia,
2188 3403 2235 3430 sed
2253 3409 2286 3429 ex

1873 303 1938 331 CHR
1958 304 2014 337 (26)

1625 347 1747 380 apparuit
1766 348 1859 374 iterum
1884 341 2029 381 'quinquies
2054 350 2114 374 ante
2133 348 2263 374 ascensio-

1624 398 1685 417 nem
1704 391 1738 418 ib.
1757 391 1791 417 45
1809 405 1845 411 -
1863 392 1985 424 apparuit
2003 392 2095 418 decem
2114 391 2217 418 vicibus
2236 392 2263 417 in

1624 436 1798 469 quadraginta
1817 435 1924 467 diebus,
1938 439 1998 468 post
2009 443 2091 469 quos,
2104 436 2195 462 decem
2208 436 2265 462 die·

1626 479 1676 506 bus
1707 480 1856 513 transactis,
1888 480 1957 506 misit
1987 480 2112 512 Spiritum
2143 483 2263 515 sanctum

1625 523 1688 550 ibid.
1705 538 1742 543 —
1760 528 1820 556 post
1837 525 2056 550 resurrectionem
2075 524 2164 551 decies
2182 531 2265 557 appa-

1625 569 1678 594 ruit
1696 568 1729 594 Vl
1743 569 1794 594 623
1817 570 1826 594 1
1849 582 1885 588 -
1903 571 1963 602 post
1981 568 2198 595 resurrectionem
2217 576 2265 601 ap-

1626 613 1713 645 paruit
1732 613 1757 638 in
1777 613 1835 644 via,
1854 613 1879 638 in
1899 613 1973 644 mari,
1992 613 2017 638 10
2037 613 2127 646 domo,
2139 613 2167 638 in
2180 614 2265 644 horto,

1626 657 1652 683 in
1671 660 1760 682 monte
1780 657 1831 682 622
1852 658 1861 682 1

1678 715 1714 721 -
1732 702 1856 734 apparuit
1874 702 1991 727 Thomae
2009 696 2117 728 reverso
2135 702 2168 728 ad
2191 701 2266 728 disci-

1627 746 1704 778 pulos
1722 752 1770 778 per
1782 746 1967 778 poenitentiam
1977 765 1983 776 ,
1995 746 2131 778 discipulis
2143 745 2267 772 euntibus

1626 790 1653 816 in
1663 791 1788 816 Emmaus
1801 797 1848 822 per
1861 789 2037 816 obedientlam
2051 793 2076 816 et
2088 797 2169 822 opera
2182 790 2267 816 consi-

1628 834 1735 866 liorum,
1749 834 1883 867 discipulis
1896 835 1921 860 in
1935 838 2051 861 montem
2063 834 2170 861 Thabor
2180 841 2268 861 ascen-

1629 878 1751 905 dentibus
1762 886 1809 911 per
1822 886 1904 911 opera
1914 879 2078 905 excellentiae
2091 879 2123 904 Vi
2135 879 2186 904 623
2201 879 2216 905 3
2229 892 2266 898 -

1628 923 1751 955 apparuit
1769 923 1903 955 discipulis
1921 923 2088 955 congregatis
2107 923 2132 949 in
2145 930 2228 949 unum
2241 924 2266 949 in

1629 967 1810 999 meditatione,
1836 967 1930 993 Mariae
1955 968 2067 1000 ploranti
2092 967 2116 993 in
2142 968 2268 999 oratione,

1628 1011 1763 1044 discipulis
1781 1012 1947 1044 congregatis
1967 1012 1991 1037 in
2010 1012 2151 1038 coenaculo
2165 1012 2190 1037 in
2209 1019 2269 1049 con-

1628 1056 1796 1088 templatione
1813 1055 1846 1082 ib.
1868 1056 1883 1082 4
1902 1069 1938 1075 -
1956 1056 2078 1088 apparuit
2090 1057 2165 1082 Petro
2177 1063 2270 1082 consu-

1628 1100 1688 1127 lenti
1707 1100 1742 1126 de
1759 1100 1868 1126 veritate
1886 1100 2097 1131 resurrectionis,
2115 1100 2270 1127 mulieribus

1629 1144 1797 1171 afferentibus
1815 1148 1947 1176 aromata,
1965 1145 2096 1177 Apostoiis
2108 1145 2270 1177 piscantibus

1630 1193 1656 1216 et
1669 1189 1803 1221 discipulis
1822 1189 1945 1215 euntibus
1958 1189 1984 1214 in
1998 1192 2114 1215 montem
2129 1189 2223 1216 Oliveti
2235 1188 2271 1215 ib.

1631 1235 1647 1259 6
1660 1249 1694 1253 -—
1709 1241 1832 1259 reversus
1845 1237 1905 1265 post
1917 1234 2135 1260 resurrectionem
2149 1234 2183 1260 ad
2196 1234 2271 1260 disci-

1632 1279 1708 1311 pulos
1727 1279 1876 1304 consolatus
1899 1281 1939 1304 est
1963 1285 2009 1304 eos
2032 1285 2062 1304 ex
2088 1278 2207 1311 familiari
2229 1278 2270 1304 sui

1632 1323 1792 1355 ostensione,
1812 1323 1963 1349 certificavit
1990 1325 2036 1349 eos
2064 1323 2097 1348 de
2125 1323 2269 1355 Scriptura-

1632 1375 1691 1393 rum
1712 1368 1862 1400 impletione
1888 1370 1914 1393 et
1941 1367 1975 1393 de
1994 1374 2042 1393 sua
2066 1367 2219 1393 reversione
2237 1367 2272 1393 ad

1633 1413 1774 1443 iudicium,
1797 1412 1887 1438 ultimo
1909 1412 2038 1444 praemiat
2059 1419 2090 1438 ex
2114 1412 2171 1438 eius
2196 1411 2272 1438 beata

1632 1457 1733 1483 visione
1750 1457 1778 1482 in
1797 1457 1880 1489 patria
1900 1457 1946 1482 631
1972 1457 2004 1481 18

1685 1516 1721 1521 ·—
1740 1504 1800 1533 post
1824 1501 2041 1526 resurrectionem
2066 1500 2189 1533 apparuit
2206 1500 2273 1526 duo·

1634 1546 1684 1572 bus
1702 1546 1838 1578 discipulis
1851 1548 1976 1578 tanquam
1991 1544 2100 1571 testibus
2113 1545 2214 1571 idoneis
2227 1545 2271 1571 Vll

1634 1592 1680 1617 591
1706 1590 1738 1616 17
1757 1604 1794 1610 -
1813 1594 1841 1616 ut
1859 1589 2016 1622 peregrinus
2035 1588 2179 1622 apparebat
2197 1589 2273 1615 disci-

1634 1635 1714 1668 pulis,
1734 1635 1795 1668 quia
1808 1634 1971 1667 peregrinus
1998 1637 2054 1659 erat
2077 1634 2104 1659 in
2128 1633 2229 1659 mundo
2247 1637 2274 1660 et

1633 1680 1658 1706 in
1677 1680 1759 1706 oculis
1777 1679 1966 1712 discipulorum
1979 1686 2031 1704 non
2043 1678 2207 1705 credentium
2221 1677 2272 1704 593

1633 1725 1666 1750 23
1686 1738 1722 1744 —-
1741 1731 1769 1750 se
1787 1723 1923 1755 discipulis
1941 1723 2051 1748 sociavit
2078 1723 2161 1748 latens
2183 1722 2211 1748 in
2237 1722 2274 1748 iti-

1633 1776 1696 1795 nere
1715 1772 1740 1794 et
1767 1768 1948 1799 collocutione,
1975 1774 2106 1799 apparens
2133 1767 2161 1802 in
2185 1773 2274 1793 come-

1633 1814 1717 1840 stione
1736 1813 1782 1838 591
1807 1812 1839 1838 ’17
1854 1826 1888 1830 -
1900 1812 2047 1838 seeundum
2066 1811 2204 1837 veritatem
2218 1818 2273 1837 non

1634 1858 1746 1884 mutavit
1763 1857 1803 1883 sui
1823 1856 1942 1889 corporis
1961 1856 2076 1888 effigiem
2089 1863 2138 1882 nec
2150 1855 2274 1888 figuram,

1634 1903 1681 1929 sed
1699 1902 1845 1928 secundum
1865 1901 1946 1927 solam
1966 1900 2147 1933 apparentiam
2167 1900 2219 1927 593
2240 1901 2268 1926 21

1637 1961 1669 1966 -·
1688 1947 1714 1972 in
1733 1947 1816 1972 oculis
1834 1945 2024 1978 discipulorum
2043 1945 2109 1971 alius
2128 1943 2276 1977 apparebat

1633 1992 1691 2018 sine
1709 1991 1866 2023 deceptione
1884 1989 1947 2017 ibid.

1688 2051 1723 2055 —
1741 2042 1770 2061 se
1793 2034 1967 2068 praeparabat
1995 2035 2029 2060 ad
2053 2034 2158 2066 longius
2186 2040 2276 2066 proee-

1636 2081 1762 2113 dendum‚
1775 2079 1849 2113 quod
1862 2082 1888 2105 et
1902 2079 2012 2110 fecisset,
2023 2078 2072 2104 nisi
2082 2078 2202 2110 discipuli
2213 2085 2275 2104 eum

1636 2126 1777 2151 affectuose
1796 2124 1909 2156 hospitio
1927 2123 2105 2155 suscepissent
2119 2123 2160 2148 Vll
2174 2122 2225 2148 596
2240 2122 2274 2148 35

1637 2183 1672 2188 —
1692 2169 1771 2200 finxit,
1786 2175 1815 2194 se
1828 2168 1931 2200 longius
1950 2168 1987 2193 ire
2005 2167 2039 2193 ad
2058 2166 2222 2193 excitandam
2241 2166 2277 2192 di-

1636 2214 1796 2246 scipulorum
1811 2212 1978 2238 devotionem
1987 2231 1994 2242 ,
2008 2218 2061 2237 non
2074 2214 2182 2243 propter
2195 2211 2277 2237 simu-

1636 2259 1758 2284 lationem
1787 2256 1849 2283 ibid.
1872 2270 1908 2276 —
1936 2256 2032 2282 mansit
2060 2263 2121 2281 cum
2140 2255 2277 2287 discipulis

1637 2301 1807 2328 invitantibus
1831 2308 1892 2326 eum
1921 2301 1954 2326 Vl
1982 2300 2034 2326 543
2060 2307 2074 2325 a
2101 2313 2136 2319 —
2154 2299 2278 2332 apparuit

1637 2346 1772 2378 (1150100115
1791 2345 1817 2370 10
1837 2345 1962 2370 fractione
1980 2344 2055 2377 panis
2069 2344 2110 2370 Vll
2124 2344 2175 2370 596
2195 2344 2229 2370 35
2243 2357 2277 2363 -

1637 2390 1739 2422 aperuit
1758 2390 1848 2415 oculos
1867 2389 2056 2420 discipulorum
2076 2388 2164 2420 potius
2183 2387 2208 2413 in
2230 2389 2277 2413 fra-

1637 2435 1723 2461 ctione
1741 2434 1816 2466 panis
1834 2440 1915 2467 quam
1935 2433 1961 2458 in
1980 2432 2140 2465 expositione
2164 2431 2278 2464 Scriptu-

1637 2485 1726 2504 rarum
1746 2478 1796 2503 597
1818 2478 1850 2502 38
1870 2492 1905 2495 —
1924 2476 2043 2502 Verbum
2063 2476 2156 2502 Christi
2180 2476 2279 2504 inflam-

1638 2523 1721 2549 mavit
1752 2522 1831 2548 corda
1868 2521 2058 2553 discipulorum
2094 2521 2129 2546 ad
2159 2526 2278 2546 amorem

1638 2566 1673 2594 ib.
1693 2567 1725 2592 40

1692 2625 1727 2630 -
1746 2610 1870 2643 probavit
1897 2610 2031 2642 discipulis
2059 2609 2277 2635 resurrectionem

1640 2656 1715 2690 quasi
1744 2655 1875 2681 ostensive
1904 2654 1935 2680 vt
1961 2654 2012 2679 606
2032 2655 2047 2679 3
2066 2668 2101 2672 -
2121 2653 2277 2679 10501100ιί0

1641 2700 1728 2726 multis
1747 2699 1910 2731 argumentis
1935 2698 2111 2724 demonstrata
2140 2702 2179 2723 est
2206 2697 2281 2724 disci-

1642 2745 1710 2777 pulis
1728 2742 1908 2769 dubitantibus
1929 2743 1970 2768 Vll
1991 2743 2036 2768 591
2067 2742 2100 2768 14
2119 2756 2154 2760 —-
2173 2741 2280 2774 probat,

1640 2797 1669 2815 se
1688 2788 1786 2814 habere
1804 2794 1898 2813 verum
1918 2794 2029 2819 corpus,
2043 2793 2090 2818 per
2103 2786 2279 2812 testimonium

1641 2836 1725 2859 tactus
1743 2835 1769 2858 et
1788 2835 1880 2863 gustus
1905 2831 1955 2856 599
1978 2831 2009 2856 49
2030 2844 2063 2850 -
2084 2834 2140 2863 post
2167 2837 2281 2856 resurre-

1641 2879 1754 2904 ctionem
1773 2877 1846 2903 dedit
1864 2883 1892 2902 se
1911 2875 2047 2907 discipulis
2074 2874 2280 2907 cognoscibilem

1641 2929 1671 2948 ex
1692 2922 1764 2952 visu,
1783 2928 1814 2946 ex
1833 2920 1938 2951 auditu,
1958 2926 1987 2945 ex
2008 2922 2090 2951 tactu,
2109 2926 2140 2945 ex
2151 2919 2281 2945 vconvictu

1643 2967 1676 2992 Vi
1697 2966 1747 2990 622
1767 2972 1794 2990 V.
1817 2965 1849 2990 19

1696 3023 1730 3029 -
1749 3016 1777 3034 50
1797 3008 1971 3034 manifestavit
1990 3007 2079 3040 quoad
2099 3007 2216 3033 divinam
2236 3013 2280 3032 na-

1643 3057 1728 3080 turam
1757 3060 1804 3085 per
1829 3052 1947 3078 miraculi
1975 3051 2169 3084 operationem,
2192 3050 2281 3084 quoad

1644 3100 1785 3124 humanam
1807 3104 1853 3129 per
1873 3096 2058 3122 comestionem
2087 3096 2120 3121 Vi
2140 3095 2191 3120 520
2211 3095 2228 3120 5
2247 3109 2281 3113 —

1644 3149 1754 3174 corpore
1774 3141 1931 3173 glorificato,
1950 3147 2014 3166 vere
2033 3140 2156 3170 comedit,
2170 3139 2217 3165 sed
2231 3146 2282 3165 non

1643 3194 1675 3212 ex
1699 3185 1840 3217 indigentia
1861 3185 1912 3211 524
1937 3184 1970 3210 27
1989 3199 2025 3203 -
2043 3190 2169 3210 50050010
2188 3190 2237 3209 050
2257 3186 2283 3208 et

1645 3231 1757 3256 maxime
1776 3233 1869 3261 gustus
1888 3229 2023 3262 probavit,
2042 3235 2071 3254 se
2090 3234 2152 3253 vere
2169 3234 2284 3253 resurre-

1645 3275 1726 3306 xisse,
1754 3278 1784 3300 ut
1812 3273 1934 3306 discipuli
1957 3272 2161 3299 certificarentur
2184 3274 2210 3297 et
2236 3278 2284 3297 nos

1646 3320 1671 3345 in
1691 3319 1729 3345 eis
1748 3319 1790 3344 Vll
1809 3319 1860 3344 600
1881 3318 1913 3343 53
1937 3331 1972 3337 —
1990 3316 2097 3349 publice
2116 3316 2284 3342 manducavit

1647 3363 1673 3388 in
1691 3370 1755 3388 suae
1773 3361 1970 3388 resurrectionis
1988 3363 2175 3392 argumentum
2194 3358 2227 3385 ib.
2249 3358 2282 3384 54
