2427 3872
301 257 364 290 756

583 299 646 325 GER

1162 254 1275 287 INDEX
1300 254 1427 287 RERUM

300 345 492 372 convertendus
511 344 667 370 documenta
691 343 874 375 Apostolorum
895 342 938 367 de·
974 356 1008 361 ——
1027 343 1076 375 Qui
1096 342 1198 375 quaerit
1214 343 1325 374 gloriam
1340 342 1364 368 in
1384 343 1434 368 hoc
1454 342 1554 368 mundo
1567 342 1612 367 ini-

300 390 379 416 bebat
410 387 528 415 venerari
559 387 608 413 492
638 387 671 412 54
699 401 734 405 -
762 386 937 412 laudaverunt

299 434 447 461 Creatorem
468 439 516 464 pro
536 431 610 457 lsrael
631 430 683 457 495
702 431 736 456 62
755 444 791 452 -
809 430 937 456 moriente

299 478 409 509 Christo,
423 480 511 509 aperta
524 475 694 502 confessionis
707 482 771 501 voce
785 475 868 500 Deum
882 474 937 506 glo-

299 523 400 548 rificant
418 522 469 547 582
489 520 521 546 57

352 567 452 592 GERASA
471 579 506 583 —-
525 567 563 590 est
582 564 674 590 civitas
692 562 804 589 Arabiae
822 563 865 588 Vll
884 562 936 589 202

301 611 333 637 47
361 625 396 630 —
421 611 604 642 interpretatur
632 608 736 634 advena
766 610 792 633 et
816 607 937 638 designat

300 658 392 688 gentes
411 653 472 681 ibid.
491 667 527 673 --
545 653 682 683 Geraseni‚
701 652 789 678 audita
803 651 937 678 sanatione

299 698 475 730 daemoniaci,
499 700 661 730 rogaverunt
679 697 776 727 lesumy
804 698 833 721 ut
856 695 937 721 disce-

300 745 373 770 deret
400 743 434 769 ab
461 743 499 768 eis
524 743 574 767 206
595 741 628 766 64
652 755 687 760 -
712 740 809 766 Civitas
833 740 937 765 Gerasef

300 795 393 814 norum
414 795 466 813 non
491 786 589 818 recepit
611 787 694 811 lesum
718 785 750 810 vt
772 784 822 810 298
847 784 880 808 60
903 797 937 802 -

301 832 456 858 Prudentius
474 830 611 856 Gerasenis
640 830 755 857 fecerunt
783 827 937 853 Samaritani

301 877 342 903 Vll
363 877 413 902 207
434 875 466 901 64

353 921 515 946 Garnsemnt
533 932 568 938 -
587 920 642 944 erat
660 917 721 943 villa
741 917 766 942 in
787 919 874 942 monte
894 916 938 941 oli-

301 972 403 996 varum⁷
422 964 447 990 in
467 970 518 996 qua
538 966 594 988 erat
612 963 703 988 hortus
723 962 755 986 Vl
776 961 826 986 468
847 961 862 985 6

354 1009 463 1034 ῦιΑυιυε
481 1021 514 1026 -
534 1005 726 1032 dominantium
745 1008 783 1030 est
801 1005 892 1036 triplex
906 1004 937 1029 Vl

301 1055 352 1079 612
372 1053 387 1078 3
407 1066 442 1072 —
460 1051 543 1077 Gladii
563 1053 602 1076 est
621 1052 772 1082 penetrare,
787 1056 884 1080 secare,
898 1055 938 1074 oc-

301 1098 389 1124 cidere
407 1097 441 1123 ib.
460 1105 486 1122 v.
507 1097 535 1121 41
559 1110 594 1115 -
613 1095 741 1121 Iudicialis
764 1097 803 1120 est
821 1100 937 1119 exseren-

301 1143 351 1168 dus
371 1149 384 1167 a
404 1141 506 1167 Christo
526 1141 551 1166 in
571 1147 655 1172 genus
668 1141 821 1169 humanum,
834 1145 847 1163 a
862 1144 939 1169 prae-

301 1187 352 1212 lato
371 1187 396 1211 in
416 1185 566 1215 subditum,
586 1184 620 1209 ab
639 1184 746 1209 homine
765 1184 789 1208 in
808 1189 836 1208 se
849 1183 937 1214 ipsum

302 1230 335 1257 ib.
359 1231 374 1256 4
401 1244 436 1249 —
463 1230 529 1255 solet
556 1228 653 1260 portari
681 1235 696 1253 a
722 1227 938 1259 malignantibuS,

302 1274 486 1304 militantibus,
514 1272 710 1299 dominantibus
735 1271 767 1298 ib.
797 1280 822 1297 v.
853 1273 880 1297 44
905 1286 938 1290 --

302 1319 502 1351 malignantium
521 1321 560 1343 est
579 1318 670 1349 triplex
697 1316 757 1343 ibid.
778 1330 813 1335 —
832 1316 938 1342 militan-

303 1365 367 1390 tium
387 1366 426 1388 est
444 1363 536 1394 triplex
555 1361 588 1387 ib.
609 1363 624 1386 2

355 1421 390 1427 -
408 1407 512 1439 Triplex
531 1406 633 1438 gladius
645 1405 786 1437 spiritualis
800 1406 940 1437 pertransit

303 1452 417 1477 animam
436 1458 466 1477 ex
486 1450 694 1476 consideratione
719 1450 846 1481 passionis
869 1449 939 1476 Chri-

303 1497 335 1522 sti
355 1497 396 1522 Vll
417 1496 449 1521 62
469 1495 502 1520 79
525 1509 557 1513 -
576 1495 679 1520 Primus
698 1494 801 1526 gladius
820 1494 940 1526 spiritua-

303 1541 333 1566 lis
353 1543 391 1566 est
409 1539 572 1565 discretionis
600 1542 687 1564 rectae
715 1538 788 1570 fidei,
807 1538 940 1564 secundus

305 1584 471 1610 districtionis
499 1583 583 1609 severi
613 1579 709 1614 iudicii,
729 1582 819 1608 tertius
837 1582 941 1608 divisio-

306 1630 345 1655 nis
365 1628 472 1654 humani
492 1627 615 1653 desiderii
633 1626 696 1653 ibid.
716 1641 748 1645 —-
768 1627 871 1658 Triplex
891 1627 942 1658 gla-

303 1674 363 1699 dius
381 1673 491 1698 carnalis
510 1672 633 1703 rancoris,
653 1671 820 1697 detractionis
838 1674 864 1696 et
882 1672 940 1696 hae-

304 1718 369 1751 resis
399 1717 539 1749 fugiendus
567 1719 605 1742 est
624 1715 657 1743 ila,
677 1716 711 1741 80
739 1730 773 1733 —
801 1715 942 1747 spiritualis

305 1766 343 1788 εει
361 1762 489 1787 emendus
508 1760 570 1787 ibid.
589 1775 622 1780 -
636 1760 745 1786 carnalis
758 1763 797 1786 est
809 1760 942 1785 remitten-

305 1806 354 1832 dus
374 1806 398 1830 in
418 1805 541 1836 vaginam
560 1803 622 1831 ibid.

357 1864 392 1869 —-
411 1848 528 1875 Verbum
548 1849 593 1874 Dei
614 1851 781 1880 comparatur
799 1848 887 1881 gladio
908 1849 941 1874 Vl

305 1894 356 1920 225
375 1902 400 1919 v.
422 1894 453 1919 46
474 1907 508 1912 -
527 1893 656 1925 significat
675 1893 799 1919 iustitiam
814 1893 864 1918 598
885 1900 910 1918 v.
926 1893 940 1918 4

304 1952 339 1957 —
358 1939 405 1963 Per
425 1938 541 1969 gladium
571 1938 720 1969 intelligitur
738 1938 808 1963 zelus
827 1938 942 1963 veritatis

305 1983 347 2008 Vll
367 1983 418 2008 554
440 1982 471 2008 48
491 1996 526 2003 -—·
545 1983 592 2008 Per
604 1982 672 2008 duos
685 1982 786 2013 gladios
800 1982 942 2014 intelligun-

305 2030 346 2052 tur
364 2027 418 2052 duo
446 2029 598 2052 testamenta
628 2026 680 2052 555
699 2026 733 2051 50
751 2040 787 2045 —
806 2027 854 2051 Per
872 2026 940 2053 duos

305 2071 406 2103 gladios
426 2070 575 2102 intelligitur
594 2073 727 2096 armatura
752 2071 893 2103 spiritualis
917 2076 942 2096 et

304 2115 443 2140 materialis
467 2114 527 2141 ibid.
556 2128 591 2134 ·-
616 2115 756 2141 materialis
774 2118 814 2141 est
832 2122 880 2147 pro
899 2116 943 2141 Ec-

304 2160 391 2190 clesia,
410 2159 551 2191 spiritualis
579 2159 612 2185 ab
636 2166 667 2185 ea
696 2159 855 2185 exserendus
880 2158 941 2185 ibid.

303 2217 339 2224 —-
358 2203 496 2229 materialis
514 2203 673 2229 exserendus
686 2204 838 2230 auctoritate
857 2204 942 2229 Eccle-

304 2248 370 2279 siae,
390 2255 441 2274 non
461 2255 540 2273 manu
560 2248 594 2273 Vl
615 2248 661 2273 481
685 2248 720 2273 25

358 2306 393 2312 -
412 2292 571 2318 Poenitentia
599 2295 638 2317 est
663 2292 767 2324 gladius
795 2292 881 2318 carnis
909 2293 942 2318 Vl

304 2337 356 2362 565
376 2337 390 2362 3
412 2351 445 2355 -
464 2336 642 2368 praecingitur
655 2343 702 2368 per
715 2337 942 2363 mortificationem

305 2381 428 2413 propriae
452 2381 607 2407 carnalitatis
630 2381 675 2407 Vll
699 2381 750 2408 554
778 2381 809 2407 48
829 2396 864 2401 —
884 2376 942 2408 eva-

306 2426 409 2457 ginatur
427 2425 460 2451 ad
479 2425 692 2457 redargutionem
710 2426 867 2452 carnalitatis
886 2427 944 2452 alie-

305 2476 354 2495 nae
373 2468 434 2495 ibid.
454 2484 487 2487 —
507 2469 586 2495 dehet
610 2470 709 2495 assumi
734 2470 760 2495 in
778 2469 944 2496 tribulatione

305 2512 366 2539 ibid.
377 2527 412 2532 —
422 2514 589 2545 praelationis
600 2514 727 2539 tenendus
740 2521 802 2539 cum
815 2514 944 2546 doctrina,

305 2558 427 2583 virilitate
445 2560 471 2583 et
489 2557 651 2589 benignitate
670 2558 703 2583 Vl
723 2558 774 2584 578
795 2559 810 2584 5

359 2602 452 2627 Gtomx
465 2614 500 2620 —
512 2604 551 2627 est
570 2602 692 2634 frequens
709 2603 778 2627 sama
794 2609 855 2627 cum
868 2602 945 2628 laude

307 2646 340 2670 Vl
360 2646 410 2670 206
431 2653 456 2671 v.
477 2646 493 2670 9
512 2659 546 2664 -
566 2652 633 2671 vana
646 2649 794 2678 reputatur⁷
813 2653 866 2679 qua
885 2647 945 2679 quis

307 2697 335 2715 se
348 2690 435 2720 ipsum
455 2690 543 2715 laudat
555 2693 581 2715 et
599 2690 768 2716 commendat
787 2690 837 2715 370
857 2690 891 2716 78
910 2705 945 2709 -

308 2734 421 2759 humana
449 2739 516 2758 vana
538 2737 578 2759 est
598 2734 649 2759 347
669 2734 711 2759 76.
732 2734 782 2759 469
803 2735 818 2759 9
838 2749 872 2752 -
890 2735 946 2760 Filii

308 2778 443 2802 hominum
475 2778 613 2809 diligentes
644 2778 785 2803 vanitatem
817 2781 947 2811 quaerunt

310 2821 418 2852 gloriam
446 2822 536 2846 falsam
562 2822 612 2846 317
638 2822 672 2847 76
693 2836 725 2840 -
747 2822 883 2848 hominum
908 2826 947 2848 est

308 2865 415 2891 vitanda
435 2865 485 2890 469
506 2866 531 2891 9.
552 2865 595 2891 Vll
617 2866 666 2891 409
687 2867 720 2891 88
740 2881 774 2884 —
788 2866 881 2892 mundi
894 2874 946 2892 non

309 2909 481 2934 desideranda
508 2909 539 2934 Vl
567 2909 618 2935 340
647 2910 680 2935 78
699 2924 734 2929 -
755 2918 820 2936 vana
840 2911 946 2936 vitanda

309 2953 427 2985 exemplo
453 2953 547 2979 Christi
575 2953 621 2979 341
657 2955 699 2979 44.
727 2955 769 2979 Vll
789 2955 841 2980 407
859 2955 893 2981 75
912 2969 947 2974 -

309 3004 360 3022 non
380 3000 419 3022 est
436 2997 585 3030 quaerenda
605 2998 631 3023 in
651 2999 780 3029 praesenti
802 2999 831 3024 Vl
851 2999 902 3024 595
920 3000 934 3025 2

361 3055 396 3061 -—
415 3042 522 3073 propria
542 3049 592 3067 non
611 3043 811 3075 estquaerenda
833 3043 874 3068 Vll
895 3044 946 3070 208

309 3086 342 3110 68
362 3100 396 3103 -
416 3086 551 3118 Propriam
564 3086 674 3118 gloriam
687 3094 817 3119 quaerens
835 3088 947 3113 mendax

309 3133 348 3155 est
366 3130 479 3155 alienum
499 3130 549 3156 sibi
569 3131 720 3162 usurpando
741 3132 773 3157 Vl
793 3131 844 3157 343
865 3132 898 3157 23
913 3146 947 3150 —-

309 3174 416 3206 propria
435 3178 473 3200 cst
492 3175 575 3206 gloria
604 3182 685 3207 vana,
705 3176 778 3206 vilis,
806 3178 947 3202 momenta·

310 3224 358 3243 nea
373 3218 423 3244 572
438 3226 463 3243 ν.
479 3219 510 3243 118
524 3233 558 3237 —-
571 3219 685 3244 Gloriam
704 3220 847 3245 humanam
866 3227 948 3253 quae-

310 3268 368 3287 rere
387 3263 492 3288 stultum
513 3266 552 3288 est
571 3263 621 3289 422
636 3264 669 3289 62
685 3278 717 3281 -
731 3264 804 3289 Vane
818 3264 947 3295 gloriosus

309 3306 343 3331 de
362 3313 390 3331 se
409 3306 466 3338 ipso
485 3307 600 3339 loquitur
620 3307 669 3333 423
689 3308 722 3333 68

362 3363 397 3369 -
416 3357 478 3376 vcra
497 3358 511 3376 a
531 3352 586 3377 solo
603 3352 656 3377 Deo
676 3355 714 3377 est
734 3352 767 3377 Vl
788 3352 838 3377 317
858 3352 892 3378 76
914 3367 947 3371 -

310 3388 358 3426 Qui
378 3394 487 3426 gloriam
501 3396 599 3427 appetit
619 3396 672 3421 Deo
687 3396 782 3422 resistit
802 3397 844 3422 Vll
864 3396 892 3423 54
912 3397 946 3422 30

973 386 1084 412 micatur
1103 386 1157 412 Deo
1178 386 1228 412 486
1249 386 1282 412 40

1027 445 1061 449 -
1074 431 1163 456 Melior
1181 434 1220 457 est
1238 430 1365 462 sapientia
1377 437 1437 456 cum
1455 424 1540 462 vparva
1560 430 1612 462 glo-

973 474 1011 500 ria
1042 481 1123 507 quam
1158 475 1264 500 stultitia
1300 481 1359 500 cum
1394 481 1491 506 magna
1529 474 1611 506 gloria

974 518 1007 544 Vl
1031 518 1066 543 79
1093 526 1118 543 v.
1138 519 1148 543 4
1172 532 1207 538 --
1236 519 1365 544 honorum
1390 518 1558 549 redarguitur
1586 518 1611 543 in

973 561 1069 593 verbo,
1091 562 1118 588 in
1136 562 1222 588 officio
1248 566 1273 588 et
1292 563 1317 588 in
1340 562 1417 594 signo
1442 563 1487 588 Vll
1506 562 1556 587 519
1577 561 1611 587 54

973 620 1009 626 —-
1027 607 1077 639 Qui
1096 607 1130 632 de
1157 607 1240 638 gloria
1268 614 1322 632 non
1351 610 1425 632 curat
1456 614 1507 632 non
1535 606 1612 632 sentit

973 651 1158 676 contumeliam
1180 651 1210 676 Vl
1232 651 1282 676 367
1302 650 1335 676 67

1026 708 1062 714 —
1081 695 1135 721 Deo
1159 695 1245 722 omnis
1269 695 1352 727 gloria
1371 695 1483 721 debetur
1507 695 1540 720 Vl
1560 694 1611 720 343

974 739 1007 765 23
1026 753 1063 759 —-
1082 740 1164 765 Deum
1178 740 1313 765 clarificari
1330 739 1364 765 ab
1384 740 1490 765 homine
1509 746 1561 765 non
1575 742 1613 765 est

974 784 1085 815 gloriam
1105 784 1219 816 aliquam
1245 783 1278 809 ab
1297 784 1404 809 homine
1432 783 1481 809 sibi
1506 784 1563 809 dari
1589 786 1614 809 et

974 827 1065 859 augeri
1087 828 1137 853 318
1162 828 1195 853 80
1218 842 1253 864 χ-
1276 828 1345 853 Deus
1369 831 1477 859 propter
1502 828 1613 860 gloriam

973 879 1048 898 suam
1063 879 1114 897 non
1128 872 1229 904 indiget
1246 871 1323 898 bonis
1342 872 1437 897 nostris
1456 872 1508 897 375
1528 872 1562 897 45
1579 886 1614 891 ——-

976 916 1022 942 Dei
1040 919 1079 941 est
1098 916 1202 942 divinae
1220 916 1322 942 virtutis
1342 916 1495 948 magnitudo
1509 916 1559 942 403
1580 917 1613 942 53

1028 975 1063 979 -
1082 961 1183 992 Negare
1202 961 1274 993 quod
1294 961 1415 992 accepisti
1435 967 1487 985 non
1506 964 1546 986 est
1559 961 1615 991 glo-

975 1004 1042 1030 riam
1062 1004 1125 1030 dare
1143 1005 1207 1030 *Deo
1226 1005 1260 1030 Vl
1289 1004 1339 1029 378
1369 1005 1403 1030 30
1422 1017 1458 1023 —
1477 1004 1543 1030 Dare
1562 1005 1615 1035 glo-

975 1048 1041 1073 riam
1061 1049 1115 1073 Deo
1128 1051 1168 1074 est
1186 1048 1324 1074 veritatem
1337 1048 1371 1073 de
1383 1048 1472 1080 aliquo
1484 1048 1615 1080 confiteri,

975 1093 1051 1125 quasi
1071 1093 1124 1118 Deo
1144 1095 1280 1124 praesente
1298 1091 1361 1118 ibid.
1379 1106 1414 1111 —
1433 1092 1557 1118 Confusio
1571 1092 1615 1118 mi·

975 1144 1057 1162 nuens
1077 1137 1188 1168 gloriam
1208 1137 1253 1162 Dei
1274 1139 1381 1169 propter
1400 1139 1515 1162 nostram
1533 1137 1616 1163 addu-

975 1181 1009 1207 cit
1029 1184 1140 1206 mortem
1160 1180 1211 1206 374
1233 1181 1260 1206 44
1284 1195 1319 1199 --
1344 1180 1469 1207 Confusio
1495 1181 1615 1206 minuens

975 1228 1091 1250 nostram
1111 1225 1221 1257 gloriam
1241 1225 1275 1251 ad
1295 1225 1410 1250 divinam
1431 1225 1540 1256 gloriam
1560 1232 1615 1251 ma-

975 1269 1148 1295 nifestandam
1162 1269 1270 1295 adducit
1282 1269 1363 1294 vitam
1378 1268 1439 1296 ibid.
1452 1283 1488 1289 —
1500 1269 1547 1295 Dei
1561 1276 1615 1295 ma-

975 1315 1109 1340 nifestatur
1129 1321 1176 1346 per
1197 1321 1294 1346 poenas
1321 1314 1372 1339 375
1394 1314 1426 1339 15
1445 1329 1480 1332 -
1500 1315 1615 1346 Uterque

976 1366 1052 1385 sexus
1071 1362 1177 1384 curatus
1202 1362 1241 1384 est
1260 1366 1274 1384 a
1301 1358 1403 1384 Christo
1422 1358 1456 1384 ad
1480 1359 1615 1384 ostenden-

976 1404 1037 1430 dam
1058 1403 1168 1435 gloriam
1188 1403 1234 1429 Dei
1254 1404 1297 1428 Vll
1318 1404 1368 1428 408
1389 1403 1421 1428 80
1435 1417 1470 1422 -
1484 1403 1531 1429 Per
1548 1410 1616 1435 opus

976 1449 1108 1480 potentiae
1136 1448 1264 1473 Dominus
1298 1448 1472 1473 manifestavit
1504 1448 1615 1480 gloriam

977 1500 1053 1518 suam
1073 1492 1125 1518 395
1145 1493 1161 1518 5

1030 1551 1066 1556 —
1090 1540 1129 1563 est
1155 1536 1254 1563 bonnm
1283 1540 1417 1562 aeternum
1442 1536 1554 1563 sublime
1582 1537 1615 1562 Vl

978 1581 1024 1606 244
1057 1580 1073 1606 7
1102 1595 1137 1600 -
1165 1581 1204 1607 Ad
1235 1581 1489 1607 consummationem
1519 1581 1617 1613 gloriae

979 1622 1111 1652 concurrit
1130 1626 1243 1657 perfecta
1262 1626 1352 1651 notitia
1366 1631 1391 1651 et
1409 1627 1522 1658 perfecta
1541 1632 1616 1652 reve-

979 1669 1060 1695 rentia
1080 1670 1123 1695 Vll
1144 1669 1194 1695 279
1213 1669 1229 1695 7
1250 1684 1283 1688 ——
1302 1672 1341 1695 est
1360 1677 1406 1702 per
1426 1670 1554 1696 visionem
1575 1671 1618 1696 Di·

978 1714 1093 1740 vinitatis
1112 1714 1145 1740 Vl
1168 1713 1218 1739 476
1233 1713 1265 1739 43
1284 1727 1320 1732 --
1338 1717 1442 1740 aeterna
1461 1715 1578 1740 consistit
1591 1715 1617 1740 in

979 1759 1127 1791 cognitione
1154 1758 1300 1784 Divinitatis
1332 1758 1378 1783 149
1407 1766 1434 1784 v.
1463 1760 1496 1784 20
1524 1773 1559 1778 -
1582 1759 1618 1785 di-

979 1803 1045 1829 citur
1064 1803 1116 1829 vita
1136 1805 1240 1828 aeterna
1263 1803 1305 1828 Vll
1327 1802 1378 1828 467
1406 1802 1440 1828 57
1459 1817 1494 1822 -
1513 1803 1617 1829 Minima

979 1848 1062 1880 gloria
1082 1847 1155 1879 regni
1184 1847 1302 1873 caelestis
1331 1847 1413 1872 maior
1441 1850 1479 1873 est
1505 1848 1617 1873 maxima

979 1892 1058 1918 huius
1077 1892 1170 1918 mundi
1190 1892 1222 1917 Vl
1247 1892 1298 1917 223
1324 1899 1350 1917 v.
1367 1892 1400 1916 20
1424 1905 1460 1910 ——
1485 1892 1543 1918 Vita
1566 1893 1618 1923 glo-

979 1936 1034 1961 riae
1052 1936 1147 1962 dicitur
1166 1935 1304 1961 abundans
1324 1936 1375 1961 385
1396 1936 1428 1961 42
1443 1937 1516 1961 —ln
1536 1936 1618 1967 gloria

979 1984 1085 2006 aeterna
1104 1982 1163 2006 sunt
1192 1980 1307 2006 thesauri
1335 1980 1548 2016 incorruptibiles
1575 1981 1617 2007 Vll

980 2025 1030 2050 463
1053 2024 1080 2050 41
1106 2039 1139 2043 -
1161 2025 1187 2050 ln
1206 2025 1288 2056 gloria
1318 2024 1435 2056 aperitur
1460 2026 1517 2051 fons
1542 2025 1619 2058 spiri-

979 2069 1056 2096 tualis
1076 2069 1187 2095 laetitiae
1206 2070 1239 2095 Vl
1259 2069 1311 2096 555
1330 2071 1345 2095 2

1032 2128 1068 2133 ——
1092 2117 1197 2139 aeterna
1221 2117 1260 2140 est
1284 2115 1433 2146 praemium
1458 2114 1618 2147 promissum

979 2158 1151 2191 sequentibus
1175 2158 1307 2185 Christum
1333 2159 1365 2186 Vl
1392 2159 1444 2185 585
1469 2159 1501 2195 40
1526 2173 1562 2178 -
1580 2161 1619 2185 εει

980 2203 1075 2229 iustitia
1090 2206 1270 2229 consummata
1286 2203 1336 2229 468
1356 2201 1373 2228 5
1385 2219 1420 2222 -
1434 2204 1552 2230 Meritum
1567 2204 1618 2236 glo-

980 2248 1033 2274 riae
1052 2250 1091 2273 est
1111 2250 1210 2273 fructus
1229 2247 1412 2274 observantiae
1435 2249 1618 2274 mandatorum

980 2293 1031 2318 604
1052 2292 1067 2318 4
1086 2307 1122 2311 —
1141 2293 1203 2318 Sors
1214 2292 1344 2318 iustorum
1357 2295 1397 2318 est
1415 2293 1501 2325 portio
1520 2293 1620 2325 gloriae

981 2337 1031 2363 439
1061 2344 1087 2363 v.
1116 2337 1131 2362 5
1156 2350 1192 2356 —
1216 2337 1333 2369 Tempus
1362 2337 1460 2369 gloriae
1487 2340 1526 2368 est
1553 2338 1621 2364 sicut

981 2383 1080 2407 fructus
1104 2384 1225 2413 respectu
1251 2381 1377 2413 temporis
1396 2377 1495 2413 gratiae
1514 2382 1565 2407 300
1585 2383 1619 2407 68

1035 2440 1069 2444 -
1088 2426 1116 2451 ln
1129 2418 1211 2457 gloria
1231 2428 1270 2451 est
1282 2425 1372 2458 dispar
1391 2426 1493 2452 claritas
1517 2430 1543 2452 et
1559 2434 1620 2458 gau-

981 2470 1054 2496 dium
1068 2477 1211 2496 commune
1232 2470 1263 2495 Vl
1276 2469 1326 2495 467
1347 2470 1380 2495 46
1399 2484 1434 2489 -
1453 2471 1512 2496 Sola
1531 2471 1620 2497 divina

982 2514 1063 2546 gloria
1083 2514 1215 2540 acceditur
1234 2514 1268 2540 ad
1287 2514 1404 2539 divinam
1429 2515 1513 2540 lucem
1534 2514 1567 2540 ib.
1588 2515 1620 2540 47

980 2573 1016 2577 —
1030 2559 1058 2586 ln
1071 2558 1153 2590 gloria
1167 2561 1272 2583 aeterna
1286 2558 1397 2584 habetur
1410 2558 1555 2585 sublimitas
1578 2560 1622 2584 ho-

981 2603 1067 2633 noris,
1089 2603 1220 2634 possessio
1240 2603 1402 2634 hereditatis,
1423 2602 1512 2628 lumen
1533 2603 1622 2628 iucun-

982 2646 1083 2677 ditatis,
1102 2646 1227 2672 securitas
1245 2647 1402 2672 aeternitatis
1423 2647 1474 2672 585
1496 2648 1527 2672 40

1035 2705 1070 2708 —-
1090 2691 1115 2715 ln
1129 2691 1209 2722 gloria
1224 2691 1312 2722 plures
1325 2694 1385 2716 sunt
1404 2692 1552 2716 mansiones
1570 2691 1620 2716 iam

963 2738 1090 2766 ‚paratae
1118 2735 1264 2760 secundum
1290 2735 1442 2761 electionem
1471 2739 1620 2767 aeternam,

982 2778 1031 2804 sed
1051 2779 1182 2809 parandae
1201 2779 1288 2805 adhuc
1307 2780 1453 2805 secundum
1478 2780 1568 2805 merita
1589 2780 1621 2804 Vl

984 2823 1035 2848 436
1057 2823 1080 2853 4,
1100 2824 1115 2847 2
1135 2836 1170 2842 -
1189 2823 1229 2848 Ad
1248 2823 1353 2854 nuptias
1375 2824 1472 2855 gloriae
1498 2823 1622 2849 invitatur

984 2867 1085 2897 anima,
1106 2869 1134 2892 ut
1154 2866 1188 2891 ibi
1208 2870 1347 2892 coronetur
1367 2867 1417 2892 546
1438 2867 1479 2898 40,
1497 2868 1526 2892 12
1540 2881 1575 2886 -
1594 2869 1621 2893 ln

984 2911 1081 2943 nuptiis
1095 2911 1193 2942 gloriae
1206 2912 1353 2936 cavendum
1372 2915 1423 2942 est,
1437 2918 1470 2936 nc
1484 2912 1569 2937 anima
1587 2912 1622 2937 in-

985 2955 1104 2981 veniatur
1113 2955 1194 2986 digua
1204 2955 1294 2986 repelli
1304 2962 1317 2980 a
1329 2956 1432 2981 caelesti
1442 2956 1537 2987 palatio
1545 2954 1577 2982 ib.
1589 2956 1621 2981 42

1037 3014 1072 3018 -
1091 2998 1209 3026 Christus
1227 2999 1352 3024 certificat
1364 2999 1398 3025 de
1417 3000 1557 3031 adeptione
1570 3000 1623 3031 glo·

983 3044 1038 3069 riae
1058 3043 1090 3069 Vl
1111 3043 1162 3069 574
1182 3043 1197 3068 6
1217 3057 1251 3062 -
1267 3043 1392 3069 Voluntas
1418 3043 1511 3069 Christi
1532 3043 1622 3069 tribuit

984 3088 1064 3113 vitam
1085 3087 1184 3119 gloriae
1209 3087 1259 3112 626
1279 3094 1305 3112 v.
1331 3088 1364 3112 22
1384 3101 1419 3107 -
1438 3079 1565 3114 Christus
1579 3088 1623 3114 dat

984 3132 1064 3158 vitam
1085 3132 1184 3163 gloriae
1204 3131 1255 3156 330
1274 3130 1322 3163 72,
1341 3131 1389 3163 74,
1409 3131 1442 3157 76
1462 3145 1497 3151 ——
1516 3133 1553 3158 De
1572 3133 1624 3164 ple-

984 3176 1102 3202 nitudine
1117 3176 1219 3208 gloriae
1247 3174 1340 3201 Christi
1369 3176 1520 3207 accepimus
1549 3183 1624 3208 prae-

984 3211 1067 3246 mium
1086 3222 1206 3245 aeternae
1225 3219 1403 3245 retributionis
1422 3220 1473 3246 539
1494 3221 1510 3245 6
1530 3234 1564 3239 --
1583 3227 1623 3246 re-

985 3264 1131 3290 tributionis
1149 3263 1275 3295 adimplet
1293 3263 1454 3289 desiderium
1473 3263 1536 3290 ibid.
1549 3265 1623 3290 —ln

984 3309 1068 3341 gloria
1087 3307 1192 3334 dabitur
1211 3314 1260 3339 pax
1282 3307 1331 3333 444
1352 3308 1380 3333 41

1036 3366 1072 3372 -
1091 3352 1208 3378 caelestis
1228 3351 1338 3377 habetur
1357 3359 1387 3378 cx
1413 3352 1623 3384 concupiscentia

983 3397 1126 3429 sapientiae
1146 3396 1178 3421 Vl
1193 3396 1242 3422 449
1257 3403 1284 3422 v.
1304 3396 1334 3421 47
1349 3410 1383 3415 -
1400 3397 1447 3422 Ρει·
1466 3396 1623 3428 sapientiam

1930 298 1997 324 ΕΒΑ

1650 340 1760 368 habetur
1779 341 1960 367 immortalitas
1979 342 2076 374 gloriae
2095 342 2120 368 in
2139 343 2211 369 caelo
2235 343 2285 368 464

1649 392 1675 410 v.
1696 385 1728 410 43
1747 398 1783 404 -
1801 385 1933 417 Sapientia
1953 386 2022 412 utilis
2046 389 2085 412 est
2103 387 2137 413 ad
2161 393 2287 419 augmen·

1649 432 1704 455 tum
1718 429 1817 461 gloriae
1830 430 1863 454 26
1882 437 1910 462 q.
1928 431 1943 455 2
1956 443 1992 449 —·
2004 431 2052 456 Per
2070 430 2286 462 glorificationem

1649 473 1717 500 Deus
1736 473 1781 500 dat
1799 473 1881 499 vitam
1894 476 2035 507 aeternam,
2047 474 2097 500 468
2119 474 2134 499 4
2153 489 2187 493 —
2207 475 2287 507 Spiri-

1649 519 1690 542 tus
1708 520 1813 543 sanctus
1833 517 1892 543 facit
1911 524 1959 543 nos
1977 518 2144 544 considerare
2164 518 2287 545 circuitus

1648 561 1748 593 gloriae
1768 561 1800 586 43
1820 568 1846 586 v.
1865 561 1881 586 7
1900 576 1935 580 —-
1954 561 2035 588 Cibus
2053 563 2192 588 aeternalis
2212 562 2288 589 nobis

1650 605 1809 631 ministratur
1829 605 1855 630 in
1875 612 1964 631 mensa
1983 606 2082 637 gloriae
2101 606 2152 632 555
2171 614 2199 632 v.
2218 607 2233 632 8
2253 621 2288 626 -

1650 650 1675 675 ln
1695 649 1778 681 gloria
1797 656 1811 674 a
1832 650 1885 675 Deo
1904 653 2010 675 curatur
2032 650 2137 677 miseria
2156 653 2182 676 et
2201 650 2288 677 tribui-

1649 696 1691 719 tur
1711 693 1817 719 felicitas
1836 694 1888 718 608
1908 694 1924 719 3
1943 708 1976 712 -
1996 694 2066 723 Deus
2084 694 2110 719 in
2126 694 2210 726 gloria
2222 695 2289 721 exal-

1650 740 1698 770 tat⁷
1717 744 1778 763 cum
1798 737 1832 764 de
1851 738 1955 763 miseria
1968 738 2002 764 ad
2021 745 2133 770 regnum
2146 741 2223 764 vocat
2236 739 2288 765 595

1651 783 1667 809 2
1685 795 1721 801 --
1740 783 1767 808 ln
1787 782 1870 813 gloria
1889 782 1997 814 spiritus
2012 782 2080 808 rcdit
2097 783 2131 809 ad
2150 783 2234 809 Deum
2254 783 2288 809 97

1650 834 1678 852 v.
1699 827 1715 851 7
1734 840 1769 845 —
1787 827 1915 852 Dominus
1927 833 1975 859 per
1988 826 2098 858 gloriam
2112 827 2222 859 accipiet
2240 835 2289 854 nos

1651 871 1685 896 ad
1704 871 1875 903 semetipsum
1896 871 1946 896 436
1961 871 1977 896 3
1989 885 2025 903 -,
2045 872 2072 897 ln
2092 871 2174 903 gloria
2192 872 2290 899 similes

1651 915 1750 941 erimus
1763 915 1868 947 Angelis
1881 916 1925 941 Vll
1938 915 1991 940 515
2005 915 2037 941 42
2050 930 2085 934 -
2098 917 2125 941 ln
2137 916 2180 941 die
2190 916 2289 948 gloriae

1651 959 1725 986 electi
1744 960 1831 985 omnia
1850 959 1978 985 videbunt
1996 960 2065 985 clare
2084 960 2116 985 Vl
2137 959 2187 985 463
2208 960 2240 986 34

1704 1017 1740 1023 -
1757 1003 1951 1035 desiderabilis,
1976 1005 2038 1037 quia
2058 1005 2181 1038 delectat,
2200 1005 2289 1036 satiat,

1651 1047 1769 1073 vivificat
1787 1048 1820 1073 vt
1845 1048 1896 1074 627
1922 1048 1950 1073 41
1973 1062 2009 1068 —-
2028 1049 2168 1081 Templum
2191 1050 2289 1081 gloriae

1652 1095 1690 1117 est
1704 1091 1877 1118 desiderabile
1889 1093 2102 1125 recordantibus,
2120 1097 2159 1120 est
2171 1094 2290 1121 mirabile

1651 1137 1897 1169 contemplantibus,
1912 1137 2063 1164 delectabile
2074 1138 2228 1164 intrantibus
2238 1139 2289 1166 548

1652 1181 1668 1206 3
1681 1194 1716 1200 -
1729 1181 1789 1206 Dies
1808 1181 1906 1212 gloriae
1925 1184 1964 1207 est
1981 1182 2163 1209 desiderabilis
2181 1183 2225 1209 Vll
2239 1183 2289 1209 438

1653 1225 1686 1250 39
1707 1239 1741 1243 —
1765 1225 1929 1251 desideratur
1953 1225 1987 1251 ab
2006 1226 2155 1252 amantibus
2179 1227 2213 1253 Vl
2238 1227 2290 1253 529

1652 1270 1685 1295 53
1706 1284 1741 1299 τ-
1761 1269 1788 1295 ln
1801 1270 1883 1301 gloria
1903 1273 1942 1296 est
1960 1270 2016 1295 sitis
2034 1270 2072 1296 rei
2085 1272 2200 1302 perfecte
2219 1270 2289 1298 habi-

1653 1317 1706 1345 tae,
1725 1317 1754 1340 ut
1773 1314 1938 1340 continuetur
1957 1315 2007 1340 293
2028 1314 2061 1340 27
2080 1329 2116 1334 -
2135 1316 2243 1348 Propter
2256 1317 2291 1342 fu-

1653 1361 1726 1384 turae
1739 1358 1837 1390 gloriae
1850 1358 2000 1384 dilationem
2013 1359 2100 1385 taedet
2110 1360 2243 1386 hominem
2255 1360 2291 1386 iti-

1652 1403 1722 1428 neris
1732 1406 1757 1428 et
1766 1402 1863 1428 laboris
1876 1403 1910 1428 25
1924 1411 1951 1429 v.
1964 1404 1997 1428 47
2007 1404 2137 1429 —Homo
2150 1405 2292 1430 memorari

1653 1446 1732 1473 debet
1750 1447 1863 1479 gloriae,
1882 1450 1910 1473 ut
1923 1451 2010 1479 speret
2023 1451 2048 1473 et
2061 1448 2175 1480 gaudeat
2187 1449 2216 1474 91
2235 1456 2260 1474 v.
2275 1450 2290 1474 8

1705 1507 1740 1510 —
1759 1498 1811 1517 una
1831 1491 1942 1517 debetur
1960 1491 2083 1518 omnibus
2100 1492 2242 1519 virtutibus
2258 1494 2291 1519 vl

1654 1537 1687 1562 80
1707 1544 1734 1569 q.
1753 1550 1788 1556 —
1807 1536 1862 1562 Non
1881 1537 2034 1568 pervenitur
2057 1537 2090 1562 ad
2113 1537 2223 1569 gloriam
2242 1537 2292 1563 nisi

1653 1588 1701 1612 per
1720 1580 1850 1606 actionem
1870 1579 1981 1612 bonam,
2005 1581 2228 1613 praedicationem
2247 1589 2293 1607 ve-

1653 1632 1710 1651 ram
1730 1628 1755 1651 et
1783 1625 2028 1657 contemplationem
2057 1626 2222 1659 tranquillam
2251 1627 2292 1652 Vll

1654 1670 1705 1695 350
1726 1669 1759 1695 50
1778 1683 1814 1689 -
1833 1670 1861 1695 ln
1888 1672 1977 1695 monte
2001 1670 2101 1701 gloriae
2124 1674 2294 1697 assumuntur

1654 1714 1865 1746 contemplativi,
1884 1714 1974 1746 activi,
2003 1715 2164 1746 poenitentes
2184 1715 2215 1740 Vl
2241 1715 2292 1741 592

1654 1766 1680 1784 v.
1694 1759 1710 1785 5
1728 1772 1764 1778 -
1782 1766 1835 1786 non
1854 1759 1931 1784 datur
1944 1758 1993 1784 nisi
2006 1759 2174 1785 credentibus
2188 1760 2238 1785 288
2259 1759 2292 1785 59

1707 1818 1743 1822 --
1762 1804 1800 1829 Ad
1821 1803 1931 1835 gloriam
1951 1803 2071 1835 perducit
2089 1804 2178 1830 notitia
2200 1803 2294 1830 Christi

1655 1848 1688 1874 Vl
1708 1848 1755 1874 241
1779 1848 1795 1873 7
1815 1862 1850 1867 -
1876 1848 1945 1874 Deus
1963 1848 2091 1880 promittit
2116 1849 2227 1880 gloriam
2245 1848 2295 1875 sibi

1655 1892 1831 1919 servientibus
1843 1892 1894 1919 576
1915 1892 1930 1918 9
1949 1907 1984 1911 —
2003 1893 2086 1919 Deum
2107 1892 2235 1919 videbunt
2248 1900 2295 1925 per

1656 1937 1766 1968 gloriam
1780 1937 1825 1970 qui
1845 1937 1925 1963 modo
1939 1940 2102 1969 cognoscunt
2118 1944 2165 1969 per
2183 1937 2295 1969 gratiam

1657 1981 1708 2007 476
1728 1981 1761 2008 44
1780 1995 1816 2001 —
1835 1982 1861 2007 ln
1881 1982 1962 2013 gloria
1982 1982 2053 2007 Beati
2072 1985 2133 2007 sunt
2148 1988 2208 2008 cum
2222 1981 2295 2008 Chri-

1655 2028 1695 2051 sto
1714 2032 1761 2057 per
1785 2026 1925 2057 gloriosam
1950 2025 2170 2052 cohabitationem
2199 2025 2233 2053 ib.
2261 2026 2294 2052 43

1655 2084 1690 2088 —-
1709 2070 1865 2095 Glorificatio
1884 2071 1960 2102 plena
1983 2071 2031 2097 erit
2050 2074 2109 2103 post
2132 2077 2296 2097 consumma-

1656 2114 1753 2140 tionem
1778 2114 1908 2146 passion-is
1935 2115 1963 2140 in
1991 2121 2102 2147 corpore
2130 2114 2224 2142 Christi
2252 2116 2296 2141 Vll

1658 2158 1708 2184 440
1728 2158 1761 2184 44
1781 2172 1816 2177 --
1834 2159 1944 2185 Fructus
1957 2159 2079 2192 veniendi
2097 2160 2132 2186 ad
2154 2160 2238 2186 Deum
2257 2163 2296 2186 est

1657 2202 1791 2235 perceptio
1811 2203 1909 2235 gloriae
1928 2203 2031 2238 vl1562
2050 2211 2077 2230 v.
2097 2204 2129 2229 40
2149 2218 2184 2223 —
2202 2204 2295 2231 Auster

1656 2247 1702 2273 dat
1720 2247 1864 2279 intelligere
1881 2250 1977 2273 statum
1997 2248 2096 2279 gloriae
2110 2249 2142 2273 88
2162 2256 2190 2275 v.
2209 2249 2224 2274 3

1710 2306 1746 2310 -
1775 2292 1840 2317 Utile
1861 2294 1902 2317 est
1922 2298 2050 2325 quaerere
2074 2292 2184 2318 modum
2206 2300 2297 2325 perve-

1657 2336 1744 2362 niendi
1758 2336 1791 2362 ad
1805 2336 1886 2362 vitam
1900 2336 1998 2368 gloriae
2013 2336 2044 2361 Vl
2058 2336 2091 2361 52
2105 2344 2132 2362 v.
2145 2337 2160 2362 8
2174 2351 2209 2355 ——-
2220 2337 2296 2364 datur

1658 2381 1775 2413 parvulis
1785 2383 1809 2407 et
1819 2381 1909 2412 pueris
1920 2380 2062 2407 humilibus
2072 2383 2097 2406 et
2107 2381 2180 2413 puris
2190 2381 2233 2407 Vll
2245 2381 2295 2408 460

1658 2426 1691 2451 32
1712 2440 1746 2443 -
1758 2425 1920 2451 Recedentes
1939 2432 1954 2450 a
1967 2424 2069 2451 Christo
2082 2426 2205 2451 amittunt
2223 2433 2296 2458 prae-

1659 2470 1741 2495 mium
1761 2469 1860 2501 gloriae
1880 2470 1910 2495 Vl
1925 2469 1975 2495 569
1996 2469 2012 2495 5
2031 2483 2067 2488 -
2083 2470 2165 2502 impio
2184 2477 2236 2498 non
2249 2470 2298 2496 erit

1658 2513 1758 2540 bonum
1772 2514 1871 2545 gloriae
1890 2514 1923 2540 68
1937 2521 1964 2539 v.
1985 2514 2016 2539 43
2027 2527 2062 2533 -
2075 2515 2160 2540 Homo
2173 2514 2198 2540 in
2213 2517 2297 2540 morte

1658 2558 1832 2584 introducitur
1844 2559 1870 2584 in
1883 2558 1993 2590 gloriam
2010 2559 2044 2583 89
2058 2566 2084 2584 v.
2104 2559 2118 2584 3
2130 2573 2165 2577 -—
2177 2559 2226 2585 erit
2238 2562 2298 2591 post

1659 2602 1785 2628 iudicium
1806 2602 1839 2628 97
1859 2610 1885 2628 v.
1904 2602 1919 2627 7
1939 2616 1974 2622 —-
1992 2603 2013 2628 Α
2032 2603 2114 2635 gloria
2134 2604 2212 2629 homo
2234 2610 2298 2629 nun-

1659 2653 1739 2678 quam
1759 2647 1855 2678 poterit
1878 2646 2009 2672 dimoveri
2034 2647 2067 2672 89
2093 2654 2119 2672 v.
2139 2647 2154 2672 3
2173 2661 2209 2666 -
2227 2647 2297 2673 Deus

1659 2691 1685 2716 in
1706 2691 1792 2715 futuro
1812 2693 1922 2722 apparet
1941 2697 1987 2721 per
2007 2691 2116 2722 gloriam
2138 2691 2188 2717 442
2208 2699 2234 2717 v.
2254 2693 2269 2717 2

1711 2735 1844 2760 Goion-tux
1863 2748 1898 2753 —
1916 2737 1955 2760 est
1974 2735 2046 2760 locus
2065 2735 2242 2762 decollationis
2264 2736 2297 2762 Vl

1660 2778 1710 2804 496
1732 2779 1764 2803 29

1712 2823 1823 2848 (ΞοιιΑτιι
1845 2836 1879 2841 -
1904 2823 2052 2849 interfectus
2077 2824 2185 2855 proprio
2209 2824 2296 2856 gladio

1659 2867 1790 2899 significat
1809 2866 1945 2893 diabolum
1967 2867 1997 2892 Vl
2019 2868 2070 2893 642
2090 2874 2117 2893 v.
2139 2868 2165 2893 14

1713 2912 1851 2937 Cusanum
1866 2925 1898 2929 —
1911 2914 1951 2937 est
1963 2912 2044 2937 lectus
2062 2919 2210 2944 pauperum
2230 2913 2298 2938 inflr-

1661 2962 1765 2981 morum
1786 2956 1830 2981 Vll
1845 2956 1894 2981 426
1909 2955 1943 2981 53
1957 2970 1990 2974 --
2005 2956 2099 2982 dicitur
2112 2963 2125 2981 a
2140 2956 2222 2988 graba
2235 2955 2298 2982 ibid.

1714 3000 1808 3026 Gattaei
1827 3013 1863 3019 --
1882 3000 1984 3031 dicunt,
2003 3000 2076 3033 quod
2099 2999 2217 3026 Christus
2236 3001 2299 3026 cele-

1661 3043 1748 3069 bravit
1760 3045 1843 3075 phase
1855 3048 1916 3070 ante
1933 3048 2053 3077 quartam
2066 3044 2196 3070 decimam
2209 3044 2296 3070 lunam

1662 3088 1694 3114 Vl
1725 3088 1775 3113 487
1795 3088 1838 3114 59.
1857 3088 1900 3114 Vll
1921 3088 1971 3114 542
1993 3089 2026 3114 40
2046 3102 2079 3107 -
2098 3088 2206 3119 dicunt,
2225 3088 2295 3121 quod

1661 3132 1778 3158 Christus
1797 3132 1907 3158 confecit
1924 3132 1957 3158 de
1970 3133 2123 3158 fermentato
2143 3132 2186 3158 Vll
2200 3132 2250 3158 542
2265 3133 2297 3158 40

1660 3189 1695 3195 -
1727 3177 1862 3208 falluntur,
1890 3176 1952 3212 quia
1981 3176 2173 3208 compelluntur
2196 3176 2298 3207 dicere,

1662 3220 1841 3252 Evangelistas
1859 3220 1956 3246 dixisse
1975 3220 2066 3247 falsum
2087 3219 2148 3247 ibid.
2164 3234 2198 3240 —
2212 3225 2298 3246 errant

1661 3265 1695 3290 de
1714 3264 1882 3296 processione
1901 3264 2013 3296 Spiritus
2031 3265 2112 3290 sancti
2132 3265 2165 3291 Vl
2186 3264 2231 3290 461
2256 3264 2289 3290 26

1714 3323 1750 3326 -
1768 3311 1957 3334 convertuntur
1970 3315 2017 3340 per
2030 3308 2187 3334 documenta
2199 3308 2299 3340 sapien-

1660 3353 1711 3378 tiae
1730 3353 1763 3378 Yl
1784 3352 1835 3378 475
1854 3353 1887 3378 38
1907 3365 1942 3371 —
1960 3352 2051 3378 Graeci
2070 3355 2131 3379 sunt
2144 3352 2228 3384 magis
2246 3352 2299 3378 elo-

1661 3400 1770 3429 quentes
1789 3403 1868 3429 quam
1888 3395 1999 3422 Hebraei
2017 3396 2066 3421 409
2087 3396 2102 3421 9
