2476 3921
26 615 62 637 etit
69 614 152 636 devote.

20 726 57 743 ’,11111
70 719 154 742 deside-

17 897 18 911 ,
37 880 87 902 Cum
101 885 147 907 spe.

30 1146 81 1167 Cum
96 1145 146 1167 fide.

4 2209 74 2232 Pnlsat
86 2211 153 2233 conti-

54 2243 103 2259 nne.

745 246 941 280 COMMENT.
966 248 1003 280 1N
1029 248 1267 282 EVANGELIUM
1292 250 1409 283 LUCAE
1435 252 1466 284 C.
1492 253 1591 285 XVIII.

170 334 338 377 perhibent
353 335 392 368 de
412 343 462 368 me
479 347 514 374 »;
536 335 626 378 quia,
643 335 855 377 ad'Romanos
870 335 1008 375 decimo,
1031 349 1047 365 α
1063 336 1135 369 finis

170 388 261 430 legis,
285 388 430 421 Christus
453 388 491 421 ad
516 386 716 421 iustitiam».
741 388 828 421 Unde
852 388 884 421 in
907 388 1035 421 Cantico
1053 389 1135 422 Deu-

170 441 335 474 teronomii
350 441 509 484 trigesimo
522 441 678 475 secundo:
698 441 883 484 «Interroga
895 444 1017 484 patrem
1031 445 1133 482 tuum,

169 498 199 527 et
222 494 421 527 annuntiabit
448 494 504 527 tibi
521 507 537 523 n
565 490 625 527 etc.¹

259 548 311 581 61.
337 548 438 590 (Vers.
461 548 538 588 38).
564 549 647 581 Petit
670 548 765 582 etiam
788 548 912 588 devote,
937 551 968 581 et
991 548 1061 581 ideo
1085 557 1134 582 se·

168 601 297 644 quitur:
324 603 365 635 Et
387 602 546 635 clamavit
568 594 703 635 dicensi
725 602 813 641 Iesu,
836 601 888 644 fitz·
912 602 1038 641 David,
1070 602 1133 635 mi-

167 665 275 689 serere
299 656 371 688 mei.
397 656 429 688 In
454 656 532 695 hoc,
556 655 641 698 quod
664 655 807 695 elamat,
832 656 986 695 ostendit,
1015 665 1048 689 se
1076 656 1133 689 113-

168 709 244 742 bere
267 709 490 742 excedentium
514 709 672 742 desiderii
678 720 690 747 ,·
713 712 843 751 propter
860 709 944 751 quod
960 709 1077 742 dicitur
1093 709 1132 742 ad

169 763 323 796 Romanos
350 763 500 796 octav01:
534 775 550 791 «
567 762 702 805 Spiritus
733 766 794 801 est,
818 762 872 804 qui
904 762 1044 804 postulat
1073 771 1132 805 pro

167 816 258 849 nobis
284 816 454 859 gemitibus
478 816 742 849 inenarrabilibus
759 830 788 848 ».
814 816 846 848 10
870 816 948 855 1100,
972 816 1057 859 quod
1085 816 1132 849 di-

167 871 226 904 cit:
253 870 363 909 lesus,
396 869 552 909 ostendit,
577 878 610 903 se
639 870 758 903 habere
782 869 1016 911 confidentiam
1039 870 1130 912 spei;

167 924 352 957 Psalmus2:
383 936 399 952 «
415 923 558 966 Speravit
588 923 619 956 in
642 923 788 962 Domino,
813 923 926 965 eripiet
956 923 1130 962 eum,·sal-

166 986 243 1010 vum
266 977 358 1010 faciet
389 986 461 1010 eum
481 990 510 1009 ».
537 977 596 1019 Spe
628 976 710 1009 enim
743 980 833 1009 vocat
864 977 998 1015 Jesum;
1021 976 1053 1009 id
1083 980 1131 1010 est

167 1031 370 1070 salvatorem,
403 1030 493 1073 quia,
517 1030 556 1063 ad
589 1031 744 1063 Romanos
774 1033 903 1069 octavo,
932 1044 947 1058 <x
973 1039 1028 1072 spe
1052 1030 1128 1063 salvi

165 1083 237 1117 facti
255 1093 367 1117 sumus
383 1097 413 1116 n.
432 1084 464 1116 In
488 1084 563 1123 hoc,
581 1083 665 1126 quod
687 1083 776 1116 dicit:
798 1083 866 1116 Fili
883 1083 1008 1123 David,
1025 1087 1130 1117 osten-

166 1137 229 1177 dit,
251 1146 285 1170 se
309 1138 427 1171 habere
459 1137 708 1180 intelligentiam
739 1136 835 1178 fidei,
860 1146 924 1179 qua
951 1137 1129 1176 credimus,

166 1191 327 1224 Christum
353 1200 394 1223 ex
419 1190 537 1224 semine
569 1190 667 1223 David
692 1194 819 1229 natum,
852 1190 1026 1223 secundum
1051 1190 1128 1223 illud

165 1244 204 1277 311
228 1245 383 1277 Romanos
399 1244 554 1286 ·primo³:
585 1257 600 1273 «
617 1244 676 1286 Qui
700 1244 802 1277 factus
825 1245 873 1276 est
896 1244 922 1276 ei
945 1253 986 1277 ex
1011 1244 1130 1277 semine

166 1297 264 1330 David
289 1297 462 1330 secundum
487 1306 633 1336 carnem,
658 1297 714 1339 qui
738 1297 990 1339 praedestinatus
1013 1299 1060 1330 est
1083 1297 1130 1329 Fi-

165 1351 228 1384 lius
250 1347 305 1383 Dei
342 1351 373 1383 in
409 1351 528 1383 virtute
554 1365 583 1383 n.
610 1343 695 1384 Unde
731 1354 762 1383 et
797 1351 942 1384 Matthaei
979 1351 1130 1393 vigesimo

166 1403 268 1445 prImo
291 1403 425 1442 dicitur,
450 1403 535 1446 quod
564 1417 580 1432 «
596 1404 790 1436 clamabant:
815 1404 959 1437 Hosanna
982 1404 1046 1436 filio
1070 1404 1130 1436 Da-

168 1456 233 1489 vid!
259 1456 460 1496 benedictus,
485 1457 539 1499 qui
564 1458 649 1490 venit
674 1458 704 1490 in
730 1457 856 1490 nomine
880 1457 1051 1490 Domini».

256 1511 308 1543 62.
341 1510 442 1551 (Vers.
476 1510 553 1552 39).
587 1510 623 1543 Et
654 1510 802 1553 quoniam
835 1511 968 1543 orationi
1004 1513 1130 1553 nostrae

2 1570 151 1619 Ἰ111118ιῖ,επζεθοιιιιὶιὲπὶιῖ
166 1563 319 1606 praebent
341 1563 540 1596 obstaculum
565 1572 674 1596 rerum
687 1563 947 1605 imaginationes,
972 1573 1054 1606 quae
1077 1564 1130 1597 de-

5 1624 74 1646 tionis.

166 1618 277 1650 herent
308 1625 365 1650 nos
389 1616 421 1649 in
453 1617 552 1649 Deum
577 1616 708 1656 ducere;
741 1616 811 1650 ideo
842 1617 971 1651 subdit:
1003 1618 1042 1650 Et
1072 1616 1132 1661 qui

161 1670 343 1713 praeibant
365 1669 583 1712 increpabam
606 1679 698 1709 eum,
724 1673 760 1702 ut
784 1674 914 1705 taceret.
940 1670 1027 1703 Unde
1043 1670 1131 1703 Glos-

167 1734 201 1758 sa
220 1725 252 1757 4:
294 1737 310 1753 α
333 1724 392 1766 Qui
425 1724 526 1757 Iesum
559 1724 736 1757 venientem
769 1727 924 1766 praeeunt
954 1724 1131 1766 significant

165 1778 323 1811 tumultus
347 1777 521 1810 carnalium
545 1777 789 1816 desideriorum,
807 1786 889 1819 quae
912 1777 1065 1819 dissipant
1079 1785 1131 1809 co-

164 1831 345 1873 gitationem
370 1831 506 1864 hominis
528 1822 564 1864 et*
581 1831 770 1873 perturbant
785 1839 893 1863 vocem
910 1830 1075 1869 orationis,
1092 1839 1131 1862 ne

166 1885 252 1918 lesus
275 1884 314 1917 ad
338 1884 580 1917 illuminandum
604 1884 713 1917 venire
737 1884 835 1926 possit
858 1892 913 1916 cor
939 1883 1075 1916 hominis
1099 1896 1129 1915 ».

165 1937 251 1971 Unde
282 1938 464 1971 huiusmodi
496 1937 747 1980 imaginationes,
777 1937 976 1976 retrahentes
1003 1945 1061 1969 nos
1091 1936 1132 1969 ab

165 1991 306 2024 oratione
331 2000 387 2034 per
403 1991 707 2033 strepitun]-suum‚
731 1990 811 2023 nihil
827 1990 910 2022 aliud
937 1993 1011 2023 sunt
1035 1999 1131 2032 quam

166 2044 323 2086 quoddam
347 2044 545 2077 obstaculum
571 2043 653 2076 inter
677 2052 735 2076 nos
758 2046 790 2076 et
813 2042 990 2082 Christum,
1019 2051 1132 2076 secun-

165 2098 241 2130 dum
264 2097 344 2130 illud
367 2095 567 2130 Threnorum
599 2096 737 2130 tertio⁵z
768 2110 783 2126 α
799 2096 981 2139 Opposuisti
1014 2096 1132 2129 nubem

167 2150 240 2190 tibi,
265 2160 304 2184 ne
328 2153 468 2183 transeat
499 2150 600 2183 oratio
616 2162 652 2189 »;
677 2152 708 2183 et
731 2149 801 2182 ideo
832 2158 913 2191 opus
937 2153 984 2182 est
1014 2149 1133 2191 impor-

168 2208 245 2237 tuna
257 2204 457 2247 pulsatione.
474 2222 519 2228 —-
535 2204 666 2246 Propter
690 2203 775 2246 quod
791 2212 904 2236 caecus
925 2202 1041 2245 pulsat
1056 2212 1133 2235 con-

168 2259 274 2297 tinue,
300 2267 372 2291 cum
389 2257 612 2300 subiungitur:
631 2257 704 2299 Ipse
727 2266 804 2289 vero
820 2256 923 2289 multo
939 2256 1050 2298 mayis
1066 2255 1133 2288 cla-

167 2311 301 2345 mabat:
326 2311 395 2344 Fili
413 2311 538 2350 David,
560 2310 716 2343 miserere
732 2310 814 2347 mei,-
839 2309 1021 2342 Psalmusss:
1043 2309 1134 2349 «Do-

166 2365 251 2399 mine
274 2366 359 2399 Deus
391 2365 502 2398 salutis
523 2359 639 2403 meae,
674 2364 705 2396 in
738 2363 789 2397 die
813 2363 944 2397 clamavi
978 2366 1010 2396 et
1042 2365 1132 2395 nocte

239 2570 248 2586 ¹
268 2572 344 2597 Vers.
364 2571 413 2602 26,
433 2570 478 2596 ubi
498 2569 548 2596 AC
559 2571 594 2596 D:
615 2571 674 2604 lpse
692 2572 731 2596 est
738 2569 814 2603 ,-qui
828 2569 952 2603 postulat
970 2572 1070 2595 610-
1084 2570 1132 2595 Su—

168 2616 257 2649 perius
269 2623 318 2648 pro
331 2614 513 2642 eoecedenliam
533 2615 592 2640 Vat.
605 2621 754 2641 excessum.
774 2614 920 2646 chrysost,
935 2614 1028 2639 Ilomil.
1048 2614 1092 2639 36.
1104 2614 1132 2639 in

168 2662 256 2687 Matth.
275 2662 322 2693 20,
343 2661 385 2686 30.
406 2661 465 2692 (Op.
483 2660 654 2692 imperfect.):
675 2660 726 2685 Soli
747 2658 815 2693 [duo
841 2658 922 2692 caeci]
950 2651 1078 2684 sedebant
1097 2659 1132 2684 in-

168 2704 313 2731 dissolubili
332 2704 500 2730 tenebrarum
520 2707 611 2729 catena
637 2703 720 2735 ligati,
743 2703 805 2728 nihil
825 2703 940 2736 solutum
960 2702 1086 2728 babentes
1098 2702 1132 2727 de

168 2753 222 2776 toto
241 2756 351 2782 corpore
370 2752 474 2781 praeter
493 2755 595 2774 vocem.
616 2748 645 2773 Et
663 2748 752 2774 ideo...
776 2754 843 2773 voce
862 2746 985 2772 tenebant
1003 2747 1132 2772 dicentes:

168 2794 296 2821 Miserere.
314 2793 390 2820 nobis
409 2796 458 2819 etc.

220 2849 226 2851 ·>
239 2837 250 2853 ²
269 2839 365 2864 Psalm.
383 2839 412 2864 2!
427 2859 432 2870 ,
451 2838 477 2864 9.
491 2837 625 2864 6111610116
644 2838 722 2863 Rom.
735 2838 763 2869 8,
783 2836 827 2862 24.
840 2850 875 2855 —
889 2835 997 2861 lnt'crius
1016 2841 1065 2867 pro
1079 2834 1133 2868 Spe

168 2882 240 2909 enim
259 2884 337 2909 vocat
355 2881 374 2908 C
386 2882 498 2907 DFGH
518 2881 585 2915 Spes
604 2881 675 2908 enim
695 2882 779 2907 vocat.

240 2925 251 2940 ⁸
273 2927 346 2952 Vers.
366 2927 391 2952 3.
411 2929 436 2952 et
456 2926 486 2959 4,
505 2926 604 2959 quibus
622 2926 791 2957 subiungitur
817 2916 904 2950 11131111.
924 2924 972 2955 211,
999 2924 1024 2949 9.
1043 2918 1133 2948 Gto'ssa

169 2969 352 2997 interlinearis
372 2970 397 2996 in
417 2971 478 2996 Luc.
502 2971 547 3001 18,
568 2971 617 2996 38:
636 2971 721 2996 Homo
740 2976 789 3002 pro
808 2968 960 2995 bominibus
975 2968 1132 2999 sactus,=mi-

168 3022 257 3041 serere
276 3015 399 3043 hominis.

240 3057 251 3072 ⁴
271 3058 374 3084 Scilicet
392 3058 536 3085 ordinaria
551 3058 592 3092 (ex
612 3058 679 3084 Beda
690 3077 696 3089 ,
716 3058 761 3091 qni
775 3057 894 3090 sequitur
907 3057 1033 3089 Gregor.,
1047 3057 1064 3082 1.
1084 3056 1133 3081 110-

169 3104 224 3129 mil.
242 3104 268 3128 in
287 3104 387 3135 Evang.
407 3103 497 3129 homil.
516 3104 540 3129 2.
554 3111 578 3128 n.
600 3103 650 3135 3.)‚
670 3103 696 3128 in
715 3110 767 3135 qua
781 3108 842 3128 cum
862 3102 881 3127 A
893 3101 912 3128 C
924 3102 945 3127 D
963 3103 988 3126 et
1001 3103 1070 3127 textu
1084 3101 1132 3127 ori-

170 3148 248 3180 ginali
268 3148 406 3180 posuimus
425 3147 612 3182 coqitationem
632 3154 680 3179 pro
699 3146 881 3181 cogitationes.
1108 3152 1112 3158 ·

241 3191 252 3206 ⁵
271 3192 346 3218 Vers.
370 3192 412 3218 44.
432 3207 467 3211 —
485 3193 576 3218 Glossa
599 3191 782 3218 inter-linearis
801 3191 826 3217 in
853 3191 939 3217 lllattli.
960 3191 1006 3223 20,
1026 3191 1076 3216 31:
1098 3190 1133 3216 At

169 3236 212 3263 illi
229 3236 294 3270 [duo
313 3236 394 3270 caeci]
414 3235 503 3271 maqis
528 3235 683 3263 clamabant
701 3238 765 3266 etc.,
785 3235 899 3266 orando,
918 3235 1048 3267 pulsando
1075 3234 1133 3260 insi-

168 3281 287 3311 stebant,
306 3281 390 3307 donec
409 3281 546 3313 strepitum
566 3279 659 3306 turbae
678 3280 822 3305 vincerent.

199 3342 205 3346 -
241 3323 252 3338 ⁰
272 3321 432 3357 Psalm.'·7'7,
452 3326 477 3351 2.

241 3367 251 3383 '¹
271 3369 366 3394 Ilomil.
386 3369 430 3395 36.
448 3370 474 3395 in
493 3370 580 3395 Matth.
604 3369 651 3400 20,
671 3369 713 3394 31.
734 3367 793 3401 (op.
813 3367 979 3400 imperfect).
1005 3368 1055 3393 Pro
1074 3365 1131 3393 vin-

169 3414 272 3440 cuntur
291 3413 350 3438 Vat.
369 3413 541 3441 minuuntur.

2096 260 2154 292 471

1173 362 1174 365 η
1199 346 1305 370 coram
1332 342 1361 372 te
1378 353 1407 372 ».
1435 341 1469 377 Et
1503 341 1579 375 haec
1603 346 1650 375 est
1680 344 1783 377 virtus
1815 346 1982 386 orationis,
2007 357 2088 389 quae
2120 358 2161 381 ex

1199 399 1275 423 vera
1297 391 1358 424 fide
1375 393 1524 434 procedit.
1550 395 1635 428 Unde
1658 396 1943 438 Chrysostomus⁷t
1974 413 1990 428 α
2006 401 2088 433 Τ3Ιί5
2115 406 2162 434 651

1199 447 1314 477 natura
1338 445 1428 485 fidei,
1453 447 1538 488 quod
1562 452 1680 490 quanto
1702 450 1800 492 magis
1825 455 1959 491 vetatur,
1986 456 2072 486 tanto
2096 463 2163 486 ma-

1198 496 1246 538 gis
1269 498 1470 537 accenditur;
1495 504 1625 542 propter
1653 502 1738 543 quod
1762 504 1843 536 servi
1869 505 1922 537 Dei
1949 506 1978 537 in
2014 515 2161 547 persecu-

1198 549 1337 584 tionibus
1360 561 1422 584 non
1445 552 1617 586 vincuntur
1635 568 1664 587 ».
1690 555 1775 588 Unde
1798 556 1930 590 (110553Β
1955 559 2046 597 dicit,
2076 560 2161 601 quod

1203 615 1218 631 α
1235 603 1384 643 credens,
1409 606 1546 639 sentiens
1569 615 1602 639 se
1625 609 1751 649 gravari
1775 609 1992 650 phantasmate
2017 612 2159 653 priorum

1197 656 1366 696 vitiorum,
1391 661 1422 691 et
1446 668 1553 692 vocem
1578 660 1728 694 orationis
1751 670 1827 695 suae
1851 663 2010 704 impediri,
2036 674 2074 697 ne
2103 674 2160 706 pro

1197 718 1230 742 se
1254 719 1390 744 exorare
1414 712 1529 753 possit,
1553 713 1717 746 ardentius
1741 715 1854 747 0130131
1871 730 1900 748 1,.

1288 764 1340 797 63.
1366 765 1468 805 (Vers.
1493 766 1572 807 lto).
1601 767 1707 799 Tertio
1731 771 1885 810 quantum
1909 769 1947 802 ad
1981 769 2161 803 liberalita-

1197 819 1260 849 tem
1282 818 1441 851 medentis
1457 818 1680 861 subiungitur:
1707 820 1806 853 Stans
1831 826 1942 855 autem
1961 823 2068 861 lesus,
2092 823 2162 855 ius-

1194 869 1257 908 sit,
1282 870 1378 902 illum.
1399 871 1528 904 adduci
1550 872 1654 905 adse.
1680 873 1802 906 Dicitur
1818 879 1924 908 autem
1951 876 2043 908 lesus
2058 880 2160 915 stare,

1195 923 1271 965 quia
1287 923 1354 965 ipse
1378 924 1408 956 in
1427 933 1460 958 se
1485 925 1690 959 immutabilis
1713 931 1777 959 est:
1796 928 1937 961 psalmus
1950 929 1978 961 ⁹:
2009 943 2024 957 «
2041 930 2088 962 Tu
2104 939 2160 962 au-

1194 980 1257 1009 1601
1282 977 1363 1010 111610
1388 977 1455 1020 ipse
1479 987 1530 1017 es,
1555 982 1586 1011 et
1610 979 1682 1012 anni
1701 980 1746 1013 tui
1772 990 1832 1014 non
1855 982 2000 1016 deficient
2017 995 2052 1021 n;
2078 983 2161 1016 unde

1193 1030 1319 1063 Glossa:
1343 1044 1359 1060 «
1376 1031 1461 1064 Iesus
1478 1033 1646 1065 transiens
1662 1042 1790 1067 caecum
1807 1035 1913 1075 audit,
1933 1040 2028 1068 stam
2045 1036 2161 1069 illumi-

1194 1087 1266 1123 nat,
1295 1084 1370 1126 quia
1393 1094 1450 1126 per
1475 1085 1702 1119 humanitatem
1727 1096 1817 1120 suam
1847 1093 1973 1122 nostrae
2004 1090 2160 1122 caecitatis

1193 1138 1324 1171 vocibus
1347 1139 1549 1180 compatitur,
1574 1139 1628 1172 sed
1652 1140 1830 1174 Divinitatis
1853 1151 1929 1175 suae
1954 1143 2091 1184 potentia
2116 1143 2160 1176 lu-

1193 1199 1263 1223 men
1282 1190 1372 1223 nobis
1394 1191 1513 1233 gratiae
1530 1200 1606 1224 suae
1626 1192 1762 1225 infundit
1778 1207 1808 1225 ».
1828 1194 1863 1226 Et
1880 1195 1951 1228 licet
1972 1204 2028 1237 per
2044 1195 2160 1227 oratio-

1194 1252 1264 1276 nem
1283 1244 1447 1276 videamur
1469 1253 1543 1277 eum
1560 1245 1687 1278 trahere
1704 1246 1740 1278 ad
1759 1256 1815 1279 nos
1827 1273 1834 1286 ,
1859 1247 1925 1289 ipse
1943 1248 2042 1290 magis
2063 1248 2160 1280 trabit

1194 1306 1251 1330 nos
1267 1297 1305 1330 ad
1330 1306 1378 1336 se,
1403 1297 1485 1330 sicut
1505 1298 1592 1330 navis
1613 1298 1652 1330 ad
1680 1302 1800 1340 petram
1826 1301 1980 1340 trahitur,
2009 1301 2091 1333 sicut
2113 1301 2160 1333 di-

1194 1351 1236 1383 cit
1259 1351 1426 1392 Dionysius
1440 1351 1475 1383 ¹⁰.
1502 1351 1572 1384 Ideo
1600 1361 1713 1394 sponsa
1741 1352 1771 1384 in
1796 1353 1912 1386 Cantici
1939 1354 2041 1395 primo
2064 1354 2159 1387 dicit:

1199 1417 1215 1432 «ι
1228 1404 1331 1436 Trahe
1346 1413 1396 1437 me
1406 1408 1476 1446 post
1489 1407 1518 1437 te
1532 1418 1562 1437 n.
1580 1405 1665 1437 Unde
1681 1405 1719 1437 ad
1733 1405 1835 1447 ipsum
1852 1407 2020 1445 trahimur,
2034 1407 2160 1449 quando

1195 1461 1298 1490 mente
1321 1457 1360 1490 ad
1384 1458 1487 1500 ipsum
1505 1458 1683 1491 excitamur
1707 1462 1737 1491 et
1761 1468 1940 1501 supranos
1964 1460 2157 1493 excedimus.

1194 1511 1227 1543 In
1244 1511 1336 1544 cuius
1353 1511 1487 1554 figuram
1505 1511 1597 1544 Marci
1615 1511 1736 1544 decimo
1750 1513 1773 1531 ¹¹
1792 1512 1907 1544 dicitur
1924 1512 1962 1545 de
1976 1513 2034 1544 hoc
2051 1521 2157 1545 caeco:

1199 1577 1215 1593 α
1233 1564 1373 1597 Proiecto
1393 1564 1578 1597 vestimento
1601 1573 1677 1603 su0‚
1695 1565 1844 1598 exsiliens
1868 1565 1953 1597 venit
1975 1565 2012 1597 ad
2041 1574 2113 1598 eum
2127 1579 2157 1597 ι».

1185 1618 1231 1650 *Et
1255 1621 1331 1650 tunc
1355 1620 1385 1650 et
1416 1627 1532 1650 arcana
1555 1618 1653 1650 verba
1683 1618 1847 1657 audimus,
1873 1618 2047 1651 secundum
2081 1619 2158 1651 illud

1195 1667 1368 1712 Prophetae
1392 1670 1424 1703 in
1440 1671 1576 1703 Psalmo:
1599 1684 1615 1700 «τ
1628 1671 1772 1711 Audiam,
1793 1672 1869 1714 quid
1894 1671 2043 1714 loquatur
2061 1672 2092 1704 in
2109 1681 2159 1705 me

1195 1723 1349 1756 Dominus
1373 1724 1457 1757 Deus
1473 1737 1503 1756 ».

1286 1777 1338 1813 64.
1363 1777 1465 1818 (Vers.
1491 1777 1543 1810 [10.
1569 1777 1648 1818 41).
1683 1778 1717 1810 Et
1740 1778 1809 1811 ideo
1840 1778 1984 1811 additur:
2012 1779 2050 1811 Et
2082 1789 2159 1811 cum

1195 1829 1518 1873 appropinquasset,
1536 1830 1755 1873 iuterroyavit
1779 1831 1892 1870 illum,
1913 1831 2044 1863 (licens.-
2071 1831 2159 1872 Quid

1196 1882 1256 1916 tibi
1278 1883 1330 1915 vis
1352 1881 1507 1924 faciam?
1531 1883 1563 1915 In
1596 1893 1660 1925 quo
1683 1888 1813 1925 apparet
1845 1884 2014 1916 liberalitas
2038 1884 2158 1923 dantis,

1196 1936 1271 1978 quia
1302 1936 1394 1968 offert
1417 1945 1450 1968 se
1474 1936 1668 1978 beneplacito
1699 1937 1843 1978 petentis.
1876 1937 1961 1969 Unde
1989 1937 2096 1969 Glossa
2114 1937 2158 1969 ¹²:

1201 2002 1217 2017 α
1234 1989 1300 2022 Non
1324 1998 1366 2022 ex
1391 1989 1567 2031 Ignorantia
1590 1989 1743 2022 Dominus
1771 1989 1910 2032 quaerit,
1935 1989 1988 2022 sed
2012 1989 2098 2027 ideo,
2124 1993 2159 2021 ut

1179 2038 1338 2085 rogetur,
1371 2046 1407 2075 ut
1429 2046 1565 2075 mentem
1598 2042 1635 2075 311
1660 2043 1833 2076 orationem
1858 2043 2006 2076 excitet»
2022 2069 2029 2081 ,
2047 2051 2158 2075 secun-

1195 2096 1271 2129 dum
1298 2096 1376 2129 illud
1400 2096 1522 2128 loannis
1545 2095 1666 2129 decimo
1689 2099 1794 2129 sexto:
1826 2109 1841 2124 «
1857 2096 1886 2128 Si
1911 2095 1987 2138 quid
2003 2095 2158 2137 petieritis

1199 2150 1318 2183 Patrem
1344 2150 1376 2182 in
1392 2149 1518 2183 nomine
1535 2158 1619 2188 meo,
1643 2149 1729 2182 dabit
1745 2149 1833 2182 vobis
1849 2163 1879 2181 ».
1895 2167 1936 2173 —-
1951 2149 1986 2181 Et
2009 2149 2157 2191 quoniam

1197 2203 1252 2245 qui
1275 2203 1307 2235 in
1331 2203 1457 2236 nomine
1474 2203 1541 2235 Iesu
1566 2202 1644 2245 petit
1667 2202 1744 2244 petit
1760 2202 1927 2241 salutaria,
1951 2202 2020 2235 ideo
2036 2202 2156 2235 subdit:

1198 2258 1243 2288 At
1266 2255 1318 2288 ille
1340 2255 1446 2288 dixit.-
1474 2255 1626 2294 Domine,
1647 2258 1683 2287 ut
1699 2255 1839 2287 videam.
1865 2255 1972 2287 Glossa
1986 2255 2030 2286 ¹⁸:
2061 2268 2076 2283 «
2092 2255 2157 2287 Non

1197 2309 1274 2351 petit
1298 2317 1412 2341 caecus
1435 2317 1568 2347 aurum,
1593 2308 1643 2341 vel
1666 2308 1784 2350 aliquid
1808 2308 1996 2349 temporale,
2021 2307 2074 2340 sed
2090 2312 2158 2339 tan-

1173 2365 1264 2407 stum
1289 2361 1405 2394 lumen.
1439 2361 1602 2394 Imitemur
1625 2370 1701 2402 ergo
1732 2370 1804 2393 eum
1840 2370 1933 2402 quem
1963 2369 2094 2402 corpore
2126 2364 2157 2393 et

1267 2567 1278 2582 ⁸
1298 2568 1401 2594 Scilicet
1423 2566 1580 2599 ordinaria,
1606 2567 1640 2592 de
1664 2573 1715 2600 qua
1742 2567 1786 2591 cfr.
1811 2565 1879 2591 Beda
1904 2568 1929 2590 et
1952 2565 2075 2596 Gregor.,
2107 2565 2155 2590 loc.

1196 2613 1240 2639 cit.
1261 2620 1290 2638 n.
1309 2612 1333 2638 4.
1354 2609 1357 2613 ’

1267 2656 1279 2671 ⁹
1297 2658 1390 2683 Psalm.
1409 2657 1450 2682 101
1463 2677 1469 2689 ,
1483 2657 1527 2682 28.
1539 2670 1575 2676 -
1587 2656 1677 2682 Glossa
1688 2663 1742 2688 seq.
1757 2657 1795 2681 est
1808 2653 1964 2686 ordinaria,
1987 2654 2029 2686 (ex
2047 2654 2156 2685 Gregor.

1195 2702 1244 2728 loc.
1264 2703 1305 2728 cit.
1326 2710 1353 2728 n.
1375 2702 1426 2735 6.),
1447 2702 1471 2727 10
1490 2708 1542 2734 qua
1563 2708 1612 2733 pro
1630 2707 1679 2734 per
1698 2698 1894 2725 humanitatem
1913 2705 1993 2724 suom
2018 2698 2063 2730 (ita
2077 2699 2155 2724 etiam

1196 2748 1307 2780 Gregor.
1316 2750 1341 2773 et
1351 2747 1452 2779 Glossa)
1466 2747 1521 2772 Vat.
1532 2752 1593 2771 cum
1605 2743 1725 2777 pluribus
1735 2744 1813 2769 codd.
1819 2750 1870 2777 per
1881 2742 2057 2769 humilitatem
2066 2749 2156 2769 snam.

1268 2789 1290 2805 ¹⁰
1309 2790 1379 2816 Libr.
1398 2791 1432 2816 de
1446 2790 1504 2815 Div.
1518 2789 1593 2814 Nom.
1611 2796 1634 2814 c.
1654 2788 1678 2813 3.
1697 2787 1713 2819 S
1736 2788 1763 2812 l:
1782 2787 1833 2812 Nos
1852 2786 1930 2818 igitur
1949 2786 2020 2817 ipsos
2038 2786 2158 2811 orationi-

1197 2835 1247 2862 bus
1259 2835 1431 2861 extendamus
1451 2835 1475 2859 in
1495 2834 1644 2859 divinorum
1665 2835 1690 2857 et
1709 2831 1869 2863 optimorum
1884 2830 2018 2855 radi0rum
2038 2830 2157 2855 excelsio-

1196 2887 1253 2905 rem
1272 2882 1449 2911 respectum...
1469 2878 1540 2903 velut
1558 2877 1583 2902 in
1609 2876 1699 2901 navim
1719 2875 1888 2900 ascendentes
1906 2877 1932 2900 et
1953 2874 2108 2906 recipientes
2127 2881 2157 2899 ex

1196 2924 1312 2957 quadam
1332 2926 1405 2955 petra
1425 2925 1544 2948 extensos
1564 2922 1639 2946 funes
1657 2923 1683 2945 et
1697 2921 1768 2946 velut
1787 2919 1864 2945 uobis
1879 2920 1902 2944 in
1924 2919 2100 2951 receptionem
2114 2919 2156 2944 da-

1197 2971 1252 2999 tos,
1271 2974 1322 2993 non
1343 2967 1376 2992 ad
1396 2972 1443 2992 nos
1462 2968 1579 2997 petram,
1598 2964 1644 2990 sed
1658 2964 1832 2996 nosmetipsos
1852 2964 1876 2988 in
1896 2963 2004 2988 veritate
2024 2967 2048 2987 et
2068 2963 2156 2987 navim

1197 3012 1231 3038 ad
1251 3014 1351 3044 petram
1371 3009 1556 3036 adducimus...
1570 3008 1680 3034 Proinde
1693 3011 1718 3034 et
1730 3010 1788 3034 ante
1807 3014 1885 3033 omne
1901 3011 1926 3033 et
1940 3007 2024 3038 magis
2043 3014 2074 3032 ex
2088 3008 2157 3032 theo-

1196 3056 1265 3088 logia
1284 3055 1401 3081 oratione
1420 3053 1537 3079 inchoari
1557 3055 1672 3084 oportet,
1692 3059 1745 3077 non
1765 3055 1793 3077 ut
1812 3052 1943 3076 trahentes
1967 3050 2065 3083 ubique
2084 3057 2157 3082 prae-

1196 3103 1296 3126 sentem
1316 3101 1341 3124 et
1360 3097 1650 3130 nusquamvvirtutem,
1670 3096 1716 3121 sed
1736 3098 1764 3121 ut
1777 3095 1874 3121 dlvinis
1886 3094 2028 3119 ‘memoriis
2047 3097 2072 3119 et
2086 3090 2156 3118 101οἓ

1197 3143 1342 3170 rationibus
1355 3141 1531 3173 nosmetipsos
1544 3140 1703 3166 immitentes
1722 3140 1744 3164 ei
1764 3142 1789 3165 et
1808 3139 1953 3164 adunantes
1973 3137 2071 3169 (versio
2087 3137 2157 3162 Scoti

1197 3187 1343 3219 Erigonae).
1362 3187 1396 3211 Ex
1416 3186 1436 3211 D
1455 3184 1638 3217 supplevimus
1651 3183 1789 3215 trahitm·‚·
1809 3190 1857 3215 pro
1876 3181 1912 3208 ad
1926 3181 2102 3220 petramJFII
2124 3181 2156 3212 (D

1196 3240 1211 3258 a
1230 3231 1343 3258 secunda
1364 3230 1453 3261 manu)
1473 3228 1510 3254 1111
1524 3230 1646 3262 por-tum.
1666 3242 1700 3246 —
1719 3227 1842 3260 Sequitur
1861 3225 1935 3252 Cant.
1959 3226 1983 3256 l,
2004 3225 2028 3250 3.

1267 3275 1288 3290 ¹¹
1309 3275 1383 3299 Vers.
1403 3274 1445 3299 50.
1465 3276 1490 3298 et
1510 3272 1605 3298 deinde
1624 3273 1665 3297 Ps.
1685 3271 1732 3301 84,
1752 3271 1776 3296 9.
2172 3303 2174 3305 ‚

1266 3319 1288 3334 ¹⁹
1308 3318 1409 3344 Scilicet
1422 3316 1565 3343 ordinaria
1580 3317 1623 3350 (ex
1633 3317 1755 3347 Gregor„
1768 3315 1817 3341 loc.
1832 3314 1874 3340 cit.
1888 3321 1913 3338 n.
1927 3314 1951 3343 7,
1966 3316 1990 3338 et
2003 3312 2099 3344 Beda),
2113 3312 2155 3338 cui

1195 3364 1357 3391 subnectitur
1377 3363 1446 3388 loan.
1466 3362 1513 3392 -16,
1533 3362 1576 3387 23.

1267 3408 1288 3423 ¹³
1308 3408 1407 3438 Nempe
1426 3404 1567 3432 orde'aemria
1588 3406 1628 3438 (ex
1647 3405 1771 3436 mogoin,
1790 3404 1839 3430 loc.
1858 3403 1913 3433 cit„
1932 3406 1956 3428 et
1976 3401 2066 3428 Beda).

2180 778 2285 800 Tertium.

2180 1203 2311 1225 Notandum.

2178 1522 2262 1549 rigum.

2174 1787 2271 1809 Christus
2287 1789 2318 1809 os-

2181 1814 2222 1835 sert
2237 1820 2259 1835 se
2274 1821 2308 1836 vo-

2178 1841 2255 1862 luntati
2276 1847 2312 1868 pe-

2206 1869 2278 1889 tentis.
