2476 3921
124 1230 197 1257 Quoad
211 1229 274 1251 comi-

138 1259 194 1277 tatus
211 1262 267 1277 corn-

134 1284 272 1311 plementum.

290 234 354 267 376

291 323 428 355 animam
454 330 543 353 suam
568 320 599 352 in
623 320 682 351 hoc
706 318 824 350 mundo
848 317 879 348 in
903 316 999 347 vitam
1016 319 1175 362 aeternam
1194 323 1249 347 cu-

291 376 383 409 stodit
406 383 474 407 eam
491 387 520 405 ».
546 372 755 414 Augustinus:
785 383 800 399 «
815 370 844 402 Si
869 370 950 401 male
973 368 1148 406 amaveris,
1173 371 1249 400 tunc

290 428 395 466 odisti;
420 428 444 459 si
470 427 547 458 bene
578 425 696 463 oderis,
722 427 797 456 tunc
820 422 941 455 amasti.
966 422 1099 460 Felices,
1125 421 1179 463 qui
1205 421 1249 453 sic

289 482 424 514 oderunt
447 478 666 516 custodiendo,
692 486 730 509 ne
754 476 886 518 perdant
910 475 1043 507 amando
1060 488 1089 506 ι).
1117 475 1177 506 Hoc
1202 477 1249 506 est

290 534 373 576 quod
396 532 579 574 expressius
602 531 718 563 dicitur
735 528 939 562 Ecclesiastici
952 528 1073 561 decimo
1096 530 1207 560 octavo
1221 528 1247 559 ¹:

294 600 310 616 «
327 587 398 625 Fili,
430 588 499 627 post
522 583 790 625 concupiscentias
826 586 896 614 tuas
923 590 987 619 non
1018 589 1071 613 eas
1102 584 1133 613 et
1147 590 1174 612 ·a
1198 590 1249 613 vo-

290 641 409 673 luntate
437 642 490 670 tua
521 640 674 669 avertere.
700 636 730 668 Si
755 639 896 677 praestes
919 634 1041 667 animae
1070 637 1144 667 tuae
1175 643 1249 666 con-

288 692 496 734 cupiscentias
519 691 604 729 eius,
629 689 720 722 faciet
737 693 766 721 te
784 689 815 721 in
839 686 988 730 gaudium
1014 688 1122 720 venire
1146 687 1249 719 inimi-

290 747 333 779 cis
357 746 419 778 tuis
435 759 465 777 ».
491 745 577 776 Sicut
602 743 701 785 igitur
734 742 925 784 principium
958 741 1131 782 spiritualis
1162 741 1249 773 vitae

289 802 336 831 est
358 808 425 830 non
455 796 701 838 concupiscere,
727 795 780 827 ubi
818 803 910 827 omne
946 794 1065 826 malum
1100 793 1249 835 prohibe-

290 856 342 884 tur
357 852 379 889 ²,
403 854 435 883 et
457 850 622 882 declinare
646 859 668 881 a
691 849 780 881 malo
788 860 800 886 ,·
825 848 869 881 sic
893 847 1132 880 fundamentum
1157 846 1249 888 spiri-

290 905 382 937 tualis
406 904 583 936 comitatus
604 905 651 935 est
667 901 901 934 carnalitatem
918 910 1046 933 omnem
1062 899 1248 938 declinare,

289 958 354 990 sive
377 957 416 989 ad
439 966 472 989 se
487 956 560 989 sive
584 956 622 988 ad
646 955 801 997 parentes.
827 955 958 996 Propter
974 953 1059 996 quod
1083 953 1121 986 ad
1148 954 1247 995 Ephe-

289 1011 351 1044 sios
385 1010 539 1052 quartoss:
568 1023 583 1037 α
601 1009 753 1050 Deponite
786 1017 841 1040 vos
872 1007 1047 1040 secundum
1083 1007 1247 1048 pristinam

288 1063 555 1097 conversationem
584 1066 722 1095 veterem
756 1061 926 1099 hominem,
951 1060 1005 1102 qui
1030 1060 1249 1102 corrumpitur

288 1117 460 1150 secundum
484 1116 638 1149 desideria
662 1115 781 1148 erroris
798 1128 828 1146 ».

378 1170 428 1202 54.
455 1169 556 1211 (Vers.
582 1169 659 1208 27.).
685 1168 791 1201 Tertio
814 1170 969 1210 quantum
993 1167 1032 1199 ad
1056 1166 1249 1209 spiritualis

286 1223 462 1255 comitatus
486 1222 753 1264 complementum
778 1221 958 1263 subiungit:
978 1221 1017 1253 Et
1032 1220 1092 1264 qui
1107 1230 1174 1253 non
1191 1220 1248 1252 ba-

287 1275 371 1309 iulat
395 1285 527 1308 erucem
549 1285 669 1313 suam,
694 1284 750 1317 per
766 1273 952 1317 perfectam
968 1274 1084 1307 carnis
1107 1273 1249 1316 mortifi-

287 1329 494 1367 cationem&
517 1333 547 1362 et
569 1329 657 1361 venit
677 1333 752 1371 post
773 1338 843 1367 me,
869 1337 925 1370 per
950 1332 1075 1360 rectam
1098 1328 1249 1360 intentio-

287 1392 379 1421 nem;
402 1392 469 1415 non
489 1386 593 1425 potest
616 1392 709 1415 meus
733 1392 800 1414 esse
829 1381 1032 1424 discipulus,
1051 1389 1107 1424 per
1132 1391 1250 1414 veram

150 1442 209 1490 effi
226 1448 269 1489 aor·
288 1436 515 1469 imitationem.
540 1455 583 1459 -
608 1437 643 1469 Et
666 1440 756 1475 nota,
782 1436 867 1478 quod
892 1436 943 1469 hic
967 1439 1014 1468 est
1037 1445 1250 1468 eonsumma-

241 1485 245 1489 '
290 1489 333 1521 tio
356 1489 562 1531 discipulatus
585 1489 700 1521 Christi
725 1492 756 1521 et
788 1489 974 1527 comitatus,
999 1488 1117 1521 scilicet
1140 1488 1173 1521 in
1196 1488 1251 1521 ba-

289 1542 415 1575 iulando
438 1551 576 1581 crucem,
593 1542 668 1584 quia
691 1541 733 1574 ibi
750 1541 895 1574 Christus
912 1541 1152 1580 consummavit,
1170 1541 1252 1574 sicut

289 1596 404 1628 dicitur
436 1596 556 1630 loannis
590 1595 711 1628 decimo
743 1596 869 1627 nono⁵z
912 1608 927 1623 α
946 1595 982 1627 Et
1016 1595 1160 1628 baiulans
1193 1595 1250 1628 sibi

290 1658 434 1688 crucem,
458 1649 536 1682 exiit
560 1649 590 1681 in
615 1658 687 1682 eum
712 1649 767 1691 qui
791 1649 907 1682 dicitur
924 1642 1084 1681 Calvariae
1102 1649 1205 1681 locum
1220 1662 1250 1680 ».

124 1703 322 1756 Εὴῐξεῧτὲᾒῇῐ-ΙΠ
347 1703 405 1735 hac
428 1712 523 1736 cruce
546 1703 661 1736 Christi
686 1706 734 1735 est
757 1711 881 1735 summa
904 1701 1101 1740 bumilitas;
1124 1702 1163 1735 ad
1181 1702 1251 1734 Phi-

134 1765 190 1783 tutes
204 1768 268 1809 appa—
289 1756 445 1798 lippenses
468 1756 605 1789 secundo
618 1756 648 1788 ⁶:
680 1769 695 1785 «
708 1756 888 1788 Humiliavit
904 1756 1126 1797 semetipsum,
1152 1755 1253 1788 sactus

173 1794 229 1810 Μ’
289 1809 436 1842 obediens
460 1818 561 1851 usque
585 1809 623 1841 ad
648 1812 797 1847 mortem,
822 1813 957 1842 mortem
973 1812 1079 1841 autem
1104 1808 1251 1848 crucis»;

290 1873 413 1896 summa
434 1868 638 1906 paupertaS,
663 1864 706 1896 ita
738 1866 774 1896 ut
805 1872 880 1896 vere
904 1865 1009 1905 posset
1032 1862 1137 1906 dicere
1162 1862 1252 1895 Chri-

289 1921 357 1949 stus
374 1917 450 1949 illud
467 1917 519 1950 lob
535 1917 637 1959 primo
651 1917 678 1949 ⁷:
700 1930 715 1945 «
729 1916 838 1949 Nudus
855 1925 1001 1958 egressus
1018 1925 1088 1948 sum
1105 1915 1143 1948 de
1160 1919 1253 1948 utero

289 1970 398 2003 matris
422 1979 526 2009 meae,
551 1974 581 2003 et
605 1970 711 2003 nudus
727 1973 870 2002 revertar
888 1970 962 2002 illuc
980 1983 1010 2001 ».
1028 1969 1114 2002 Unde
1132 1969 1253 2002 loannis

288 2024 409 2057 decimo
440 2033 522 2056 nono
553 2024 686 2062 dicitur,
718 2023 803 2066 quod
832 2023 997 2061 «milites,
1022 2032 1095 2055 cum
1127 2022 1253 2055 crucifi-

290 2079 411 2111 xissent
434 2087 522 2116 eum,
546 2080 737 2119 acceperunt
760 2076 948 2109 vestimenta
971 2076 1039 2109 eius
1056 2079 1087 2109 et
1110 2075 1254 2109 fecerunt

290 2134 426 2172 quatuor
450 2133 556 2172 partes
573 2144 602 2162 n.
629 2130 681 2163 Est
715 2130 809 2162 etiam
834 2129 876 2162 ibi
901 2138 1026 2162 summa
1050 2129 1252 2167 austeritas,

292 2184 465 2216 secundum
489 2183 566 2216 illud
592 2183 740 2216 Psalmissz
771 2196 787 2211 α
804 2182 961 2215 Foderunt
978 2191 1090 2215 manus
1114 2191 1200 2221 meas
1223 2186 1254 2215 et

291 2236 385 2278 pedes
408 2246 508 2275 meos,
533 2236 815 2269 dinumeraverunt
838 2236 944 2268 omnia
959 2244 1030 2268 ossa
1048 2244 1117 2268 mea
1130 2249 1160 2267 ».

382 2291 433 2322 55.
461 2290 599 2322 Crucem
623 2299 698 2331 ergo
722 2289 875 2321 baiulare
907 2292 954 2322 est
977 2287 1197 2322 humilitatem
1222 2289 1253 2322 in

128 2347 224 2395 535⁰?ss
242 2347 278 2395 bg
292 2343 402 2390 corde,
435 2343 662 2375 austeritatem
698 2343 728 2375 in
765 2351 859 2375 carne
890 2346 921 2375 et
951 2346 1183 2384 paupertatem
1219 2343 1249 2375 in

128 2380 279 2453 ggffcrugiffigffi
291 2396 433 2438 passione
449 2405 622 2435 assumere,
639 2400 748 2429 contra
761 2396 813 2428 illa
826 2395 894 2428 tria
909 2395 1080 2428 radicalia
1092 2399 1124 2428 et
1140 2399 1251 2428 contra

129 2456 171 2473 [lae
182 2456 204 2474 Θῑ
216 2459 278 2475 excu-

128 2480 213 2500 sationi.

293 2449 454 2491 triplicem
476 2449 721 2481 excusationem
737 2458 847 2482 eorum
872 2448 926 2491 qui
944 2449 1117 2481 noluerunt
1141 2449 1249 2482 venire

292 2503 329 2534 ad
354 2511 481 2535 coenam
495 2503 516 2534 ⁰.
543 2503 622 2535 Haec
645 2512 728 2535 crux
750 2502 809 2535 suit
835 2501 974 2541 Christi,
1003 2502 1078 2544 quia
1105 2503 1253 2535 Christus

294 2556 469 2588 voluntarie
492 2564 560 2588 eam
585 2556 739 2597 suscepit;
757 2556 910 2594 similiter,
927 2556 981 2597 qui
998 2556 1067 2588 vult
1091 2556 1252 2588 Christum

366 2728 375 2743 ¹
396 2730 470 2755 Vers.
490 2730 531 2755 30.
552 2732 577 2755 et
596 2730 624 2755 31
638 2751 643 2761 ,
664 2730 688 2755 in
707 2737 761 2762 quo
776 2731 830 2755 Vat.
845 2737 906 2756 cum
921 2730 1033 2761 Vulgata
1046 2730 1140 2756 omittit
1155 2730 1251 2756 venire.

365 2772 376 2788 ²
396 2774 518 2805 August,
532 2773 565 2799 de
579 2774 646 2805 Spir.
666 2777 691 2799 et
710 2774 756 2800 litt.
775 2781 798 2799 c.
819 2773 842 2799 t.
863 2781 886 2799 n.
901 2774 932 2804 6,
945 2781 1077 2805 exponens
1091 2774 1172 2799 verba
1187 2775 1253 2805 Apo-

296 2819 355 2845 stoli
373 2818 463 2852 [Rom.
482 2819 510 2850 7,
530 2818 584 2851 7.]:
605 2817 853 2852 Concupiscentiam
871 2818 1034 2849 nesciebam,
1054 2818 1108 2845 nisi
1121 2819 1176 2845 Lea·
1189 2818 1254 2845 dice·

293 2865 348 2890 ret:
369 2864 430 2889 Non
453 2863 636 2896 concupisces,
665 2863 743 2888 dicit:
769 2863 971 2895 Apertissimum
995 2862 1254 2895 saluberrimumque

293 2911 463 2939 praeceptum
477 2909 529 2937 est,
542 2907 615 2939 quod
629 2907 650 2932 si
664 2907 724 2939 quis
737 2907 898 2939 impleverit,
912 2907 1010 2932 nullum
1025 2906 1132 2932 habebit
1145 2907 1253 2933 omnino

293 2954 438 2983 peccatum.
459 2951 522 2976 Nam
543 2952 592 2976 hoc.
615 2951 673 2976 ideo
698 2951 776 2983 elegit
800 2952 939 2983 Apostolus
964 2949 1086 2982 generale
1110 2951 1253 2984 quiddam,

293 3003 346 3028 quo
366 2999 458 3021 cuncta
477 2996 629 3027 complexus
647 2998 700 3025 est,
720 2998 845 3028 tanquam
865 2997 929 3021 haec
949 2999 1017 3021 esset
1043 3003 1092 3021 vox
1118 2996 1195 3027 Legis
1220 2995 1253 3020 ab

293 3040 363 3065 omni
390 3042 497 3071 peccato
523 3036 700 3071 prohibentis,
719 3040 792 3072 quod
812 3040 860 3065 ait:
880 3040 942 3067 Non
960 3036 1147 3073 concupisces,·
1168 3047 1254 3072 neque

293 3084 362 3109 enim
376 3085 456 3109 ullum
470 3087 606 3116 peccatum
620 3084 670 3109 nisi
681 3084 891 3116 concupiscendo
902 3083 1142 3110 comminuuncsr.
1152 3087 1215 3110 tom.
1227 3084 1255 3110 ll.

293 3135 354 3160 pag.
373 3128 419 3154 721
432 3148 438 3159 ,
458 3132 518 3154 nota
538 3129 563 3154 2.
583 3143 617 3147 —
636 3129 675 3154 rs.
695 3129 744 3161 36,
764 3129 813 3154 27:
827 3129 930 3154 Declina
945 3135 959 3154 a
973 3129 1040 3154 malo
1054 3132 1079 3154 et
1092 3127 1131 3155 fac
1145 3128 1255 3154 bonum.

364 3171 375 3186 ⁰
395 3173 470 3199 Vers.
490 3174 533 3199 22.
556 3174 668 3205 Vulgate
689 3174 837 3207 Deponere,
858 3174 903 3199 sed
924 3174 969 3199 cl'r.
989 3173 1043 3199 Col.
1064 3174 1093 3205 3,
1113 3174 1138 3200 8.

363 3215 375 3231 ⁴²
394 3218 483 3243 Glossa
502 3217 684 3244 interlinearis
704 3217 745 3249 (ex
764 3218 888 3250 Gregor.,
910 3218 934 3243 ll.
949 3218 1043 3244 llomil.
1058 3218 1084 3243 in
1098 3219 1198 3249 Evang.
1211 3219 1254 3243 ho-

293 3261 348 3286 mil.
361 3261 403 3287 37.
416 3268 442 3286 n.
457 3261 507 3294 5.):
522 3262 555 3288 El
568 3261 615 3295 qui
626 3268 681 3288 non
692 3261 795 3288 baiulat
805 3269 913 3288 crucem
922 3269 1015 3294 suam,
1034 3269 1096 3288 crux
1109 3269 1123 3288 a
1137 3262 1254 3288 cruciatu

293 3305 397 3337 dicitur,
415 3312 483 3338 quae
502 3312 608 3338 semper
626 3309 665 3332 est
684 3306 827 3337 portanda,
847 3309 875 3332 ut
893 3313 968 3332 amor
987 3306 1081 3333 Christi
1094 3306 1255 3333 ostendatur.

291 3362 329 3368 —
342 3350 406 3374 lutra
422 3356 470 3381 pro
483 3356 577 3376 veram
591 3349 636 3383 (ita
650 3350 698 3383 Il),
712 3350 785 3383 quod
798 3349 817 3376 C
828 3350 877 3381 DF
888 3351 907 3376 G
922 3351 1058 3384 omittunt,
1072 3351 1132 3377 vat.
1144 3352 1254 3377 certam.

366 3391 377 3406 ¹⁵
398 3393 471 3419 Vers.
492 3392 534 3420 47.
553 3393 604 3420 Crr.
625 3401 704 3426 supra
724 3401 748 3420 c.
766 3395 791 3421 9.
812 3402 836 3420 n.
857 3395 900 3420 37.
919 3401 992 3428 seqq.

875 227 1068 259 COMMENT.
1094 227 1129 258 IN
1154 224 1393 258 EVANGELIUM
1418 225 1536 258 LUCAE
1560 225 1592 257 C.
1618 224 1691 257 le.

1313 314 1420 356 sequi,
1446 316 1585 355 oportet,
1610 312 1695 355 quod
1720 314 1825 354 portet
1841 320 1910 345 eam
1928 311 2127 350 voluntarie,
2144 313 2181 343 ut
2196 310 2276 344 serat
2296 316 2414 349 Notandum]

1313 375 1381 399 eam
1406 366 1488 399 sicut
1514 375 1642 399 crucem
1667 375 1768 398 suam
1792 374 1834 398 ex
1863 365 2025 397 voluntate
2048 364 2188 407 propria,
2212 374 2275 397 non

1313 419 1344 451 in
1369 419 1497 461 angaria
1514 419 1595 452 sicut
1611 419 1769 458 alienam,
1788 421 1819 451 et
1836 418 1878 450 ita
1894 427 1956 450 non
1974 418 2014 451 sit
2031 417 2170 450 imitator
2186 416 2277 449 Chri-

1313 473 1363 511 sti,
1381 473 1435 505 sed
1451 473 1555 515 potius
1572 472 1716 510 Simonis,
1734 472 1772 504 de
1789 481 1853 514 quo
1869 471 1964 504 Marci
1977 471 2098 504 decimo
2111 471 2222 513 quinto
2234 471 2274 502 1⁰:

1317 538 1332 554 α
1350 525 1599 568 Angariaverunt
1631 525 1788 567 quendam
1813 525 1971 558 Simonem
2002 524 2216 566 Cyrenaeum,
2241 527 2277 557 ut

1313 579 1437 612 tolleret
1461 588 1588 612 crucem
1605 579 1674 612 eius
1686 592 1716 611 ι).
1742 578 1783 611 Ad
1802 579 1883 611 hanc
1899 587 2026 611 crucem
2045 578 2205 620 potissime
2221 587 2277 611 nos

1313 633 1434 665 invitat
1449 632 1612 671 Christus,
1629 632 1683 674 qui
1701 632 1824 674 primus
1840 640 1908 664 eam
1925 631 2062 673 portavit
2078 631 2160 664 sicut
2178 632 2277 665 vexil—

1314 685 1379 717 lum
1400 687 1434 717 et
1458 685 1583 727 signum
1608 684 1730 726 regale;
1755 684 1839 717 unde
1862 684 1901 717 ad
1931 684 2086 718 Hebraeos
2109 684 2221 717 ultimo
2235 685 2275 716 ¹¹:

1318 751 1333 765 «
1345 738 1490 771 Christus
1506 741 1599 770 extra
1615 741 1739 780 portam
1763 733 1876 780 passus
1899 741 1955 771 est.
1974 738 2131 771 Exeamus
2147 747 2223 780 ergo
2238 738 2278 771 ad

1312 800 1385 824 eum
1403 805 1419 820 ι»
1447 795 1505 824 etc.
1531 791 1591 833 Qui
1615 800 1691 833 ergo
1707 791 1751 824 sic
1768 800 1829 824 non
1847 791 1916 824 vult
1931 791 2020 834 sequi
2038 800 2100 824 non
2124 795 2172 825 est
2187 791 2278 825 Chri-

1313 845 1355 877 sti
1376 844 1568 886 discipulus,
1585 844 1660 887 quia
1676 854 1739 877 non
1763 845 1831 877 vult
1847 844 1963 877 imitari
1988 853 2079 884 eum,
2104 845 2135 877 in
2159 854 2224 887 quo
2245 854 2278 878 se

1314 898 1460 940 praebuit
1483 898 1648 940 exemplar
1672 898 1762 931 nobis
1785 902 1816 931 et
1840 899 2047 940 magistrum3
2065 898 2149 931 unde
2165 899 2203 931 ad
2219 898 2278 931 Ga-

1313 952 1391 984 latas
1407 952 1518 993 quinto
1532 952 1573 983 ¹²:
1595 964 1610 980 «
1624 951 1683 993 Qui
1699 955 1804 984 autem
1822 955 1897 985 sunt
1912 952 2029 985 Christi
2046 961 2172 985 carnem
2187 961 2276 985 suam

1313 1005 1546 1038 crucifixerunt
1569 1014 1642 1038 cum
1666 1000 1751 1038 vitiis
1774 1009 1805 1038 et
1821 1005 2083 1050 concupiscentiis
2100 1019 2129 1038 n.
2148 1006 2278 1048 Propter

1313 1058 1399 1100 quod
1422 1058 1578 1093 secundae
1602 1058 1639 1091 ad
1664 1058 1843 1095 Corinthios
1866 1063 1997 1101 quarto:
2028 1072 2043 1088 «
2060 1060 2189 1102 Semper
2206 1068 2278 1092 cru-

1314 1111 1358 1144 cis
1382 1111 1656 1144 mortificationem
1681 1111 1712 1144 in
1729 1120 1863 1154 corpore
1879 1116 1988 1145 nostro
2005 1112 2277 1152 circumferentes,

1313 1169 1349 1198 ut
1373 1169 1405 1198 et
1428 1165 1492 1198 vita
1516 1165 1584 1198 lesu
1608 1165 1641 1197 in
1665 1165 1852 1207 corporibus
1876 1166 1992 1198 nostris
2016 1166 2277 1199 manifestetur».

1314 1219 1400 1252 Unde
1416 1219 1659 1262 Chrysostomus
1673 1218 1716 1250 ¹³:
1739 1231 1754 1247 α
1767 1219 1879 1251 Nullus
1895 1219 2128 1252 verecundetur
2140 1228 2279 1258 crucem,

1314 1272 1577 1306 circumferamus
1600 1264 1669 1305 eam
1693 1276 1729 1304 ut
1746 1281 1912 1311 coronam;
1930 1272 2046 1305 etenim
2062 1272 2181 1312 omnia,
2198 1282 2280 1315 quae

1314 1326 1489 1360 secundum
1513 1335 1571 1358 nos
1595 1328 1688 1365 sunt,
1712 1334 1768 1367 per
1792 1334 1920 1358 crucem
1944 1325 2172 1367 perficiuntur:
2194 1335 2280 1369 rege-

1314 1379 1454 1418 neratio,
1479 1379 1682 1412 consecratio.
1708 1379 1839 1421 Propter
1857 1379 1964 1412 hocin
1989 1379 2100 1419 domo„
2118 1379 2150 1412 in
2163 1379 2279 1418 ianuis,

1315 1434 1347 1466 in
1371 1433 1447 1472 viis,
1471 1433 1503 1466 in
1527 1433 1685 1468 frontibus
1708 1436 1740 1466 et
1763 1433 1794 1465 in
1829 1436 1934 1466 mente
1965 1442 2048 1470 eam,
2063 1433 2232 1466 scribimus
2247 1447 2278 1466 ».

1315 1487 1395 1519 Haec
1418 1486 1516 1528 igitur
1540 1485 1708 1519 baiulanda
1731 1489 1779 1519 est
1803 1489 1953 1528 tanquam
1977 1486 2102 1528 signum
2128 1486 2180 1540 Dei
2205 1487 2279 1526 vivi,

1316 1541 1354 1574 de
1370 1550 1434 1586 quo
1457 1540 1655 1582 Apocalypsis
1679 1539 1812 1582 septimo
1826 1540 1869 1571 ¹4:
1899 1552 1915 1568 «
1932 1539 2000 1572 Vidi
2023 1540 2159 1573 alterum
2182 1541 2281 1583 Ange-

1316 1595 1383 1627 lum
1406 1593 1626 1627 ascendentem
1657 1593 1697 1626 ab
1728 1596 1802 1626 ortu
1834 1593 1926 1632 solis,
1950 1593 2119 1626 habentem
2155 1593 2279 1636 signum

1317 1647 1372 1679 Dei
1396 1647 1477 1685 vivi;
1502 1650 1533 1679 et
1556 1646 1702 1679 clamavit
1725 1655 1801 1679 voce
1834 1655 1946 1688 magna
1977 1649 2116 1688 quatuor
2139 1646 2280 1689 Angelis,

1317 1701 1434 1743 quibus
1457 1700 1566 1733 datum
1591 1703 1638 1733 est
1661 1709 1775 1733 nocere
1800 1703 1904 1733 terrae
1919 1703 1951 1733 et
1967 1700 2065 1739 mari,
2081 1700 2205 1733 dicens:
2223 1701 2281 1734 No-

1318 1755 1371 1787 lite
1394 1763 1509 1787 nocere
1534 1757 1637 1787 terrae
1661 1757 1692 1787 et
1717 1753 1794 1786 mari
1827 1762 1930 1796 neque
1954 1753 2137 1793 arboribus,
2162 1754 2281 1796 quoad-

1317 1816 1420 1849 usque
1452 1807 1612 1849 signemus
1644 1816 1752 1840 servos
1783 1807 1839 1840 Dei
1863 1807 1895 1839 in
1926 1806 2084 1840 frontibus
2115 1816 2227 1841 eorum
2248 1821 2281 1847 »,

1318 1864 1354 1893 ut
1386 1861 1504 1893 sciatur
1528 1860 1645 1893 scilicet
1676 1860 1853 1900 manifeste,
1878 1860 1950 1903 quis
1974 1861 2014 1893 sit
2044 1861 2160 1894 Christi
2190 1860 2282 1894 disci-

1319 1914 1424 1955 pulus.
1726 1942 1728 1944 ,

1410 1968 1461 1999 56.
1489 1967 1571 2008 Quis
1595 1964 1683 2000 enim
1706 1977 1746 2000 ea·
1769 1967 1875 2006 vobis,
1901 1967 2010 2002 volens
2026 1967 2207 2011 aedificare
2223 1971 2281 2001 etc.

1318 2021 1486 2063 Postquam
1518 2020 1699 2053 informavit
1731 2021 1932 2060 comitantes,
1957 2024 1989 2054 et
2013 2021 2073 2054 hoc
2104 2030 2161 2064 per
2185 2021 2283 2055 verba

1319 2083 1489 2116 expressa,
1513 2071 1566 2106 hic
1589 2073 1728 2107 secundo
1751 2074 1899 2107 informat
1915 2074 2040 2107 eosdem
2054 2084 2118 2117 per
2134 2074 2283 2118 exempla
2308 2077 2415 2126 ²d⁵ss²gfl¹⁰

1316 2127 1516 2171 parabolica
1530 2127 1565 2159 ¹⁵.
1585 2128 1620 2160 Et
1637 2127 1785 2170 quoniam
1809 2128 1971 2161 Christum
1994 2128 2146 2162 debemus
2166 2128 2282 2162 imitari

1318 2182 1351 2214 in
1375 2181 1563 2214 actionibus
1597 2185 1628 2214 et
1655 2181 1870 2223 passionibus
1893 2201 1937 2205 ——
1960 2182 1993 2214 in
2021 2182 2132 2224 primis
2167 2182 2283 2216 similes

1319 2244 1432 2268 sumus
1455 2234 1726 2277 aedificantibus,
1744 2234 1775 2267 in
1792 2235 1938 2268 secundis
1955 2235 2072 2269 similes
2090 2236 2283 2278 proelianti-

1319 2288 1380 2321 bus
1402 2288 1532 2321 -ideo
1555 2288 1658 2330 primo
1674 2288 1704 2320 in
1724 2288 1782 2320 hac
1806 2291 1896 2330 parte
1912 2288 2084 2321 introducit
2100 2289 2282 2331 parabolam

1319 2342 1357 2375 de
1373 2341 1503 2374 bomine
1518 2341 1722 2383 aedificante.
1741 2341 1884 2374 Secundo
1900 2350 1976 2374 vero
1991 2341 2134 2384 adiungit
2150 2343 2283 2384 parabo-

1320 2396 1380 2428 lam
1398 2399 1429 2428 et
1446 2395 1630 2437 exemplum
1647 2395 1778 2442 dereye
1791 2394 1993 2438 proeliante,
2011 2395 2054 2428 ibi
2068 2396 2112 2428 ¹⁸:
2127 2397 2196 2428 Aut
2207 2397 2284 2440 quis

1319 2459 1379 2481 reae
1402 2449 1525 2481 iturus,
1553 2449 1584 2481 ln
1616 2440 1709 2481 tertia
1741 2457 1817 2481 vero
1848 2448 2012 2497 subiungit
2034 2449 2283 2491 adaptationem

1319 2503 1512 2546 utriusque,
1538 2502 1595 2535 ibi:
1622 2502 1676 2534 Sic
1700 2512 1778 2544 erqo
1809 2502 1917 2535 omnis
1940 2512 1980 2535 ew
2003 2502 2109 2542 vobis,
2134 2503 2194 2545 qui
2219 2513 2283 2536 non

1320 2555 1573 2588 renuntiaverit.

1389 2728 1400 2743 θ
1421 2731 1495 2756 Vers.
1515 2732 1538 2756 8.
1559 2745 1594 2749 -
1614 2731 1662 2756 Pro
1682 2730 1783 2757 In—hac
1802 2737 1882 2757 cruce
1902 2731 1960 2757 Vat.
1980 2731 2012 2757 In
2031 2738 2111 2759 cruce
2130 2731 2211 2758 enim.

1389 2772 1399 2787 ⁷
1420 2774 1495 2799 Vers.
1514 2775 1556 2799 2l.
1575 2777 1601 2799 et
1619 2774 1716 2800 deinde
1741 2775 1810 2800 loan.
1835 2775 1881 2806 19,
1907 2776 1954 2808 23,
1982 2774 2026 2802 ubi
2052 2783 2100 2808 pro
2127 2775 2282 2803 vestimenta

1318 2818 1374 2845 eius
1393 2819 1411 2844 C
1423 2819 1503 2844 DFH
1523 2818 1679 2845 vestimenta
1698 2826 1758 2845 sua.

1389 2861 1400 2876 ⁸
1420 2864 1513 2888 psalm.
1533 2863 1579 2893 2¹,
1601 2863 1643 2889 17.

1389 2905 1400 2920 ⁹
1419 2906 1470 2932 Csr.
1490 2914 1568 2939 supra
1588 2914 1649 2939 pag.
1670 2907 1737 2938 371,
1756 2911 1816 2933 nota
1835 2908 1861 2933 7.

1390 2949 1412 2964 ¹⁰
1432 2951 1507 2976 Vers.
1525 2950 1568 2978 21.
1587 2958 1622 2971 ε-
1642 2951 1768 2983 Superius
1787 2959 1836 2984 pro
1856 2951 1884 2978 in
1902 2952 2021 2986 angaria
2040 2954 2058 2978 E
2077 2960 2113 2980 ea:
2131 2953 2259 2987 anaaria.

1391 2994 1411 3009 ¹¹
1433 2995 1507 3021 Vers.
1531 2996 1568 3020 l2.
1588 2998 1613 3021 et
1635 2996 1676 3021 13.

1391 3038 1412 3053 ¹²
1434 3040 1507 3065 Vers.
1527 3039 1574 3070 24,
1595 3040 1635 3065 cui
1655 3039 1825 3072 subiungitur
1839 3041 1865 3067 ll.
1879 3040 1938 3067 Cor.
1960 3042 1988 3073 t,
2010 3043 2058 3073 10,
2077 3042 2124 3068 ubi
2142 3042 2200 3068 Vat.
2221 3050 2281 3069 cum

1320 3084 1445 3115 Vulgata:
1466 3083 1577 3117 Semper
1596 3083 1831 3119 mortificationem
1851 3087 1911 3112 lesu
1930 3085 1958 3112 in
1971 3093 2085 3120 corpore
2098 3089 2162 3118 etc.;
2176 3088 2223 3113 cfr.
2242 3094 2284 3113 su—

1319 3135 1366 3160 pra
1387 3135 1448 3159 pag.
1468 3129 1533 3161 228,
1554 3131 1614 3154 nota
1634 3129 1659 3154 6.

1391 3170 1413 3186 ¹⁸
1432 3172 1525 3198 Homil.
1546 3173 1589 3198 54.
1608 3173 1682 3206 (alias
1702 3173 1754 3207 55.)
1776 3174 1800 3199 in
1820 3175 1906 3201 Mattli.
1927 3182 1953 3201 n.
1973 3175 1998 3201 4.

1392 3215 1414 3230 Ν
1434 3217 1508 3243 Vers.
1530 3218 1555 3243 2.
1573 3221 1599 3243 et
1618 3218 1644 3244 3.

1391 3259 1413 3274 ¹⁶
1432 3260 1484 3287 Csr.
1504 3268 1584 3294 supra
1604 3269 1629 3288 n.
1649 3263 1691 3288 51.
1710 3277 1745 3282 -
1764 3264 1872 3290 inferius
1892 3271 1950 3296 pror
1959 3262 2084 3290 debemus
2109 3263 2215 3291 imitari
2231 3263 2250 3291 C
2262 3265 2284 3290 D

1319 3305 1400 3330 FGll
1419 3304 1542 3332 debemus
1562 3305 1696 3333 comitari.

1391 3347 1413 3363 ¹⁰
1435 3350 1507 3375 Vers.
1528 3350 1575 3381 3⁴,
1596 3351 1700 3377 tertium
1720 3351 1832 3378 habetur
1850 3358 1877 3377 ν.
1897 3351 1945 3383 33,
1964 3350 2010 3377 ubi
2024 3358 2073 3384 pro
2087 3351 2284 3379 renuntiaverit

1321 3394 1364 3427 (ita
1384 3394 1462 3420 etiam
1482 3395 1509 3421 B.
1530 3394 1625 3421 Albert.
1645 3399 1670 3421 et
1689 3397 1832 3429 Gorranus)
1853 3396 1964 3428 Vulgata
1983 3396 2130 3424 renuntiat.

2295 582 2371 605 invitat
2383 585 2407 606 ad

2296 615 2342 631 eam
2356 611 2409 633 Chri·

2321 638 2373 659 stus.

2301 1222 2317 1244 N
2321 1223 2411 1245 otandun

2297 1970 2393 1992 Eruditto
2406 1976 2412 1997 ι

2293 1997 2335 2018 duo
2350 2003 2413 2024 exemi

2309 2030 2359 2051 para
2363 2024 2414 2045 holte

2298 2053 2320 2072 et
2337 2051 2414 2077 utriusq
