2476 3921
37 386 114 411 Primo,
130 385 156 406 de

5 411 156 435 *informatione

4 442 6 457 ἱ
13 445 49 467 per
70 443 156 466 praeee-

4 495 44 517 ,11111-
57 493 104 513 tria.

21 913 145 937 Subdivisio.

4 464 67 494 ,imum
75 470 156 495 ponun-
178 484 184 490 ,

761 237 954 269 COMMENT.
981 237 1016 269 lN
1041 237 1279 269 EVANGELlUM
1304 238 1421 270 LUCAE
1446 239 1477 270 C.
1504 240 1549 270 lx.

260 326 418 367 Quantum
443 329 548 358 autem
572 325 611 357 ad
636 323 906 367 informationem
921 325 1130 367 praedicato-

171 388 248 411 ram
269 388 332 420 per
355 378 507 411 (livinum
521 382 733 420 praeceptam
753 378 812 411 tria
828 378 1074 411 introducuntur
1090 378 1130 411 ab

170 431 380 473 Evangelista,
405 431 523 464 scilicet
546 431 732 464 auctoritas
757 431 953 469 commissa,
979 430 1130 463 honestas

170 484 322 517 iniuncta
345 487 376 517 et
399 478 528 517 utilitas
544 484 725 522 adianota;
749 484 791 516 ita
814 484 897 526 quod
923 484 1026 526 primo
1042 493 1129 526 prae-

170 537 265 569 mittit
288 537 519 569 auctoritatem
544 540 692 578 tanquam
711 537 964 578 praecedentem.
985 537 1128 569 Secundo

169 589 310 631 adiungit
333 588 531 623 honestatem
559 590 648 632 quasi
673 590 951 628 concomitantem,
977 589 1017 622 ibi
1034 591 1062 622 ¹:
1090 590 1129 622 Et

169 643 219 675 ait
242 642 288 675 ad
311 642 399 675 illos:
424 641 516 675 Nihil
539 642 681 675 tuleritis
699 642 734 675 in
750 642 816 675 via.
835 642 940 675 Tertio
964 642 1128 684 subiungit

169 696 342 729 utilitatem
368 699 620 737 consequentem,
642 695 702 728 ibi:
730 695 862 738 Eoi-essi
883 700 994 728 autem
1018 695 1127 727 circu—

169 749 261 782 ibant
283 752 342 782 etc.
368 767 411 772 —
435 748 493 781 Sed
517 748 665 790 quoniam
691 748 805 787 verba,
833 751 1127 790 quantumcumque

167 802 338 835 authentici
362 801 586 844 praedicatoris
602 801 719 834 suerint
733 802 755 840 ²,
773 805 847 834 sunt
864 801 1048 840 inefficacia,
1066 801 1124 833 nisi

167 856 301 889 habeant
324 855 429 888 divina
453 855 647 894 testimonia;
672 858 703 888 et
727 855 798 887 talia
830 858 904 887 sunt
934 855 1040 886 divina
1068 855 1125 886 mi-

166 910 290 943 racula:
316 909 384 942 ideo
407 909 437 941 in
463 908 564 950 prima
588 913 676 950 parte
700 909 801 950 primo
824 908 1003 950 explicatur
1027 907 1125 940 colla-

167 963 210 996 tio
232 962 401 1005 potestatis
424 962 471 994 acl
495 961 663 994 miracala
689 960 867 1004 facienda,
896 961 1007 994 deinde
1039 971 1125 994 com-

165 1016 279 1049 missio
296 1015 508 1048 auctoritatis
524 1015 569 1048 ad
585 1015 745 1058 mysteria
758 1015 1000 1057 praedicanda.
1024 1015 1126 1047 Prima

165 1069 247 1102 enim
273 1068 352 1101 viam
377 1068 449 1101 facit
472 1068 510 1100 ad
535 1068 715 1101 secundam.

254 1123 283 1154 2.
311 1121 411 1163 117615.
449 1123 499 1157 1.).
531 1121 691 1162 Quantum
724 1121 820 1163 igitur
853 1121 891 1153 ad
921 1121 1124 1154 collationem

2 1167 139 1210 3A=¹⁶¹0t12³⁵
159 1175 330 1217 potestatis
353 1174 399 1207 ad
429 1173 600 1207 miracala
630 1172 789 1216 facienda
812 1173 904 1206 dicit:
932 1173 1126 1207 Convocatis

3 1208 5 1232 1
27 1212 133 1229 commissa

12 1233 75 1261 primo
86 1233 151 1260 expli-

7 1272 8 1277 1
25 1262 83 1282 eatur
98 1265 136 1287 por

6 1286 143 1308 *collationem

29 1313 135 1341 potestatis

2 1339 97 1365 §faciendi
112 1339 151 1361 mi-

2 1369 4 1406 1
41 1366 117 1388 meula.

8 2569 62 2591 iltem
71 2576 143 2593 secun-

10 2596 78 2628 lohpe-i·
87 2604 143 2619 eom-

3 2617 129 2665 11111118101111111

7 2650 142 2676 praedicandi

9 2688 10 2692 =
24 2677 126 2704 mysteria.

163 1231 273 1260 autem
292 1228 385 1260 Iesus
399 1227 410 1246 ³
434 1227 605 1260 duodecim
632 1227 812 1269 Apostolis,
835 1231 984 1269 tanquam
1008 1227 1126 1260 scilicet

163 1281 388 1323 principalibus
412 1281 573 1323 praelatis,
602 1280 709 1313 electis
732 1289 773 1313 ex
797 1281 944 1313 omnibus
967 1280 1053 1319 aliis,
1077 1289 1125 1313 se-

162 1334 301 1367 cundum
318 1333 402 1376 quod
426 1333 541 1366 dicitur
558 1342 655 1375 supra
671 1336 779 1366 sexto:
802 1346 816 1361 α
834 1333 962 1366 Vocavit
979 1334 1063 1366 lesus
1079 1333 1125 1366 di-

162 1387 299 1429 scipulos
315 1396 389 1420 suos
405 1390 436 1419 et
452 1396 492 1419 ex
511 1387 560 1419 1115
576 1387 669 1428 elegit
683 1386 864 1425 duodecim,
881 1396 961 1429 quos
981 1391 1012 1420 et
1038 1389 1124 1429 Apo-

161 1440 259 1474 stolos
294 1440 465 1473 nominavit
493 1454 522 1472 n.
561 1439 628 1472 Istis
663 1449 738 1482 ergo
770 1440 976 1479 convocatis,
1012 1440 1042 1472 id
1078 1444 1125 1473 est

161 1494 192 1526 in
226 1502 324 1526 unum
357 1493 473 1526 vocatis
504 1493 543 1525 ad
575 1493 726 1525 unitatem
759 1493 1059 1533 commendandam,
1092 1494 1123 1526 in

161 1556 224 1590 qua
246 1547 340 1579 datur
368 1546 503 1588 Spiritus
527 1550 671 1585 sanctus,
700 1546 874 1579 secundum
899 1547 982 1589 quod
1007 1547 1123 1580 dicitur

161 1602 293 1634 Actuum
325 1600 462 1633 secundo
480 1600 509 1632 4:
540 1613 556 1628 «
583 1600 660 1632 Dum
691 1600 926 1642 complerentur
957 1600 1023 1634 dies
1047 1602 1123 1634 Pen-

161 1658 307 1693 maestes,
342 1655 432 1686 erant
466 1662 575 1686 omnes
609 1653 753 1695 discipuli
791 1654 909 1695 pariter
945 1654 975 1686 in
1013 1655 1120 1687 eodem

161 1707 260 1740 loco»
288 1710 346 1739 etc.
372 1706 456 1739 Unde
480 1707 691 1739 Numerorum
723 1706 902 1739 undecimo:
932 1720 946 1735 s<
972 1707 1122 1740 Dominus

160 1760 241 1792 dixit
263 1760 301 1792 ad
326 1760 464 1801 Moysen:
482 1760 642 1801 Congrega
667 1759 742 1791 mihi
761 1760 958 1801 septuaginta
982 1760 1066 1792 viros
1082 1760 1120 1792 ad

159 1813 273 1846 ostium
300 1813 491 1845 tabernaculi
521 1812 705 1851 testimonii,
730 1815 761 1845 et
783 1813 924 1845 auferam
942 1813 980 1846 de
1005 1813 1118 1855 spiritu

159 1870 214 1899 tuo
237 1870 269 1899 et
293 1866 412 1898 tradam
437 1865 482 1898 eis
498 1878 528 1897 ».
547 1883 588 1888 —
606 1865 654 1897 Sic
679 1874 780 1904 nunc;
806 1866 889 1898 unde
906 1869 937 1899 et
953 1866 1118 1899 subditur:

159 1919 255 1952 Decttt
278 1918 343 1951 illis
367 1918 520 1951 virtatem
544 1923 574 1951 et
592 1921 803 1960 potestatem,
830 1919 868 1951 ita
902 1919 986 1961 quod
1010 1920 1120 1952 virtus

159 1973 198 2006 sit
222 1975 366 2014 respectu
391 1972 620 2014 spiritualium,
643 1976 785 2014 potestas
802 1976 948 2015 respectu
973 1982 1120 2015 corpora-

158 2026 244 2059 lium.
270 2026 400 2068 Propter
417 2025 501 2068 quod
518 2025 555 2057 ad
580 2026 821 2068 explicationem
840 2026 936 2059 buius
959 2027 1117 2069 adiungit:

159 2080 266 2123 Super
296 2079 410 2112 omnia
433 2079 625 2118 daemonia,
658 2083 693 2112 ut
718 2080 776 2112 hoc
801 2079 957 2112 reseratur
989 2080 1026 2112 ad
1053 2080 1119 2112 vir-

158 2138 278 2172 tu-tem;
301 2136 329 2165 et
353 2136 389 2165 ut
411 2132 591 2175 tanqum-es
614 2137 792 2171 cara-rent,
817 2137 854 2166 ut
878 2133 936 2165 hoc
961 2133 1119 2166 referatur

157 2187 195 2220 ad
215 2190 427 2230 potestatem,·
458 2189 489 2219 et
513 2195 569 2228 per
601 2186 660 2219 hoc
684 2187 838 2219 haberent
868 2186 987 2228 duplex
1020 2196 1119 2229 genus

157 2240 325 2274 testimonii
342 2240 514 2273 secundum
539 2238 659 2281 duplex
676 2243 840 2273 creaturae
864 2249 980 2282 genus,
1002 2240 1120 2273 scilicet

158 2294 330 2336 spiritualis
353 2297 384 2326 et
415 2294 596 2335 corporalis.
624 2294 658 2325 Et
687 2294 746 2326 boc
776 2297 823 2326 est
852 2293 935 2335 quod
968 2303 1118 2336 expresse

156 2347 272 2380 dicitur
296 2346 388 2379 Marci
414 2346 546 2379 tertio⁵:
570 2359 585 2375 «
602 2346 691 2379 Dedit
715 2349 899 2388 potestatem
917 2347 1045 2379 curandi
1072 2347 1118 2379 in-

157 2400 321 2433 firmitates
337 2403 368 2433 et
390 2400 530 2433 eiiciendi
555 2400 717 2432 daemonia
731 2413 764 2438 »;
782 2400 825 2432 ita
841 2404 877 2433 ut
893 2410 967 2434 vere
990 2401 1118 2443 implea-

159 2457 210 2486 tur
235 2453 311 2486 illud
329 2453 457 2486 Psalmi:
488 2466 503 2481 «
520 2453 672 2486 Dominus
691 2453 777 2486 dabit
801 2454 933 2486 verbum
963 2454 1119 2496 evangeli-

157 2507 301 2552 zantibus
325 2507 442 2540 virtute
467 2507 565 2539 multa
581 2520 611 2538 ».

245 2560 275 2593 3.
301 2560 401 2601 (Vers.
420 2561 474 2599 2).
492 2560 652 2601 Quantum
675 2563 779 2593 autem
798 2561 834 2593 ad
856 2561 1118 2593 commissionem

157 2612 369 2645 auctoritatis
393 2613 440 2645 ad
470 2612 630 2656 mysteria
660 2613 892 2654 praedicanda
922 2613 1044 2646 subdit:
1083 2614 1118 2645 Et

156 2665 246 2698 misit
281 2665 353 2698 illos
381 2665 581 2708 praedica-re
616 2675 756 2708 reymtm
793 2666 857 2698 Dei.
895 2666 926 2698 ln
961 2666 1118 2699 missione

227 2829 236 2844 ¹
258 2831 331 2856 Vers.
351 2831 381 2861 3;
400 2830 505 2856 tertium
523 2834 563 2857 est
581 2838 608 2857 v.
627 2832 652 2857 6.
672 2846 707 2851 —
726 2832 774 2858 Pro
794 2831 921 2866 adittnyit
947 2832 1115 2859 honestatem

157 2875 213 2900 Vat.
233 2874 348 2908 iniunqit
367 2874 539 2901 nottestatem.

225 2917 236 2932 ²
255 2918 319 2945 Cod.
334 2920 351 2945 Ε
365 2921 612 2953 quantumcumque
625 2920 779 2947 anthentica
790 2928 907 2954 persona
916 2921 1114 2955 praedicatoris

154 2962 244 2996 faerit.
264 2963 370 2989 Interius
384 2970 431 2995 pro
447 2962 539 2989 Prima
553 2964 611 2989 Vat.
625 2963 762 2996 Primum,
785 2969 810 2991 et
829 2972 877 2997 pro
896 2965 962 2999 facit
974 2965 1011 2991 ad
1023 2973 1115 2992 secan-

155 3006 218 3033 dam
232 3007 300 3039 [Vnt.
313 3006 475 3041 secundum]
488 3008 565 3034 codd.
584 3007 688 3041 faciunt
706 3008 743 3035 ad
754 3009 902 3036 secundam
923 3010 954 3041 (11
973 3009 1114 3042 secunda).

225 3049 236 3064 ⁸
255 3052 290 3077 Ex
309 3052 387 3078 codd.
407 3052 558 3078 addidimus
571 3053 662 3084 lewis,-
681 3054 727 3078 cfr.
747 3061 826 3086 supra
841 3061 902 3086 pag.
922 3055 987 3084 216,
1007 3058 1066 3079 nota
1088 3055 1112 3080 8.

154 3109 190 3115 —
211 3094 328 3121 Subinde
347 3096 474 3127 allegatur
493 3097 556 3122 Luc.
576 3097 606 3126 6,
631 3097 668 3121 13,

225 3138 236 3153 ⁴
257 3139 330 3165 Vers.
351 3140 379 3172 1,
398 3143 458 3172 post
475 3147 554 3172 quem
575 3141 650 3166 Num.
675 3135 718 3172 ll,
742 3142 779 3166 16.
799 3149 854 3175 seq.

225 3182 235 3197 ⁶
255 3184 329 3210 Vers.
351 3184 397 3217 15;
417 3184 494 3210 codd.
508 3188 534 3210 et
554 3185 611 3211 Vat.
631 3185 743 3217 allegant
755 3186 851 3213 Maltlt.
871 3185 915 3218 to,
940 3186 984 3213 ubi
1004 3194 1030 3212 v.
1055 3188 1074 3212 l.
1088 3191 1111 3213 e!

156 3229 198 3254 10.
217 3228 309 3254 cadem
329 3229 466 3260 sententia,
486 3229 532 3255 sed
552 3237 604 3255 non
623 3229 704 3255 verba
724 3234 874 3257 occurrunt.
888 3245 922 3250 —
937 3232 1060 3264 Sequitur
1074 3233 1113 3258 Ps.

155 3272 201 3304 67,
219 3273 261 3305 12,
275 3272 320 3298 ubi
334 3273 445 3299 vocibus
458 3273 556 3300 virlrtte
568 3273 656 3300 multa
669 3274 689 3300 Α
699 3274 718 3300 C
730 3275 752 3300 D
765 3276 914 3307 praefigunt
933 3275 970 3302 in.
988 3290 1020 3294 —-
1034 3276 1113 3308 supe-

154 3317 209 3343 rius
228 3324 277 3348 pro
296 3316 398 3351 duplex
416 3319 560 3344 creat-urae
578 3325 663 3352 aenas
682 3319 703 3344 Α
722 3318 825 3352 duplex
844 3319 993 3347 curationis
1019 3327 1113 3353 oenus.

226 3359 237 3375 ⁶
258 3361 330 3387 Vers.
352 3362 397 3394 15,
416 3363 457 3388 cui
478 3361 674 3394 subiunguntur
694 3363 748 3389 lsai.
768 3364 798 3394 6,
818 3364 843 3390 8.
865 3368 890 3390 et
909 3365 957 3390 ler.
976 3365 1023 3396 23,
1044 3364 1085 3390 21.

225 3403 234 3418 ⁷
256 3405 331 3430 Vers.
355 3405 392 3430 17.
412 3418 447 3425 -
466 3405 547 3437 Beda,
569 3407 596 3432 11.
619 3405 644 3431 111
664 3407 726 3432 Luc.
746 3407 777 3438 6,
799 3407 846 3433 13:
864 3408 981 3440 Apostoli
1001 3408 1112 3440 Graece,

262 3457 292 3485 S.
311 3458 415 3485 Bonav.
427 3472 461 3478 —
477 3459 555 3484 Tom.
568 3459 622 3485 Vll.

2089 243 2151 273 217

1194 334 1330 367 namque
1354 327 1538 358 auctoritas
1562 327 1754 369 designatur,
1772 329 1837 360 sine
1855 338 1917 370 qua
1934 330 2040 361 nullus
2062 330 2154 362 debet

1195 378 1392 419 praedicare;
1419 379 1500 412 unde
1524 380 1561 411 ad
1587 381 1739 412 Romanos
1762 381 1925 413 decimo⁶1
1957 395 1971 409 α
1993 383 2153 423 Quomodo

1194 430 1434 472 praedicabunt,
1459 432 1517 464 nisi
1543 433 1709 464 mittantur
1735 436 1778 464 n?
1804 434 1888 466 Unde
1912 437 1943 466 et
1968 434 2059 466 lsaias
2091 444 2151 467 non

1193 482 1328 516 audebat
1364 484 1558 525 praedicare,
1592 485 1648 517 nisi
1686 485 1882 522 mitteretur:
1917 487 2009 519 lsaiae
2045 492 2152 519 sexto:

1199 536 1303 569 «Ecce
1320 545 1391 578 ego,
1416 537 1562 575 Domine,
1580 538 1667 570 mitte
1693 548 1740 570 me
1755 553 1784 570 ».
1812 539 1943 572 Econtra
1959 540 1996 572 ‹le
2022 541 2154 581 pseudo-

1193 590 1355 631 prophetis
1380 591 1525 623 leremiae
1551 591 1699 632 vigesimo
1724 592 1833 624 tertio:
1863 605 1877 620 α
1900 593 1962 625 Non
1993 594 2151 626 mittebam

1192 651 1259 681 eos,
1277 647 1308 675 et
1331 643 1387 685 ipsi
1411 644 1628 677 currebant».
1655 646 1690 676 At
1714 654 1774 676 non
1794 645 1869 677 tales
1893 650 1982 678 erant
2004 647 2152 687 Apostoli,

1192 695 1245 737 qui
1264 695 1332 727 ideo
1348 695 1392 728 sic
1410 696 1559 728 nominati
1585 701 1673 735 sunt,
1693 700 1727 729 ut
1744 706 1853 729 eorum
1879 699 2153 731 commendaretur

1191 749 1370 781 auctoritas.
1389 750 1552 790 Apostolus
1567 750 1649 782 enim
1667 750 1790 782 missus
1804 751 2048 792 interpretatur:
2069 752 2152 784 missi

1191 805 1296 834 autem
1321 802 1450 835 suerunt
1466 803 1503 834 ad
1528 803 1787 845 praedicandum,
1805 804 1977 837 secundum
1997 805 2070 837 illud
2090 805 2153 846 pri-

1191 864 1260 888 mae
1284 855 1322 887 ad
1353 855 1531 889 Corinthios
1557 857 1696 898 primo⁷:
1720 870 1734 886 «
1753 858 1816 889 Non
1836 858 1919 889 misit
1936 867 1984 890 me
2003 858 2153 891 Dominus

1191 909 1366 951 baptizare,
1390 910 1444 942 sed
1469 911 1730 952 evangelizare».
1758 930 1797 934 —
1823 912 1962 944 Fuerunt
1993 912 2029 943 ad
2064 921 2153 953 prac-

1190 962 1356 995 dicandum
1374 963 1478 1001 missi,
1504 973 1564 996 non
1591 973 1655 996 rem
1675 973 1802 1005 parvam
1815 991 1822 1003 ,
1841 963 1900 997 'sed
1918 974 2075 1006 magnam,
2093 966 2151 997 sci-

1191 1015 1262 1048 licet
1286 1025 1428 1058 reymtm
1447 1016 1515 1054 Dei,
1540 1025 1596 1058 per
1614 1016 1698 1058 quod
1720 1021 1822 1059 potest
1846 1017 1972 1059 intelligi
1999 1018 2152 1051 doctrina

1189 1069 1358 1107 veritatis,
1395 1069 1486 1101 iuxta
1521 1069 1596 1102 illud
1634 1071 1778 1103 Matthaei
1816 1071 1964 1112 vigesimo
2002 1072 2103 1112 primo
2120 1072 2150 1104 ⁸:

1195 1122 1395 1154 «Auferetur
1419 1132 1437 1154 a
1469 1123 1555 1155 vobis
1588 1132 1719 1165 regnum
1746 1124 1814 1162 Dei,
1847 1128 1877 1156 et
1908 1124 2035 1156 dabitur
2067 1126 2148 1167 genti

1189 1174 1312 1207 facienti
1337 1175 1461 1208 fructus
1479 1176 1551 1209 eius
1568 1190 1597 1208 ».
1625 1176 1725 1209 Potest
1748 1177 1840 1210 etiam
1866 1177 1923 1210 dici
1948 1178 2151 1220 gyratio-Spi-

1189 1228 1278 1260 ritus
1305 1228 1429 1267 sancti,
1462 1229 1634 1262 secundum
1668 1230 1742 1262 illud
1779 1230 1817 1262 ad
1851 1231 2003 1263 Romanos
2031 1232 2151 1265 decimo

1190 1285 1320 1323 quarto:
1352 1295 1366 1310 «
1384 1282 1523 1324 Regnum
1544 1282 1597 1315 Dei
1624 1292 1683 1315 non
1709 1287 1755 1315 est
1771 1292 1841 1316 esca
1858 1288 1888 1316 et
1906 1288 2011 1325 potus,
2029 1285 2081 1317 sed
2104 1286 2150 1318 iu-

1190 1334 1272 1367 stitia
1300 1338 1331 1367 et
1355 1344 1416 1376 pax
1447 1339 1478 1367 et
1501 1335 1650 1377 gaudium
1677 1336 1707 1368 in
1733 1337 1850 1379 Spiritu
1875 1342 1981 1370 sancto
2007 1351 2040 1377 »;
2071 1340 2151 1372 infra

1188 1388 1309 1421 decimo
1333 1388 1482 1430 septimo:
1512 1402 1527 1417 «
1545 1389 1683 1431 Regnum
1709 1390 1762 1423 Dei
1789 1391 1871 1423 intra
1895 1400 1949 1423 vos
1974 1396 2020 1423 est
2035 1406 2062 1423 n.
2083 1393 2150 1425 Pot-

1189 1444 1236 1474 est
1260 1441 1351 1473 etiam
1384 1441 1444 1474 dici
1467 1441 1576 1483 qloria
1610 1446 1766 1481 aeterna,
1801 1444 1890 1476 iuxta
1922 1444 1998 1476 illud
2031 1445 2150 1477 loannis

1190 1494 1324 1527 tertio⁰z
1354 1507 1369 1522 «
1387 1494 1447 1527 Nisi
1482 1495 1553 1537 quis
1578 1500 1707 1529 renatus
1731 1496 1826 1529 suerit
1857 1505 1898 1529 ex
1923 1506 2005 1538 aqua
2029 1502 2059 1529 et
2084 1499 2150 1539 Spi-

1190 1548 1253 1580 ritu
1282 1552 1407 1587 sancto,
1441 1558 1501 1581 non
1536 1553 1637 1591 potest
1668 1550 1786 1582 intrare
1816 1550 1844 1581 in
1879 1559 2010 1592 regnum
2041 1551 2092 1583 Dei
2119 1566 2149 1584 ».

1187 1601 1341 1634 Omnibus
1373 1601 1422 1634 his
1454 1602 1553 1635 modis
1584 1603 1717 1644 Apostoli
1750 1606 1824 1636 sunt
1852 1604 1936 1635 missi
1972 1605 2150 1645 praedicare

1188 1664 1321 1697 regnum
1346 1655 1415 1694 Dei,
1440 1656 1557 1697 scilicet
1583 1665 1687 1689 veram
1712 1657 1902 1695 doctrinam,
1927 1657 2063 1690 divinam
2080 1668 2150 1700 gra-

1188 1708 1261 1740 tiam
1286 1711 1316 1740 et
1340 1712 1499 1740 aeternam
1524 1709 1665 1750 gloriam.
1684 1728 1727 1732 —
1745 1709 1779 1741 Et
1803 1709 1876 1751 quia
1894 1713 2022 1751 propter
2044 1715 2150 1743 aucto-

1187 1761 1311 1793 ritatem
1336 1761 1575 1803 praedicationis
1592 1766 1789 1795 concesserat
1806 1767 1988 1804 potestatem
2015 1765 2150 1796 curatio-

1186 1814 1251 1852 nis,
1277 1814 1345 1847 ideo
1369 1814 1491 1847 subdit:
1521 1816 1558 1847 Et
1580 1825 1705 1847 sanare
1729 1816 1900 1856 infirmos,
1926 1816 2043 1849 scilicet
2067 1818 2150 1850 misit

1184 1867 1222 1900 ad
1255 1868 1524 1900 confirmationem
1558 1868 1698 1900 veritatis
1729 1869 1942 1910 praedicatae,
1975 1871 2148 1904 secundum

1185 1921 1262 1953 illud
1294 1920 1387 1953 Marci
1421 1920 1531 1953 ultimo
1546 1921 1588 1952 ¹⁰:
1623 1934 1638 1949 α
1664 1921 1706 1953 Illi
1733 1922 1862 1962 profecti
1889 1922 2149 1963 praedicaverunt

1185 1973 1318 2015 ubique,
1344 1973 1474 2006 Domino
1491 1978 1677 2016 cooperante
1702 1978 1733 2007 et
1749 1983 1924 2007 sermonem
1943 1975 2148 2009 confirmante

1184 2027 1389 2069 sequentibus
1405 2027 1500 2069 signis
1517 2040 1547 2058 ».
1566 2027 1650 2060 Unde
1675 2028 1798 2069 signum
1821 2028 1975 2060 missionis
1999 2029 2146 2070 spiritua-

1184 2080 1222 2113 lis
1251 2079 1488 2122 praedicationis
1519 2080 1557 2113 ad
1587 2080 1828 2122 praedicandum
1863 2086 1909 2114 est
1941 2083 2059 2114 sanatio
2090 2092 2145 2115 au-

1183 2134 1335 2166 dientium
1361 2143 1376 2165 a
1403 2134 1522 2166 morbis
1546 2134 1705 2166 vitiorum.

1273 2187 1303 2219 lt.
1329 2187 1401 2219 Tria
1425 2191 1529 2219 autem
1555 2191 1629 2220 sunt
1652 2188 1806 2221 evidentia
1827 2189 1928 2230 signa,
1954 2189 2036 2231 quod
2054 2199 2144 2231 prae-

1183 2240 1303 2272 dicator
1327 2249 1345 2272 a
1373 2240 1504 2272 Domino
1526 2240 1668 2273 mittatur
1684 2242 1707 2260 ¹¹
1732 2241 1770 2273 ad
1797 2242 1994 2283 Evangelium
2020 2242 2142 2284 praedi—

1184 2293 1328 2325 candum.
1366 2293 1504 2326 Primum
1536 2297 1583 2326 est
1614 2295 1800 2326 auctoritas
1832 2295 2000 2333 mittentis,
2038 2296 2142 2328 cuius-

1183 2346 1264 2378 modi
1290 2349 1337 2378 est
1361 2346 1533 2388 pontificis,
1559 2352 1589 2379 et
1615 2348 1752 2380 maxime
1777 2348 1931 2389 pontificis
1954 2349 2061 2381 eius¹²
2089 2350 2141 2390 qui

1183 2403 1230 2431 est
1255 2399 1320 2431 loco
1344 2399 1441 2437 Petri,
1467 2399 1563 2432 immo
1589 2401 1654 2433 loco
1681 2401 1745 2433 lesu
1771 2402 1901 2439 Cliristi;
1928 2402 2009 2434 unde
2034 2403 2085 2443 qui
2104 2403 2142 2434 ab

1183 2461 1219 2485 eo
1244 2453 1380 2485 mittitur
1405 2462 1423 2485 a
1446 2453 1570 2485 Cliristo
1595 2454 1739 2486 mittitur.
1766 2455 1943 2487 Secundum
1969 2460 2016 2488 est
2051 2456 2143 2487 zelus

1183 2506 1382 2538 animarum
1406 2507 1436 2538 in
1462 2516 1610 2548 persona,
1635 2517 1715 2550 quae
1741 2509 1887 2547 mittitur,
1912 2510 2037 2551 quando
2062 2511 2142 2542 scili—

1183 2563 1231 2592 cet
1254 2560 1469 2601 principaliter
1492 2561 1617 2602 quaerit
1642 2561 1694 2593 Dei
1729 2562 1879 2594 honorem
1904 2566 1934 2595 et
1966 2564 2142 2596 animarum

1183 2613 1325 2646 salutem.
1351 2614 1456 2651 Tertio
1470 2613 1510 2652 ¹⁸,
1536 2623 1607 2646 cum
1630 2614 1774 2656 sequitur
1790 2614 2008 2656 fructificatio
2025 2620 2052 2648 et
2069 2626 2143 2648 eon-

1183 2667 1290 2699 versio
1313 2667 1503 2700 auditorum.
1522 2687 1565 2690 —
1584 2668 1640 2700 Per
1665 2668 1802 2709 primum
1820 2673 1894 2701 sunt
1912 2670 2011 2701 nuntii
2032 2670 2142 2708 Patris,

1180 2834 1269 2859 Latine
1295 2834 1366 2859 missi
1392 2834 1523 2859 dicuntur.
1549 2833 1629 2859 Cuius
1653 2838 1845 2859 sacramentum
1873 2835 1979 2860 nominc
2008 2842 2142 2866 exponens

1179 2878 1339 2910 evangelista
1360 2879 1461 2904 Marcus
1480 2878 1523 2912 [3,
1548 2878 1600 2912 14.]
1620 2879 1669 2903 ait:
1690 2879 1724 2904 Et
1741 2878 1815 2911 fecit,
1844 2880 1873 2904 ul
1892 2881 1977 2905 essent
2001 2878 2139 2905 duodecim

1179 2929 1241 2949 cam
1261 2922 1323 2954 illo,
1344 2924 1369 2949 el
1387 2924 1416 2948 ul
1435 2922 1551 2949 mitteret
1569 2930 1612 2949 eos
1629 2922 1791 2956 praedicare
1812 2923 1987 2956 EranyeIinm
2009 2927 2056 2949 otc.

1250 2965 1260 2980 ⁸
1282 2968 1354 2992 Vcrs.
1376 2967 1416 2992 43.
1435 2981 1470 2986 —
1490 2968 1547 2993 Duo
1566 2974 1641 3000 seqq.
1661 2968 1708 2993 loci
1733 2971 1793 2993 sunt
1810 2968 1884 2992 Rom.
1910 2967 1953 2997 li,
1978 2967 2016 2992 17.
2036 2972 2060 2992 ct
2080 2969 2141 2993 Luc.

1181 3011 1225 3043 17,
1240 3011 1283 3036 21.

1249 3053 1260 3068 ⁹
1281 3055 1353 3081 Vers.
1366 3055 1390 3081 5.
1402 3056 1462 3080 Post
1472 3054 1576 3081 intrare
1591 3055 1713 3088 (Vulgata
1730 3054 1855 3081 introire)
1872 3055 1890 3079 C
1902 3055 1922 3079 D
1933 3055 1953 3079 11
1970 3055 2091 3080 omittunt
2105 3055 2140 3079 sn.

1250 3098 1272 3113 ¹⁰
1292 3100 1365 3125 Vers.
1387 3100 1429 3125 20.
1449 3113 1484 3118 -
1503 3100 1630 3131 Superius
1651 3100 1708 3124 Vat.
1728 3099 1849 3125 veritatis
1866 3098 2027 3132 praedicare
2041 3107 2089 3131 pro
2104 3107 2142 3125 re-

1178 3143 1267 3170 ritatis
1284 3142 1466 3177 praedicatae.

1251 3186 1271 3201 ¹¹
1294 3188 1350 3213 Vat.
1367 3187 1430 3213 Tria
1443 3189 1534 3214 autem
1546 3189 1610 3213 sunt
1623 3186 1702 3220 sigma
1721 3185 1864 3218 evidentia,
1886 3186 1982 3220 quibus
1993 3186 2137 3220 probatur,

1178 3233 1272 3258 utrum
1287 3230 1461 3265 praedicator
1481 3238 1498 3257 a
1518 3231 1631 3257 Domino
1650 3230 1685 3257 sit
1704 3230 1813 3257 missus.

1249 3274 1271 3290 ¹⁹
1290 3275 1373 3302 Codd.
1393 3275 1412 3301 G
1424 3276 1444 3300 D
1463 3276 1489 3301 et
1506 3274 1624 3301 masei-rm*
1632 3274 1781 3309 pontificis,
1795 3274 1851 3301 eius
1870 3274 1977 3300 scilicet.
1997 3274 2046 3300 CH
2067 3275 2140 3300 omit-

1178 3323 1234 3346 tunt
1253 3319 1406 3346 cuia-smodi
1423 3321 1462 3345 est
1476 3319 1622 3354 pontificis.

1250 3362 1271 3378 ¹³
1291 3363 1356 3390 Cod.
1377 3364 1397 3389 H
1420 3362 1539 3390 Tertium
1552 3365 1605 3395 est,
1620 3363 1653 3389 ita
1667 3363 1745 3389 etiam
1767 3364 1837 3395 Vnt„
1857 3370 1926 3396 quae
1940 3367 2025 3388 tamen
2046 3363 2139 3388 omittit

1178 3414 1240 3434 cum
1259 3407 1392 3441 sequitur.

1999 3460 2030 3484 28

2169 922 2262 953 Regnum
2279 923 2317 953 Dei

2186 952 2226 969 tria
2241 955 2303 976 ngui-

2212 976 2267 997 θαι.

2156 2199 2219 2229 Signa
2229 2200 2302 2221 missio

2184 2232 2216 2246 nis
2227 2229 2280 2256 ‘sunt

2206 2256 2254 2274 iria.
