2476 3921
151 362 222 383 Comm
226 361 290 383 enda-

164 391 198 419 tur
212 389 290 415 myste—

164 421 228 436 num.

213 520 289 542 Aliter.

161 1203 236 1225 Virtus
245 1203 294 1233 'Sal-

184 1231 270 1251 vatem.

148 1466 227 1497 Christi
241 1466 300 1487 beni-

190 1495 266 1519 guttas.

188 1678 294 1700 Potentia.

179 2046 294 2069 Patientia.

307 265 371 297 560

306 352 544 390 Verumtamen,
556 351 629 384 licet
640 359 703 383 non
719 349 865 382 laudetur
878 348 1009 387 factum,
1026 346 1264 380 commendatur

308 405 504 446 mysterium.
530 404 562 436 In
586 404 645 436 hoc
673 403 756 436 enim
781 402 990 444 significatur,
1019 399 1104 442 quod
1128 402 1265 441 potestas

308 457 471 491 sacerdotii
495 457 576 490 Petri
593 456 722 489 sustulit
745 455 975 488 observantiam
996 454 1077 486 ritus
1101 451 1265 486 sacerdotii

309 511 434 553 legalis,
458 519 539 552 quae
562 509 705 542 servitus
720 512 789 542 erat
803 510 824 540 ¹.
842 527 885 532 —-
901 508 956 541 Vel
973 510 1057 540 certe
1073 515 1130 548 per
1146 514 1265 547 ampu-

312 564 465 596 tationem
489 563 586 595 istius
606 562 782 595 auriculae
805 561 1004 604 intelligitur,
1021 560 1106 602 quod
1129 558 1266 601 populus

311 617 377 656 ille,
401 617 456 659 qui
487 616 613 649 nomine
635 615 751 648 dicitur
782 625 857 653 rex,
890 614 943 647 sed
973 613 1105 646 veritate
1132 621 1265 650 servus,

312 669 506 712 spiritualem
524 668 758 710 intelligentiam
776 667 926 709 perdidit;
950 666 1034 699 unde
1050 665 1157 697 Glossa
1181 665 1267 704 loan-

311 723 363 756 nisv
382 722 634 755 decimo'octavo
647 721 677 752 2:
708 734 723 749 α
739 722 855 753 Servus
878 719 1028 761 principis
1052 718 1266 756 sacerdotum,

313 776 366 818 qui
402 776 555 813 Malchus,
588 774 618 807 id
646 778 693 807 est
716 783 793 812 rex,
825 773 1018 815 appellatur,
1049 771 1187 813 populus
1218 771 1268 803 Iu-

313 829 462 862 daeorum
487 831 551 867 est,
583 828 637 869 qui
661 836 717 868 per
748 826 999 859 incredulitatem
1024 833 1135 857 servus
1166 823 1268 856 factus

313 885 360 915 est
383 880 568 923 impietatis,
593 880 646 922 qui
671 879 806 921 perdidit
828 878 1003 911 auriculam
1026 877 1208 915 dexteram,
1231 878 1269 908 ut

312 938 434 967 tantum
451 934 573 966 litterae
589 932 754 964 utilitatem
778 931 929 963 audiat».
952 930 1038 963 Unde
1060 930 1171 962 Petrus
1187 930 1268 962 hanc

313 996 422 1020 aurem
458 995 519 1018 non
554 985 701 1023 abstulit,
737 983 790 1016 sed
824 983 958 1016 ablatam
992 982 1147 1021 ostendit;
1182 982 1267 1014 unde

312 1038 461 1071 Glossa⁸z
491 1037 630 1070 «Ablata
653 1039 700 1069 est
723 1036 827 1074 auris,
851 1045 913 1068 non
930 1035 1021 1067 Petro
1044 1035 1189 1073 tollente,
1214 1034 1268 1067 sed

312 1092 417 1125 divino
440 1090 555 1123 iudicio
578 1090 713 1122 ablatam
738 1088 891 1130 pandente
907 1101 938 1120 ».

402 1144 453 1176 64.
489 1143 590 1184 (Vers.
617 1142 693 1182 512).
730 1141 834 1173 Tertio
858 1142 1012 1182 quantum
1047 1139 1086 1171 ad
1113 1139 1269 1171 virtutem

313 1196 500 1230 Salvatoris
523 1195 680 1236 adiungit:
706 1193 913 1236 Respondens
940 1196 1052 1225 autem
1082 1193 1176 1224 Iesus
1203 1191 1268 1224 ait.-

313 1250 415 1283 Sinite
439 1258 541 1291 usque
565 1246 644 1286 huc,
669 1247 759 1289 quasi
782 1246 881 1279 dicat:
907 1255 969 1278 non
1000 1245 1135 1287 amplius
1159 1253 1268 1286 proce-

311 1302 406 1341 datis,
431 1311 489 1343 pro
512 1310 549 1333 eo
568 1299 653 1342 quod
677 1299 855 1332 exhibenda
870 1301 919 1331 est
941 1298 1104 1340 patientia,
1128 1306 1191 1330 non
1207 1297 1269 1329 ira-

312 1355 442 1393 cundia3
460 1353 679 1392 beneficentia,
696 1362 758 1385 non
775 1352 941 1384 vindicta4.
956 1351 1082 1384 —Ideo
1105 1350 1190 1383 addit
1205 1362 1212 1382 z
1230 1350 1271 1382 Et

313 1417 388 1441 cum
406 1407 558 1449 tetiqisset
581 1405 879 1444 auriculameius‚
903 1404 1039 1437 sanavit
1053 1413 1137 1436 eum.
1156 1404 1188 1436 In
1206 1412 1270 1448 quo

313 1461 394 1494 miro
414 1460 506 1492 modo
529 1459 704 1492 ostenditur
727 1458 842 1491 Christi
868 1457 1071 1500 benignitas,
1096 1456 1180 1499 quod
1204 1465 1271 1489 ser-

312 1523 388 1547 vum
413 1512 743 1554 comprehendentem,
768 1511 798 1544 in
816 1515 889 1544 actu
912 1510 1140 1553 persecutionis
1160 1510 1270 1543 vulne-

313 1570 418 1600 ratum
450 1565 579 1598 sanavit.
611 1565 698 1598 Tunc
722 1565 882 1607 potissime
905 1564 1047 1606 implevit
1078 1563 1155 1596 illud
1186 1563 1269 1605 quod

313 1619 406 1652 iussit
428 1618 572 1651 Matthaei
589 1618 739 1660 quinto⁵:
762 1631 777 1646 a
794 1617 967 1650 Benefacite
992 1617 1041 1649 his
1057 1617 1111 1659 qui
1136 1616 1272 1649 oderunt

314 1681 370 1705 vos
386 1686 416 1704 n.
430 1691 474 1696 —-
487 1672 518 1704 In
536 1681 599 1714 quo
612 1671 693 1704 mira
704 1671 851 1713 apparuit
863 1670 931 1703 eius
938 1670 1101 1713 potentia,
1114 1669 1189 1711 quia
1205 1669 1271 1702 solo

306 1727 406 1760 ,tactu
423 1724 524 1757 univit
546 1724 714 1763 dissoluta,
739 1723 823 1766 quod
847 1732 904 1756 nec
927 1732 980 1756 ars
996 1726 1119 1765 poterat
1142 1731 1200 1755 nec
1216 1732 1271 1755 na-

313 1782 395 1811 tura.
420 1778 456 1810 Et
479 1787 535 1820 per
558 1778 618 1810 hoc
642 1777 777 1810 ostendit
800 1786 833 1810 se
858 1777 1035 1819 possibilem
1060 1777 1099 1809 ad
1123 1776 1271 1809 resisten-

313 1831 407 1870 dum,
443 1830 480 1863 ad
516 1830 737 1863 vivificandum
766 1833 797 1862 et
827 1829 865 1862 ad
900 1829 1123 1869 occidendum,
1158 1838 1270 1862 secun-

313 1883 388 1917 dum
412 1883 489 1916 illud
513 1883 747 1916 Deuteronomii
777 1882 937 1924 trigesimo
961 1882 1141 1915 secundo‘i:
1176 1894 1192 1911 «
1208 1882 1275 1924 Ego·

313 1936 468 1975 occidam,
499 1939 531 1969 et
558 1945 615 1978 ego
638 1936 745 1969 vivere
775 1936 904 1974 faciam;
935 1935 1128 1977 percutiam,
1152 1938 1183 1968 et
1213 1944 1271 1977 ego

314 1989 443 2028 sanabo,
461 1992 492 2021 et
514 1998 577 2021 non
593 1992 641 2021 est
664 1988 718 2030 qui
742 1988 780 2020 de
796 1997 893 2021 manu
908 1997 978 2021 mea
1000 1988 1097 2030 possit
1113 1996 1226 2020 eruere
1239 2001 1269 2019 n.

315 2060 356 2065 —
381 2042 414 2074 In
442 2041 501 2074 hoc
525 2041 618 2074 etiam
645 2041 726 2073 mira
748 2041 895 2083 apparuit
917 2041 1020 2074 virtus
1042 2040 1173 2079 Christi,
1197 2040 1272 2082 quia

315 2094 408 2127 simul
434 2102 506 2126 cum
530 2094 753 2136 omnipotentia
776 2096 844 2126 erat
866 2097 953 2126 tanta
972 2093 1136 2136 patientia
1144 2105 1156 2132 ,·
1187 2093 1272 2126 unde

314 2146 435 2179 Ioannis
466 2146 585 2179 decimo
612 2149 721 2179 octavo
737 2146 749 2166 ⁷
784 2146 921 2186 dicitur,
956 2146 1041 2189 quod
1076 2159 1092 2175 α
1120 2146 1273 2188 processit

386 2346 395 2361 ¹
416 2347 508 2378 Hilar.‚
527 2347 673 2373 Comment.
692 2348 719 2373 in
739 2348 826 2373 Matth.
845 2355 866 2374 c.
887 2349 929 2374 32.
948 2356 974 2374 n.
993 2349 1021 2374 2:
1046 2349 1126 2381 Igitur
1150 2349 1185 2375 ab
1204 2350 1270 2382 Apo-

316 2391 381 2416 stolo
401 2397 478 2416 servo
496 2391 622 2423 principis
640 2391 806 2417 sacerdotum
819 2393 935 2418 auricula
955 2393 1103 2426 desecatur,
1124 2394 1221 2426 populo
1235 2394 1271 2419 vi-

317 2434 409 2460 delicet
432 2435 577 2460 sacerdotio
595 2435 716 2460 servienti
743 2442 790 2467 per
813 2436 906 2462 Christi
931 2437 1090 2469 discipulum
1117 2437 1271 2463 inobediens

317 2479 421 2504 auditus
440 2479 573 2511 exciditur,
587 2482 612 2504 et
625 2479 659 2504 ad
676 2480 846 2510 capacitatem
865 2481 982 2506 veritatis
1001 2482 1051 2506 hoc
1070 2482 1142 2514 quod
1162 2485 1217 2507 erat
1235 2482 1270 2507 in-

316 2523 425 2548 audiens
443 2525 601 2553 amputatur.
619 2522 669 2548 Ct‘r.
683 2523 761 2548 etiam
773 2523 858 2554 Beda,
872 2524 914 2549 VI.
928 2524 952 2549 ln
966 2525 1028 2550 Luc.
1048 2526 1094 2558 22,
1108 2525 1150 2551 51.
1163 2539 1199 2544 -
1213 2526 1271 2551 Vat.

316 2567 410 2592 omittit
427 2566 505 2592 ritus.

388 2610 398 2625 ²
418 2611 491 2636 Vers.
513 2611 557 2641 10,
581 2610 608 2636 in
632 2608 712 2643 quern
736 2612 802 2637 hanc
820 2611 937 2637 Glossam
960 2619 1046 2645 neque
1066 2613 1159 2639 Strabo
1183 2621 1270 2647 neque

316 2655 434 2685 Lyranus
452 2653 588 2684 exhibent,
608 2654 697 2679 similis
711 2657 797 2679 tamen
816 2655 951 2681 exhibetur
970 2655 1003 2681 ab
1017 2656 1079 2688 ipsis
1098 2657 1123 2682 in
1141 2658 1204 2682 Luc.
1222 2658 1270 2688 22,

317 2699 360 2724 50.
380 2698 435 2731 (cfr.
454 2699 571 2729 Lyranus
590 2698 667 2723 etiam
684 2698 709 2722 in
729 2698 816 2723 Matth.
832 2699 879 2729 26,
899 2698 966 2732 5I.),
985 2706 1053 2731 quae
1066 2703 1105 2725 est
1123 2701 1269 2726 secundum

316 2742 428 2772 Bedam,
447 2742 492 2774 qui
511 2742 628 2774 sequitur
647 2742 766 2772 IIieron.,
787 2742 827 2766 IV.
842 2742 867 2767 in
887 2743 974 2768 Matth.
990 2744 1037 2775 26,
1056 2744 1102 2775 51,
1122 2744 1269 2770 dicentem:

317 2785 477 2811 Transitorie
495 2785 648 2816 dicendum,
667 2784 740 2817 quod
753 2784 891 2816 Malchus,
910 2785 937 2810 id
957 2788 995 2811 est
1007 2793 1059 2811 reat
1077 2787 1211 2818 quondam
1226 2794 1270 2819 po-

316 2830 394 2861 pulus
418 2829 586 2859 Iudaeorum,
611 2836 703 2854 servus
723 2829 804 2854 sactus
829 2829 862 2854 sit
880 2829 1020 2860 impietatis
1045 2832 1070 2854 et
1094 2830 1270 2856 devorationis

316 2874 480 2899 sacerdotum
506 2873 692 2905 dexteramque
720 2872 863 2904 perdiderit
880 2873 1036 2905 auriculam,
1056 2876 1084 2899 ut
1104 2877 1184 2900 totam
1204 2875 1270 2900 litte-

316 2923 360 2941 rae
374 2916 496 2942 viIitatem
516 2916 605 2949 [alias,
619 2919 647 2941 ut
660 2916 685 2940 in
699 2918 758 2941 nota
772 2916 871 2941 adiecta
885 2916 992 2947 dicitur,
1010 2916 1166 2951 utilitatem]
1179 2918 1268 2943 audiat

317 2960 342 2985 in
361 2960 476 2990 sinistra,
495 2960 541 2985 sed
561 2960 686 2985 Dominus
706 2960 730 2985 in
750 2960 790 2985 his
813 2960 858 2992 qui
888 2967 918 2985 ex
938 2960 1038 2986 Iudaeis
1057 2961 1164 2987 credere
1182 2962 1269 2987 volue-

315 3007 389 3035 runt,
408 3004 522 3030 reddidit
540 3011 630 3029 aurem
646 3004 779 3030 dexteram
799 3008 824 3030 et
843 3005 901 3031 tecit
914 3012 1020 3031 servum
1041 3013 1126 3038 genus
1144 3007 1231 3038 regale
1244 3010 1270 3033 et

316 3049 475 3075 sacerdotale
495 3047 550 3082 [cfr.
569 3049 586 3074 I.
605 3045 719 3080 Petr.‘2,
739 3048 787 3082 9.].

387 3092 396 3107 θ
416 3093 516 3118 Scilicet
529 3091 670 3119 ordinaria
689 3093 712 3118 iu
728 3094 788 3118 Luc.
809 3094 855 3126 22,
875 3094 916 3119 50.
930 3094 1077 3120 secundum
1096 3095 1209 3126 Bedam,
1222 3096 1268 3129 qui

317 3136 369 3169 (VI.
389 3136 412 3162 in
433 3137 494 3162 Luc.
515 3137 561 3167 22,
581 3137 634 3169 51.)
655 3136 703 3162 ait:
722 3137 794 3169 Quae
807 3137 927 3163 videlicet
945 3138 1015 3163 auris
1034 3138 1100 3164 Petri
1120 3139 1207 3170 gladio
1226 3140 1269 3165 de-

315 3180 418 3211 ciditur,
436 3187 487 3206 non
500 3181 572 3213 quod
591 3180 631 3206 ille
644 3187 749 3206 sensum
770 3181 929 3213 intelligendi
943 3181 1110 3208 audientibus
1124 3183 1207 3214 tollat,
1221 3183 1268 3209 sed

314 3224 404 3250 divino
423 3224 538 3250 ablatum
558 3224 654 3250 iudIcio
673 3225 866 3257 negligentibus
885 3226 991 3257 pandat.

385 3268 397 3283 ⁴
415 3269 505 3294 Glossa
523 3268 704 3295 interlinearis
724 3270 779 3302 (cfr.
799 3272 863 3295 tom.
882 3270 923 3295 VI.
940 3277 1001 3302 pag.
1024 3269 1087 3301 480,
1107 3273 1166 3296 nota
1185 3271 1221 3304 8.)
1242 3271 1268 3297 In

314 3312 401 3338 Matth.
420 3313 467 3345 26,
483 3312 531 3338 52:
551 3312 679 3339 Converte
692 3312 813 3346 gladium
827 3317 891 3344 etc„
905 3316 988 3339 cesset
1000 3313 1126 3346 vindicta,
1146 3314 1268 3340 exhibea-

314 3359 356 3382 tur
375 3356 509 3389 patientia,
529 3359 558 3382 ut
575 3357 725 3389 patientiam
745 3361 846 3384 nostros
865 3358 1021 3391 doceamus,
1040 3365 1093 3384 non
1112 3359 1265 3385 vindictam.

386 3399 396 3414 ⁶
417 3400 488 3427 Vers.
509 3399 552 3426 44.
564 3414 599 3420 -—
618 3401 819 3434 Theophylact.,
838 3402 863 3428 in
881 3403 944 3429 Luc.
963 3403 1009 3436 22,
1030 3402 1121 3429 47-53:
1140 3404 1211 3430 Iesus
1223 3403 1268 3429 lta·

885 259 1078 293 COMMENT.
1103 259 1140 291 ΙΝ
1165 257 1403 291 EVANGELIUM
1426 256 1543 290 LUCAE
1567 256 1600 289 C.
1624 255 1712 288 XXII.

1328 346 1414 379 Iesus
1441 345 1564 378 obviam
1588 344 1633 377 eis
1660 347 1691 377 et
1721 343 1803 376 dixit
1826 343 1888 376 eis:
1912 343 2012 384 Quem
2044 343 2222 385 quaeritis?
2248 343 2288 376 Ut

1329 408 1404 440 ergo
1431 397 1512 430 dixit
1546 397 1611 430 eis:
1650 397 1711 439 Ego
1741 405 1831 435 sum,
1867 395 2014 428 abierunt
2047 399 2224 428 retrorsum
2256 399 2288 429 et

1330 451 1510 484 ceciderunt
1532 450 1564 483 in
1595 453 1713 483 terram
1731 462 1761 481 n.
1786 448 1928 482 Ostendit
1956 448 2054 491 igitur
2084 448 2229 481 Christus
2255 448 2288 481 in

1330 504 1390 537 hoc
1413 504 1505 536 etiam
1530 503 1681 536 virtutem
1705 502 1861 544 potentiae
1892 505 1923 534 et
1946 501 2113 543 patientiae
2140 504 2172 534 et
2195 501 2288 534 bene-

1330 557 1490 596 ficentiae;
1522 556 1606 589 unde
1637 555 1783 588 Glossa⁸:
1820 568 1836 584 α
1856 555 2022 597 Nunquam
2054 554 2178 596 pietatis
2211 554 2289 587 obli-

1331 610 1462 643 viscitur
1487 609 1540 651 qui
1566 617 1623 642 nec
1646 609 1752 641 hostes
1775 617 1850 641 suos
1872 607 1992 649 patitur
2015 607 2224 640 vulnerari».
2247 625 2288 632 --

1332 662 1480 695 Indicavit
1502 662 1597 695 etiam
1620 670 1693 695 cum
1715 661 1775 694 hoc
1798 660 1996 704 mysterium
2017 659 2210 702 sapientiae.
2231 660 2290 694 Per

1332 716 1523 749 sanationem
1555 715 1638 748 enim
1673 714 1835 747 auriculae
1869 716 2050 755 amputatae
2085 713 2289 756 intelligitur,

1332 769 1416 811 quod
1441 768 1592 801 Dominus
1614 767 1782 810 aIIquando
1806 767 1951 800 restituet
1974 766 2118 800 auditum
2142 770 2173 800 et
2199 767 2290 800 intel-

1333 823 1449 855 lectum
1473 821 1615 855 veritatis
1638 821 1754 863 populo
1786 819 1988 858 Iudaeorum,
2013 819 2187 852 secundum
2210 819 2290 853 illud

1333 876 1427 909 Isaiae
1450 875 1614 908 decimo⁹:
1636 887 1652 903 α
1669 873 1829 916 Reliquiae
1860 875 2098 912 convertentur,
2123 873 2289 915 reliquiae,

1332 928 1476 969 inquam,
1502 927 1591 960 Iacob
1614 926 1653 959 ad
1676 926 1777 959 Deum
1801 925 1923 959 fortem.
1949 925 1979 958 Si
2009 925 2092 958 enim
2116 925 2213 959 fuerit
2235 934 2291 967 po-

1326 981 1428 1023 pulus
1451 984 1527 1013 tuus
1550 980 1644 1013 Israel
1667 979 1757 1021 quasi
1781 988 1877 1012 arena
1900 978 2014 1018 maris,
2038 978 2191 1021 reliquiae
2217 987 2291 1012 con-

1334 1036 1498 1066 vertentur
1521 1042 1563 1066 ex
1587 1042 1624 1065 eo
1641 1046 1671 1064 ».
1689 1032 1774 1065 Unde
1790 1031 1898 1065 Glossa
1911 1032 1955 1063 1⁰:
1984 1044 2000 1060 ε(
2016 1031 2108 1064 Auris
2131 1034 2292 1074 amputata

1333 1089 1365 1118 et
1387 1089 1495 1118 sanata
1518 1085 1677 1127 significat·
1695 1084 1858 1124 auditum,
1882 1084 1985 1117 ablata
2008 1087 2179 1124 vetustate,
2202 1084 2292 1117 inno-

1334 1141 1458 1177 vatum,
1482 1141 1519 1171 ut
1543 1138 1583 1171 sit
1606 1137 1642 1170 in
1664 1137 1808 1170 novitate
1830 1135 1972 1180 spiritus
1995 1141 2025 1169 et
2053 1146 2121 1169 non
2145 1137 2181 1169 in
2202 1140 2293 1170 vetu-

1333 1195 1417 1224 state
1441 1191 1567 1224 litterae
1583 1204 1614 1223 ι).

1425 1245 1476 1276 65.
1502 1244 1603 1285 (Vers.
1629 1243 1705 1285 52).
1730 1243 1849 1285 Quarto
1865 1246 2021 1286 quantum
2045 1243 2085 1276 ad
2108 1243 2221 1276 dolum
2237 1244 2294 1276 Iu-

1334 1297 1497 1329 daeorum
1521 1296 1700 1338 subiungit:
1728 1296 1821 1329 Dixit
1843 1301 1953 1329 autem
1978 1297 2071 1329 Iesus
2095 1296 2141 1329 ad
2163 1305 2216 1329 eos
2235 1296 2295 1340 qui

1334 1353 1492 1382 venerant
1508 1349 1554 1382 ad
1576 1358 1625 1388 se,
1639 1349 1809 1391 principes
1831 1349 2042 1382 sacerdotum
2059 1353 2087 1381 et
2110 1349 2294 1392 magistra-

1335 1406 1388 1435 tus
1423 1402 1534 1444 templi
1567 1406 1595 1435 et
1618 1402 1781 1441 seniores,
1813 1411 1893 1444 quos
1929 1402 2104 1444 specialiter
2135 1402 2293 1442 nominat,

1336 1455 1411 1498 quia
1441 1455 1546 1488 omnia
1577 1455 1655 1488 haec
1690 1455 1878 1488 auctoritate
1909 1455 2066 1487 maiorum
2096 1454 2230 1495 fiebant;
2263 1459 2294 1489 et

1335 1509 1498 1550 impletum
1528 1511 1576 1541 est
1607 1507 1684 1540 illud
1716 1508 1810 1550 primi
1834 1507 1949 1541 Esdrae
1971 1509 2111 1541 nonofl:
2146 1521 2162 1537 «
2185 1503 2295 1542 Manus

1336 1561 1515 1604 principum
1532 1564 1562 1593 et
1581 1561 1822 1603 magistratuum
1845 1561 1905 1594 fuit
1920 1561 1952 1594 in
1972 1561 2220 1604 transgressione
2235 1562 2295 1595 hac

1336 1615 1439 1657 prima
1451 1627 1486 1654 »;
1511 1618 1543 1648 et
1567 1614 1701 1647 Danielis
1716 1614 1838 1647 decimo
1861 1614 1969 1647 tertIo:
1998 1628 2014 1643 «
2028 1615 2158 1657 Egressa
2174 1619 2222 1648 est
2237 1615 2295 1648 ini·

1336 1668 1441 1711 quitas
1464 1677 1482 1700 a
1505 1667 1683 1700 senioribus
1703 1667 1861 1700 iudicibus
1884 1667 2006 1709 populi,
2031 1668 2085 1710 qui
2107 1668 2295 1702 videbantur

1336 1730 1446 1763 regere
1470 1721 1622 1763 populum
1644 1733 1675 1752 ».
1700 1720 1775 1753 Nam
1799 1720 1958 1762 principes
1980 1720 2168 1754 videbantur
2184 1730 2296 1764 regere

1335 1783 1393 1816 per
1416 1774 1666 1813 auctoritatem,
1698 1773 1901 1815 magistratus
1925 1782 1981 1815 per
2013 1774 2218 1813 doctrinam,
2247 1783 2295 1808 se-

1335 1828 1440 1861 niores
1464 1836 1520 1869 per
1537 1831 1716 1870 utrumque
1729 1827 1768 1866 ¹²,
1785 1830 1816 1860 et
1832 1829 1935 1860 tamen
1952 1827 1985 1860 hi
2009 1820 2226 1869 cogitaverunt
2241 1836 2295 1861 ne-

1334 1881 1475 1923 quitiam.

1426 1934 1478 1966 66.
1492 1934 1593 1974 (Vers.
1613 1935 1664 1966 52.
1683 1933 1759 1975 53).
1775 1933 1811 1966 Et
1826 1933 1895 1966 ideo
1906 1942 1960 1966 eos
1976 1933 2159 1976 alloquitur,
2175 1934 2295 1967 dicens:

1337 1986 1445 2027 Quasi
1474 1986 1521 2019 ad
1548 1986 1708 2018 latronem
1731 1986 1846 2018 existis
1877 1995 1954 2018 cnm
1983 1986 2108 2028 yladiis
2138 1990 2167 2019 et
2197 1985 2297 2029 fusti-

1336 2039 1416 2077 bus‚·
1432 2048 1509 2071 cum
1525 2038 1669 2082 quotidie
1691 2038 1860 2072 vobiscum
1876 2037 2055 2081 fuerimvin
2072 2039 2206 2082 templo,
2230 2049 2297 2073 non

1335 2092 1526 2125 extendistis
1552 2101 1677 2124 manus
1701 2092 1738 2124 in
1761 2101 1836 2131 me‚·
1856 2101 1898 2125 ex
1926 2102 1990 2135 quo
2009 2093 2156 2135 arguitur
2183 2099 2295 2126 eorum

1335 2145 1478 2178 stultitia
1486 2157 1498 2184 ;
1522 2145 1606 2178 unde
1631 2145 1814 2179 Ambrosius
1827 2146 1875 2178 1³³:
1906 2159 1922 2175 «
1938 2146 2077 2179 Stultum
2108 2149 2156 2179 est
2186 2146 2297 2189 gladiis

1336 2356 1388 2381 que
1402 2349 1566 2374 manifestum
1581 2348 1735 2374 miraculum
1757 2347 1829 2378 facit,
1842 2350 1868 2373 et
1881 2348 2027 2373 auriculam
2041 2355 2149 2380 sanans,
2169 2348 2295 2375 miraculo

1335 2393 1488 2424 patientiam
1507 2399 1582 2418 suam
1602 2391 1742 2418 ostendens
1761 2394 1786 2417 et
1805 2398 1853 2423 per
1872 2392 2028 2418 miraculum
2048 2392 2176 2419 inducens
2195 2399 2254 2426 eos,
2268 2398 2297 2419 ut

1335 2436 1369 2462 ab
1388 2437 1489 2462 insania
1508 2436 1643 2462 absistant.

1406 2479 1417 2495 ⁶
1437 2482 1512 2506 Vers.
1532 2480 1575 2505 39.

1405 2523 1417 2539 ⁷
1436 2525 1512 2550 Vers.
1533 2524 1556 2549 4.
1577 2527 1602 2549 et
1622 2523 1647 2549 5.

1405 2567 1416 2582 ⁵
1436 2568 1537 2594 Scilicet
1555 2567 1736 2594 interlinearis
1756 2567 1798 2601 (ex
1811 2568 1895 2600 Beda;
1916 2570 1962 2595 cfr.
1977 2568 2113 2601 Ambros.‚
2132 2570 2166 2597 X.
2185 2571 2212 2596 in
2231 2572 2294 2597 Luc.

1334 2619 1357 2638 c.
1376 2613 1418 2638 22.
1438 2620 1464 2638 n.
1483 2611 1537 2645 71.)
1557 2613 1582 2637 in
1601 2613 1663 2638 Luc.
1683 2613 1730 2643 22,
1750 2613 1791 2638 51¹.

1405 2655 1416 2670 ⁹
1435 2656 1512 2682 Vers.
1531 2657 1574 2682 21.
1592 2659 1617 2682 et
1636 2657 1678 2682 22.

1406 2698 1429 2713 ¹⁰
1448 2700 1550 2725 Scilicet
1568 2699 1712 2726 ordinaria
1725 2699 1808 2733 (apud
1821 2701 1964 2734 Lyranum)
1979 2701 2003 2727 in
2017 2702 2079 2727 Luc.
2094 2703 2140 2734 22,
2154 2702 2196 2728 50.
2212 2703 2294 2736 (apud

1334 2743 1444 2774 Bedam,
1465 2744 1505 2769 VI.
1525 2743 1551 2768 in
1571 2744 1632 2769 Luc.
1653 2744 1699 2775 22,
1719 2744 1748 2770 51
1757 2744 1787 2777 .),
1807 2744 1831 2769 in
1850 2745 1925 2770 cuius
1950 2745 2002 2771 Ilne
2020 2746 2147 2778 allegatur
2165 2747 2241 2772 Rom.
2260 2747 2292 2778 7,

1334 2788 1358 2812 6.
1378 2786 1429 2813 Csr.
1448 2787 1584 2820 Ambros„
1603 2788 1635 2814 X.
1655 2788 1682 2813 in
1701 2789 1762 2814 Luc.
1782 2796 1805 2814 c.
1825 2790 1866 2814 22.
1887 2796 1913 2814 u.
1932 2790 1975 2815 66.
1993 2797 2067 2823 seqq.

1406 2830 1427 2845 ¹¹
1448 2831 1523 2857 Vers.
1543 2833 1572 2863 2,
1592 2835 1650 2863 post
1663 2839 1743 2865 quem
1763 2833 1828 2859 Dan.
1843 2833 1889 2864 13,
1903 2833 1928 2860 5.
1940 2847 1975 2854 -
1988 2835 2079 2861 Glossa
2095 2834 2237 2862 ordinaria
2251 2835 2293 2869 (ex

1333 2874 1413 2907 Beda)
1435 2875 1459 2900 in
1479 2876 1541 2901 Luc.
1561 2876 1607 2908 22,
1627 2876 1676 2901 52;
1695 2877 1764 2903 quta
1784 2876 1847 2903 alios
1860 2878 2039 2910 Evangelistas
2057 2878 2158 2912 [Matth.
2180 2880 2228 2911 26,
2243 2879 2291 2911 ¹573

1334 2919 1409 2944 Marc.
1431 2918 1477 2949 14,
1498 2919 1545 2951 43;
1565 2920 1634 2945 Ioan.
1655 2921 1702 2951 18,
1722 2920 1761 2954 3.]
1781 2928 1833 2947 non
1858 2925 1985 2948 venerant
2003 2922 2037 2948 ad
2053 2923 2138 2948 Iesum
2158 2923 2292 2956 principes

1333 2963 1499 2989 sacerdotum
1517 2967 1542 2989 et
1555 2964 1735 2996 magistratus,
1755 2965 1801 2991 sed
1816 2965 1842 2990 in
1861 2965 1926 2991 atrio
1940 2965 2054 2998 Caiphae
2067 2970 2291 2998 exspectaverant.

1333 3007 1384 3033 Sed
1403 3007 1464 3040 quia
1484 3007 1518 3033 iIIi
1538 3008 1571 3033 de
1589 3015 1653 3034 nece
1672 3008 1774 3034 Domini
1794 3009 1828 3034 ita
1842 3009 1968 3041 agebant,
1983 3014 2011 3036 ut
2023 3011 2098 3043 quasi
2112 3011 2208 3037 innoxii
2221 3011 2291 3037 vide-

1332 3053 1434 3082 rentur,
1448 3058 1509 3077 cum
1528 3058 1575 3083 per
1588 3051 1747 3084 discipulum
1767 3053 1904 3079 traditus...
1915 3060 1931 3079 a
1950 3055 2055 3086 populis
2071 3055 2149 3080 etiam
2163 3054 2291 3081 Barrabas

1332 3097 1371 3120 est
1389 3095 1498 3127 electus,
1517 3096 1608 3121 volens
1621 3096 1797 3128 Evangelista,
1817 3104 1863 3123 eos
1876 3098 1989 3123 maxime
2007 3105 2065 3124 esse
2083 3105 2156 3129 reos,
2175 3105 2290 3131 quorum

1332 3139 1440 3164 consilio
1465 3142 1557 3165 cuncta
1584 3139 1755 3171 gerebantur,
1775 3141 1850 3172 dicit,
1874 3148 1920 3167 eos
1938 3142 2042 3168 venisse
2066 3143 2100 3168 ad
2119 3144 2291 3175 comprehen-

1330 3183 1450 3209 dendum
1470 3183 1644 3215 Salvatorem,
1664 3185 1708 3217 qui
1728 3192 1792 3211 suae
1811 3185 1931 3212 Iussionis
1949 3189 2077 3218 potestate
2095 3190 2232 3214 venerunt.

1404 3226 1426 3241 ¹²
1444 3226 1509 3253 Cod.
1528 3228 1547 3253 B
1567 3228 1640 3254 addit
1658 3228 1700 3255 vel
1713 3231 1826 3263 propter
1845 3229 1940 3257 aetatis
1959 3230 2153 3257 maturitatem.

1403 3269 1425 3285 ¹⁸
1439 3271 1479 3296 Ita
1498 3271 1606 3304 quidem
1625 3272 1716 3304 codd„
1736 3272 1949 3300 substituendum
1971 3276 2058 3300 tamen
2077 3274 2182 3301 videtur
2198 3273 2289 3302 Hiero-

1331 3320 1430 3347 nymus
1449 3313 1503 3347 (IV.
1521 3314 1668 3342 Comment.
1688 3316 1712 3342 in
1731 3317 1819 3342 Matth.
1838 3317 1885 3350 26,
1905 3317 1973 3350 ss),
1992 3324 2072 3351 quem
2085 3318 2203 3352 sequitur
2215 3317 2287 3345 Beda

1332 3357 1389 3389 (IV.
1409 3358 1436 3384 in
1455 3359 1540 3385 Matth.
1561 3359 1609 3391 26,
1628 3359 1671 3386 55.
1690 3363 1716 3386 et
1735 3361 1776 3387 VI.
1790 3361 1817 3387 in
1835 3361 1897 3388 Luc.
1917 3362 1964 3394 22,
1984 3362 2027 3388 52.
2046 3368 2117 3396 seq.;
2135 3362 2198 3389 vide
2217 3362 2279 3388 Glos

1330 3408 1387 3428 eam
1406 3401 1577 3430 ordinariam
1595 3403 1621 3429 in
1640 3405 1688 3431 hos
1706 3404 1797 3439 locos).
1973 3417 1975 3419 ·

2308 455 2433 479 Notandum.
2453 459 2454 467 ¹

2314 667 2434 695 Mysterium

2314 694 2436 723 sapientiae.

2313 1249 2379 1271 Dolus
2392 1250 2424 1272 Iu-

2313 1276 2422 1299 daeorum.

2333 1939 2428 1961 Christus

2311 1966 2403 1988 ostendit
2417 1966 2447 1988 Iu-

2329 1993 2428 2015 daeorum

2320 2019 2437 2041 stultitiam.
