2476 3921
301 286 362 318 104

299 373 477 410 retardare;
501 370 701 403 canticorum
734 366 910 400 secund01:
939 378 953 393 «
972 364 1066 401 Ecce,
1091 363 1148 395 iste
1173 360 1258 394 venit

300 428 411 460 saliens
436 427 466 457 in
491 423 667 461 montibus,
692 420 869 454 transiliens
893 418 987 451 colles
1002 430 1033 448 n.
1059 416 1128 449 Fuit
1150 418 1257 447 autem

300 481 357 513 iste
382 478 532 512 transitus
554 485 573 508 a
596 476 713 508 virtute
737 473 882 516 propria,
907 471 961 504 sed
986 469 1066 502 Petri
1091 469 1123 501 in
1140 468 1258 500 virtute

299 534 415 570 aliena;
440 533 572 563 Actuum
589 527 789 561 duodecimo:
813 538 828 554 «
844 526 1056 557 Transeuntes
1071 524 1177 554 autem
1194 520 1258 562 pri-

300 595 382 618 mam
406 589 436 618 et
461 583 628 617 secundam
653 580 840 618 custodiam,
866 580 1021 610 venerunt
1042 589 1057 604 »
1088 578 1146 607 etc.

390 639 441 670 61.
468 637 510 669 Ad
533 634 775 672 ostendendum,
800 631 884 674 quod
920 640 981 663 non
1013 629 1072 662 suit
1105 626 1260 660 violentia

136 701 280 723 Deseeundo.
301 691 529 735 impulsionis,
553 688 717 722 subditur:
744 687 810 718 Per
841 684 986 717 medium
1016 691 1130 715 eorum
1145 682 1169 720 2,
1193 689 1260 713 cer-

300 750 369 784 tus,
393 744 477 786 quod
501 752 562 775 non
587 744 691 784 posset
714 740 753 772 ab
777 739 882 780 aliquo
906 736 1068 778 superari;
1085 735 1169 767 unde
1193 737 1262 775 pot-

300 803 368 832 erat
390 798 494 830 dicere
510 795 587 828 illud
605 794 733 827 Psalmi:
763 806 778 821 a
792 792 822 824 Si
839 791 1009 823 consistant
1025 789 1192 821 adversum
1211 795 1262 819 me

300 855 419 889 castra,
443 859 505 882 non
530 848 650 881 timebit
674 856 727 880 cor
752 855 857 879 meum
874 858 905 876 ».
924 842 1160 892 Similedicitur
1177 841 1263 872 loan-

301 906 350 938 nis
370 904 505 936 decimo:
529 916 544 930 «
556 901 755 943 Quaerebant
771 908 844 931 eum
862 897 963 930 ludaei
981 894 1218 938 apprehendere
1232 906 1262 931 n,

302 958 419 991 scilicet
449 956 487 988 ad
515 954 742 997 lapidandum,
771 965 786 980 «
803 956 834 984 et
858 951 957 983 exivit
981 950 1019 981 de
1043 947 1188 980 manibus
1212 956 1263 979 eo-

303 1021 373 1044 rum
392 1024 421 1042 ».
449 1010 513 1042 Per
537 1008 683 1040 medium
717 1006 814 1044 vadit,
839 1004 915 1046 quia
948 1002 1129 1035 «mediator
1153 1001 1207 1033 Dei
1233 1004 1264 1033 et

303 1063 490 1097 hominu1n³
508 1076 523 1090 »
552 1069 676 1102 semper
707 1059 807 1100 diligit
839 1057 994 1095 medium;
1028 1055 1111 1088 unde
1144 1054 1265 1086 loannis

303 1117 418 1158 primo:
449 1128 465 1143 «
481 1114 599 1147 Medius
624 1115 764 1144 vestrum
789 1110 875 1143 stetit
898 1118 992 1151 quem
1019 1117 1074 1140 vos
1091 1107 1216 1139 nescitis
1233 1120 1263 1138 ».

392 1170 442 1201 62.
469 1168 510 1200 Ad
546 1164 773 1199 ostendendum
809 1163 963 1201 ulterius,
988 1161 1072 1203 quod
1108 1169 1170 1192 non
1205 1159 1265 1192 fuit

165 1231 196 1252 De
212 1232 280 1251 tertio.
301 1222 455 1255 violentia
475 1219 692 1263 portationis,
718 1216 880 1250 subditur:
899 1215 984 1253 ibat,
1002 1214 1119 1246 scilicet
1137 1213 1266 1255 propria

302 1276 437 1313 virtute,
462 1274 544 1306 sicut
567 1271 722 1310 animalia,
747 1270 785 1302 de
808 1269 926 1312 quibus
943 1266 1112 1300 Ezechielis
1136 1266 1265 1308 primo4

301 1329 435 1366 dicitur,
468 1326 553 1369 quod
587 1325 706 1357 «ibant
737 1327 768 1356 et
797 1322 1038 1355 revertebantur
1063 1320 1094 1352 in
1119 1319 1266 1352 similitu-

301 1383 404 1416 dinem
429 1380 563 1423 fulguris
597 1378 838 1412 coruscantis».
864 1376 956 1414 Ibat,
988 1375 1106 1408 scilicet
1137 1383 1199 1406 non
1235 1374 1265 1406 in

303 1444 469 1479 praecepS‚
493 1434 547 1467 sed
581 1432 806 1469 descendebat,
839 1430 920 1463 sicut
955 1429 1030 1462 dicit
1066 1428 1146 1461 Beda
1158 1428 1181 1466 ⁵,
1207 1427 1267 1460 sub

303 1499 401 1532 rupe,
424 1489 467 1521 illi
493 1487 621 1521 cedente
645 1490 735 1528 petra
758 1488 789 1517 et
813 1484 916 1525 ipsum
942 1482 1149 1524 suscipiente,
1171 1484 1207 1513 ut
1224 1480 1267 1513 illi

303 1544 341 1576 ad
365 1551 437 1576 eum
461 1551 522 1574 non
549 1543 674 1582 possent
709 1538 882 1579 attingere;
907 1535 991 1568 unde
1016 1537 1140 1576 poterat
1163 1534 1269 1566 dicere

305 1596 381 1630 illud
407 1595 528 1628 loannis
550 1597 674 1626 octavo:
705 1605 719 1620 «
737 1592 806 1632 Quo
830 1599 887 1631 ego
912 1589 1009 1627 vado,
1035 1598 1090 1620 vos
1114 1597 1175 1620 non
1198 1590 1269 1629 pot-

305 1650 379 1683 estis
404 1648 511 1681 venire
527 1660 558 1678 ω.
584 1646 615 1678 ln
640 1654 704 1687 quo
719 1644 895 1677 ostenditur
912 1643 1003 1675 simul
1022 1641 1144 1673 Domini
1159 1644 1270 1683 poten-

307 1703 373 1741 tia,
405 1701 480 1743 quia
508 1709 570 1732 non
602 1701 774 1740 potuerunt
799 1697 887 1729 illum
921 1695 1061 1733 laedere,
1094 1693 1148 1726 sed
1177 1693 1269 1726 etiam

308 1754 424 1797 lapides
448 1753 633 1786 obediebant
658 1751 703 1790 ei;
728 1750 904 1783 ostenditur
940 1752 971 1781 et
991 1747 1172 1790 patientia,
1197 1746 1272 1788 quia

308 1808 401 1841 cessit
425 1815 482 1840 nec
506 1815 559 1839 eos
583 1804 689 1842 laesit,
714 1804 796 1836 sicut
832 1802 952 1834 Ioannis
987 1800 1121 1833 octavo⁶
1146 1800 1272 1838 dicitur,

307 1861 391 1905 quod
421 1860 596 1893 «tulerunt
619 1858 737 1900 lapides
762 1856 879 1894 ludaei,
904 1859 940 1888 ut
966 1855 1102 1887 iacerent
1124 1854 1155 1886 in
1181 1862 1272 1891 eum;

309 1917 394 1949 lesus
417 1917 522 1947 autern
548 1911 709 1946 abscondit
733 1920 765 1944 se
790 1914 821 1943 et
844 1910 943 1943 exivit
967 1909 1005 1941 de
1022 1908 1138 1950 templo
1152 1921 1181 1939 ».

399 1968 449 2001 63.
476 1968 553 2000 Nota
577 1967 645 2004 hic,
670 1965 755 2007 quod
779 1967 916 2006 quatuor
942 1962 1042 1995 modis
1066 1965 1113 1994 est
1142 1960 1274 1993 Domino

154 2029 293 2060 Quadrumiqi
309 2024 377 2056 lesu
401 2031 487 2054 mors
510 2021 671 2053 intentata.
698 2018 829 2060 Quidam
856 2019 1057 2050 tentaverunt
1072 2014 1186 2057 yladio
1203 2023 1274 2056 per-

148 2056 421 2115 fflffioffshffi-jmere,
458 2075 539 2108 sicut
563 2072 717 2111 Herodes,
742 2070 887 2104 Matthaei
924 2067 1109 2107 secundo⁷;
1145 2067 1273 2109 quidam

184 2112 266 2158 ⁸⁰53&
307 2128 518 2173 praecipitio,
543 2127 624 2160 sicut
648 2126 716 2164 hic;
741 2124 868 2167 quidam
887 2122 1109 2166 lapidatione,
1127 2121 1210 2153 sicut
1226 2120 1275 2153 lu-

309 2184 395 2222 daei,
419 2181 541 2215 loannis
564 2183 690 2218 octavo;
715 2178 843 2221 quidam
868 2176 1103 2218 crucilizcionc,
1129 2173 1276 2207 Matthaei

167 2243 290 2291 Αρριῐιςειῑο
311 2235 460 2278 vigesimo
491 2234 633 2276 septimo.
671 2251 711 2256 —
745 2229 975 2273 Spiritualiter
1010 2228 1093 2262 enirn
1130 2226 1276 2259 Christus

179 2276 276 2298 ὤμω
312 2287 525 2331 crucifigitur
557 2287 589 2319 in
621 2290 729 2319 nostra
763 2283 1019 2321 recidivatione‚·
1044 2281 1128 2314 unde
1159 2279 1276 2312 dicitur

311 2343 349 2376 de
374 2342 434 2388 his⁸
447 2341 501 2384 qui
526 2340 662 2382 prolapsi
681 2342 769 2377 sunt,
787 2337 825 2370 ad
842 2337 997 2370 Hebraeos
1013 2338 1105 2368 sexto
1118 2334 1148 2365 ⁸:
1172 2346 1187 2361 (ι
1200 2333 1278 2365 Rur-

312 2406 366 2429 sus
390 2394 590 2437 sibimetipsis
614 2393 835 2434 crucifigentes
851 2390 962 2423 Filium
979 2389 1034 2422 Dei
1048 2403 1064 2418 1>
1093 2391 1152 2421 etc.
1177 2386 1278 2428 Lapi-

312 2451 415 2483 datur
432 2449 463 2481 in
480 2447 715 2484 obduratione;
739 2445 884 2478 Matthaei
903 2443 1053 2485 vigesimo
1069 2441 1180 2474 tertio:
1203 2453 1218 2469 «
1234 2439 1277 2472 le-

312 2502 469 2541 rusatem,
495 2500 680 2537 Ierusalem,
704 2507 786 2540 quae
810 2497 925 2531 occidis
949 2496 1120 2538 Prophetas
1144 2497 1175 2527 et
1199 2493 1278 2535 lapi-

898 275 1090 308 COMMENT.
1116 274 1152 305 IN
1176 270 1414 305 EVANGELIUM
1439 268 1556 301 LUCAE
1580 267 1612 299 C.
1638 267 1685 299 lV.

1321 358 1377 391 das
1400 366 1481 390 eos»
1511 359 1589 394 etc,
1614 355 1668 387 ubi
1693 353 1870 386 ostenditur
1894 351 2062 385 obduratio
2086 350 2282 383 ludaeorum.
2435 348 2436 366 ¹

1324 410 1576 453 Praecipitatur
1599 412 1705 441 autem
1722 408 1753 440 in
1770 405 2011 449 desperantem
2029 405 2176 438 Ieremiae
2200 404 2284 447 vige·
2436 405 2438 448 l
2461 424 2462 427 =

1322 465 1401 498 simo
1432 462 1609 496 secundo⁹:
1639 475 1655 490 «
1672 460 1839 494 succident
1873 459 2004 492 electam
2035 458 2166 492 cedrum
2199 462 2285 491 tuam
2436 450 2438 498 ξ

1322 522 1354 551 et
1387 516 1640 560 praecipitabunt
1675 523 1742 547 eam
1780 513 1812 545 in
1840 513 1944 555 ignem
1961 524 1995 551 »3
2021 515 2051 544 et
2088 512 2147 544 hoc
2182 515 2229 544 est
2253 512 2284 545 in
2437 505 2438 508 ’

1323 570 1550 613 desperatione.
1584 568 1643 601 Sed
1673 567 1789 610 gladio
1809 565 1992 608 perimitur
2016 565 2047 597 in
2081 563 2286 607 blasphema-

1325 624 1425 663 tione,
1450 622 1624 656 secundum
1641 621 1718 653 illud
1735 620 1862 653 Psalmi:
1893 632 1908 648 «
1925 619 1990 651 Filii
2015 618 2195 657 hominum,
2211 617 2288 651 den-

1326 681 1372 710 tes
1395 686 1506 709 eorum
1524 684 1612 708 arma
1635 677 1667 707 et
1682 673 1826 715 sagittae,
1851 675 1883 705 et
1906 672 2013 714 lingua
2032 680 2143 704 eorum
2167 671 2288 713 gladius

1326 734 1439 763 acutus
1453 744 1482 761 ι).

1398 844 1606 872 Authentioatur
1626 843 1745 870 doctrina
1763 842 1863 870 ehi-isti
1883 850 1915 869 ex
1933 840 2058 868 miraculo
2076 841 2218 876 potentiae.

1419 944 1469 975 64.
1492 943 1529 975 Et
1545 941 1708 974 descendit
1729 941 1764 973 in
1783 939 2026 983 Capharnaum
2043 943 2101 972 etc.
2125 940 2292 981 Postquam

1328 996 1463 1030 ostendit
1479 995 1654 1028 doctrinam
1678 994 1794 1026 Christi
1814 993 2028 1026 authenticam
2051 1002 2091 1026 ex
2118 993 2231 1025 merito
2246 992 2292 1024 vi-

1329 1054 1378 1084 tae
1403 1054 1433 1083 et
1465 1049 1643 1082 testimonio
1675 1048 1871 1089 scripturae,
1896 1047 1947 1080 hic
1970 1046 2062 1079 modo
2085 1046 2220 1079 ostendit
2251 1054 2293 1079 ex

1329 1102 1496 1135 miraculo
1517 1101 1695 1144 potentiae,
1720 1104 1757 1133 ut
1788 1100 1819 1132 in
1855 1109 1910 1132 ore
1945 1099 2042 1132 trium
2076 1099 2204 1131 testium
2234 1101 2294 1131 stet

1330 1157 1459 1189 firmum
1483 1154 1680 1188 auctoritatis
1696 1154 1908 1186 testimonium
1924 1153 1959 1185 ¹⁰.
1979 1153 2074 1185 Habet
2094 1156 2200 1185 autem
2217 1152 2294 1185 haec
2313 1150 2402 1173 Divisi&

1330 1219 1404 1252 pars
1421 1213 1494 1242 tres.
1521 1209 1552 1240 ln
1570 1207 1672 1249 prima
1687 1206 1876 1248 proponitur
1900 1205 2157 1238 communicatio
2174 1205 2295 1238 doct-ri-

1331 1272 1394 1295 nae
1408 1261 1539 1295 Christi
1546 1273 1558 1299 ;
1574 1261 1605 1293 in
1630 1260 1782 1299 secunda,
1807 1259 2018 1301 confirmatio
2041 1259 2205 1291 virtutum
2233 1259 2295 1291 mi-

1331 1315 1459 1354 raculi,
1485 1315 1525 1347 ibi
1542 1316 1585 1346 l¹:
1612 1315 1651 1346 Et
1674 1314 1711 1346 in
1734 1322 1908 1357 synayoya
1931 1316 2003 1345 erat
2027 1315 2104 1351 etc.;
2126 1312 2157 1344 in
2181 1312 2274 1344 tertia
2288 1338 2295 1350 ,

1332 1369 1514 1411 acceptatio
1529 1367 1674 1400 eiusdem
1692 1377 1714 1399 a
1737 1366 1949 1399 multitudine
1961 1365 2094 1408 populi,
2115 1365 2172 1398 ibi:
2191 1366 2297 1398 Facta

1333 1428 1444 1456 autem
1468 1422 1539 1460 (lie,
1564 1421 1634 1453 ibat
1653 1424 1711 1453 etc.

1423 1476 1512 1508 Circa
1532 1473 1863 1508 communicationem
1887 1476 1993 1505 autem
2016 1472 2187 1505 doetrinae
2207 1471 2297 1504 Chri·
2325 1470 2356 1492 ⁰⁰
2370 1458 2455 1492 mmm?

1334 1531 1372 1563 sti
1397 1533 1535 1572 quatuor
1560 1528 1802 1570 exprimuntur,
1826 1526 1944 1559 scilicet
1960 1526 2067 1565 locus,
2092 1531 2235 1568 tempus,
2252 1523 2298 1567 ef-
2310 1497 2457 1553 ἓῖξῗῑξὲῖῃῖἓῖκ

1335 1582 1440 1626 fectus
1463 1586 1494 1615 et
1523 1583 1641 1614 virtus.
1668 1581 1714 1613 Ex
1746 1581 1794 1613 his
1829 1584 1934 1612 autem
1967 1582 2106 1622 quatuor
2141 1579 2298 1621 colligitur
2313 1553 2361 1599 ἷξε-Γ
2389 1554 2446 1572 nom

1335 1636 1479 1668 doctrina
1502 1634 1617 1667 Christi
1642 1634 1738 1666 fuisse
1763 1632 1900 1665 humilis
1923 1636 1954 1665 et
1971 1631 2122 1671 celebris,
2147 1632 2299 1664 admira-

1337 1689 1411 1721 bilis
1435 1692 1466 1721 et
1488 1687 1651 1720 sublimis.
2419 1723 2422 1726 ἡ

1412 1743 1479 1774 265.
1505 1742 1606 1783 (Vers.
1625 1740 1702 1781 31.).
1720 1740 1881 1779 Humilis,
1899 1740 2043 1782 inquam,
2067 1738 2243 1772 ostenditur
2259 1747 2300 1772 ex
2319 1738 2421 1759 ''fimum-

1338 1796 1401 1829 situ
1437 1795 1513 1834 loci,
1549 1803 1643 1836 quem
1679 1797 1783 1833 notat,
1819 1802 1893 1826 cum
1928 1792 2022 1825 dicit:
2062 1792 2232 1825 Descendit
2266 1792 2300 1824 in

1341 1848 1603 1891 Capharnaum,
1629 1848 1794 1880 civitatem
1815 1846 1993 1880 Galilaeae.
2021 1846 2201 1879 Descensus
2218 1845 2301 1878 enim

1339 1904 1369 1936 in
1394 1903 1519 1935 Christo
1543 1902 1667 1944 signum
1685 1900 1891 1939 humilitatis,
1915 1900 1997 1933 sicut
2013 1909 2172 1932 aecensus
2193 1899 2224 1932 in
2249 1908 2302 1932 su-

1339 1957 1445 1999 perbis
1470 1956 1594 1997 signum
1619 1954 1782 1993 elationis;
1807 1953 1891 1986 unde
1914 1953 2115 1985 Canticorum
2147 1956 2238 1985 sexto
2252 1953 2300 1984 ¹2:

1344 2023 1360 2039 «ι
1381 2008 1532 2042 Descendi
1565 2008 1595 2040 in
1630 2008 1758 2040 hortum
1795 2016 1931 2046 nucum,
1965 2010 2001 2039 ut
2036 2006 2174 2039 viderem
2209 2014 2302 2048 poma

1340 2062 1530 2097 convallium
1548 2073 1583 2100 »;
1618 2061 1656 2093 ad
1692 2060 1777 2103 quod
1805 2060 1899 2094 etiam
1930 2059 2156 2102 designandum
2185 2059 2302 2093 dicitur

1340 2126 1438 2159 supra
1462 2115 1570 2154 tertio,
1594 2114 1679 2157 quod
1708 2127 1723 2143 κ
1740 2114 1899 2156 descendit
1923 2114 2059 2156 Spiritus
2082 2116 2210 2147 sanctus
2233 2122 2302 2146 cor-

1340 2170 1441 2214 porali
1473 2169 1609 2211 specie»
1638 2171 1720 2207 etc.;
1756 2171 1787 2201 et
1822 2167 1891 2200 ideo
1922 2168 1988 2210 ipse
2023 2167 2146 2200 dicebat
2181 2166 2303 2200 Ioannis

1341 2226 1449 2258 sexto:
1480 2236 1495 2252 «ι
1512 2221 1662 2256 Descendi
1686 2221 1725 2255 de
1749 2221 1849 2260 caelo,
1873 2230 1935 2254 non
1959 2224 1996 2254 ut
2016 2221 2125 2254 faciam
2160 2221 2303 2253 volunta-

1341 2282 1403 2312 tem
1428 2285 1529 2310 meam
1546 2289 1576 2308 ι).
1604 2275 1639 2308 Et
1662 2275 1739 2313 haec
1764 2284 1878 2317 magna
1901 2278 1948 2308 est
1972 2274 2147 2313 humilitas,
2171 2276 2202 2307 et
2223 2274 2304 2306 hanc

1341 2331 1448 2365 docuit
1475 2329 1571 2363 verbo
1595 2328 1740 2362 Matthaei
1764 2328 1930 2361 undecimo
1948 2328 1991 2360 ¹³:
2013 2328 2157 2361 «Discite
2188 2336 2206 2360 a
2237 2336 2301 2365 me,

1342 2384 1417 2427 quia
1440 2383 1526 2416 mitis
1549 2391 1621 2415 sum
1646 2385 1677 2415 et
1708 2381 1836 2415 humilis
1860 2381 1955 2414 eorde
1970 2393 2007 2418 »ς
2032 2380 2154 2414 Ioannis
2181 2380 2304 2413 decimo

1343 2433 1440 2471 tertio
1472 2435 1638 2479 ememplo:
1670 2448 1685 2464 «
1702 2435 1731 2468 Si
1767 2444 1824 2477 ego
1848 2435 1908 2468 lavi
1941 2434 2035 2477 pedes
2070 2436 2192 2467 vestros
2227 2436 2304 2471 etc.;

1344 2490 1526 2532 exemplum
1551 2489 1634 2522 enim
1662 2488 1731 2522 dedi
1757 2488 1845 2521 vobis
1866 2501 1896 2520 n.
1921 2487 2115 2532 Huic'etiam
2139 2486 2304 2529 competit,

316 2756 373 2775 esse
395 2748 467 2781 quod
490 2750 614 2779 operatus
634 2749 673 2772 est
695 2745 788 2780 [aliasz
806 2745 877 2778 quod
901 2751 953 2769 non
973 2746 1066 2775 captus
1089 2741 1155 2776 est],
1178 2744 1203 2767 et
1227 2741 1279 2766 illle

316 2792 458 2818 voluntatis
470 2798 541 2823 esse,
560 2790 633 2822 quod
653 2793 745 2821 captus
764 2792 810 2814 est.
826 2789 890 2814 Nam
904 2786 1131 2820 quemadmodum
1152 2792 1165 2810 a
1186 2784 1279 2817 paucis

317 2837 397 2863 teneri
419 2836 515 2868 potuit,
534 2835 578 2867 qui
599 2842 613 2859 a
633 2834 732 2866 populo
751 2840 802 2859 non
823 2835 952 2858 teneretur
971 2835 1021 2857 etc.

389 2880 397 2894 ¹
421 2881 493 2906 Vers.
514 2880 539 2904 8.
557 2892 592 2898 —-
612 2878 729 2904 SubInde
759 2877 884 2908 allegatur
904 2877 958 2902 Act.
982 2877 1026 2906 12,
1047 2876 1089 2901 40.

389 2924 399 2939 ²
420 2925 531 2955 Vulgata
552 2923 673 2949 illorum.
692 2936 728 2941 -
748 2922 804 2947 Duo
824 2928 896 2953 seqq.
921 2921 969 2946 loci
990 2923 1050 2946 sunt
1077 2920 1118 2944 Ps.
1138 2920 1184 2951 26,
1204 2919 1228 2944 3.
1255 2920 1281 2944 et

319 2971 386 2995 toan.
409 2970 454 3001 ⁴0,
476 2969 517 2994 39.

389 3012 399 3027 ³
420 3013 499 3045 Epist.
519 3013 534 3037 l.
549 3012 617 3037 Tim.
634 3012 662 3042 2,
683 3011 708 3036 5.
723 3024 755 3028 —-
771 3009 893 3042 Sequitur
912 3009 981 3034 loan.
1009 3008 1032 3038 l,
1052 3008 1094 3032 26.
1115 3006 1166 3032 Csr.
1185 3008 1212 3032 S.
1236 3006 1281 3031 130-

318 3066 392 3090 nav.,
411 3058 557 3084 Comment.
573 3057 597 3082 in
611 3057 679 3082 loan.
693 3063 716 3081 c.
738 3056 761 3080 1.
775 3061 801 3080 n.
821 3054 869 3084 59,
887 3052 931 3078 ubi
946 3052 1102 3084 explicatur,
1121 3050 1193 3083 quod
1212 3049 1282 3076 Chri-

319 3108 373 3130 stus
393 3110 498 3135 semper
518 3101 635 3128 medium
656 3100 745 3127 locum
765 3098 889 3126 dilexerit.

389 3147 401 3162 ⁴
422 3149 494 3174 Vers.
517 3147 557 3172 44.
572 3160 605 3170 ψ
619 3145 747 3178 Superius
760 3151 809 3176 pro
820 3141 982 3177 portationis
1003 3142 1024 3167 D
1038 3148 1052 3166 a
1072 3140 1187 3166 secunda
1201 3146 1281 3165 manu

320 3192 526 3227 deportationis,
547 3192 604 3218 Vnt.
625 3198 685 3217 curn
706 3190 752 3215 CF
773 3188 909 3216 rectionis.

391 3236 401 3251 ⁶
421 3238 521 3263 Scilicet
542 3237 629 3262 tilossa
651 3234 794 3262 ordinaria
814 3234 839 3259 in
866 3234 927 3259 Luc.
949 3232 979 3263 t,
999 3233 1047 3263 29,
1066 3238 1135 3264 quae
1159 3229 1282 3255 tribuitur

321 3282 419 3308 Bedae:
434 3283 543 3313 Dicitur⁷
563 3281 634 3313 quod
648 3287 709 3306 eum
729 3279 856 3305 Dominus
869 3278 903 3304 de
920 3276 1042 3303 manibus
1055 3276 1158 3302 illorum
1179 3275 1283 3307 clapsus

323 3333 368 3358 per
387 3326 506 3351 medium
524 3326 627 3351 illorum
656 3325 689 3350 de
708 3324 782 3356 rupis
810 3323 908 3349 vortice
937 3321 1107 3347 descenderet
1134 3323 1212 3353 atque
1232 3319 1282 3345 suh

322 3370 376 3401 ipsa
397 3376 461 3400 rupe
490 3370 592 3399 lateret,
618 3367 704 3394 subito
725 3368 756 3393 ad
788 3370 884 3392 tactum
905 3366 985 3391 vestis
1013 3366 1079 3391 illius
1108 3372 1198 3390 saxum
1220 3363 1283 3389 illud

323 3413 480 3444 subterfugit
499 3416 523 3438 et
542 3413 575 3437 ad
595 3412 675 3437 instar
695 3418 771 3437 cerae
790 3412 933 3436 resolutum
953 3410 1085 3443 quendam
1106 3409 1209 3440 sinum,
1229 3415 1283 3441 quo

323 3457 483 3483 dominicum
504 3463 600 3488 corpus
613 3456 782 3488 reciperetur,
801 3455 884 3481 effecit
898 3458 945 3481 etc.
965 3454 1131 3480 Ct1·.C0rnel.
1150 3461 1163 3478 a
1185 3452 1283 3484 Lapide

1344 2739 1385 2772 (in
1405 2740 1475 2764 hunc
1501 2738 1575 2771 loc.),
1599 2737 1644 2770 qui
1670 2737 1724 2762 duo
1749 2737 1824 2762 affert
1848 2737 1896 2761 hac
1921 2735 1955 2761 de
1980 2742 2008 2760 re
2029 2734 2074 2767 (de
2099 2734 2164 2760 saltu
2190 2733 2304 2766 Domini)

1344 2783 1502 2814 testimonia,
1522 2782 1575 2808 scil.
1596 2781 1719 2807 Brocardi
1739 2785 1764 2806 et
1783 2779 1944 2806 Adrichomii
1958 2779 1982 2804 in
2002 2778 2129 2810 Descript.
2149 2780 2233 2803 terrae
2252 2784 2308 2803 san-

1343 2831 1412 2859 ctae,
1432 2828 1456 2853 in
1476 2834 1590 2860 quorum
1605 2827 1656 2851 flne
1669 2825 1802 2857 adiungit:
1821 2825 1921 2850 Verum
1942 2824 2005 2849 haec
2025 2825 2123 2848 certam
2143 2829 2195 2848 non
2213 2821 2308 2848 habent

1345 2873 1434 2899 fldem.
1454 2886 1489 2891 —
1509 2871 1626 2897 Subinde
1645 2871 1770 2902 allegatur
1789 2870 1858 2895 loan.
1879 2870 1908 2899 8,
1928 2869 1971 2893 2l.

1416 2915 1428 2931 ⁶
1447 2917 1522 2942 Vers.
1543 2917 1586 2942 59.

1416 2960 1426 2975 ⁷
1448 2963 1520 2987 Vers.
1542 2961 1584 2986 ⁴3.
1603 2974 1638 2980 --
1658 2960 1808 2992 Sequuntur
1828 2959 1897 2984 loan.
1917 2958 1946 2988 8,
1966 2957 2009 2982 59.
2029 2960 2054 2982 et
2073 2957 2159 2983 Mauu.
2181 2957 2228 2988 27,
2248 2956 2290 2982 35.

1417 3005 1428 3022 Β
1449 3004 1523 3031 Vers.
1545 3006 1569 3031 6.
1590 3018 1624 3024 -
1644 3003 1762 3030 Subinde
1784 3003 1910 3034 allegatur
1935 3002 2021 3027 Matth.
2046 3002 2093 3032 23,
2114 3001 2156 3027 37,
2175 3014 2210 3020 -
2230 3000 2310 3032 Supe-

1346 3051 1401 3076 rius
1421 3057 1469 3081 pro
1488 3047 1677 3075 recidivatione
1697 3048 1753 3073 Vat.
1774 3045 1962 3080 redemptione.

1417 3093 1429 3108 ⁹
1449 3095 1523 3120 Vers.
1542 3093 1566 3118 7.
1587 3106 1622 3112 -
1641 3092 1764 3124 Sequitur
1784 3091 1823 3116 rs.
1844 3091 1892 3121 56,
1911 3091 1935 3116 5.

1419 3137 1441 3152 ¹⁰
1460 3136 1607 3169 Respicitur
1627 3136 1712 3162 Matth.
1735 3136 1780 3167 ⁴8,
1802 3135 1848 3160 ⁴6:
1868 3135 1900 3161 Ut
1919 3134 1943 3160 in
1963 3140 2009 3160 ore
2029 3134 2142 3160 duorum
2169 3132 2210 3158 vel
2230 3131 2308 3157 trium

1348 3183 1451 3209 testium
1471 3185 1520 3208 stet
1538 3187 1617 3207 omne
1637 3179 1758 3206 verbum.
1779 3178 1831 3205 Csr.
1850 3179 1925 3205 Deut.
1947 3179 1992 3210 te,
2013 3179 2054 3204 ⁴5.

1419 3226 1439 3241 ¹¹
1460 3227 1535 3252 Vers.
1556 3227 1605 3257 333
1624 3225 1697 3251 tertia
1717 3231 1778 3257 pars
1807 3223 1897 3255 incipit
1919 3230 1946 3249 ν.
1966 3223 2013 3249 42:
2039 3222 2124 3249 szta
2152 3222 2243 3247 autem
2271 3218 2312 3245 dic

1347 3278 1471 3306 eqressus
1492 3271 1546 3298 ibat
1564 3274 1612 3296 etc.
1632 3284 1666 3289 —
1686 3269 1813 3301 Superius
1831 3275 1881 3300 pro
1901 3265 2108 3294 communicatio
2133 3263 2273 3292 doctrinae
2293 3263 2312 3288 E

1347 3316 1519 3344 annuntiatio
1539 3313 1694 3346 doctrinae,
1715 3314 1783 3339 idem
1804 3313 1914 3338 recurrit
1933 3312 2065 3344 aliquanto
2088 3310 2203 3336 inferius.

1400 3391 1403 3393 ,
1420 3359 1442 3375 ¹²
1462 3361 1537 3386 Vers.
1557 3360 1599 3385 110.
1618 3372 1652 3377 —
1673 3359 1729 3384 Duo
1749 3364 1822 3390 seqq.
1842 3357 1888 3383 loci
1909 3359 1968 3382 sunt
1994 3357 2055 3382 Luc.
2082 3356 2112 3386 3,
2132 3355 2175 3380 22.
2197 3355 2222 3377 et
2241 3352 2311 3377 ioan.

1348 3408 1380 3438 6,
1400 3407 1443 3432 38.

1420 3449 1442 3464 ¹¹³
1462 3450 1536 3475 Vers.
1557 3449 1599 3474 29.
1619 3462 1653 3467 —
1673 3447 1795 3480 Sequitur
1816 3447 1884 3471 loun.
1905 3446 1951 3475 43,
1976 3444 2013 3469 it.
