2476 3921
159 476 267 497 violentia

148 503 221 529 quoad
234 502 276 522 tria

160 529 276 555 descripta.

195 1480 280 1506 Figura.

135 1745 219 1775 Genera
230 1744 241 1764 ί»
251 1745 288 1765 110-

171 1777 260 1792 minum.

296 272 362 305 ltili

296 361 413 395 dicitur
438 361 530 394 Marci
556 361 659 403 primo
673 362 682 380 ¹
695 386 702 399 ,
719 360 804 403 quod
826 373 841 389 «
858 363 927 393 6131
942 360 1104 402 baptizans
1119 363 1150 392 et
1167 368 1258 401 prae-

297 415 404 448 dicans
435 414 626 456 baptismum
657 413 866 456 poenitentiae
889 413 921 446 in
946 413 1161 446 remissionem
1187 421 1259 454 pec-

298 472 442 501 catorum
460 481 490 499 ».
515 486 559 491 -
583 467 619 500 Ε1
650 467 725 509 quia
756 466 946 508 praedicatio
978 466 1100 499 loannis
1131 465 1191 498 ruit
1220 466 1259 499 de

298 522 505 564 poenitentia,
530 522 561 554 10
585 530 650 563 qua
673 521 767 553 homo
790 520 864 553 facit
887 520 945 552 sibi
968 519 1166 558 violentiam;
1190 519 1260 552 ideo

297 574 403 606 addit:
431 575 470 606 Et
493 574 601 606 omnis
625 573 661 605 in
684 573 768 605 illud
791 573 860 605 vim
883 572 986 615 facit,
1012 572 1096 614 quod
1127 581 1259 614 expres-

297 626 364 659 sius
387 626 503 659 dicitur
527 626 672 658 Matthaei
697 625 909 658 undecim02:
939 638 954 654 «
972 626 993 657 Α
1009 625 1121 658 diebus
1138 625 1260 657 loannis

298 680 453 721 Baptistae
476 685 609 721 regnum
634 679 795 712 caelorum
820 679 884 711 vim
907 679 1044 721 patitur,
1068 681 1100 711 et
1131 678 1258 710 violenti

298 733 427 774 rapiunt
450 732 527 765 illud
545 746 574 764 ι).
600 732 679 765 Η360
702 735 808 764 3016111
832 736 879 765 est
903 732 1068 770 violentia,
1093 740 1157 773 qua
1187 731 1260 772 quis

297 786 423 818 excedit
444 786 600 818 virtutem
624 785 838 823 naturalem;
861 785 945 818 unde
969 785 1095 817 Beda³:
1119 797 1134 813 «
1151 784 1260 826 Magna

298 839 346 871 vis
370 842 434 877 est,
459 847 530 870 cum
555 838 593 870 de
617 842 702 870 terra
725 839 850 880 genitus
874 838 995 871 caelum
1019 837 1144 880 quaerit
1161 837 1260 878 possi-

298 891 374 924 dere
398 900 454 933 per
478 891 646 929 virtutem,
671 891 725 933 qui
750 901 810 924 non
836 891 939 933 potuit
957 895 1063 923 tenere
1086 899 1143 932 per
1167 893 1259 922 natu-

299 954 368 977 ram
383 958 414 976 ».
439 945 518 977 11360
542 945 634 977 etiam
660 948 708 977 est
731 945 895 983 violentia,
912 953 994 986 quae
1016 944 1121 976 vineit
1143 943 1259 976 ineur-

299 998 462 1030 vallonem
485 1001 630 1029 naturae
639 1009 650 1035 ;
678 997 761 1030 unde
786 997 940 1030 Glossa4:
970 1010 985 1025 «
1003 997 1164 1029 Faciamus
1196 996 1258 1028 vim

298 1054 448 1089 naturae,
474 1054 509 1083 ut
526 1059 585 1082 non
603 1050 641 1082 ad
659 1054 785 1083 terrena
800 1050 978 1092 demergat,
996 1050 1049 1083 sed
1065 1049 1103 1082 ad
1121 1058 1259 1091 superna

300 1113 334 1136 se
357 1104 501 1146 erigat».
527 1104 606 1136 11360
630 1104 722 1136 etiam
742 1107 789 1136 est
805 1103 970 1142 violentia,
987 1112 1050 1144 qua
1066 1103 1138 1144 quis
1154 1102 1260 1134 vineit

299 1161 464 1199 torporem
485 1157 668 1199 pigyritiae;
692 1156 776 1188 unde
793 1155 920 1188 Bedafi:
948 1169 963 1184 «
979 1155 1105 1193 Omnis,
1123 1155 1176 1197 qui
1196 1155 1258 1187 vim

298 1210 382 1248 facit,
395 1210 570 1242 vehementi
588 1209 691 1242 studio
708 1213 866 1251 properat,
885 1218 947 1240 non
964 1207 1099 1250 torpenti
1117 1208 1259 1240 lentescit

298 1263 422 1295 affectu.
440 1263 492 1295 Est
508 1272 582 1304 ergo
599 1262 669 1295 fidei
695 1262 840 1304 religiosa
863 1261 1027 1299 violentia,
1051 1260 1182 1303 segnitia
1197 1261 1260 1293 cri-

298 1315 420 1348 minosa
437 1328 466 1347 ».
492 1316 600 1357 Magna
623 1315 706 1347 enim
731 1314 878 1347 violentia
901 1316 966 1352 est,
982 1313 1057 1346 dum
1075 1322 1131 1355 per
1148 1313 1212 1345 vim
1227 1316 1259 1346 et

298 1368 435 1410 rigorem
460 1368 667 1410 poenitentiae
691 1367 812 1409 mitigat
833 1367 904 1409 quis
921 1366 1119 1399 severitatem
1136 1366 1258 1399 divinae

300 1421 488 1460 sententiae,
512 1421 589 1453 dum
613 1430 669 1463 per
693 1420 869 1452 orationem
891 1419 1043 1452 humilem
1067 1419 1196 1452 inclinat
1212 1419 1258 1452 di-

300 1475 493 1508 strictionem
511 1475 688 1507 sublimem.
706 1474 738 1506 In
756 1474 847 1506 cuius
863 1474 998 1515 figuram
1015 1473 1133 1506 dictum
1151 1477 1198 1506 est
1214 1474 1259 1505 la-

299 1528 375 1566 cob,
400 1532 531 1560 strenuo
555 1527 719 1566 luctatori,
743 1526 870 1560 Genesis
894 1527 1054 1569 trigesimo
1077 1526 1256 1559 secundoss:

305 1595 320 1610 «
337 1581 367 1613 Si
391 1584 501 1614 contra
534 1581 631 1613 Deum
663 1580 752 1612 fortis
775 1580 879 1619 suisti,
904 1580 1004 1612 multo
1028 1579 1126 1621 magis
1150 1583 1260 1612 contra

299 1634 442 1667 homines
465 1633 659 1675 praevalebis
674 1647 705 1665 n.

389 1687 441 1719 32.
467 1686 503 1719 Et
526 1690 617 1725 nota,
642 1686 726 1728 quod
748 1686 860 1719 beatus
876 1686 1078 1719 Bernardus⁷
1095 1686 1260 1729 distinguit

299 1743 437 1782 quatuor
460 1749 575 1781 genera
599 1740 763 1772 hominum
789 1739 1014 1781 possidentium
1033 1748 1165 1781 regnum
1190 1748 1258 1772 cae-

300 1793 425 1825 lorum:
454 1805 470 1820 «
487 1792 541 1824 Alii
566 1801 702 1834 namque
726 1792 879 1825 violenter
910 1793 1069 1834 rapiunt,
1098 1792 1148 1825 alii
1172 1802 1258 1824 mer-

300 1849 442 1883 cantur,
467 1845 517 1877 alii
542 1844 729 1887 furantur,
754 1845 804 1878 alii
823 1845 1062 1888 compelluntur
1078 1846 1116 1878 ad
1133 1846 1210 1879 illud
1225 1860 1256 1878 ».

305 1910 320 1925 «
337 1897 380 1929 Illi
405 1907 541 1940 namque
572 1898 731 1940 rapiunt,
764 1899 819 1940 qui
843 1898 1069 1941 derelinquunt
1091 1899 1197 1931 omnia
1227 1902 1259 1932 et

298 1942 478 1992 sequuntur
501 1950 661 1983 Christum
675 1951 688 1969 ⁸
704 1965 736 1990 n,
760 1951 799 1984 ad
822 1960 902 1993 quos
926 1951 1037 1984 referri
1062 1955 1165 1993 potest
1180 1952 1256 1984 illud

297 2002 424 2036 Genesis
439 2004 633 2045 penultimo:
656 2017 671 2032 «
688 2003 817 2037 Catulus
834 2004 932 2037 leonis
948 2004 1037 2043 luda,
1053 2005 1092 2037 ad
1108 2005 1256 2046 praedam

297 2056 473 2096 ascendisti,
490 2057 534 2089 fili
554 2057 595 2089 mi
613 2069 643 2096 »3
657 2061 688 2090 et
704 2058 818 2090 iterum
837 2057 968 2090 ibidem:
992 2070 1007 2086 «
1023 2058 1191 2097 Beniamin,
1209 2058 1257 2090 lu-

297 2111 358 2150 pus
382 2119 498 2151 rapax,
524 2119 615 2142 mane
638 2110 739 2152 rapiet
762 2110 909 2152 praedam
934 2114 964 2143 et
988 2119 1118 2152 vespere
1141 2111 1258 2144 dividet

298 2163 397 2204 spolia
413 2175 443 2194 ».
462 2181 502 2185 -
525 2176 540 2191 α
557 2163 751 2195 Mercantur
774 2166 879 2196 autem
897 2163 950 2205 qui
967 2163 1042 2196 dant
1058 2165 1257 2205 temporalia,

299 2219 336 2248 ut
359 2215 511 2257 accipiant
534 2219 662 2248 aeterna
678 2228 708 2253 »;
726 2216 764 2248 (16
781 2216 898 2258 quibus
913 2225 1010 2258 supra
1025 2216 1210 2250 duodecimo
1223 2217 1236 2236 ⁹
1250 2230 1257 2250 :

304 2269 436 2301 «Facite
469 2269 556 2301 vobis
587 2269 745 2308 sacculos,
778 2269 832 2311 qui
864 2279 926 2302 non
954 2273 1201 2309 veterascunt»;
1226 2274 1258 2304 et

299 2331 396 2363 supra
419 2321 549 2354 eodem:
579 2335 594 2350 «
612 2322 712 2354 Facite
743 2322 832 2355 vobis
862 2323 978 2356 amicos
1009 2323 1048 2356 de
1079 2333 1259 2357 mammona

298 2374 472 2416 iniquitatis
485 2388 515 2406 ».
529 2374 656 2407 Talibus
672 2375 819 2416 competit
836 2374 913 2407 illud
928 2375 1090 2417 Augustini
1107 2376 1149 2407 1⁰:
1168 2388 1183 2404 α
1201 2376 1259 2408 Ve-

884 271 1080 304 COMMENT.
1105 271 1142 303 IN
1167 270 1406 304 EVANGELIUM
1430 270 1548 303 LUCAE
1572 270 1606 302 C.
1629 270 1704 302 XVI.

1324 359 1395 391 nale
1419 359 1521 392 habeo
1532 385 1540 398 ,
1564 358 1642 401 quid
1657 361 1670 391 ἲ
1687 359 1828 400 Regnum
1845 358 2015 392 caelorum.
2033 359 2196 400 Quomodo
2212 359 2288 392 emi-

1324 416 1378 445 tur
1393 416 1406 444 ?
1430 413 1617 454 Paupertate
1641 421 1774 454 regnum
1785 437 1792 451 ,
1817 411 1936 444 vilitate
1952 411 2070 454 gloria,
2087 412 2195 445 dolore
2211 421 2288 454 gau-

1323 465 1563 507 (1111111,,131101·6
1587 465 1731 507 requies,
1756 468 1858 497 morte
1882 465 1946 497 vita
1963 478 1993 497 n.
2011 483 2053 489 —
2075 477 2091 493 «ι
2108 466 2288 498 Furantur

1324 522 1431 551 autem
1455 518 1509 560 qui
1534 518 1616 551 bona
1631 519 1754 551 occulte
1770 518 1907 557 faciunt,
1924 521 1955 550 et
1971 518 2095 551 laudem
2116 519 2287 551 humanam

1324 571 1476 610 vitantes,
1502 571 1568 603 solo
1591 571 1698 603 divino
1723 570 1900 604 testimonio
1916 574 1991 603 sunt
2007 571 2144 603 contenti
2161 583 2192 610 »ς
2217 571 2288 613 qui-

1324 625 1385 657 bus
1415 625 1564 666 competit
1596 624 1673 657 illud
1702 624 1848 657 Matthaei
1873 628 1966 657 sexto
1980 625 2027 656 ¹¹:
2057 637 2073 652 «
2090 625 2137 656 Tu
2160 627 2285 663 autem,

1325 687 1398 710 cum
1415 678 1536 710 ieiunas
1547 704 1554 717 ‚
1572 687 1656 720 unge
1671 681 1767 720 caput
1782 680 1874 709 tuum
1892 680 1923 710 et
1938 676 2049 710 faciem
2067 680 2153 709 tuam
2170 677 2240 709 lava
2255 690 2286 709 ».

1326 749 1366 754 —
1396 744 1411 759 α
1435 730 1684 772 Compelluntur
1715 734 1820 763 autem
1850 731 1972 763 intrare
2004 739 2176 772 pauperes,
2208 739 2289 772 quos

1324 783 1376 816 hic
1407 783 1488 826 ignis
1519 784 1732 825 paupertatiS,
1756 784 1821 816 Deo
1844 783 2062 824 dispensante,
2086 782 2217 824 probat,
2248 791 2288 815 ne

1324 836 1355 868 in
1379 836 1489 868 futuro
1513 836 1593 878 ignis
1618 835 1723 868 iudicii
1748 835 1969 868 damnabiliter
1992 838 2115 876 premat
2131 847 2162 874 n;
2183 834 2222 867 de
2238 835 2288 867 his

1324 896 1422 931 supra
1445 889 1566 922 decimo
1601 893 1716 931 quarto
1730 889 1777 920 ¹²:
1807 901 1823 917 α
1842 888 1904 928 Exi,
1922 888 1953 921 in
1982 888 2050 921 vias
2076 891 2109 921 et
2137 896 2227 930 sepes
2257 891 2289 921 et

1324 942 1475 984 compelle
1499 942 1636 980 intrare,
1661 945 1698 974 ut
1721 941 1890 983 impleatur
1913 940 2027 973 domus
2055 949 2125 973 mea
2140 954 2171 972 ι».
2204 940 2288 973 Licet

1324 994 1420 1036 igitur
1444 997 1585 1036 tempore
1614 994 1702 1036 Legis
1725 998 1807 1027 esset
1831 997 1957 1035 tempus
1980 993 2171 1032 mercandi,
2203 1002 2288 1026 110116

1324 1050 1393 1089 post
1418 1047 1562 1080 loannem
1586 1051 1634 1080 est
1658 1051 1784 1090 tempus
1807 1047 1974 1089 rapiendi.
2001 1047 2095 1085 Nam,
2113 1046 2195 1079 sicut
2211 1049 2288 1079 tunc

1323 1100 1568 1142 promittebatur
1584 1101 1759 1142 opulentia,
1777 1100 1821 1134 sic
1837 1109 1922 1133 nunc
1939 1100 2091 1133 suadetur
2107 1102 2286 1142 paupertas.

1414 1153 1466 1186 33.
1492 1154 1593 1194 (Vers.
1623 1154 1697 1194 17.).
1723 1154 1866 1187 Secundo
1889 1157 2044 1196 quantum
2068 1153 2107 1185 ad
2131 1153 2288 1195 impletio·
2301 1161 2399 1188 impletio
2413 1161 2446 1183 tc

2300 1188 2333 1214 gis
2339 1193 2382 1209 sec.
2391 1188 2446 1210 intel·

1323 1216 1397 1239 nem
1413 1206 1508 1249 Leyis
1524 1207 1699 1239 secundum
1716 1207 1964 1249 intelliyeiitiam
1979 1206 2190 1248 spiritualem
2212 1206 2287 1239 sub·
2318 1214 2427 1241 licentiam

1322 1260 1430 1292 ditur:
1456 1259 1608 1292 Facilius
1631 1263 1676 1292 est
1700 1264 1830 1299 autem,
1854 1259 1983 1293 caelum
2000 1263 2030 1292 et
2045 1263 2171 1292 terram
2187 1269 2287 1302 prae-

1324 1313 1441 1353 terire,
1459 1323 1516 1355 per
1532 1313 1809 1356 conflagrationem
1834 1313 1962 1352 mundi;
1987 1313 2128 1346 Psalmus
2142 1313 2167 1333 ¹³
2182 1326 2189 1345 :
2218 1326 2234 1342 α
2251 1314 2287 1346 Et

1323 1370 1359 1399 tu
1383 1366 1415 1398 in
1440 1366 1594 1408 principio
1618 1370 1735 1399 terram
1760 1366 1906 1399 fundasti.
1933 1366 1992 1407 Ipsi
2016 1366 2198 1407 peribunt»
2227 1370 2286 1399 610.

1324 1438 1366 1443 -
1393 1420 1503 1460 Quam
1527 1420 1566 1452 de
1589 1420 1671 1462 Lege
1691 1429 1799 1452 unum
1815 1419 1944 1462 apicem
1969 1419 2106 1457 eadere,
2131 1428 2188 1461 per
2210 1418 2286 1462 frti-

1323 1473 1518 1505 strationem
1534 1472 1681 1505 alicuius
1693 1473 1865 1515 promissi.
1892 1472 2038 1505 Rabanus
2052 1473 2095 1504 ¹⁴:
2118 1485 2134 1501 «
2152 1472 2286 1505 Caelum

1324 1530 1353 1558 et
1376 1529 1469 1558 terra
1492 1525 1703 1565 transibunt,
1728 1535 1785 1568 per
1809 1525 2084 1558 commutationem
2114 1525 2286 1559 innovatio-

1323 1579 1372 1611 nis
1395 1579 1536 1621 deposita
1559 1579 1676 1618 forma,
1701 1582 1847 1612 manente
1875 1578 1974 1621 priori
2005 1578 2199 1618 substantia;
2232 1579 2285 1612 sed

1323 1632 1420 1665 verba
1442 1632 1565 1664 Domini
1590 1633 1657 1665 sine
1680 1633 1793 1666 effectu
1825 1632 2043 1674 completionis
2073 1632 2161 1665 nullo
2191 1632 2285 1665 modo

1323 1686 1546 1718 transibunt».
1561 1686 1631 1719 ldeo
1646 1686 1762 1719 dicitur
1779 1686 1925 1719 Matthaei
1944 1685 2092 1728 vigesimo
2109 1688 2223 1728 quarto
2237 1686 2262 1706 ¹⁵
2276 1677 2284 1718 Ξ

1328 1751 1343 1767 «
1360 1739 1487 1771 Caelum
1511 1742 1542 1772 et
1567 1742 1653 1771 terra
1676 1740 1870 1778 transibunt,
1898 1739 1993 1772 verba
2015 1742 2121 1772 autem
2138 1748 2207 1772 mea
2223 1749 2285 1772 non

1323 1792 1504 1825 transibunt
1519 1804 1551 1831 »;
1575 1792 1668 1834 quia,
1692 1793 1775 1826 sicut
1797 1792 1913 1826 (11611111
1937 1792 1969 1825 111
1995 1793 2134 1832 Psalmo,
2157 1793 2216 1825 «in
2233 1802 2287 1839 ae<

1323 1849 1466 1884 ternum,
1499 1846 1647 1884 Domine,
1677 1850 1839 1888 permanet
1867 1846 2000 1879 verbum
2027 1849 2118 1878 tuum
2135 1859 2166 1878 n.
2198 1846 2285 1879 Unde

1322 1899 1394 1932 licet
1417 1899 1469 1932 lex
1495 1902 1586 1932 vetus
1614 1899 1758 1932 videatur
1788 1899 1985 1938 transitoria,
2018 1908 2149 1932 manens
2179 1902 2285 1933 tamen

1322 1955 1369 1985 est
1393 1952 1492 1994 magis
1515 1961 1611 1994 quam
1635 1952 1795 1985 mundana
1818 1956 1974 1985 creatura.
1999 1952 2102 1984 Manet
2118 1952 2210 1985 etiam
2228 1961 2285 1994 per

1322 2005 1431 2038 divini
1456 2005 1548 2038 verbi
1569 2005 1782 2048 spiritualem
1805 2005 2053 2048 incelliyentiam
2066 2017 2077 2043 ,·
2101 2004 2185 2038 unde
2208 2006 2284 2038 Mat-

1322 2058 1405 2091 thaei
1430 2058 1598 2100 quintoffi:
1621 2072 1637 2087 «
1653 2059 1718 2091 Non
1735 2058 1806 2092 veni
1823 2059 1945 2092 solvere
1963 2059 2091 2100 Legem,
2113 2058 2167 2091 sed
2187 2058 2285 2091 adim-

1321 2112 1418 2153 plere.
1443 2112 1537 2144 Amen
1562 2112 1679 2154 quippe
1702 2112 1772 2145 dico
1795 2112 1901 2152 vobis,
1928 2113 1991 2145 iota
2012 2121 2112 2144 unum
2129 2115 2184 2145 aut
2200 2122 2285 2146 unus

1322 2173 1404 2206 apex
1434 2174 1497 2197 non
1526 2165 1710 2207 praeteribit
1741 2175 1759 2198 a
1787 2166 1884 2208 Lege,
1908 2166 2007 2199 donec
2030 2165 2136 2199 omnia
2158 2165 2281 2199 fiant».

1322 2235 1365 2240 —
1390 2217 1425 2250 Et
1449 2221 1536 2257 11013,
1561 2218 1646 2260 quod
1668 2218 1743 2251 dicit
1774 2228 1882 2251 unum
1912 2219 2064 2261 apieem;
2088 2228 2175 2261 apex
2198 2219 2280 2252 6111111
2302 2222 2333 2244 De
2347 2223 2418 2250 apice-

1323 2270 1450 2312 proprie
1480 2271 1595 2304 dicitur
1627 2272 1792 2305 summitas
1815 2272 1955 2312 litterae,
1980 2281 2062 2315 quae
2085 2272 2214 2315 ponitur
2244 2272 2284 2305 ad

1322 2323 1422 2365 ipsius
1444 2323 1567 2356 litterae
1590 2324 1735 2357 decorem
1760 2328 1792 2358 et
1815 2329 1862 2358 est
1886 2326 1975 2368 quasi
2000 2326 2167 2358 minimum
2192 2326 2285 2368 quid-

1322 2376 1402 2408 dam.
1428 2376 1460 2408 ln
1485 2386 1548 2419 quo
1571 2377 1665 2410 datur
1690 2378 1836 2421 intelligi,
1861 2379 1946 2421 quod
1969 2379 2208 2419 nihilomnino,
2225 2388 2282 2413 1160

373 2538 380 2552 ¹
404 2540 477 2564 Vers.
497 2539 520 2564 4.

369 2581 380 2595 ‘²
402 2583 475 2608 Vers.
496 2584 536 2608 l2.
557 2584 605 2609 Pro
631 2583 745 2617 rapiunt
762 2585 840 2610 codd.
860 2584 992 2619 diripiunt
1012 2586 1069 2619 (cfr.
1088 2594 1168 2619 supra
1195 2595 1256 2619 pag.

299 2627 360 2656 351,
379 2630 438 2652 nota
458 2628 508 2659 3.),
528 2628 600 2660 quod
620 2627 698 2653 habet
716 2628 793 2654 etiam
814 2631 938 2661 August.,
969 2631 995 2656 11.
1021 2632 1070 2664 Qq.
1091 2633 1256 2664 Evangelior.

298 2678 324 2702 q.
345 2671 387 2701 37,
406 2674 430 2696 et
450 2671 573 2697 Rabanus
593 2671 750 2703 (comment.
764 2673 790 2697 in
804 2673 917 2706 lilatth.);
931 2674 993 2699 vide
1006 2675 1083 2700 etiam
1098 2675 1174 2701 Card.
1188 2677 1256 2708 Hug.

297 2718 322 2740 ct
342 2715 486 2747 Lyranum,
505 2716 550 2747 qui
571 2717 638 2741 113110
657 2717 792 2742 lectionem
814 2717 936 2743 exhibent
955 2719 979 2743 in
1000 2720 1127 2751 margine.

368 2757 379 2772 ¹³
398 2758 467 2784 Libr.
489 2759 518 2784 V.
539 2760 563 2784 in
584 2760 645 2785 Luc.
667 2760 712 2792 16,
733 2761 780 2792 16;
812 2762 892 2793 ipsius
913 2765 997 2788 tamen
1019 2764 1143 2789 sententia
1163 2765 1256 2796 allega-

298 2806 339 2827 tur
358 2802 503 2828 secundum
529 2803 647 2828 Glossam
667 2803 856 2837 ordinariam,
875 2812 944 2838 quae
963 2813 1011 2837 pro
1031 2806 1079 2840 qui
1096 2814 1150 2833 non
1166 2807 1257 2841 potuit·

299 2846 431 2871 substituit
450 2846 521 2880 quod
539 2854 593 2872 non
609 2847 698 2880 potuit
717 2848 761 2881 (ita
781 2852 806 2874 et
826 2849 875 2882 11),
906 2850 961 2875 Vat.
981 2850 1074 2882 allegat
1092 2851 1149 2883 ipsa
1174 2852 1255 2877 verba

297 2891 393 2916 Bedae.

369 2934 380 2948 ⁴
401 2935 501 2960 Scilicet
519 2935 661 2962 ordinaria
682 2937 721 2968 (ex
742 2936 877 2969 Ambros.,
899 2938 959 2963 Vlll.
973 2939 997 2964 in
1012 2939 1074 2965 Luc.
1088 2946 1111 2965 c.
1126 2941 1167 2966 l6.
1180 2948 1206 2966 n.
1221 2941 1255 2974 l.)

296 2979 321 3004 in
342 2980 402 3004 Luc.
424 2980 470 3011 16,
493 2980 533 3005 16.
554 2980 612 3006 Post
630 2979 667 3006 ad
685 2982 794 3007 terrena
814 2982 886 3013 Vat.,
906 2983 1097 3015 refragantibus
1116 2984 1256 3011 Ambrosio

295 3028 322 3049 et
339 3024 444 3055 (nossa,
463 3024 537 3050 addit
554 3031 618 3055 nos,
639 3028 664 3050 et
684 3033 731 3057 pro
751 3026 838 3059 eriqat
856 3027 978 3053 Ambros.
998 3027 1130 3061 subrigat.

369 3067 380 3082 ⁶
400 3069 469 3094 Haec
482 3070 606 3094 sententia
620 3070 734 3095 occurrit
747 3070 772 3095 in
786 3071 875 3096 Glossa
889 3070 1031 3098 ordinaria
1043 3070 1066 3097 in
1077 3073 1139 3098 Luc.
1154 3073 1195 3103 16,
1208 3073 1255 3105 16;

297 3111 399 3137 initium
418 3113 524 3138 Glossae
542 3116 581 3138 est
600 3120 630 3138 ex
650 3113 734 3145 Beda,
763 3114 810 3140 sed
838 3121 907 3147 quae
926 3119 1072 3148 sequuntur
1092 3115 1168 3148 (inter
1186 3123 1256 3149 quae

297 3160 336 3181 est
356 3158 419 3181 haec
439 3157 574 3189 sententia)
594 3160 654 3183 sunt
673 3165 702 3184 ex
723 3157 859 3191 Ambros„
881 3159 941 3184 Vlll.
960 3159 987 3184 in
1007 3160 1068 3185 Luc.
1082 3160 1161 3185 0.16.
1182 3167 1206 3186 11.
1230 3161 1253 3186 l.

367 3199 378 3214 ⁶
398 3201 471 3226 Ver-s.
493 3201 535 3226 28.
549 3216 583 3219 —
597 3202 723 3234 Superius
743 3209 791 3234 pro
805 3203 836 3229 ln
849 3202 926 3229 cuius
938 3202 1060 3237 flauram
1075 3204 1119 3236 (ita
1132 3203 1151 3230 C
1163 3204 1211 3229 DF
1222 3205 1253 3237 G)

297 3245 354 3270 Vat.
376 3246 405 3270 ln
426 3245 503 3271 ouius
521 3245 622 3280 fiqura.

370 3286 379 3301 ⁷
400 3290 483 3314 serm.
503 3290 544 3314 99.
565 3290 598 3315 (16
619 3290 747 3321 Diversis,
768 3289 812 3316 ubi
832 3290 909 3316 etiam
930 3297 959 3316 ea
973 3291 1255 3324 (10361116561100111111

296 3332 427 3363 (pluribus
446 3336 535 3358 tamen
555 3334 686 3367 mutatis),
706 3333 843 3360 habentur.

370 3374 380 3389 ⁸
400 3377 546 3408 Respicitur
574 3378 660 3403 Matth.
689 3379 737 3409 19,
766 3378 809 3404 27.
836 3385 891 3412 seq.
909 3392 946 3398 —
965 3379 1083 3405 Subinde
1110 3380 1255 3412 allegantur

297 3420 360 3446 Gen.
383 3419 430 3451 49,
450 3422 520 3447 9.,61
539 3422 587 3455 27,
608 3421 654 3448 11111
673 3429 722 3454 pro
741 3423 829 3456 rapiet
854 3424 898 3455 (ita
923 3424 1001 3449 etiam
1020 3425 1145 3457 August,
1170 3425 1254 3451 Serm.

1322 2544 1380 2569 279.
1402 2544 1465 2569 alias
1485 2543 1526 2569 24.
1546 2550 1576 2569 ex
1596 2543 1800 2574 Sirniondiauis,
1826 2551 1852 2569 n.
1880 2545 1904 2569 l.
1924 2548 1950 2570 et
1969 2545 2052 2570 Serm.
2073 2545 2133 2570 333.
2152 2545 2217 2571 alias
2237 2545 2280 2570 ⁴4.

1321 2588 1385 2613 inter
1404 2588 1438 2614 50
1458 2588 1597 2618 ilomilias,
1617 2594 1639 2613 c.
1660 2588 1685 2613 3.
1704 2595 1728 2613 n.
1750 2588 1785 2620 3.)
1808 2588 1864 2613 Vat.
1884 2595 1944 2613 00111
1966 2589 2077 2620 Vulgata
2097 2589 2222 2616 comedet.

1390 2631 1402 2646 ⁹
1422 2633 1494 2658 Vers.
1515 2633 1558 2658 33.
1577 2635 1602 2658 et
1621 2632 1716 2657 deinde
1737 2632 1784 2663 16,
1804 2632 1830 2657 9.
2168 2662 2171 2664 Ὗ

1391 2675 1414 2690 ¹⁰
1433 2678 1549 2702 Enarrat.
1569 2677 1595 2701 in
1614 2677 1653 2702 Ps.
1674 2677 1717 2701 93.
1737 2683 1761 2701 11.
1782 2676 1830 2707 24,
1849 2683 1879 2702 ex
1899 2684 1953 2709 quo
1973 2680 2060 2702 tamen
2073 2678 2159 2703 solum
2178 2681 2282 2704 senten-

1320 2721 1353 2746 tia
1373 2720 1434 2753 (non
1453 2720 1545 2754 verba)
1565 2721 1680 2746 affertur.
1701 2720 1759 2746 Vat.
1777 2727 1838 2746 cum
1859 2721 1989 2746 nonnullis
2003 2721 2081 2747 codd.
2102 2721 2127 2746 in
2146 2722 2278 2754 principio

1318 2765 1413 2797 repetit
1438 2765 1531 2791 [senate
1550 2764 1641 2791 habeo.

1338 2809 1342 2811 '
1392 2808 1413 2823 ¹¹
1434 2810 1508 2835 Vers.
1529 2809 1569 2834 47.
1590 2810 1714 2835 Bernard.
1741 2810 1815 2835 affert
1833 2810 1983 2842 exemplum
2012 2811 2130 2836 mulieris
2152 2810 2281 2842 infirmae,

1319 2860 1388 2886 quae
1407 2854 1507 2879 occulte
1525 2853 1657 2879 fimbriam
1676 2854 1824 2880 vestimenti
1845 2857 1955 2886 tangens
1967 2857 2056 2880 sanata
2070 2858 2126 2885 est;
2140 2856 2186 2880 cfr.
2200 2862 2279 2887 supra

1319 2904 1343 2923 c.
1364 2898 1393 2929 8,
1414 2897 1456 2923 44.
1475 2900 1501 2923 et
1520 2898 1595 2923 Mare.
1616 2898 1646 2929 5,
1667 2898 1708 2923 27.

1393 2939 1414 2955 ¹⁸
1435 2942 1509 2967 Vers.
1523 2942 1566 2967 23.
1579 2941 1663 2968 Codd.
1675 2942 1694 2968 C
1706 2943 1727 2968 D
1736 2943 1754 2968 F
1765 2944 1785 2968 G
1800 2943 1856 2969 Eat-i
1866 2943 1917 2970 cito
1929 2943 1957 2970 in
1966 2943 2024 2970 vias
2039 2943 2069 2976 [C
2081 2944 2101 2969 D
2114 2943 2200 2978 vicos]
2214 2947 2280 2975 etc.;

1320 2986 1365 3011 csr.
1385 2993 1411 3010 v.
1432 2986 1474 3011 2l.

1391 3028 1413 3044 ¹³
1432 3030 1526 3055 Psalm.
1549 3030 1608 3061 101,
1628 3031 1671 3055 26.
1689 3034 1715 3056 61
1734 3030 1776 3056 27.
1796 3030 1847 3057 Cir.
1867 3031 1946 3057 Hebr.
1967 3032 1990 3063 l,
2015 3033 2054 3058 lO.

1391 3072 1413 3088 ¹⁴
1432 3075 1458 3100 ln
1477 3075 1493 3099 l.
1513 3074 1547 3100 ad
1566 3074 1625 3100 Cor.
1644 3075 1676 3105 7,
1695 3075 1737 3100 31.
1757 3076 1888 3107 Expositio
1908 3076 1994 3102 Matth.
2015 3076 2063 3108 24,
2083 3077 2125 3102 35.
2139 3077 2164 3103 in
2184 3077 2282 3103 nostris

1319 3118 1478 3144 editionibus
1497 3119 1586 3151 deest,
1605 3120 1652 3144 cfr.
1666 3122 1752 3145 tamen
1767 3120 1791 3144 S.
1811 3120 1920 3151 Thom.,
1933 3120 1987 3146 Cat.
2001 3128 2080 3147 aurea
2094 3122 2118 3147 in
2133 3122 2220 3148 Matth.
2236 3122 2281 3148 24.

1319 3170 1346 3188 11.
1367 3163 1408 3188 11.
1428 3163 1452 3187 111
1472 3163 1530 3188 11116.
1551 3163 1636 3194 Beda,
1664 3163 1706 3188 lV.
1735 3163 1760 3188 in
1789 3164 1876 3189 Matth.
1901 3164 1950 3195 24,
1970 3164 2021 3190 35:
2041 3165 2147 3191 Caelum
2167 3169 2192 3191 et
2211 3168 2277 3191 terra

1319 3214 1367 3239 per
1386 3207 1617 3232 commutationem
1647 3207 1822 3233 innovationis
1849 3208 2009 3240 transibunt,
2028 3209 2074 3235 sed
2094 3209 2207 3235 verbum
2227 3210 2279 3236 Do-

1320 3250 1383 3276 mini
1402 3250 1457 3276 sine
1476 3251 1568 3276 effectu
1588 3251 1769 3283 completionis
1788 3252 1858 3277 nullo
1878 3252 1957 3278 inodo
1977 3253 2138 3284 praeteribit.

1392 3292 1414 3308 ¹⁶
1435 3295 1507 3320 vers.
1528 3294 1577 3326 35,
1597 3298 1656 3326 post
1674 3302 1753 3328 quem
1775 3296 1815 3321 Ps.
1836 3296 1901 3326 118,
1922 3296 1964 3321 89.

1391 3335 1413 3351 ¹⁸
1432 3338 1507 3363 Vers.
1527 3338 1569 3363 Π.
1588 3342 1613 3364 et
1637 3339 1680 3371 18,
1700 3346 1813 3371 quorum
1834 3339 1961 3371 expositio
1975 3339 2085 3366 inferius
2103 3340 2162 3366 duta
2183 3344 2223 3366 est
2240 3348 2279 3367 se-

1318 3381 1436 3408 cundum
1456 3382 1553 3408 Bedam
1573 3385 1598 3408 et
1617 3383 1741 3415 August,
1771 3383 1788 3408 1.
1816 3383 1850 3408 (16
1875 3384 1958 3409 serm.
1987 3384 2092 3410 Domini
2121 3385 2145 3410 in
2174 3389 2279 3416 monte,

1320 3432 1343 3450 0.
1363 3425 1387 3451 8.
1407 3432 1433 3450 0.
1453 3425 1495 3451 20.

2302 1241 2441 1268 spiritualem.
