2476 3921
0 677 94 700 Motivum
100 676 143 704 prl-

1 1256 133 1279 Secundum.

27 1941 131 1964 Tertium.

767 214 960 247 COMMENT.
986 215 1023 247 IN
1049 215 1283 248 EVANGELIUM
1309 217 1424 249 LUCAE
1449 218 1480 249 C.
1507 219 1525 250 I.

157 301 326 339 Dominus,
358 301 412 343 qui
444 310 521 334 voco
544 310 658 334 nomen
682 305 792 341 tuum,
817 302 901 335 Deus
924 303 1016 335 lsrael
1042 312 1114 344 pro-

157 344 228 395 pter
252 353 341 386 Iacob
364 361 491 386 servum
514 362 619 385 meum
645 357 676 386 et
701 354 792 386 Israel
809 354 942 387 electum
960 363 1065 387 meum
1083 367 1113 393 »;

157 409 188 439 et
210 405 308 438 Exodi
341 405 454 438 tertio:
484 418 500 434 α
518 406 579 447 Ego
610 415 679 438 sum
712 406 795 439 Deus
826 407 999 445 Abraham,
1031 407 1115 439 Deus

157 459 239 492 Isaac
262 461 294 491 et
316 458 400 491 Deus
424 458 522 491 Iacob.
548 459 609 491 Hoc
633 468 747 491 nomen
771 468 895 498 meum,
919 464 950 492 et
975 460 1034 492 hoc
1050 469 1114 492 me-

157 510 286 543 moriale
301 523 332 542 n.
357 510 426 543 Ideo
449 513 555 543 autem
579 511 685 544 Israel
707 512 757 544 hic
787 512 892 553 potius
915 512 1113 551 nominatur,

156 563 230 606 quia
253 566 300 596 est
323 572 436 596 nomen
461 563 621 596 electionis
644 567 675 597 et
698 564 826 606 gratiae.

247 616 318 648 122.
344 615 443 648 Huius
465 619 570 648 autem
599 616 822 649 benedictionis
853 616 990 658 primum
1024 617 1114 649 moti-

155 677 230 701 vum
254 671 300 700 est
324 668 569 700 incarnationis
585 668 800 712 mysterium,
817 669 900 711 quod
918 671 1022 708 notat,
1039 679 1112 702 cum

153 721 248 754 dicit:
284 720 372 762 Quia
406 721 573 759 visitavit,
608 722 726 754 scilicet
757 731 813 763 per
843 722 1111 761 incarnationem;

155 773 251 807 Exodi
276 773 415 806 terti01:
446 787 461 802 α
479 773 613 806 Visitans
643 774 780 807 visitavit
811 784 867 808 nos
899 775 1051 807 Dominus
1082 779 1113 807 et

154 826 230 859 vidit
253 826 358 858 omnia
382 826 479 864 mala,
504 835 586 868 quae
609 826 791 859 acciderunt
807 827 896 860 nobis
913 827 943 860 in
961 828 1112 869 Aegypto,

153 883 185 912 et
207 879 317 912 educet
341 888 398 912 nos
420 879 459 911 de
482 879 649 912 afflictione
674 880 798 922 Aegypti
818 894 832 909 »
858 883 916 913 etc.
942 881 1002 913 Hoc
1027 884 1112 922 pete-

153 932 206 965 bat
229 931 383 973 Propheta
406 932 437 964 in
455 932 596 964 Psalmo:
626 945 642 960 α
659 933 813 965 Memento
837 933 952 972 nostri,
969 933 1110 972 Domine,

153 985 185 1017 in
208 983 401 1025 beneplacito
424 984 531 1026 populi
549 984 614 1023 tui,
632 985 722 1018 visita
739 994 794 1018 nos
811 986 842 1017 in
861 985 989 1018 salutari
1008 988 1062 1018 tuo
1079 999 1109 1017 n.

153 1038 214 1070 Iloc
237 1040 342 1070 autem
366 1036 443 1076 suit,
467 1037 593 1079 quando
616 1047 742 1071 carnem
767 1039 879 1071 sumsit
902 1047 943 1071 ex
969 1039 1109 1080 Virgine,

154 1090 314 1123 Psalmus:
343 1103 358 1118 α
376 1090 512 1123 Visitasti
538 1093 654 1123 terram
679 1095 710 1124 et
734 1091 893 1124 inebriasti
917 1101 1004 1130 eam,
1030 1092 1110 1124 mul-

154 1143 298 1186 tiplicasti
324 1143 515 1186 locupletare
537 1153 605 1177 eam
623 1158 653 1176 n.

245 1197 316 1230 123.
342 1197 520 1230 Secundum
543 1198 695 1230 motivum
721 1202 767 1231 est
792 1199 1024 1240 redemptionis
1037 1208 1110 1240 prc-

153 1251 256 1289 cium,
280 1249 364 1293 quod
389 1250 504 1292 tangit,
529 1259 601 1283 cum
625 1250 720 1283 dicit:
755 1252 794 1283 Et
817 1250 893 1294 fecit
917 1251 1109 1294 redemptio-

150 1313 224 1337 nem
243 1302 364 1345 plebis-s
379 1312 444 1335 uae
455 1314 466 1341 ;
483 1306 518 1335 ut
535 1303 703 1345 impleatur
719 1303 795 1336 illud
815 1304 923 1336 Psalmi
939 1304 950 1321 ²
966 1316 973 1335 ε
999 1317 1014 1332 «
1032 1304 1109 1337 Red-

151 1356 337 1399 emptionem
370 1355 455 1388 misit
482 1355 632 1388 Dominus
659 1356 776 1397 populo
811 1365 869 1389 suo
904 1368 934 1395 ”3
959 1360 989 1388 et
1017 1366 1108 1395 vere,

156 1423 170 1438 ει
188 1409 262 1452 quia
284 1408 368 1451 apud
391 1408 559 1440 Dominum
583 1408 812 1447 misericordia,
834 1413 864 1442 et
880 1409 1004 1450 copiosa
1025 1409 1108 1450 apud

151 1472 223 1496 eum
247 1461 419 1503 redemptio
437 1473 466 1500 »;
490 1464 521 1494 et
546 1460 666 1502 primae
684 1461 764 1493 Petri
781 1461 900 1503 primo:
924 1474 939 1490 «
955 1462 1020 1494 Non
1038 1470 1107 1494 cor-

152 1515 355 1558 ruptibilibus
377 1523 456 1547 auro
479 1515 528 1547 vel
552 1518 683 1556 argento
708 1514 858 1556 redempti
885 1515 959 1548 estis
975 1514 1013 1547 de
1031 1524 1109 1547 vana

153 1571 253 1602 vestra
278 1567 512 1601 conversatione
528 1571 676 1609 paternae
693 1567 884 1606 traditionis,
902 1567 955 1600 sed
972 1567 1109 1609 pretioso

151 1622 301 1664 sanguine
317 1621 406 1663 quasi
422 1621 497 1663 Agni
515 1621 704 1654 immaculati
719 1624 750 1654 et
766 1621 998 1654 incontaminati
1016 1634 1031 1649 »
1049 1624 1107 1654 etc.

151 1675 187 1708 Et
210 1675 269 1707 hoc
292 1678 356 1713 est,
381 1673 464 1716 quod
496 1673 612 1706 dicitur
643 1673 738 1706 Isaiae
769 1674 1029 1716 quinquagesimo
1061 1683 1108 1706 se—

150 1728 252 1761 cundo
264 1727 277 1747 ³
291 1739 298 1759 :
320 1740 336 1756 «
352 1727 453 1760 Gratis
469 1726 639 1759 venundati
656 1727 730 1759 estis
746 1731 776 1759 et
793 1727 859 1760 sine
875 1730 1005 1769 argento
1026 1726 1108 1760 redi-

150 1780 276 1813 memini
293 1792 324 1819 »;
361 1779 521 1821 Psalmus:
551 1792 566 1807 ‹=
583 1778 747 1811 Redemisti
770 1779 801 1811 in
825 1779 955 1812 brachio
979 1783 1034 1812 tuo
1057 1788 1109 1821 po-

149 1833 259 1876 pulum
286 1837 375 1866 tuum
392 1845 422 1864 ».

242 1886 312 1918 124.
339 1886 440 1927 (vers.
466 1885 542 1926 69.)
568 1885 708 1918 Tertium
732 1886 884 1918 motivum
917 1888 964 1918 est
994 1895 1108 1918 resur-

150 1938 305 1971 rectionis
328 1942 520 1980 tropacum,
544 1937 629 1980 quod
653 1937 768 1980 tangit,
786 1947 858 1971 cum
875 1938 966 1971 dicit:
987 1939 1025 1970 Et
1040 1947 1108 1970 ere-

150 1991 199 2024 xit
222 2000 327 2024 cor-nu
349 1990 470 2023 salutis
493 1990 587 2023 nobis
602 1990 639 2023 in
654 1991 751 2023 domo
771 1991 890 2030 David,
907 1991 1007 2033 pueri
1028 1991 1086 2023 sai
1096 2003 1107 2029 ‚-

150 2044 182 2077 in
205 2053 268 2087 quo
292 2043 476 2086 intelligitur
499 2046 636 2085 potestas
651 2043 767 2076 Christi
785 2045 997 2086 resurgentis3
1013 2044 1106 2086 primi

151 2097 267 2139 Regum
296 2096 479 2130 secundo4:
509 2108 524 2124 «
541 2096 693 2129 Dominus
723 2096 809 2129 dabit
840 2097 1007 2139 imperium
1041 2097 1107 2139 regi

150 2158 208 2183 suo
230 2153 261 2182 et
284 2149 464 2182 sublimabit
487 2157 587 2182 cornu
610 2149 725 2182 Christi
750 2149 798 2182 sui
817 2163 847 2182 ι».
873 2150 908 2182 Et
925 2151 984 2183 hoc
1000 2150 1060 2182 fuit
1076 2150 1107 2182 in

151 2203 397 2242 resurrectione;
413 2201 559 2235 Matthaei
576 2202 707 2234 ultimo:
727 2215 742 2231 α
757 2202 835 2235 Data
850 2206 898 2236 est
913 2203 990 2235 mihi
1007 2203 1108 2236 omnis

151 2259 286 2298 potestas
309 2256 339 2288 in
364 2256 449 2289 caelo
472 2259 503 2288 et
526 2256 556 2288 in
581 2259 667 2288 terra
683 2269 714 2287 ».
740 2256 775 2288 Et
798 2256 873 2298 quia
896 2256 948 2288 illa
972 2260 1108 2298 potestas

150 2313 218 2342 erat
240 2309 408 2347 durabilis,
433 2309 501 2342 ideo
525 2318 581 2351 per
604 2318 709 2341 cornu
733 2308 949 2351 significatur;
967 2308 998 2341 in
1016 2308 1107 2341 cuius

151 2361 196 2394 rei
219 2361 351 2404 figuram
376 2370 447 2401 vas,
472 2371 535 2404 quo
559 2361 707 2394 inunctus
730 2361 790 2393 fuit
813 2361 975 2400 Salomon,
1000 2371 1107 2393 cornu

151 2413 219 2452 suit,
235 2413 317 2447 tertii
335 2414 452 2456 Regum
468 2414 589 2456 primo3
606 2423 679 2453 vas,
696 2423 759 2456 quo
776 2413 925 2446 inunctus
940 2413 1000 2446 suit
1016 2414 1106 2452 Saul,

151 2466 209 2500 fuit
231 2466 403 2506 lenticula,
427 2467 544 2500 scilicet
568 2476 622 2500 vas
646 2466 772 2509 fragile,
796 2467 889 2509 primi
913 2467 1030 2509 Regum
1054 2466 1107 2499 de-

152 2520 239 2553 011110.
258 2521 293 2554 Et
308 2520 423 2553 dicitur
437 2532 444 2552 τ
471 2521 583 2553 Cornu
597 2520 737 2560 solutis,
754 2520 827 2563 quia
844 2530 900 2562 per
917 2520 993 2553 illud
1015 2533 1031 2549 α
1048 2520 1108 2553 sal-

152 2577 242 2606 vatus
261 2577 308 2606 est
331 2573 424 2606 Israel
447 2574 547 2606 salute
563 2577 691 2606 aeterna
706 2587 737 2613 »‚
759 2574 853 2607 Isaiae
869 2573 1108 2616 quadragesimo

153 2626 261 2668 quinto
272 2626 294 2658 ⁵.
318 2645 364 2650 —
387 2627 423 2659 Et
445 2626 551 2659 addit:
578 2627 616 2659 ln
639 2627 735 2659 domo
761 2627 883 2665 David,
906 2626 1007 2669 pueri
1028 2626 1085 2658 sui
1096 2637 1107 2664 ,-

152 2679 322 2712 secundum
346 2679 424 2712 illud
448 2680 580 2712 Psalmi:
610 2693 626 2708 «
642 2680 718 2712 Illuc
741 2679 912 2721 producam
932 2688 1030 2712 cornu
1048 2679 1108 2711 Da-

154 2731 222 2770 vid,
246 2732 352 2774 paravi
378 2733 538 2766 lucernam
561 2732 685 2765 Christo
708 2741 778 2765 mco
794 2745 825 2771 »;
850 2736 881 2765 et
905 2732 1033 2765 secundi
1051 2732 1107 2764 Re-

152 2793 226 2826 gum
249 2785 397 2826 vigesimo
428 2785 585 2818 secundo:
615 2799 631 2814 «
647 2786 777 2818 scutum
809 2795 913 2818 meum
946 2789 976 2818 et
1008 2794 1107 2818 cornu

2091 224 2132 254 39

1179 303 1288 336 salutis
1312 313 1416 343 meae,
1440 306 1577 338 elevator
1610 316 1698 339 meus
1722 312 1752 340 et
1777 313 1938 350 susceptor
1964 319 2066 347 meus,
2095 311 2134 342 ab

1179 355 1342 397 iniquitate
1367 366 1435 389 mea
1457 358 1603 391 liberabis
1620 368 1668 392 me
1686 374 1714 391 n.
1734 361 1792 393 Hoc
1810 365 1913 393 autem
1931 362 2045 394 dicitur
2064 372 2134 403 pro-

1178 411 1248 448 pter
1273 408 1538 448 incarnationem;
1565 411 1644 443 inira
1668 413 1804 444 secundo
1827 414 1959 451 dicitur,
1985 415 2066 455 quod
2091 415 2134 446 lo—

1178 461 1254 502 seph
1280 465 1310 493 et
1334 462 1428 494 Maria
1451 467 1541 495 erint
1569 477 1583 491 α
1600 464 1637 495 de
1662 465 1775 497 familia
1800 466 1894 497 David
1914 481 1942 497 n.

1271 514 1341 545 125.
1367 514 1467 554 (Vers.
1493 516 1569 554 70..)
1597 516 1686 548 S'icut
1711 517 1838 549 locutus
1861 523 1906 549 cst
1924 528 1984 560 pter
2008 529 2043 551 os
2059 530 2133 551 san-

1179 569 1318 597 ctorm
1344 567 1395 598 llic
1420 567 1482 609 agit
1512 567 1618 600 laudes
1641 573 1671 600 et
1695 570 1810 610 gratiis
1835 580 1891 611 pro
1916 576 2018 602 nostra
2045 581 2132 613 11113-

1179 618 1318 657 ratione,
1347 619 1519 651 secundum
1551 621 1634 661 quod
1667 621 1725 653 suit
1753 631 1814 663 per
1848 623 2029 665 Proplutrts·
2058 635 2133 666 pro-

1178 671 1283 702 missa
1307 671 1442 712 Spiritus
1476 673 1572 704 sancti
1599 673 1751 706 vaticinio.
1778 675 1812 706 Et
1837 676 1938 716 primo
1963 677 2133 717 praemittit

1177 724 1374 756 vaticinium
1407 724 1654 767 proplwstczmm
1689 728 1825 759 secundo
1862 738 1935 760 vero
1971 730 2131 771 subiungit

1177 777 1397 809 vaticinatum
1431 777 1642 819 heneficium:
1674 784 1703 811 et
1729 781 1836 819 tertio,
1873 781 2017 821 beneficii
2047 792 2131 814 com-

1174 829 1380 870 plementum.
1422 830 1499 863 ilaec
1535 831 1616 863 enim
1658 833 1717 864 tria
1755 833 1893 865 excitant
1931 834 1967 866 ad
2008 835 2131 867 1115119111-

1176 881 1319 913 cendum.

1266 934 1368 966 Primo
1392 935 1488 977 igitur
1513 937 1684 977 praemittit
1713 938 1905 970 vaticzm'um
1925 940 1953 970 in
1973 940 2028 971 hoe
2047 941 2127 981 quod

1175 985 1267 1018 dicit:
1293 986 1386 1018 Sicut
1410 987 1537 1020 locutus
1568 993 1615 1021 cst
1639 999 1700 1031 per
1731 1000 1767 1022 os·
1798 996 1989 1023 sanctorum
2022 1003 2077 1035 qua
2110 1003 2129 1024 a

1175 1038 1306 1071 sacculo
1329 1044 1407 1071 sunt
1438 1040 1682 1083 Prophetarum
1715 1053 1795 1075 ems.
1830 1044 1863 1076 Et
1887 1044 1977 1077 debet
2003 1045 2130 1077 iterari:

1180 1104 1195 1119 c<
1213 1092 1396 1124 Benedictus
1412 1093 1563 1126 Dominus
1579 1094 1680 1133 Deus,
1698 1096 1772 1137 quia
1796 1097 1898 1129 erexit
1916 1111 1930 1125 ι»
1956 1102 2013 1129 etc.
2040 1098 2131 1130 Sicut

1175 1144 1302 1176 loeutus
1325 1150 1389 1182 οδω
1414 1146 1505 1187 primi
1533 1147 1786 1189 Paralipomenon
1811 1150 1931 1182 decimo
1955 1151 2129 1192 septimo⁶:

1179 1210 1194 1225 α
1211 1198 1313 1236 Nunc,
1338 1198 1485 1237 Domine,
1503 1208 1624 1239 sermo,
1643 1210 1735 1242 quem
1760 1202 1883 1235 locutus
1899 1212 1949 1241 es,
1967 1205 2131 1237 confirme-

1174 1254 1227 1282 tur
1244 1250 1273 1282 in
1292 1254 1495 1292 perpetuum,
1513 1256 1543 1285 et
1559 1253 1615 1291 sac,
1634 1254 1714 1286 sicut
1732 1254 1854 1287 locutus
1870 1265 1903 1288 es
1920 1270 1949 1287 ι».
1968 1257 2028 1289 Hoc
2044 1263 2130 1298 opta-

1174 1303 1248 1335 bant
1272 1304 1373 1336 Sancti
1392 1304 1611 1345 praecedentes
1628 1306 1740 1339 Christi
1766 1307 1933 1340 adventum
1950 1321 1956 1346 ;
1983 1310 2131 1342 Ecclesia-

1174 1356 1240 1388 stici
1269 1356 1426 1398 trigesimo
1458 1358 1595 1389 sext0⁷:
1624 1372 1639 1386 a
1657 1360 1776 1391 Suscita
1810 1361 2019 1401 precationes,
2052 1372 2130 1403 quas

1174 1409 1267 1442 locuti
1293 1413 1366 1441 sunt
1390 1409 1420 1441 iu
1445 1410 1569 1442 nomine
1595 1415 1648 1442 tuo
1674 1412 1843 1453 Prophetae
1874 1413 2009 1454 priores;
2035 1419 2064 1446 et
2089 1415 2126 1446 sla

1173 1462 1348 1494 mercedem
1366 1462 1593 1495 sustinentibus
1609 1467 1648 1501 te,
1667 1468 1701 1495 ut
1719 1464 1888 1506 Prophetae
1907 1465 1950 1497 tui
1965 1466 2070 1498 fideles
2085 1467 2129 1498 iu—

1172 1515 1339 1547 veniantur
1356 1529 1385 1547 n.
1403 1515 1491 1556 Quod
1507 1519 1538 1548 et
1554 1516 1669 1548 sactum
1687 1520 1750 1555 est;
1768 1517 1848 1549 infra
1864 1518 1982 1551 decimo
1999 1523 2108 1551 octavo
2123 1532 2129 1550 :

1178 1581 1193 1596 α
1211 1568 1304 1607 Ecce,
1329 1568 1525 1601 ascendimus
1554 1569 1790 1610 lerosolymam,
1814 1575 1844 1603 et
1868 1572 2131 1604 consummabun-

1173 1625 1227 1653 tur
1250 1621 1369 1659 omnia,
1395 1630 1475 1663 quae
1499 1621 1580 1654 dicta
1613 1626 1686 1654 sunt
1710 1631 1765 1664 per
1791 1623 1959 1664 Prophetas
1989 1623 2027 1656 de
2059 1624 2131 1656 Filio

1173 1674 1308 1706 hominis
1324 1686 1355 1711 »ς
1379 1675 1471 1706 Amos
1503 1674 1617 1706 tertio:
1647 1688 1661 1703 α
1679 1675 1757 1716 Quia
1781 1685 1841 1707 non
1866 1675 1954 1708 saciet
1980 1677 2131 1709 Dominus

1172 1726 1324 1763 verbum,
1349 1726 1406 1758 nisi
1432 1727 1617 1759 revelaverit
1641 1731 1797 1759 secretum
1829 1737 1922 1760 suum
1955 1729 1992 1761 ad
2024 1738 2131 1761 servos

1172 1788 1246 1812 suos
1270 1779 1485 1821 Prophetas».

1264 1833 1335 1864 126.
1355 1832 1456 1868 (Vers.
1479 1833 1555 1872 71.).
1582 1832 1723 1865 Secundo
1747 1833 1909 1875 subiungit
1926 1833 2130 1874 beneficium,

1172 1885 1255 1927 quod
1281 1884 1453 1926 Prophetae
1477 1885 1709 1926 promiserunt,
1726 1877 1804 1918 ¹cum
1822 1885 1913 1918 dicit:
1931 1886 2075 1918 Salutem
2092 1897 2131 1918 ex

1171 1937 1317 1970 inimicis
1340 1937 1488 1975 nostris,-
1511 1940 1542 1970 et
1565 1937 1657 1970 debet
1682 1938 1779 1979 repeti
1805 1938 1936 1971 verbum
1963 1939 2020 1971 hoc
2036 1938 2128 1981 fecit,

1174 1991 1221 2024 vel
1244 1990 1356 2025 crescit.
1382 1991 1425 2023 De
1451 1991 1508 2023 hac
1532 1991 1614 2023 enim
1636 1991 1730 2024 locuti
1756 1995 1829 2024 sunt
1854 1992 2041 2033 Prophetae;
2067 1992 2130 2034 pri-

1171 2053 1240 2077 mae
1264 2044 1346 2077 Petri
1369 2043 1520 2086 primo⁸z
1549 2057 1564 2072 «
1580 2044 1625 2077 De
1649 2054 1712 2086 qua
1727 2045 1827 2077 salute
1843 2045 2063 2087 exquisierunt
2083 2050 2129 2078 at-

1172 2106 1234 2139 que
1257 2097 1388 2130 scrutati
1413 2099 1487 2129 sunt
1510 2097 1699 2138 Prophetae,
1724 2097 1777 2139 qui
1802 2097 1839 2130 dc
1863 2097 1969 2130 sutura
1992 2098 2022 2130 in
2042 2098 2130 2131 vobis

1171 2150 1273 2192 gratia
1295 2150 1611 2192 prophetaverunt».
1637 2150 1714 2183 Haec
1738 2154 1842 2183 autem
1867 2151 1951 2183 salus
1975 2154 2021 2183 est
2044 2151 2074 2183 in
2092 2150 2129 2182 Ii-

1173 2202 1338 2235 berationc
1362 2202 1403 2235 ab
1426 2202 1592 2242 inimicis,
1617 2202 1647 2235 id
1671 2206 1718 2235 est
1741 2212 1759 2235 a
1793 2203 2017 2241 daemonibus;
2051 2203 2128 2235 Psal-

1172 2265 1264 2289 mus:
1294 2269 1309 2284 α
1326 2256 1417 2297 Eripe
1441 2265 1491 2288 me
1514 2256 1552 2288 de
1576 2256 1708 2288 inimicis
1732 2257 1809 2289 meis
1825 2269 1855 2295 »ς
1873 2256 1910 2289 ad
1934 2257 2129 2289 Colossenses

1171 2310 1294 2352 primo:
1324 2323 1339 2338 ιι
1364 2310 1452 2342 Eruit
1476 2318 1532 2342 nos
1555 2309 1594 2342 de
1619 2313 1768 2351 potestate
1792 2310 1992 2342 tenebrarum
2010 2324 2039 2342 ».

1264 2364 1335 2395 127.
1361 2363 1397 2395 Et
1419 2362 1525 2395 subdit
1556 2362 1649 2395 tertio
1673 2362 1817 2403 beneficii
1840 2363 2125 2405 complementum,

1172 2424 1243 2448 cum
1268 2415 1364 2448 dicit:
1391 2416 1430 2447 Et
1453 2415 1491 2447 de
1511 2425 1617 2447 manu
1634 2415 1802 2453 omnium,
1820 2416 1880 2458 qui
1895 2415 2034 2447 oderunt
2052 2425 2127 2453 nos,

1171 2468 1202 2500 id
1226 2471 1273 2500 est
1295 2468 1334 2500 ‹Ie
1362 2477 1457 2500 manu
1489 2468 1554 2500 sive
1586 2471 1736 2509 potestate
1768 2468 1906 2500 omnium
1940 2476 2128 2509 persequen-

1171 2521 1268 2559 tium,
1292 2520 1357 2553 sive
1380 2520 1585 2558 daemonum,
1610 2520 1675 2553 sive
1699 2520 1881 2558 hominum;
1900 2520 1992 2552 Isaiae
2008 2520 2128 2552 decimo

1170 2573 1299 2605 non09:
1329 2585 1344 2601 «
1361 2572 1545 2605 Clamabunt
1576 2572 1614 2604 ad
1642 2572 1808 2605 Dominum
1832 2581 1850 2604 a
1874 2573 1950 2605 facie
1976 2573 2127 2605 tribulan-

1171 2626 1228 2664 tis,
1252 2629 1283 2658 et
1306 2625 1407 2658 mittet
1431 2625 1475 2658 eis
1503 2625 1688 2657 salvatorem
1713 2628 1743 2658 et
1768 2629 2051 2667 propugnatorem,
2073 2626 2125 2667 qui

1172 2679 1282 2712 liberet
1306 2687 1359 2711 eos
1374 2690 1405 2716 »;
1430 2678 1482 2710 Iob
1506 2678 1637 2719 quinto:
1659 2691 1674 2705 α
1691 2678 1826 2719 Dissipat
1847 2678 2046 2720 cogitationes
2063 2687 2127 2710 ma-

1172 2732 1346 2774 lignorum,
1378 2740 1418 2763 ne
1448 2731 1567 2772 possint
1599 2731 1727 2772 implere
1760 2740 1871 2764 manus
1902 2740 2011 2763 eorum
2043 2731 2126 2772 quod

1172 2787 1380 2826 coeperant».
1400 2784 1435 2816 Et
1451 2783 1488 2816 de
1506 2787 1591 2816 tanto
1607 2784 1757 2817 beneficio
1774 2783 1947 2816 laudandus
1963 2788 2009 2816 est
2026 2784 2126 2817 Deus-2

154 2974 239 3008 Iacob]
260 2975 348 3009 utique
366 2975 513 3002 benedictio
531 2977 585 3003 suit.
607 2978 790 3009 Interpretatur
808 2981 896 3003 autem
917 2978 991 3003 lsrael
1011 2977 1053 3004 vir
1072 2977 1107 3004 vi-

154 3018 217 3045 dens
235 3020 333 3052 Deum,
365 3021 406 3046 vel
430 3020 558 3055 princeps
585 3027 648 3047 cum
669 3022 735 3053 Deo,
755 3022 827 3055 quod
847 3022 896 3047 erit
915 3022 940 3047 in
960 3022 1011 3047 Ilne
1036 3029 1108 3054 prae·

155 3063 236 3089 mium
254 3064 379 3090 iustorum
398 3065 527 3091 omnium.

225 3107 233 3122 ¹
254 3108 327 3134 Vers.
348 3109 389 3134 16.
402 3116 475 3142 seq.:
495 3110 609 3136 Visitans
626 3111 733 3136 visitavi
752 3117 801 3135 vos
819 3113 843 3136 et
857 3110 910 3136 vidi
924 3111 1026 3141 omnia,
1039 3117 1108 3143 quae

155 3152 304 3179 acciderunt
330 3152 406 3179 vobis
425 3154 450 3179 in
471 3154 605 3187 Aegypto,
624 3159 650 3181 et
669 3155 735 3186 dixi,
755 3158 783 3181 ut
801 3155 912 3181 educam
937 3161 987 3181 vos
1005 3155 1039 3180 de
1058 3157 1107 3180 etc.

156 3210 190 3214 --
206 3197 355 3230 Sequuntur
372 3198 412 3224 Ps.
437 3199 499 3230 105,
518 3199 541 3225 t.
561 3203 587 3225 et
606 3199 654 3232 64,
675 3200 717 3225 10.

224 3238 236 3254 ¹
254 3241 345 3267 Psalm.
366 3242 430 3274 110,
449 3242 475 3268 9.
492 3256 528 3262 -
547 3243 604 3269 1)υο
633 3250 707 3276 seqq.
735 3243 783 3269 loci
809 3246 869 3269 sunt
887 3243 927 3268 Ps.
949 3243 1013 3273 129,
1031 3242 1058 3268 7.
1082 3246 1108 3268 et

157 3283 175 3308 l.
192 3284 258 3310 I‘etr.
281 3286 302 3316 l,
323 3286 362 3311 18.

226 3325 237 3342 ⁸
257 3328 330 3355 Vers.
348 3330 373 3355 3.
391 3344 426 3350 -
444 3331 567 3364 Sequitur
586 3332 625 3357 Ps.
644 3331 694 3363 76,
715 3331 756 3357 16.

225 3370 237 3386 ⁴
257 3373 328 3399 vers.
351 3374 390 3401 10.
407 3388 443 3394 -
461 3374 578 3401 Subinde
596 3376 740 3408 allegantur
759 3375 846 3401 Matth.
866 3375 915 3406 28,
931 3375 978 3405 18;
992 3374 1029 3400 111.
1042 3375 1106 3405 lteg.

1176 2978 1195 3009 l,
1215 2977 1258 3002 39.
1277 2980 1301 3001 et
1321 2977 1337 3001 1.
1357 2976 1422 3007 Reg.
1440 2976 1481 3006 10,
1505 2976 1529 3006 1;
1551 2976 1608 3001 Vat.
1629 2975 1678 3001 ibi:
1698 2975 1840 3006 lenticula,
1854 2975 1903 3001 hoc
1916 2977 1954 3001 est
1970 2981 2016 3001 ras
2029 2974 2122 3008 fiyuli,

1168 3020 1250 3055 proin
1264 3021 1289 3046 ct
1299 3019 1406 3053 [raquo.

1242 3062 1253 3078 ⁶
1272 3064 1346 3089 Vers.
1371 3064 1410 3089 17.
1427 3077 1463 3082 -
1482 3065 1632 3097 Sequuntur
1652 3065 1692 3089 Ps.
1717 3064 1777 3094 131,
1800 3064 1845 3094 17;
1866 3064 1892 3088 ll.
1911 3064 1977 3095 [leg.
1996 3064 2042 3093 22,
2064 3064 2087 3088 3.
2102 3068 2126 3088 et

1172 3110 1233 3134 Luc.
1254 3109 1283 3138 2,
1305 3107 1329 3132 4.

1242 3150 1253 3165 ⁶
1274 3152 1347 3177 Vers.
1368 3152 1410 3176 23.
1429 3164 1464 3170 —
1483 3151 1610 3183 Superius
1638 3158 1668 3176 ex
1687 3151 1766 3177 CDF
1786 3150 1923 3182 posuimus
1951 3149 2013 3184 quia
2039 3149 2126 3176 erari!

1171 3204 1219 3229 pro
1239 3195 1286 3229 qui
1303 3194 1397 3221 ereoeil.

1242 3238 1252 3254 ¹
1273 3241 1346 3265 Vers.
1371 3240 1408 3264 t7.
1428 3247 1484 3273 seq.
1502 3253 1537 3259 -
1556 3240 1612 3265 Duo
1631 3247 1705 3272 seqq.
1726 3240 1775 3265 loci
1803 3242 1863 3264 sunt
1891 3239 1954 3264 Luc.
1975 3239 2019 3269 18,
2039 3239 2080 3264 31.
2101 3243 2125 3264 et

1172 3285 1251 3311 Amos
1272 3285 1300 3315 3,
1319 3284 1346 3309 7.

1243 3326 1253 3341 ⁸
1273 3328 1348 3353 Vei-s.
1369 3327 1410 3352 10.
1430 3341 1465 3347 -
1484 3326 1600 3353 Subinde
1619 3328 1762 3359 allegantur
1782 3327 1821 3352 Ps.
1842 3327 1884 3356 58,
1901 3327 1925 3351 2.
1940 3330 1964 3351 et
1976 3326 2030 3351 Col.
2049 3327 2068 3357 l,
2087 3326 2123 3350 13.

1243 3370 1254 3386 ⁹
1273 3372 1348 3397 vers.
1367 3372 1411 3397 20.
1430 3385 1465 3391 —
1484 3372 1607 3405 Sequitur
1626 3371 1670 3397 lob
1690 3372 1714 3402 5,
1736 3372 1774 3396 ¹2.

2155 529 2175 549 ln
2191 530 2283 550 acuatu

2157 558 2216 581 parte
2231 559 2275 576 tan-

2145 587 2184 607 gnn
2173 584 2220 602 ntur
2235 583 2274 602 1113
2280 599 2284 602 .

2151 949 2279 970 xaitciiuum

2138 976 2290 1002 propheticum.

2150 1842 2280 1863 Beneficium

2142 1869 2288 1890 vaticinatum.

2162 2370 2262 2391 Beneficii

2143 2397 2286 2423 complemen-

2188 2427 2240 2444 tum.
