2476 3921
310 251 374 283 232

308 346 410 380 usque
433 336 470 368 ad
495 336 575 368 diem
600 337 745 366 octavum
771 331 906 374 gloriae;
923 339 1003 372 quos
1027 328 1126 361 voluit
1142 328 1173 360 in
1189 327 1266 360 assi-

308 391 452 433 gnatione
476 388 625 429 temporis
649 385 785 427 Spiritus
808 387 937 417 sanctus
959 382 1131 423 designare.

398 443 449 475 49.
476 442 533 474 Per
557 445 622 472 tres
644 443 750 472 autem
771 446 935 480 personas
958 438 1128 467 assumtas
1151 433 1267 466 dantur

162 506 217 532 Quid
232 505 295 531 sigui·
308 496 437 537 intelligi
462 499 527 526 tres
550 493 688 525 virtutes
711 491 749 524 ad
766 488 1041 531 contemplandum
1058 486 1266 525 necessariae,

174 533 294 588 {acessgssp'arff
308 549 425 582 scilicet
458 547 555 589 fides,
593 555 684 587 spes,
718 544 870 580 caritas;
893 541 994 586 sideS,
1032 549 1088 582 per
1120 540 1266 578 Petrum,

210 585 287 605 pnm
308 602 362 644 qui
379 602 607 642 interpretatur
623 606 813 640 agnoscens;
830 605 915 638 speS,
933 604 989 636 per
1007 593 1152 626 Iacobum
1168 593 1268 625 lucta-

307 659 426 693 torem;
452 662 508 695 per
533 653 694 689 loannem,
719 651 751 683 in
775 659 839 692 quo
862 649 980 691 gratia,
1005 647 1133 680 caritas
1151 647 1171 678 ¹.
1197 646 1269 678 Sine

308 708 358 740 his
380 711 485 739 autem
512 705 622 748 pennis
644 704 753 737 nullus
776 705 878 745 potest
901 700 1110 734 conscendere
1125 699 1164 731 ad
1181 708 1269 731 mon-

181 768 288 790 secuudo.
308 764 389 793 tana.
413 779 453 783 —
479 759 533 792 Vel
557 767 614 800 per
638 761 703 790 tres
726 765 876 799 personas
899 754 1103 796 intelligimus
1120 756 1186 784 lres
1201 751 1268 784 dis—

305 813 484 856 positiones
500 811 691 844 necessarias
715 809 836 842 animae
861 806 1069 848 contemplati·
1107 815 1134 844 3,
1151 804 1270 838 scilicet

308 866 533 904 industriam,
566 863 780 905 disciplinam
811 865 843 894 et
872 860 1068 904 9ratiam²:
1099 858 1203 901 prima
1237 858 1269 890 in

309 921 416 958 Petro,
441 918 577 952 secunda
601 919 632 950 in
666 916 792 955 Iacobo,
819 915 911 948 tertia
935 914 966 946 in
991 914 1113 945 Ioanne.
1138 911 1271 953 Oportet

308 973 407 1010 enim,
425 971 672 1014 intelligentiam
689 968 878 1006 illuminari,
903 965 1203 1008 concupiscentiam
1219 964 1271 996 do-

310 1026 387 1058 mari
413 1029 444 1059 et
467 1024 621 1068 affectum
645 1022 848 1060 inflammari,
880 1024 916 1053 ut
952 1020 1109 1062 possimus
1141 1025 1269 1050 sursum

310 1090 381 1113 cum
415 1079 547 1112 Domino
570 1077 656 1110 ferri.
682 1076 792 1118 Aliquo
828 1076 943 1107 horum
979 1072 1160 1110 deficiente,
1197 1079 1271 1103 con-

311 1132 520 1175 templationis
550 1130 709 1172 negotium
740 1129 830 1170 perit.
865 1146 906 1151 —
939 1127 994 1159 Vel
1026 1134 1082 1167 per
1118 1125 1175 1157 has
1206 1128 1271 1156 tres

310 1195 460 1228 personas
483 1184 703 1226 intelliguntur
728 1187 793 1214 tres
815 1181 907 1213 modi
929 1178 1127 1212 ascendendi
1150 1178 1181 1210 in
1206 1177 1271 1218 api-

312 1249 377 1272 cem
402 1237 681 1279 contemplationis.
706 1236 773 1268 Uno
796 1235 878 1281 enim
903 1233 995 1266 modo
1018 1231 1198 1265 ascenditur
1216 1239 1272 1272 per

312 1293 392 1325 viam
417 1291 618 1334 splendoris,
643 1293 674 1322 et
698 1290 784 1321 hunc
808 1288 935 1320 modum
967 1285 1153 1319 ascendendi
1182 1285 1273 1317 docet

312 1347 422 1379 beatus
458 1344 650 1386 Augustinus
663 1343 686 1381 3,
712 1346 743 1375 et
771 1342 822 1374 hic
846 1341 1029 1382 designatur
1053 1348 1109 1381 per
1134 1339 1270 1371 Petrum.

312 1400 376 1432 Alio
407 1398 499 1431 modo
523 1397 703 1430 ascenditur
729 1405 784 1438 per
810 1395 891 1427 viam
915 1393 1040 1426 doloris
1063 1397 1091 1425 el
1113 1391 1271 1434 gemitus,

313 1456 343 1486 et
366 1452 417 1485 hic
446 1452 477 1483 in
503 1451 626 1489 lacob0‚
651 1454 682 1482 et
706 1450 763 1482 iste
787 1448 899 1481 modus
916 1450 964 1480 est
980 1445 1156 1479 communis
1180 1454 1273 1477 oran-

314 1506 407 1538 tibus.
425 1504 530 1536 Tertio
547 1503 639 1535 modo
660 1512 717 1544 per
742 1502 823 1534 viam
848 1500 995 1538 amoriS,
1020 1502 1051 1532 et
1074 1499 1161 1531 hunc
1183 1498 1275 1530 docet

312 1558 571 1599 Dionysius4,‘et
595 1556 645 1588 hic
676 1555 859 1597 designatur
883 1562 939 1595 per
971 1553 1132 1591 Ioannem;
1161 1554 1193 1584 et
1224 1550 1274 1583 hic

314 1615 361 1644 est
393 1610 582 1652 praecipuus
605 1609 686 1641 inter
718 1616 841 1646 omnes,
866 1607 898 1639 in
922 1616 986 1648 quo
1009 1605 1149 1638 maxime
1173 1604 1274 1647 gratia

315 1668 437 1703 movet3
463 1664 493 1696 in
518 1663 620 1704 primo
644 1665 748 1694 autem
775 1661 911 1693 multum
937 1660 1019 1692 valet
1042 1658 1198 1691 industria
1225 1657 1275 1690 vel

316 1718 465 1755 scientia;
498 1715 656 1749 secundus
691 1718 796 1747 autem
827 1713 939 1746 modus
970 1712 1060 1754 quasi
1096 1712 1276 1753 permixtus

315 1776 362 1805 est
385 1772 467 1803 inter
491 1769 623 1812 gratiam
647 1771 678 1801 et
701 1768 877 1800 naturalem
901 1764 1087 1799 industriam
1113 1768 1145 1798 et
1167 1765 1275 1806 acqui-

315 1826 416 1858 sitam.

407 1879 457 1910 50.
484 1877 540 1909 Per
564 1876 671 1908 locam
694 1879 818 1913 autem,
842 1874 874 1906 in
891 1882 986 1916 quem
1010 1872 1165 1911 ascendit,
1191 1875 1275 1904 recte

149 1939 204 1966 Quid
216 1938 296 1964 signifi·
314 1928 443 1972 intelligi
476 1933 577 1972 potest
609 1928 777 1961 eminentia
806 1927 888 1960 vitae
913 1925 1190 1968 contemplativae.
1224 1925 1277 1958 Est

149 1968 396 2040 Εὲῗηῖοζὲῗιῖῗτῖε-θῃίη]
422 1992 511 2016 mons
535 1983 622 2015 locus
645 1980 834 2024 magisterii
841 1992 852 2018 ,·
876 1979 960 2013 unde
982 1979 1098 2012 dicitur
1130 1979 1275 2011 Matthaei

182 2024 270 2045 ‘'⁵³⁸''
313 2038 424 2080 quinto
436 2037 459 2075 ⁵,
484 2036 567 2078 quod
597 2049 613 2064 «
630 2035 770 2068 ascendit
792 2034 878 2067 Iesus
900 2034 931 2066 in
955 2037 1109 2072 montem,
1141 2036 1172 2065 et
1203 2041 1275 2065 cum

313 2091 473 2124 sedisset»
502 2094 560 2123 etc.
588 2090 623 2122 Et
646 2098 687 2122 ex
711 2089 771 2121 hoc
788 2088 882 2121 datur
905 2087 995 2120 nobis
1019 2086 1166 2128 intelligi,
1191 2085 1275 2128 quod

313 2145 376 2177 vita
410 2143 650 2185 contemplativa
681 2141 821 2174 abundat
852 2139 1053 2182 cognitione,
1082 2142 1113 2171 et
1144 2138 1213 2171 ideo
1245 2138 1277 2170 in

313 2206 446 2239 persona
462 2195 777 2238 contemplativorum
793 2193 868 2226 dicit
891 2192 998 2231 lsaias,
1019 2191 1171 2225 secundo:
1193 2204 1209 2219 «
1224 2191 1278 2223 Ve-

312 2251 391 2290 nite,
415 2250 620 2283 ascendamus
648 2249 687 2281 ad
711 2252 850 2290 montem
874 2246 997 2279 Domini
1026 2249 1057 2278 et
1085 2245 1123 2278 ad
1147 2245 1277 2278 domum

313 2305 367 2337 Dei
400 2304 507 2342 iacob,
531 2306 563 2336 et
585 2302 708 2335 docebit
731 2310 788 2333 nos
804 2314 819 2329 ι)
849 2303 926 2338 etc.;
951 2299 1035 2332 unde
1058 2303 1089 2331 et
1112 2299 1150 2332 de
1174 2299 1278 2340 Moyse

313 2358 428 2391 dicitur
453 2357 551 2389 Exodi
584 2355 733 2397 vigesimo
766 2356 894 2396 quarto,
926 2352 1010 2394 quod
1043 2351 1214 2384 «ascendit
1245 2352 1278 2384 in

315 2400 452 2444 montem
484 2413 515 2442 et
545 2408 605 2441 fuit
637 2408 678 2440 ibi
711 2406 919 2449 quadraginta
945 2405 1057 2438 diebus
1088 2408 1118 2437 et
1142 2404 1278 2446 quadra-

159 2471 297 2519 ¹²²³}lciiac'i‘
315 2464 401 2506 ginta
438 2462 583 2495 noctibus
606 2474 638 2500 »‚
674 2463 704 2493 et
739 2463 815 2492 tunc
850 2459 970 2501 accepit
1004 2459 1125 2500 Legem.
1155 2476 1197 2481 —
1227 2458 1279 2490 Est

248 2514 253 2518 ”
316 2517 409 2550 etiam
434 2524 523 2548 mons
555 2515 642 2547 locus
664 2512 845 2554 sacrificii,
870 2512 1043 2545 secundum
1078 2512 1156 2544 illud
1180 2511 1278 2544 Gene—

316 2571 358 2603 sis
389 2569 538 2611 vigesimo
569 2567 756 2601 secund0⁶:
792 2580 807 2595 «
831 2567 915 2599 Tolle
946 2565 1144 2608 unigenitum
1177 2564 1278 2597 tilium

316 2628 425 2661 tuum,
450 2631 544 2664 quem
568 2621 670 2663 diligis
695 2621 787 2659 Isaac,
812 2623 842 2653 et
866 2619 943 2652 offer
967 2619 1056 2651 illum
1081 2618 1157 2650 mihi
1182 2626 1278 2659 super

316 2686 415 2709 unum
442 2676 614 2714 montium,
639 2683 732 2717 quem
758 2677 975 2706 monstravero
1000 2672 1054 2704 tibi
1073 2684 1106 2710 »3
1133 2674 1163 2704 et
1181 2670 1278 2703 Exodi

316 2730 423 2763 tertio:
454 2742 469 2757 «
485 2729 563 2761 Cum
587 2728 738 2761 eduxeris
762 2726 915 2769 populum
932 2725 970 2758 de
993 2726 1144 2768 Aegypto,
1169 2724 1279 2756 immo-

316 2783 394 2815 labis
418 2783 481 2815 Deo
504 2791 601 2824 super
625 2784 761 2813 montem
788 2780 883 2812 istum
901 2793 930 2811 n.
957 2779 1002 2811 Ex
1023 2788 1086 2820 quo
1110 2777 1279 2819 colligit-ur,

209 1141 289 1162 Tertio.

900 241 1093 274 COMMENT.
1119 240 1153 271 ΙΝ
1180 237 1418 271 EVANGELIUM
1442 236 1560 269 LUCAE
1583 236 1616 268 C.
1641 236 1688 267 IX.

1330 325 1415 367 quod
1446 325 1510 357 vita
1541 323 1781 364 contemplativa
1815 321 1954 354 abundat
1988 317 2175 359 ‹levocione;
2206 320 2290 353 unde

1330 378 1434 410 anima
1465 376 1707 418 contemplativa
1736 375 1935 407 Canticorum
1968 377 2098 415 quarto:
2133 386 2149 402 α
2173 373 2289 406 Vadam

1330 430 1369 463 ad
1393 434 1530 462 montem
1562 429 1711 470 myrrhae
1739 431 1770 460 et
1792 427 1831 460 ad
1851 427 1964 460 collem
1995 426 2100 459 thuris
2117 440 2132 455 »
2165 430 2222 459 etc.
2248 445 2290 450 —

1332 484 1384 516 Est
1407 483 1500 516 etiam
1524 491 1615 515 mons
1643 482 1731 514 locus
1758 480 1904 514 incendii
1926 483 2055 525 propter
2071 480 2175 513 radios
2198 480 2289 520 solis;
2309 477 2455 531 massinas]

1331 536 1415 569 unde
1438 535 1642 569 Ecclesiastici
1658 534 1898 577 quadragesimo
1919 534 2012 566 tertio
2025 534 2052 566 ⁷:
2082 547 2097 562 «
2114 534 2291 576 Tripliciter

1332 590 1378 622 sol
1401 598 1542 622 exurens
1565 591 1687 621 montes
1710 590 1741 620 et
1764 587 1868 620 radios
1890 587 1998 629 igneos
2020 587 2194 620 exsufflans
2210 600 2245 626 »3
2262 591 2293 621 et

1334 643 1392 675 hoc
1416 645 1546 684 propter
1567 641 1701 673 multam
1726 640 1960 682 refulgentiam,
1984 640 2076 672 iuxta
2098 640 2176 673 illud
2200 640 2292 682 primi

1333 695 1593 728 Machabaeorum
1617 697 1725 727 sexto:
1755 706 1771 722 «
1795 693 1925 726 Refulsit
1956 693 2001 725 sol
2025 693 2057 726 in
2085 694 2211 735 clypeos
2238 703 2294 727 au-

1334 757 1404 781 reos
1428 752 1459 781 et
1482 756 1605 786 aereos,
1629 750 1661 780 et
1683 746 1948 788 resplenduerunt
1962 750 2085 779 montes
2108 747 2148 779 ab
2167 747 2212 780 eis
2236 747 2294 780 sic-

1334 805 1370 834 ut
1401 800 1558 842 lampades
1589 800 1669 842 ignis
1693 813 1722 832 n.
1754 799 1802 837 Ex
1830 809 1894 841 quo
1924 799 2019 832 datur
2042 800 2186 842 intelligi,
2211 801 2295 843 quod

1334 854 1574 896 contemplativa
1596 853 1735 894 abundat
1750 852 1906 891 caritale;
1930 853 1961 885 in
1985 853 2077 886 cuius
2101 854 2146 886 rei
2171 854 2294 897 signum

1334 907 1433 940 Exodi
1456 906 1577 939 decimo
1600 915 1684 938 nono
1705 905 1840 938 dicitur:
1871 918 1887 934 (ι
1903 906 2000 938 Totus
2023 914 2113 939 mons
2137 906 2219 939 Sinai
2246 906 2296 939 fu-

1334 961 1456 999 mabat,
1492 969 1529 993 eo
1559 959 1644 1002 quod
1675 959 1886 992 descendisset
1908 959 2061 992 Dominus
2084 959 2169 992 Deus
2199 968 2296 1001 super

1334 1023 1407 1046 eum
1431 1013 1464 1045 in
1496 1013 1567 1055 igne
1585 1026 1614 1044 ιι.
1641 1030 1682 1037 -
1707 1012 1761 1045 Est
1792 1012 1885 1044 etiam
1917 1021 2008 1044 mons
2031 1012 2120 1045 locus
2145 1010 2296 1055 ‘refa9ii;

1335 1067 1419 1099 unde
1442 1066 1569 1099 Genesis
1592 1066 1713 1099 decimo
1736 1075 1819 1098 nono
1834 1065 1878 1098 δι’
1895 1078 1910 1094 «
1927 1066 1959 1098 In
1983 1069 2089 1099 monte
2120 1066 2241 1099 salvum
2265 1070 2296 1100 te

1336 1121 1383 1153 sac
1403 1132 1438 1159 »;
1464 1123 1495 1152 et
1525 1120 1670 1152 Matthaei
1705 1119 1853 1161 vigesimo
1884 1122 1999 1161 quarto
2029 1119 2160 1158 dicitur,
2195 1120 2297 1153 immi-

1335 1177 1429 1207 nente
1452 1173 1688 1215 persecutione:
1719 1185 1734 1201 «
1754 1173 1842 1205 Tunc
1866 1172 1920 1215 qui
1952 1172 1984 1205 in
2009 1172 2121 1205 Iudaea
2144 1176 2219 1206 sunt
2248 1173 2298 1206 fu—

1336 1228 1422 1271 giant
1445 1227 1483 1259 ad
1516 1229 1638 1259 montes
1654 1240 1684 1258 ».
1710 1226 1757 1258 Ex
1782 1235 1846 1268 quo
1877 1226 2079 1268 intelligitur,
2112 1227 2196 1269 quod
2225 1236 2298 1261 con-

1336 1281 1517 1323 templativa
1539 1279 1678 1312 abundat
1701 1278 1906 1321 defensione,-
1930 1279 2014 1312 unde
2033 1279 2065 1312 in
2089 1289 2223 1322 persona
2239 1281 2298 1314 viri

1337 1333 1570 1376 contemplativi
1586 1333 1702 1366 dicitur
1719 1333 1751 1365 in
1771 1333 1906 1365 Psalmo:
1929 1346 1944 1361 «
1957 1333 2068 1366 Levavi
2089 1333 2197 1367 oculos
2213 1343 2300 1368 meos

1336 1388 1368 1420 in
1400 1390 1539 1424 montes,
1571 1385 1655 1418 unde
1686 1386 1790 1418 veniet
1821 1385 1978 1418 auxilium
2010 1385 2088 1418 inihi
2112 1399 2142 1418 ».
2177 1405 2218 1409 -
2246 1386 2299 1420 Est

1337 1441 1430 1475 etiam
1453 1449 1543 1473 mons
1567 1440 1655 1472 locus
1669 1439 1792 1471 silentii
1798 1451 1810 1477 ;
1834 1439 1917 1472 unde
1939 1439 2056 1472 dicitur
2073 1439 2156 1473 tertii
2181 1440 2298 1483 Regum

1337 1494 1458 1527 decimo
1481 1493 1600 1531 n0n09,
1624 1492 1708 1534 quod
1729 1505 1744 1520 «
1763 1492 1843 1525 Elias
1866 1492 2009 1533 pervenit
2033 1501 2135 1534 usque
2157 1493 2195 1525 ad
2212 1502 2300 1526 mon-

1339 1553 1400 1581 tem
1426 1547 1480 1580 Dei
1506 1546 1608 1581 Horeb
1629 1559 1644 1574 »
1674 1549 1704 1578 et
1732 1558 1748 1574 «
1772 1545 1887 1578 mansit
1910 1545 1941 1577 in
1967 1546 2117 1587 spelunca
2141 1558 2176 1585 »;
2201 1549 2232 1579 et
2262 1546 2300 1579 de

1339 1601 1477 1639 Christo,
1501 1599 1647 1632 Matthaei
1671 1599 1791 1632 decimo
1814 1601 1944 1640 quarto,
1969 1599 2053 1641 quod
2083 1612 2099 1628 «
2114 1599 2252 1632 ascendit
2268 1600 2300 1632 in

1339 1657 1476 1687 montem
1510 1653 1595 1686 solus
1626 1661 1719 1685 orare
1742 1666 1772 1684 ».
1806 1652 1851 1684 Ex
1887 1661 1951 1694 quo
1982 1652 2185 1694 intelligitur,
2217 1653 2301 1695 quod

1339 1707 1580 1749 contemplativa
1603 1706 1743 1739 abundat
1766 1705 2006 1748 tranquillitate
2014 1717 2026 1744 ;
2050 1705 2134 1738 unde
2165 1705 2204 1738 de
2228 1715 2301 1739 con-

1340 1761 1529 1803 templativis
1559 1760 1676 1793 dicitur
1707 1760 1738 1791 in
1763 1759 1901 1791 Psalmo:
1932 1772 1947 1787 «
1972 1759 2149 1800 suscipiant
2179 1762 2302 1792 montes

1340 1823 1447 1857 pacem
1480 1814 1596 1856 populo
1627 1816 1658 1845 et
1690 1812 1784 1845 colles
1816 1812 1964 1846 iustitiam
1986 1825 2017 1843 ».
2046 1830 2090 1835 ——
2121 1812 2171 1844 Est
2206 1812 2300 1845 etiam

1340 1877 1430 1902 mons
1443 1868 1530 1900 locus
1540 1875 1700 1909 pascuae,
1716 1865 1808 1898 iuxta
1824 1865 1902 1897 illud
1919 1863 1970 1897 lob
1987 1864 2147 1907 trigesimo
2164 1874 2246 1898 nono
2259 1865 2300 1897 ¹⁰:

1346 1920 1597 1962 «Circumspicit
1628 1922 1751 1952 montes
1782 1927 1915 1960 pascuae
1944 1927 2019 1951 suae
2050 1921 2081 1951 et
2111 1918 2243 1951 virentia
2264 1931 2301 1957 »;

1341 1974 1510 2008 Ezechielis
1533 1973 1695 2015 trigesimo
1718 1975 1850 2014 quarto:
1881 1985 1896 2001 «
1918 1972 1950 2004 In
1976 1972 2100 2013 pascuis
2131 1972 2303 2005 uberrimis

1340 2036 1465 2070 pascam
1489 2036 1558 2066 eos,
1575 2026 1607 2059 in
1631 2026 1791 2058 montibus
1807 2025 1942 2058 excelsis
1962 2025 2056 2058 Israel
2076 2029 2171 2058 erunt
2188 2034 2304 2068 pascua

1341 2090 1452 2114 eorum
1476 2094 1506 2112 ».
1539 2080 1586 2112 Ex
1618 2089 1682 2122 quo
1712 2079 1916 2121 intelligitur,
1948 2078 2031 2121 quod
2064 2078 2304 2121 contemplativa

1341 2134 1480 2167 abundat
1502 2133 1669 2166 suavitate
1677 2144 1688 2171 ;
1712 2132 1795 2165 unde
1820 2132 1907 2165 loelis
1932 2132 2042 2165 ultimo
2058 2132 2096 2165 de
2113 2132 2303 2174 contempla-

1342 2188 1441 2221 tione:
1471 2200 1486 2216 «
1505 2188 1537 2220 ln
1560 2187 1609 2220 die
1633 2186 1686 2219 illa
1701 2185 1864 2219 stillabunt
1888 2189 2010 2219 montes
2033 2186 2249 2225 dulcedinem,
2273 2189 2305 2219 et

1341 2242 1436 2275 colles
1462 2241 1563 2274 fluent
1589 2240 1636 2273 lac
1664 2243 1695 2273 et
1721 2239 1783 2272 mel
1799 2252 1829 2270 ».
1845 2239 1953 2272 —Est
1976 2243 2136 2281 postremo
2155 2248 2244 2273 mons
2260 2240 2305 2273 lo-

1342 2305 1398 2329 cus
1428 2294 1643 2333 eminentiae,
1676 2293 1850 2327 secundum
1882 2292 1959 2325 illud
1983 2293 2078 2326 Isaiae
2101 2293 2239 2326 secundo
2256 2294 2303 2325 11:

1348 2363 1364 2378 «
1381 2349 1446 2382 Erit
1468 2351 1675 2391 praeparatus
1708 2355 1799 2379 mons
1829 2346 1943 2379 domus
1974 2346 2097 2379 Domini
2125 2346 2155 2379 in
2187 2347 2305 2380 vertice

1342 2402 1497 2435 montium
1516 2413 1549 2440 »;
1575 2404 1606 2434 et
1628 2400 1667 2433 de
1692 2400 1756 2432 Elia
1782 2400 1899 2432 dicitur
1923 2399 2007 2432 tertii
2033 2400 2150 2442 Regum
2182 2399 2304 2433 decimo

1342 2458 1468 2494 oetam,
1493 2454 1578 2496 quod
1604 2467 1619 2483 α
1635 2452 1775 2486 ascendit
1798 2452 1878 2485 Elias
1905 2452 1937 2484 in
1965 2452 2116 2485 verticem
2141 2451 2303 2491 montis»;

1342 2513 1374 2543 et
1396 2508 1541 2550 sequitur
1558 2509 1647 2549 post,
1670 2506 1755 2549 quod
1779 2505 1856 2538 vidit
1872 2505 2062 2538 nubeculam
2085 2505 2303 2538 ascendentem

1342 2563 1381 2596 de
1404 2561 1493 2594 mari.
1520 2561 1566 2593 Ex
1590 2570 1654 2603 quo
1677 2559 1894 2601 intelligimus,
1919 2558 2005 2600 quod
2028 2558 2092 2591 vita
2116 2558 2305 2600 contempla-

1344 2616 1407 2649 tiva
1430 2614 1666 2657 superabundat
1684 2612 2006 2655 sursum-aydam&
2030 2611 2062 2644 in
2087 2611 2178 2644 cuius
2202 2611 2246 2643 rei
2264 2611 2305 2644 si-

1343 2678 1441 2712 gnum
1457 2668 1609 2701 Dominus
1621 2667 1659 2700 de
1672 2670 1778 2700 monte
1794 2666 1905 2699 Oliveti
1922 2665 2061 2698 ascendit
2077 2664 2108 2697 in
2125 2665 2246 2697 caelum
2260 2664 2303 2703 12;

1344 2726 1375 2756 et
1405 2722 1443 2754 de
1467 2721 1571 2754 anima
1601 2723 1708 2753 sancta
1731 2719 1847 2752 dicitur
1876 2719 1907 2751 in
1931 2718 2035 2761 figura
2065 2719 2169 2750 Annae
2192 2717 2305 2750 Tobiae

1344 2775 1524 2813 undecimO,
1557 2773 1641 2815 quod
1678 2786 1694 2801 «
1718 2772 1846 2806 sedebat
1873 2772 1903 2804 in
1937 2771 2106 2814 supercilio
2137 2770 2253 2803 montis
2270 2783 2304 2808 n,

389 2960 397 2974 ¹
418 2960 470 2985 Csr.
489 2967 568 2991 supra
588 2966 610 2984 c.
630 2960 655 2984 6.
675 2966 701 2984 n.
722 2959 764 2984 36.
782 2961 808 2983 et
827 2958 876 2989 39,
890 2957 935 2983 ubi
949 2957 1127 2989 interpretatio
1141 2957 1277 2982 nominum

318 3005 502 3037 Apostolorum
522 3003 636 3035 ponitur.
655 3018 687 3021 —
709 3004 799 3028 Glossa
819 3001 962 3028 ordinaria
982 3002 1006 3026 in
1026 3003 1088 3027 Luc.
1114 3002 1142 3033 9,
1169 3002 1222 3028 282.
1243 3001 1278 3025 Si-

319 3052 400 3081 gnant
418 3048 484 3082 [tres
503 3047 632 3081 Apostoli]
652 3047 708 3072 illos
727 3047 773 3080 qui
793 3045 891 3071 habent
910 3046 1004 3076 ssdein,
1024 3052 1114 3078 spem,
1133 3045 1278 3071 caritatem.

389 3092 399 3107 ²
419 3092 468 3118 Csr.
489 3093 601 3118 itinerar.
630 3092 724 3117 mentis
748 3092 773 3117 in
803 3091 901 3121 Deum,
921 3097 942 3116 c.
963 3090 988 3115 7.
1007 3098 1032 3116 n.
1059 3091 1089 3121 5;
1109 3091 1135 3115 in
1155 3089 1277 3115 Hexae'm.

318 3138 402 3163 collat.
422 3138 446 3162 2.
466 3144 492 3162 n.
514 3137 538 3161 3.
558 3139 584 3162 et
602 3136 685 3161 collat.
706 3137 748 3161 22.
778 3143 804 3161 n.
824 3135 866 3160 24.
886 3142 959 3167 seqq.
979 3148 1013 3153 —
1033 3134 1140 3160 lnserius
1159 3141 1207 3166 pro
1236 3132 1278 3159 do-

318 3181 392 3207 mari
411 3182 469 3206 vat.
488 3180 633 3206 dominari.
953 3177 963 3192 Β
982 3179 1059 3204 Num.
1080 3178 1121 3204 48.
1142 3178 1277 3209 allegatus.

389 3224 400 3238 ⁴
420 3226 457 3250 De
476 3225 533 3250 Div.
552 3225 626 3250 Nom.
645 3232 666 3249 c.
688 3225 712 3249 3.
727 3226 742 3256 S
765 3224 785 3255 l,
805 3230 829 3249 c.
849 3223 871 3248 4.
892 3223 908 3255 Ξ
931 3224 952 3248 1.
971 3230 1061 3256 seqq,
1080 3230 1103 3248 c.
1125 3222 1151 3247 7.
1171 3221 1186 3253 S
1207 3222 1231 3247 l.
1254 3224 1280 3247 et

320 3270 352 3295 de
379 3270 483 3301 mystica
510 3269 636 3300 Tlieolog.
660 3275 683 3293 c.
706 3268 731 3293 7.
758 3267 773 3299 ‘g
804 3268 823 3292 1.
849 3274 923 3300 seqq.
943 3266 994 3293 Csr.
1014 3267 1047 3293 de
1071 3267 1111 3292 his
1136 3267 1185 3299 Qq.
1210 3265 1279 3298 disp.

320 3313 352 3338 de
373 3313 483 3338 Scientia
503 3312 611 3342 Christi,
630 3319 656 3344 q.
675 3311 701 3337 7.
720 3312 748 3336 in
768 3318 841 3342 corp.
860 3314 885 3336 et
909 3311 934 3336 in
959 3311 1022 3343 ssne;
1049 3310 1181 3342 Breviloq.
1200 3316 1227 3341 p.
1248 3309 1279 3335 V.

321 3364 343 3382 c.
363 3357 386 3381 6.
408 3357 432 3382 in
452 3356 502 3381 fine
522 3360 547 3381 ct
565 3356 678 3381 itinerar.
699 3355 793 3380 mentis
812 3355 838 3380 in
858 3355 955 3385 Deum,
974 3362 996 3380 e.
1017 3355 1041 3380 7.
1062 3362 1086 3380 n.
1108 3353 1131 3379 4.
1151 3361 1226 3387 seqq.
1244 3367 1279 3372 —

320 3401 429 3426 lnserius
448 3408 495 3432 pro
514 3402 538 3426 et
556 3400 718 3433 acquisitam
740 3400 796 3425 Vat.
817 3398 858 3425 vel
870 3399 1018 3426 scientiam.

1413 2953 1424 2968 ⁶
1446 2955 1517 2980 vers.
1534 2955 1556 2979 l.
1567 2967 1603 2972 —
1617 2953 1673 2978 Duo
1687 2959 1760 2985 seqq.
1775 2951 1824 2977 loci
1837 2954 1896 2977 sunt
1910 2951 1965 2976 lsai.
1980 2952 2010 2982 2,
2024 2950 2054 2981 3,
2068 2952 2093 2975 et
2108 2949 2186 2974 Exod.
2201 2948 2248 2979 24,
2267 2949 2304 2974 18.

1342 3000 1389 3025 cfr.
1408 3006 1489 3031 supra
1508 3006 1534 3024 n.
1555 2997 1597 3023 46.
2204 3010 2209 3016 .

1413 3041 1424 3057 ⁶
1444 3044 1518 3069 Vers.
1539 3044 1568 3074 2,
1589 3045 1648 3074 post
1667 3048 1747 3074 quem
1768 3041 1845 3067 Exod.
1866 3041 1895 3071 3,
1917 3040 1959 3065 ⁴2.
1979 3042 2005 3065 et
2023 3038 2096 3065 Cant.
2117 3038 2147 3068 4,
2167 3038 2191 3063 6.

1413 3085 1423 3101 ⁷
1444 3088 1518 3113 Vers.
1535 3087 1563 3117 4,
1577 3086 1618 3112 cui
1632 3085 1830 3117 subiunguntur
1844 3086 1861 3110 Ι.
1874 3085 1956 3110 Mach.
1970 3084 1998 3115 6,
2012 3083 2055 3108 39.
2069 3085 2094 3108 et
2108 3082 2186 3108 Exod.
2205 3082 2248 3112 19,
2267 3082 2304 3107 18.

1413 3130 1424 3145 ³
1444 3132 1520 3157 Vers.
1541 3130 1586 3163 ⁴7,
1606 3132 1666 3162 post
1684 3137 1764 3163 quein
1785 3130 1871 3155 Matth.
1892 3128 1940 3159 24,
1961 3128 2002 3153 46.
2023 3130 2048 3152 et
2067 3127 2107 3152 Pa.
2129 3126 2188 3157 420,
2213 3126 2233 3151 t.

1414 3174 1425 3189 ⁹
1446 3176 1520 3201 Vers.
1540 3175 1565 3199 8.
1584 3181 1640 3206 seq.
1660 3187 1695 3192 —
1714 3174 1771 3199 Duo
1790 3180 1866 3205 seqq.
1884 3172 1933 3197 loci
1953 3174 2014 3197 sunt
2034 3171 2120 3196 Mattli.
2147 3169 2192 3201 14,
2212 3170 2254 3195 23.
2280 3172 2306 3195 et

1344 3222 1383 3246 ΡΒ.
1404 3220 1447 3251 Ἡ,
1467 3220 1491 3245 3.

1415 3263 1436 3278 ¹⁰
1459 3264 1532 3289 vers.
1552 3263 1581 3295 8,
1601 3265 1660 3294 post
1678 3268 1759 3295 quem
1778 3262 1869 3286 Ezech.
1889 3259 1938 3290 34,
1962 3258 2000 3284 t4.
2021 3262 2046 3284 et
2064 3259 2113 3284 loel
2134 3258 2163 3289 3,
2187 3258 2226 3283 18.

1415 3307 1435 3322 ¹²
1458 3308 1532 3333 Vers.
1551 3308 1580 3338 2,
1600 3307 1641 3332 cui
1661 3306 1829 3338 subiungitur
1848 3305 1885 3330 ΙΙΙ.
1905 3304 1969 3335 neg.
1991 3304 2039 3334 48,
2059 3303 2101 3328 42.
2121 3306 2146 3328 et
2167 3302 2209 3328 44.

1416 3351 1437 3367 ¹²
1457 3352 1509 3378 Csr.
1528 3352 1593 3378 infra
1613 3351 1660 3383 24,
1680 3351 1722 3377 51.
1737 3364 1772 3370 —
1785 3350 1842 3375 Duo
1856 3356 1928 3382 seqq.
1943 3348 1991 3374 loci
2007 3351 2067 3373 sunt
2087 3347 2154 3373 Tol).
2175 3347 2202 3372 ’11
2216 3367 2221 3378 ,
2241 3347 2265 3372 5.
2280 3349 2305 3371 et

1345 3398 1408 3423 Phil.
1429 3397 1458 3427 3,
1479 3397 1520 3422 20.

2357 510 2371 531 d

2315 1014 2446 1046 iterna-refu-

2362 1047 2399 1069 gu.

2316 1387 2451 1419 Item-'silen-

2365 1417 2399 1436 tii.

2317 1815 2379 1839 Item,
2393 1820 2430 1842 pa-

2341 1846 2412 1863 senae.

2322 2241 2382 2266 ltem,
2398 2239 2449 2262 emi-

2336 2267 2430 2290 nuntiae.
