2427 3872
413 239 475 266 TES

129 281 208 310 caelis
227 281 279 307 290
300 281 329 307 41
353 295 388 302 -
406 282 525 310 Christus
544 282 635 310 habuit
654 282 770 308 testimo-

129 327 203 353 nium
223 325 292 352 vitae
310 327 386 359 quasi
406 333 453 359 per
471 327 562 360 signa,
591 326 769 353 testimonium

131 373 216 398 famae
242 369 318 403 quasi
347 376 395 402 per
422 371 563 402 nuntium,
591 369 768 397 testimonium

132 415 281 448 scripturae
300 414 376 446 quasi
396 421 443 446 per
461 414 570 446 litteras,
590 413 766 441 testimonium

130 459 203 486 vocis
222 462 346 491 paternae
373 458 451 491 quasi
479 458 540 484 viva
569 465 635 484 voce
666 458 697 484 Vl
717 457 768 483 562

132 510 158 529 v.
178 504 212 529 32
237 517 272 521 -
296 502 371 528 Pater
397 501 443 528 dat
461 501 564 528 Christo
591 502 768 528 testimonium

132 554 226 573 verum
246 550 272 573 et
290 548 390 573 certum
416 545 469 570 314
495 545 528 570 60
547 558 582 564 -
601 545 647 570 Dei
667 552 714 577 per
732 551 770 571 rc-

130 591 289 617 velationem
318 591 446 616 internam
474 591 513 614 est
541 589 699 620 compellens
718 588 769 614 316

130 635 178 665 69,
197 635 226 660 71
474 633 477 638 ·

185 679 274 705 Tasris
292 692 328 698 —
347 677 431 704 tldelis
455 678 562 702 testatur
580 675 716 701 veritatem
736 676 769 700 Vl

130 722 181 747 314
202 722 230 748 61
254 736 290 742 -
309 721 452 748 Testitlcari
480 722 520 746 est
546 719 684 745 veritatem
709 719 771 744 tldel

129 772 247 791 asserere
275 767 317 792 Vll
346 767 397 792 602
417 766 451 792 60
471 778 506 784 -
531 762 688 790 adhibentur
714 769 771 794 pro-

131 811 188 841 pter
207 809 382 836 intlrmitatem
408 812 551 836 humanam
577 808 609 833 Vl
630 806 681 833 242
701 807 716 831 9
737 820 771 825 -

131 853 163 879 Ut
185 853 363 880 testimonium
384 855 416 880 sit
441 853 568 884 solidum,
591 858 698 878 neeesse
719 853 771 881 est,

131 899 210 923 testes
230 897 389 923 concordare
404 897 466 925 ibid.
478 898 552 923 —ln
573 896 642 922 veris
662 894 772 921 testibus

122 944 171 967 est
189 939 318 966 distinctio
338 948 510 972 personarum
531 944 556 967 et
575 940 715 968 concordia
735 941 772 964 tc-

131 984 245 1012 st'lmonii
266 984 316 1009 360
330 984 363 1009 27
379 985 407 1010 3·
420 1000 455 1004 —-
468 987 494 1012 ln
515 986 612 1012 iudicio
633 986 701 1011 Deus
715 984 772 1016 ipse

132 1030 180 1056 erit
200 1028 272 1054 testis
291 1028 421 1053 iustorum
442 1030 492 1055 137
512 1037 539 1055 v.
561 1031 569 1055 1

184 1074 347 1098 ΤΕτηΛηοιιιΑ
362 1085 396 1090 -
409 1075 449 1097 εει
460 1077 552 1105 quarta
568 1081 629 1106 pars
644 1074 686 1100 Vll
705 1073 740 1099 70
754 1073 769 1098 3

187 1117 294 1142 'l'nAasis
309 1129 342 1134 —-
357 1114 539 1147 interpretatur
552 1118 694 1149 exploratio
708 1125 773 1150 gau-

132 1162 168 1189 dii
188 1161 232 1186 Vll
252 1159 286 1185 74
307 1159 340 1185 16

188 1205 331 1231 'sacomam
349 1216 385 1222 —
404 1204 514 1235 mystica
534 1207 586 1230 tota
612 1206 729 1232 consistit
747 1206 772 1232 in

133 1250 272 1277 dilectione
303 1248 436 1274 excessiva
467 1248 613 1274 secundum
645 1250 772 1281 triplicem

133 1295 187 1321 vim
208 1292 397 1319 hierarchicam
418 1292 461 1317 Vll
481 1292 533 1317 349
554 1291 586 1317 46

188 1338 338 1364 ΤιιΕεΛυιιυε
356 1350 391 1355 -
410 1339 448 1362 εει
468 1336 530 1362 illud
549 1336 621 1370 quod
646 1337 774 1370 principa-

133 1384 189 1410 liter
207 1383 279 1407 amat
298 1380 403 1406 animus
423 1381 465 1406 Vll
490 1381 541 1406 323
562 1380 595 1406 47
608 1381 649 1399 *—-
668 1384 707 1406 est
728 1382 773 1407 ubi

133 1430 173 1453 est
192 1433 237 1452 cor
256 1424 319 1452 ibid.
338 1439 373 1443 —
393 1424 503 1451 visibilis
522 1428 548 1451 et
567 1425 696 1451 terrestris
713 1432 774 1451 con-

133 1471 200 1498 sistit
211 1470 236 1496 in
256 1469 368 1502 pecunia
381 1468 443 1495 ibid.
457 1483 492 1489 —
505 1468 645 1495 invisibilis
657 1469 775 1495 consistit

136 1515 161 1541 in
180 1512 306 1546 sapientia
325 1511 388 1538 ibid.

187 1572 221 1577 —
241 1557 391 1583 mundanus
403 1560 443 1583 est
460 1557 494 1583 de
510 1559 578 1583 terra
599 1557 631 1583 Vl
653 1557 703 1583 153
719 1563 745 1582 ν.
759 1557 774 1582 9

134 1618 170 1623 -
189 1604 228 1628 εει
246 1608 289 1627 res
316 1601 460 1632 corporalis
483 1600 545 1628 ibid.
565 1615 602 1620 —
620 1604 660 1627 est
687 1601 775 1626 finitus

134 1646 196 1674 ibid.
209 1659 245 1666 -
257 1651 342 1678 pauca
362 1648 447 1677 potest
459 1646 563 1671 efficere
583 1644 644 1672 ibid.
657 1659 693 1664 —
705 1644 776 1670 cadit

135 1690 185 1718 sub
214 1689 394 1716 aestimatione
419 1688 480 1715 ibid.
502 1704 534 1708 —
561 1690 618 1716 sine
646 1689 774 1721 sapientia

133 1742 188 1762 non
207 1734 328 1767 prodest,
351 1733 399 1760 sed
424 1736 500 1760 nocet
518 1733 580 1760 ibid.
602 1749 638 1753 -—
659 1741 775 1760 corrum-

135 1780 206 1813 pitur
225 1777 286 1805 ibid.
305 1792 341 1796 —
359 1777 485 1803 deorsum
514 1779 592 1804 trahit
618 1779 650 1804 ad
678 1781 775 1804 terram

136 1823 198 1851 ibid.

189 1881 224 1887 —
243 1869 283 1893 est
301 1866 490 1892 custodiendus
513 1867 539 1892 in
562 1866 722 1893 abundantia
742 1867 774 1893 Vl

137 1913 171 1940 30
184 1920 209 1938 ν.
223 1913 238 1938 6
251 1925 287 1931 -
299 1913 338 1937 εει
354 1910 531 1942 abiiciendus,
541 1911 648 1944 quando
661 1914 701 1938 est
714 1919 776 1944 pau-

137 1964 230 1991 perum
250 1954 393 1987 indigentia
412 1953 474 1985 ibid.

190 2015 225 2021 —
247 2001 295 2026 Per
320 2001 473 2025 thesaurum
499 1998 598 2025 bonum
624 2000 776 2032 intelligitur

138 2045 243 2072 habitus
262 2044 392 2070 interioris
415 2043 597 2076 perfectionis,
622 2044 678 2070 sive
698 2045 723 2070 in
742 2045 777 2070 at-

137 2092 205 2117 t'ectu
225 2090 280 2115 sive
300 2089 325 2114 in
338 2088 469 2114 intellectu
488 2087 531 2113 Vll
547 2088 596 2113 163
617 2088 667 2114 103
680 2102 716 2107 -
728 2089 776 2114 Per
805 2100 808 2101 ⁷

137 2136 289 2161 thesaurum
311 2133 407 2158 malum
428 2132 578 2164 intelligitur
600 2132 668 2158 mala
687 2133 777 2159 volun-

137 2169 183 2206 tas*
195 2182 221 2205 et
240 2178 307 2204 mala
326 2176 485 2203 conscientia
503 2175 539 2202 ib.
558 2176 609 2201 104

191 2237 227 2242 -
245 2222 362 2248 caelestis
380 2220 428 2246 erit
446 2220 600 2246 indeficiens
619 2220 663 2246 Vll
677 2221 728 2246 323
743 2221 775 2246 46

136 2282 173 2286 --
191 2267 344 2293 indeficiens
364 2272 416 2291 non
436 2267 521 2297 potest
540 2264 630 2290 haberi
656 2265 682 2290 in
701 2266 777 2291 terris

138 2311 200 2338 ibid.
219 2325 254 2330 —
274 2310 324 2344 Qui
343 2311 399 2336 vult
413 2311 564 2335 thesaurum
585 2309 776 2335 indeficientem

138 2355 236 2382 hahere
260 2355 395 2387 dispergat
415 2354 439 2379 in
460 2353 547 2385 terris,
567 2356 595 2379 ut
611 2352 728 2379 abundet
749 2354 777 2379 in

138 2400 216 2427 caelis
234 2399 296 2426 ibid.
317 2413 353 2418 —
371 2399 426 2425 Non
450 2401 489 2424 est
507 2398 725 2429 congregandum
752 2398 777 2423 in

138 2446 276 2470 thesauros
290 2447 419 2474 terrenos,
432 2443 480 2468 sed
493 2443 618 2468 caelestes
627 2442 660 2467 Vl
675 2443 707 2467 88
721 2449 748 2467 v.
761 2443 776 2468 2

137 2502 173 2508 -—
192 2488 317 2520 sapientis
336 2490 375 2514 est
403 2488 429 2513 in
447 2487 539 2518 caelis,
559 2486 629 2512 stulti
648 2487 675 2512 in
704 2486 778 2512 terris

139 2532 184 2558 Vll
205 2533 255 2559 323
276 2532 308 2558 47

191 2590 227 2595 —-
246 2576 293 2609 qui
312 2576 429 2602 consistit
448 2576 473 2601 iu
493 2575 634 2607 sapientia,
654 2575 745 2607 incipit
763 2582 777 2600 a

139 2620 235 2646 timore
248 2621 423 2652 reverentiae,
436 2620 540 2652 proiicit
557 2620 584 2646 in
597 2620 685 2645 studio
704 2620 779 2645 disci-

139 2664 239 2696 plinae,
259 2668 429 2690 conservatur
448 2665 474 2690 in
493 2665 629 2690 sanctitate
646 2664 778 2690 conscien-

140 2708 202 2739 tiae,
231 2713 430 2735 consummatur
448 2709 473 2735 in
502 2708 661 2734 sublimitate
680 2709 778 2740 gloriae

139 2752 183 2777 vlt
205 2753 255 2777 323
278 2752 310 2777 48

193 2797 297 2822 Taoutrs
316 2797 547 2829 —interpretatur
560 2796 688 2829 abyssus,
706 2799 731 2822 ει
745 2797 778 2822 ἰη-

139 2840 263 2872 telligitur
282 2841 446 2871 profunditas
465 2841 620 2866 eruditionis
638 2841 780 2867 credendo·

140 2891 201 2910 rum
221 2884 262 2909 Vll
292 2883 339 2909 144
360 2884 392 2909 38
411 2898 446 2903 -
471 2888 526 2910 erat
550 2892 611 2910 cum
631 2885 778 2917 discipulis,

138 2929 246 2961 quando
265 2928 397 2953 redierunt
411 2928 445 2953 illi
462 2928 525 2959 duo,
541 2928 639 2961 quibus
657 2930 780 2961 apparuit

139 2972 257 2999 Christus
276 2972 326 2997 599
354 2971 386 2996 48
411 2985 445 2990 —-
466 2972 554 3004 exivit,
576 2975 718 3005 antequam
743 2973 781 2999 eis

139 3016 308 3049 loquentibus
338 3016 466 3041 Dominus
493 3019 633 3048 appareret
659 3016 720 3043 ibid.
746 3031 782 3036 —

139 3060 205 3086 abiit
222 3068 237 3086 e
255 3060 468 3092 congregatione,
491 3063 632 3092 postquam
651 3060 782 3086 redierant

140 3105 260 3136 discipuli
271 3103 306 3129 ab
317 3105 441 3129 Emmaus
454 3104 486 3129 Vl
501 3103 553 3129 515
568 3103 601 3129 54
611 3117 647 3123 —-
659 3111 782 3136 egressus

140 3156 155 3174 a
169 3148 304 3180 discipulis
319 3155 373 3175 non
394 3147 460 3173 vidit
484 3147 641 3178 Dominum,
660 3155 782 3174 reversus

140 3199 205 3218 vero
219 3192 253 3218 ad
272 3192 414 3224 discipulos
424 3191 490 3217 vidit
509 3194 534 3217 et
554 3191 637 3222 tetigit
649 3198 710 3217 eum
730 3192 781 3216 623

140 3237 156 3261 3
169 3250 205 3255 -
224 3236 364 3261 Dominum
378 3236 527 3261 venientem
546 3242 599 3260 non
618 3235 698 3267 vidit,
720 3235 781 3267 quia

798 194 835 227 IN
859 193 1153 228 COMMENTARIOS
1176 195 1205 227 S.
1230 194 1456 228 SCRIPTURAE

2059 198 2126 231 847

1772 240 1837 266 TRA

859 295 894 302 —
914 282 1056 308 Nescientia
1086 282 1204 308 Thomas
1233 282 1391 308 inserviebat
1413 283 1446 308 ad
1464 281 1468 314 1
1485 283 1641 308 munditiam
1657 290 1765 309 movere
1779 284 1830 309 600
1845 285 1861 310 ὅ
1874 298 1909 304 -
1922 285 2032 310 Tremor
2053 287 2123 311 venit

807 324 868 351 ndei
886 324 969 351 robur
988 328 1014 351 et
1036 325 1230 351 distinctionem
1252 327 1282 352 Vl
1307 326 1357 352 4³7
1377 327 1392 351 6
1413 340 1447 346 —

806 367 905 395 dubius
924 369 996 394 tarde
1015 369 1176 401 intelligebat
1195 370 1229 395 ad
1247 373 1367 395 nostrum
1387 377 1447 402 pro-

807 414 904 439 tectum
934 411 995 438 ibid.
1014 426 1049 431 -—
1068 413 1207 439 induratus
1236 420 1286 439 non
1316 414 1371 439 vult
1394 421 1446 440 cre-

807 457 883 488 dere,
902 456 952 482 nisi
971 456 1059 482 videat
1078 459 1104 481 et
1122 460 1212 488 tangat
1231 457 1282 482 513
1304 457 1335 482 48
1350 471 1385 477 —-
1400 458 1448 483 Du-

806 501 863 527 ritia
877 500 903 526 in
923 501 1023 526 Thoma
1047 500 1174 531 permissa
1194 503 1234 525 est
1254 500 1288 526 ad
1307 501 1446 526 tollendam

807 548 924 571 nostram
944 543 1006 570 ibid.

860 602 896 608 —
915 588 1025 614 credidit
1041 595 1088 620 per
1107 587 1281 619 praesentiam
1310 590 1336 613 et
1360 588 1446 613 visum

808 633 840 658 Vl
861 633 912 658 516
932 632 975 663 57,
1004 632 1047 663 58,
1077 632 1110 657 60
1136 645 1171 651 —
1196 631 1290 656 videns
1314 632 1447 657 hominem

808 677 891 701 Deum
911 676 1022 702 credidit
1041 676 1091 702 518
1112 676 1145 701 66
1171 689 1207 694 -
1231 682 1283 701 non
1302 675 1393 700 habuit
1412 682 1450 700 ra·

809 721 891 745 tiones
910 723 1034 752 cogentes
1062 727 1109 752 pro
1129 719 1222 746 Christi
1248 719 1448 751 resurrectione,

808 764 856 789 sed
875 764 1042 795 inducentes,
1065 771 1134 797 quae
1154 771 1205 790 non
1229 765 1353 789 auserunt
1376 763 1451 789 merl-

810 811 865 833 tum
885 808 945 834 tldei
960 807 993 834 ib.
1013 807 1044 834 67
1060 822 1095 828 -
1110 810 1175 834 torte
1194 811 1302 840 tangere
1315 808 1449 834 Christum

809 859 860 877 non
880 855 919 877 cst
938 859 1019 877 ausus
1034 852 1067 878 ib.
1088 853 1121 878 68
1136 867 1170 872 -
1183 853 1259 879 Fides
1279 853 1399 879 Thomae
1416 853 1450 878 in-

810 895 900 921 nuitur
920 896 944 921 in
959 899 1027 921 recta
1042 896 1099 922 eius
1118 898 1280 923 consessione
1297 897 1348 923 516
1369 897 1403 923 59

863 954 898 958 —-
918 946 948 965 cx
969 940 1132 973 tortitudine,
1155 942 1332 967 exhortatione
1345 942 1450 968 Domini

810 984 953 1015 animatus,
973 984 1103 1016 sapienter
1125 988 1150 1011 et
1179 986 1277 1011 sortiter
1301 987 1451 1012 exhortatus

807 1031 848 1054 'est
867 1028 900 1054 ad
922 1028 1088 1054 moriendum
1108 1035 1169 1054 cum
1188 1028 1290 1055 Christo
1306 1031 1337 1055 Vl
1352 1031 1402 1056 399
1418 1031 1451 1056 26

864 1073 984 1099 TincatAs
1002 1087 1036 1090 —
1059 1073 1127 1098 Marc
1150 1069 1297 1099 Tiberiadis
1321 1074 1415 1100 dicitur
1436 1082 1451 1100 a

812 1118 919 1145 civitate
938 1117 985 1144 sita
1005 1117 1075 1143 iuxta
1095 1117 1158 1143 illud
1179 1117 1211 1143 Vl
1232 1118 1282 1143 318
1302 1119 1327 1143 2.
1347 1119 1397 1144 519
1418 1120 1433 1144 2

867 1163 951 1188 'simon
970 1175 1005 1181 —-
1025 1165 1064 1186 est
1083 1161 1197 1193 proditio
1216 1162 1257 1186 vel
1281 1162 1452 1188 manifestatio

810 1206 976 1240 cogitationis
988 1205 1133 1231 detlcicntis
1152 1205 1239 1231 auxilii
1262 1206 1293 1230 Vl
1313 1206 1365 1231 219
1380 1214 1405 1232 ν.
1420 1207 1447 1232 11

811 1266 844 1270 -
865 1254 904 1277 εει
923 1250 1085 1283 praesumtio
1114 1249 1172 1275 sive
1201 1250 1316 1281 suspicio
1335 1250 1397 1275 mali
1417 1252 1453 1281 su,-

812 1296 862 1322 turi
882 1297 924 1322 vel
949 1296 1070 1321 eventuri
1099 1294 1229 1320 adiuvans
1254 1294 1287 1320 ad
1306 1294 1452 1320 timendum

812 1341 863 1365 220
883 1348 909 1366 ν.
930 1340 957 1365 11
982 1353 1017 1359 —-
1038 1341 1099 1371 suga
1118 1341 1158 1364 est
1176 1337 1228 1363 387
1250 1338 1282 1363 18

864 1399 899 1403 -—
928 1384 1013 1411 maior
1041 1386 1081 1409 est
1104 1383 1132 1408 in
1157 1383 1274 1415 periculo
1303 1382 1454 1407 imminente

812 1428 845 1453 Vl
860 1427 905 1454 431
926 1428 959 1454 40
972 1443 1007 1446 -
1021 1427 1157 1454 hominum
1177 1426 1260 1453 oritur
1273 1433 1303 1451 ex
1316 1426 1454 1452 dilectione

812 1472 995 1503 temporalium
1011 1472 1061 1498 407
1082 1472 1116 1497 66
1135 1485 1170 1491 —-
1190 1471 1313 1504 iniquitas
1332 1471 1453 1496 timorem

811 1518 902 1541 causat
920 1517 962 1542 vel
981 1516 1082 1542 inducit
1101 1516 1153 1541 219
1173 1522 1198 1540 v.
1227 1515 1259 1540 10
1279 1529 1313 1533 —
1332 1517 1454 1540 causatur

812 1566 842 1585 ex
862 1563 1011 1591 praesumta
1035 1560 1185 1592 suspicione
1204 1559 1265 1585 mali
1290 1559 1370 1584 futuri
1389 1557 1455 1584 ibid.

812 1616 847 1622 —
867 1603 927 1629 tacit
944 1605 1058 1629 clamare
1077 1604 1191 1636 petendo
1210 1603 1336 1629 auxilium
1356 1603 1409 1628 220
1426 1609 1453 1627 v.

814 1647 841 1672 tt
865 1661 900 1666 —
921 1648 1041 1674 Defectus
1065 1648 1171 1674 maioris
1195 1648 1251 1680 spei
1271 1651 1297 1673 ct
1323 1647 1454 1673 confiden-

813 1690 863 1716 tiae
882 1695 962 1723 auget
981 1692 1102 1718 timorem
1116 1691 1197 1724 ib.,v.
1217 1693 1250 1718 12
1263 1706 1299 1712 -
1319 1692 1453 1717 Timorem

812 1738 911 1767 augent
930 1743 1064 1762 remorsus
1083 1737 1271 1769 conscientiae,
1291 1735 1454 1768 perturbatio

813 1786 979 1812 consequens
1004 1787 1168 1812 remorsum,
1193 1781 1337 1807 diffidentia
1367 1780 1453 1807 auxilii

812 1830 976 1857 consequens
996 1827 1138 1858 utrumque
1156 1826 1207 1850 219
1227 1833 1252 1850 ν.
1273 1826 1288 1850 6

866 1882 902 1887 -
921 1871 960 1894 εει
973 1875 1051 1894 causa
1065 1869 1228 1901 deceptionis
1240 1870 1310 1895 vitae
1323 1871 1456 1895 humanae

816 1914 846 1938 Vl
867 1913 913 1938 201
939 1919 963 1937 ν.
985 1912 1013 1937 21
1037 1925 1072 1931 -
1092 1913 1217 1945 deprimit
1237 1915 1277 1939 Vll
1296 1913 1347 1940 345
1367 1914 1400 1939 35
1419 1928 1455 1932 -

814 1957 915 1982 inducit
934 1957 1134 1982 sollicitudinem
1155 1958 1206 1983 315
1227 1958 1258 1983 19
1274 1973 1308 1976 -
1321 1958 1456 1990 pusillani-

814 2001 911 2027 mitatis
930 2000 1074 2033 opponitur
1097 2001 1270 2027 confidentiae
1297 2002 1346 2027 118
1367 2003 1395 2028 21
1420 2016 1455 2021 -

814 2049 853 2072 εει
871 2052 1011 2072 servorum
1031 2045 1065 2071 Vl
1086 2045 1130 2071 451
1156 2046 1199 2071 21.
1219 2046 1269 2072 452
1290 2047 1323 2071 28

867 2104 903 2110 -
916 2090 1050 2116 Timorem
1065 2089 1165 2115 inhibet
1178 2090 1312 2122 Scriptura
1327 2091 1359 2116 Vl
1374 2091 1424 2116 570
1440 2092 1455 2116 3

866 2149 902 2154 —
922 2135 1015 2160 Divina
1028 2134 1124 2160 institia
1143 2137 1182 2160 est
1195 2134 1311 2160 timenda
1329 2135 1360 2159 Vl
1375 2135 1452 2160 5604

813 2193 848 2199 -
867 2179 953 2212 Opera
973 2182 999 2205 et
1017 2178 1113 2204 iudicia
1128 2178 1175 2204 Dei
1191 2179 1382 2204 consideranda
1396 2182 1457 2204 sunt

814 2224 847 2249 ad
867 2224 988 2250 timorem
1009 2224 1042 2249 58
1056 2230 1081 2248 v.
1104 2222 1137 2248 14
1150 2237 1184 2241 -
1198 2223 1226 2248 ln
1242 2223 1395 2248 servitutem
1411 2223 1455 2248 Dei

814 2269 894 2293 homo
913 2275 974 2294 cnm
995 2268 1089 2294 timore
1106 2267 1186 2293 debet
1205 2267 1308 2299 ingredi
1329 2266 1362 2292 42
1381 2275 1408 2293 v.
1423 2267 1454 2292 17

813 2326 849 2330 --
862 2313 973 2344 Semper
986 2312 1133 2338 timendum
1152 2315 1192 2337 est
1205 2311 1239 2337 de
1259 2311 1342 2343 gratia
1356 2311 1402 2336 281
1422 2311 1450 2336 21

867 2370 903 2374 -
921 2355 1049 2381 Dominus
1067 2358 1107 2381 est
1120 2354 1253 2380 timendus
1269 2358 1297 2380 ut
1317 2357 1410 2386 potens
1424 2354 1455 2379 Vl

815 2399 867 2425 520
887 2400 902 2424 9
921 2414 956 2418 -
976 2399 1085 2431 Oportet
1105 2400 1198 2425 timere
1225 2399 1343 2425 divinam
1367 2401 1457 2431 poten-

815 2444 877 2469 tiam
906 2444 949 2470 Vll
978 2444 1029 2469 312
1057 2444 1072 2469 9
1093 2458 1128 2462 --
1147 2444 1281 2469 Timorem
1314 2443 1457 2468 maiestatis

815 2488 1005 2513 concomitatur
1029 2487 1169 2513 admiratio
1195 2487 1331 2519 potestatis
1351 2487 1402 2512 200
1422 2487 1450 2512 41

817 2546 849 2550 -
874 2533 1007 2558 Timentes
1034 2533 1118 2558 Deum
1146 2532 1227 2558 corde
1256 2532 1402 2564 glorificant
1431 2535 1456 2558 et

817 2576 985 2608 magnificant
1003 2583 1049 2602 ore
1069 2576 1120 2601 ’172
1141 2576 1174 2601 29

868 2634 903 2639 -
922 2620 1082 2646 Timendum
1110 2623 1148 2646 est
1176 2620 1337 2652 supplicium
1360 2622 1456 2652 gehen-

816 2665 873 2690 nale
892 2665 934 2690 Vll
953 2665 999 2690 311
1025 2665 1039 2689 8
1060 2678 1094 2682 --
1114 2665 1242 2690 Timenda
1258 2672 1308 2690 non
1329 2668 1368 2690 εει
1385 2672 1457 2690 mors

815 2710 958 2741 corporalis
977 2710 1028 2734 312
1049 2709 1064 2733 8
1085 2723 1118 2727 -—
1137 2709 1193 2734 Non
1212 2712 1251 2734 est
1275 2709 1390 2735 timenda
1410 2716 1457 2741 po-

815 2754 892 2779 tentia
912 2754 1048 2779 hominum
1068 2760 1116 2779 nec
1129 2760 1220 2779 eorum
1241 2753 1381 2785 supplicia,
1395 2754 1456 2786 quia

816 2798 962 2823 transitoria
982 2797 1057 2830 ibid,
1086 2798 1101 2823 9
1120 2811 1157 2817 --
1175 2798 1230 2823 Non
1259 2800 1320 2823 sunt
1343 2798 1456 2823 timenda

816 2842 919 2874 spiritui
937 2849 1006 2875 quae
1019 2842 1086 2867 fiunt
1104 2842 1129 2867 in
1147 2849 1227 2867 carne
1246 2841 1280 2867 ib.
1300 2842 1314 2866 8

869 2899 905 2905 --
932 2890 971 2911 est
999 2886 1112 2911 maxime
1140 2886 1211 2911 utilis
1242 2888 1268 2911 et
1294 2886 1459 2911 necessarius

819 2930 860 2955 Vll
888 2930 940 2955 312
969 2931 984 2955 9
1004 2943 1040 2949 --
1063 2930 1196 2955 Timentes
1224 2929 1407 2955 beatificantur
1434 2929 1459 2954 in

819 2974 953 3005 Scriptura
974 2974 1007 2998 30
1028 2973 1061 2998 84
1077 2988 1109 2991 -
1123 2977 1162 2999 est
1181 2973 1283 2998 initium
1304 2973 1420 3004 primum
1434 2975 1460 2997 ει

818 3017 993 3043 extrinsecum
1021 3017 1165 3049 sapientiae
1184 3017 1215 3042 Vl
1238 3017 1288 3042 149
1309 3024 1335 3042 v.
1357 3017 1396 3041 18.
1416 3017 1459 3042 Vll

820 3061 870 3086 323
892 3060 924 3086 48
943 3076 978 3079 -
997 3062 1045 3086 Per
1069 3061 1191 3086 timorem
1220 3061 1323 3086 Domini
1349 3060 1460 3085 declinat

819 3106 899 3130 homo
918 3105 1005 3130 omnis
1018 3112 1032 3130 a
1047 3106 1115 3130 malo
1136 3105 1187 3130 628
1204 3104 1218 3130 4
1232 3119 1267 3124 -
1280 3105 1328 3130 Per
1338 3105 1459 3130 timorem

819 3149 864 3173 Dei
884 3149 1027 3174 declinatur
1046 3156 1060 3174 a
1081 3149 1148 3174 malo
1168 3150 1201 3174 98
1219 3157 1245 3174 v.
1265 3149 1297 3174 13

871 3205 906 3211 -
936 3193 1063 3218 Iudicium
1096 3194 1211 3218 futurum
1241 3193 1353 3218 multum
1378 3191 1459 3217 debet

819 3236 916 3260 hortari
935 3236 968 3261 ad
991 3236 1111 3261 timorem
1141 3237 1187 3261 Dei
1207 3237 1239 3261 Vl
1270 3236 1303 3260 99
1323 3243 1350 3260 v.
1371 3235 1403 3260 14
1423 3249 1458 3254 -

138 3287 155 3305 a
174 3280 379 3312 congregatione
397 3282 539 3305 recesserat
558 3279 608 3304 513
630 3279 662 3304 46
682 3292 717 3297 -
730 3285 781 3304 non
818 3279 938 3310 supplicii
958 3282 1047 3305 movet
1066 3280 1099 3305 ad
1121 3280 1173 3305 Deo
1187 3280 1355 3305 serviendum
1376 3279 1427 3304 576
1441 3279 1457 3303 7

140 3324 242 3356 accepit
261 3324 437 3349 testimonium
456 3323 603 3349 videntium
622 3322 656 3349 ib.
677 3322 708 3350 47

818 3337 853 3340 —
872 3322 993 3354 supplicii
1016 3323 1095 3349 debet
1114 3324 1247 3349 hominem
1276 3324 1404 3356 pollutum
1423 3322 1457 3348 ad

1484 334 1514 353 ex
1534 327 1742 353 consideratione
1762 328 1881 359 supplicii
1901 329 1996 354 aeterni
2018 330 2068 354 319
2090 329 2117 354 11

1538 384 1573 389 -
1592 377 1605 395 a
1626 370 1728 396 Christo
1741 378 1885 397 conversus
1904 376 1942 397 est
1962 373 1986 398 in
2006 379 2124 398 amorem

1487 414 1519 439 Vl
1539 414 1590 439 270
1610 415 1641 439 12

1539 471 1574 476 -
1593 458 1649 482 Mali
1673 465 1725 483 non
1746 458 1836 483 timent
1865 459 1897 483 dc
1926 459 2018 484 tuturis
2039 460 2069 484 Vl
2091 460 2123 484 68

1485 508 1510 526 v.
1532 501 1559 525 11
1583 515 1618 519 —-—
1635 502 1668 526 lix
1688 502 1789 526 defectu
1812 502 1911 527 timoris
1931 503 2002 527 venit
2031 503 2125 529 securi-

1485 547 1525 570 tas
1544 545 1577 570 62
1597 552 1611 569 a

1537 601 1573 607 -—
1586 588 1723 614 hominum
1744 589 1827 614 malus
1842 589 1874 614 Vl
1895 589 1940 614 341
1968 589 2009 615 14.
2027 590 2076 615 378
2092 591 2124 615 28

1487 631 1537 656 422
1558 632 1604 663 61,
1624 633 1667 657 62.
1683 632 1727 657 491
1752 633 1778 657 9.
1799 632 1849 657 492
1873 633 1903 657 13

1540 687 1574 693 -
1593 675 1669 707 Quod
1685 676 1775 701 timent
1793 677 1852 701 mali
1869 678 1918 701 hoc
1931 677 1968 701 eis
1987 677 2081 702 accidit
2096 678 2126 702 Vl

1488 717 1537 742 407
1559 719 1592 743 66
1612 732 1646 738 ·—
1666 720 1789 745 naturalis
1815 720 1984 751 infirmitatis,
2004 727 2054 752 qua
2083 722 2128 746 lno-

1488 769 1531 788 mo
1551 762 1624 788 timet
1637 763 1781 794 pudorem,
1801 771 1852 789 non
1867 768 1905 789 est
1925 766 2016 795 culpa,
2036 765 2056 789 si
2076 772 2127 789 non

1488 806 1614 832 omittitur
1634 807 1705 839 quod
1726 811 1764 832 est
1784 808 1943 833 necessitatis
1962 808 2013 833 503
2034 809 2066 833 67

1542 850 1650 876 Τιτυιυε
1669 865 1701 869 -
1722 852 1806 877 crucis
1832 852 1878 877 ruit
1903 852 2065 883 triumphalis
2087 852 2127 876 Vll

1488 894 1539 921 579
1560 894 1592 920 47
1613 908 1648 914 -
1667 895 1745 920 Tituli
1765 896 1952 927 superscriptio
1972 895 2128 921 ostendebat

1488 946 1594 965 causam
1615 939 1744 971 passionis
1762 939 1856 965 Christi
1871 941 2016 965 secundum
2038 940 2129 965 verita-

1489 987 1541 1009 tem
1562 982 1595 1009 ib.
1617 983 1649 1008 46
1669 997 1704 1002 -
1723 984 1808 1009 crucis
1827 984 1916 1009 divino
1937 987 2000 1009 nutu
2014 984 2128 1015 scriptus

1489 1031 1528 1053 est
1547 1027 1608 1054 ibid.

1542 1087 1577 1090 —
1598 1072 1644 1097 tuit
1663 1072 1754 1104 triplex
1774 1072 1816 1097 Vll
1838 1072 1888 1098 579
1910 1072 1942 1097 47
1962 1086 1996 1091 ——
2016 1073 2129 1103 scriptus

1490 1116 1573 1143 tribus
1592 1117 1700 1149 linguis,
1721 1119 1748 1142 ut
1762 1123 1854 1142 omnes
1873 1120 1979 1148 possent
2004 1117 2090 1148 legere
2104 1120 2129 1141 et

1489 1161 1522 1187 ad
1542 1162 1724 1187 certitudinem
1752 1161 1892 1187 testimonii
1918 1161 1949 1186 Vl
1970 1161 2021 1186 496
2042 1162 2074 1186 32
2095 1175 2130 1179 —

1489 1219 1524 1225 —
1543 1206 1628 1232 crucis
1648 1205 1730 1232 tribus
1750 1206 1847 1237 linguis
1866 1205 1979 1237 scriptus
1994 1205 2128 1241 tuit,·quia

1491 1253 1542 1275 tres
1556 1257 1618 1282 prae
1638 1250 1731 1276 ceteris
1744 1249 1896 1275 eminebant
1916 1249 1957 1275 Vll
1977 1249 2028 1274 579
2049 1248 2081 1274 47
2096 1263 2130 1267 -

1492 1294 1556 1319 Tres
1571 1294 1676 1325 linguae
1690 1294 1713 1319 in
1728 1295 1800 1320 titulo
1811 1294 1897 1320 crucis
1909 1293 2022 1319 innuunt
2036 1296 2130 1324 myste-

1490 1338 1559 1363 rium
1579 1338 1712 1364 Trinitatis
1730 1337 1792 1364 ibid.
1804 1352 1840 1357 —
1857 1339 1921 1364 Tres
1940 1338 2045 1369 linguae
2065 1337 2088 1362 In
2103 1337 2130 1362 ti-

1491 1382 1544 1407 tulo
1563 1382 1649 1407 crucis
1671 1382 1745 1414 quasi
1775 1386 1826 1408 tres
1845 1385 1922 1408 testes
1947 1385 2008 1407 sunt
2035 1388 2131 1413 appro-

1491 1425 1585 1451 bantes
1603 1425 1665 1452 ibid.

1544 1483 1580 1489 —
1599 1469 1761 1502 approbatur
1790 1473 1818 1495 ut
1846 1477 1939 1495 verum
1960 1469 2131 1495 irrevocabile

1492 1514 1524 1539 Vl
1546 1513 1596 1539 497
1617 1513 1650 1539 34
1669 1528 1704 1533 -
1723 1517 1762 1539 εει
1778 1514 1938 1539 memorialis
1957 1517 2131 1545 mortuorum,

1491 1558 1663 1589 praeconialis
1682 1561 1706 1583 et
1725 1558 1891 1590 triumphalis
1907 1557 1956 1583 496
1977 1558 2005 1582 31
2030 1571 2063 1576 -
2076 1564 2133 1583 cru-

1492 1602 1530 1627 cis
1547 1605 1603 1627 erat
1621 1602 1800 1634 triumphalis,
1819 1602 1846 1627 in
1865 1602 1970 1627 laudem
1994 1601 2088 1627 Christi
2108 1605 2133 1626 et

1492 1646 1653 1678 vituperium
1678 1646 1834 1672 ludaeorum
1860 1645 1920 1672 ibid.
1947 1660 1982 1665 —
2006 1646 2033 1671 ln
2058 1646 2132 1671 titulo

1492 1690 1578 1716 crucis
1597 1690 1712 1716 innuitur
1737 1691 1851 1722 dignitas
1875 1690 1946 1722 regis
1970 1689 2030 1716 ibid,
2050 1703 2086 1708 —-
2106 1691 2133 1715 ln

1492 1734 1565 1761 titulo
1584 1735 1670 1760 crucis
1693 1735 1809 1760 innuitur
1832 1741 1910 1760 causa
1935 1734 2044 1766 mortis,
2067 1734 2131 1767 quia

1493 1782 1613 1805 mortuus
1632 1782 1671 1804 est
1689 1778 1860 1804 Christus-ad
1877 1773 2032 1804 salvandum
2053 1777 2115 1804 ibid.

1545 1837 1581 1842 —
1597 1823 1758 1848 memorialis
1771 1822 1893 1848 scribitur
1906 1823 1932 1848 in
1946 1823 2052 1848 tumulis
2066 1829 2134 1847 mor-

1493 1870 1612 1898 tuorum,
1632 1870 1657 1893 et
1670 1867 1842 1899 praeconialis
1862 1867 1887 1892 in
1901 1867 1983 1898 portis
1996 1867 2132 1892 civitatum

1492 1912 1536 1937 Vll
1557 1912 1608 1937 579
1623 1911 1655 1937 47
1669 1925 1703 1930 -
1717 1911 1881 1943 triumphalis
1900 1911 2013 1936 continet
2026 1917 2132 1936 causam

1492 1959 1518 1982 et
1535 1956 1657 1982 ordinem
1672 1956 1798 1988 triumphi
1812 1958 1837 1982 et
1855 1955 1992 1981 consuevit
2011 1954 2089 1981 scribi
2104 1955 2131 1980 in

1495 2000 1610 2027 arcubus
1629 1999 1692 2027 ibid.

1545 2046 1638 2071 ‘roms
1655 2058 1691 2064 -—
1710 2045 1783 2071 duxit
1810 2044 1950 2076 coniugem
1970 2044 2024 2070 sola
2044 2047 2129 2076 poste-

1492 2090 1575 2115 ritatis
1603 2089 1741 2115 dilectione
1766 2089 1807 2115 Vll
1828 2088 1880 2114 514
1901 2088 1933 2114 40
1953 2103 1988 2106 -
2007 2088 2134 2120 imposuit

1492 2141 1588 2160 nomen
1608 2141 1685 2160 suurn
1715 2134 1781 2164 silio,
1801 2137 1829 2159 ut
1847 2133 2007 2164 signiticaret
2032 2136 2133 2164 patrem.

1492 2179 1584 2204 vivere
1612 2178 1638 2203 in
1663 2178 1716 2204 fllio
1735 2178 1769 2204 35
1790 2178 1840 2203 108
1860 2191 1895 2196 -
1916 2177 1962 2203 tuit
1981 2179 2133 2203 excaecatus

1493 2222 1526 2247 de
1535 2221 1694 2247 stercoribus
1708 2222 1877 2247 hIrundinum
1888 2221 1922 2247 Vl
1937 2222 1969 2246 69
1984 2228 2010 2246 v.
2025 2221 2068 2246 14.
2081 2221 2132 2246 579

1493 2266 1518 2291 6.
1540 2266 1581 2291 vlt
1603 2266 1653 2291 470
1674 2266 1707 2291 58
1727 2280 1762 2284 -
1780 2269 1819 2291 εει
1838 2265 1922 2297 figura
1943 2264 2074 2291 caecitatis
2089 2266 2134 2290 hu-

1493 2310 1565 2335 mani
1593 2310 1699 2341 generis
1729 2309 1770 2334 Vll
1800 2309 1851 2335 470
1881 2309 1913 2334 58
1934 2323 1968 2327 -
1987 2312 2026 2334 εει
2049 2309 2133 2340 figura

1493 2353 1588 2380 Christi
1607 2353 1658 2378 596
1680 2353 1713 2379 34
1728 2368 1736 2371 -

1548 2398 1684 2423 ToncutAa
1697 2411 1732 2416 —
1745 2398 1773 2422 ln
1787 2397 1907 2423 torculari
1918 2397 2003 2422 crucis
2017 2396 2135 2423 Christus

1493 2442 1555 2467 lavit
1574 2443 1666 2468 stolam
1686 2449 1761 2467 suam
1781 2442 1806 2467 in
1826 2442 1954 2473 sanguine
1974 2442 2016 2467 Vll
2033 2441 2078 2466 491
2100 2442 2133 2467 52

1548 2487 1667 2512 Toaasus
1686 2500 1720 2505 —
1740 2486 1877 2511 Transitus
1894 2486 2016 2511 torrentis
2035 2485 2135 2517 signiti—

1493 2534 1534 2556 cat
1553 2530 1736 2556 sustinentiam
1756 2537 1856 2562 poenae
1878 2530 1908 2555 Vl
1928 2530 1975 2555 62l
1999 2530 2014 2555 3

1548 2575 1633 2601 TnAss
1651 2589 1686 2594 -
1705 2575 1752 2600 Per
1772 2574 1873 2600 trabem
1897 2574 2059 2606 significatur
2079 2581 2135 2599 ma-

1493 2627 1577 2651 gnum
1607 2622 1744 2651 peccatum
1776 2620 1817 2645 Vll
1839 2619 1884 2644 161
1910 2619 1943 2644 96
1962 2632 1997 2638 -
2017 2619 2063 2643 Ρεῐ·
2089 2622 2136 2643 tra-

1493 2663 1555 2689 bem
1577 2663 1726 2695 intelligitur
1744 2663 1868 2695 superbia
1888 2670 2031 2689 excaecans
2049 2661 2112 2688 ibid.

1549 2709 1674 2734 Tumens
1688 2723 1721 2726 —
1737 2708 1836 2734 Durum
1856 2711 1896 2733 εει
1908 2708 1973 2733 tradi
1988 2707 2023 2732 ab
2035 2707 2134 2737 amico,

1495 2752 1587 2778 durius
1607 2760 1620 2778 a
1635 2754 1727 2785 fratre,
1741 2753 1912 2778 durissimum
1927 2759 1940 2777 a
1955 2752 2074 2784 genitore
2087 2758 2135 2777 suo

1495 2797 1538 2822 Vll
1559 2797 1610 2822 528
1631 2797 1665 2822 24

1548 2854 1584 2859 -
1602 2839 1720 2866 Christus
1749 2840 1859 2866 traditus
1888 2840 1949 2870 snit,
1969 2843 1997 2865 ut
2016 2841 2095 2865 homo
2122 2846 2135 2864 a

1495 2891 1541 2909 sua
1556 2884 1695 2909 traditione
1709 2883 1863 2909 liberaretur
1876 2884 1909 2908 vt
1923 2883 1974 2908 616
1990 2884 2005 2908 3
2019 2897 2054 2902 -
2067 2882 2137 2908 Chri-

1496 2931 1551 2953 stus
1571 2927 1617 2953 suit
1641 2928 1752 2953 traditus
1781 2927 1815 2953 ab
1843 2928 1941 2958 amico,
1962 2927 1996 2952 ab
2016 2927 2135 2957 inimico,

1496 2971 1530 2997 ab
1550 2975 1672 2996 extraneo
1692 2971 1726 2997 ib.
1741 2972 1756 2996 4
1777 2985 1810 2989 -
1830 2971 1946 2997 Traditio
1966 2971 2060 2996 Christi
2078 2977 2137 3002 pro-

1497 3016 1603 3048 ponitur
1622 3016 1648 3041 in
1668 3016 1816 3047 exemplum
1832 3015 1980 3040 imitationis
1999 3019 2024 3040 et
2044 3015 2136 3040 instru-

1496 3060 1591 3086 ctionis
1609 3059 1687 3092 ibid„
1710 3060 1726 3085 5

1551 3104 1673 3129 Teanam:
1693 3118 1728 3121 —
1747 3104 1850 3129 Tractio
1869 3106 1908 3128 est
1924 3107 2010 3128 motus
2022 3110 2082 3128 cum
2097 3103 2136 3128 in-

1496 3148 1632 3173 clinatione
1651 3148 1685 3173 ad
1705 3148 1864 3173 contrarium
1885 3148 1918 3172 Vl
1931 3148 1978 3172 331
1993 3147 2028 3172 79
2042 3162 2077 3165 -
2091 3147 2136 3172 So-

1495 3192 1529 3216 let
1548 3191 1645 3223 aliquid
1667 3192 1733 3216 trahi
1745 3198 1850 3217 sursum
1865 3192 1937 3221 tune,
1952 3190 2080 3222 pondere,
2094 3197 2135 3216 oc-

1494 3235 1561 3260 culta
1582 3235 1677 3260 virtute
1697 3235 1748 3260 567
1768 3235 1782 3260 3

1546 3293 1582 3297 -
1603 3279 1705 3304 Tractio
1725 3283 1764 3304 est
1783 3280 1824 3304 vel
1843 3279 1983 3305 coactionis
1999 3278 2135 3304 exterioris

1496 3323 1538 3349 vel
1556 3323 1729 3353 inductionis,
1748 3324 1790 3348 vel
1809 3323 1899 3348 tractio
1918 3323 2073 3353 affectionis,
2093 3322 2138 3347 vel
