2427 3872
257 253 321 286 838

540 298 599 322 sen

310 356 346 363 —
364 346 403 368 est
421 342 573 367 sensualitas
592 340 624 366 Vl
643 340 695 365 629
716 340 747 364 10
766 352 801 357 -
819 338 893 370 igniti

258 390 319 413 sunt
346 390 433 412 motus
460 384 707 417 concupiscentiaies
729 384 754 408 in
773 382 894 408 sensuali-

260 434 310 456 tate
329 430 389 456 ibid.

312 489 345 493 —
364 474 508 500 contrarius
527 476 565 498 est
584 472 643 498 fidei
664 471 706 497 Vli
726 471 777 496 287
797 471 830 495 32

313 519 430 544 8001111110
449 531 484 536 -
502 516 619 542 Christus
645 515 759 541 servavit
782 513 894 545 discipu-

259 563 297 588 los
325 563 351 588 in
379 562 497 591 nomine,
527 561 551 586 in
571 561 667 586 virtute
685 563 711 585 et
728 559 763 585 ad
781 558 893 590 gloriam

260 608 341 632 Fatris
360 606 393 631 Vi
416 606 466 631 472
486 605 516 631 24
537 618 573 624 --
591 605 666 630 Pater
685 603 800 629 servavit
819 602 894 628 disci-

260 651 336 683 pulos
355 651 382 676 in
401 650 506 675 nomine
524 649 579 674 Filii
599 647 660 674 ibid.
674 662 706 666 -
720 647 839 673 Christus
852 653 893 677 pe-

260 695 338 725 tebat,
357 694 456 720 servari
471 694 622 725 (1150100105,
635 700 668 718 00
681 694 894 718 converterentur

260 739 294 765 ad
313 738 442 764 mundum
462 745 508 770 per
527 744 644 763 amorem
665 736 715 762 473
731 737 763 761 28
776 749 811 754 -
824 734 894 761 Chri-

260 787 315 809 stus
338 783 453 808 servavit
476 782 618 814 discipulos
637 788 651 806 a
672 781 741 806 malo
763 779 895 811 praevari-

260 828 367 853 cationis
385 826 445 853 ibid.

312 886 347 890 -
366 872 435 897 Deus
456 874 543 897 servat
569 869 687 895 effective
714 866 895 893 conservando

260 916 392 942 homiaem
412 916 436 940 in
456 915 526 940 bono
547 914 579 939 Vi
601 913 651 939 474
668 913 701 938 32
715 926 748 931 -
762 912 832 937 Deus
844 917 894 936 ser-

260 964 304 986 vat
322 961 417 986 electos
436 960 460 984 in
480 959 577 984 unitate
604 957 760 983 concordiae
779 959 804 981 et
823 955 895 987 pacis

261 1004 306 1030 471
341 1004 374 1029 20
392 1017 428 1022 -
446 1003 579 1028 Praetatus
606 1004 694 1027 servat
715 999 835 1026 subditos
860 999 895 1025 in-

259 1048 401 1074 structione
418 1050 444 1072 et
462 1047 581 1078 exemplo
601 1045 651 1071 474
671 1046 704 1070 32

313 1105 348 1111 --
361 1093 453 1117 Sermo
466 1090 559 1116 Christi
572 1088 717 1115 servandus
735 1091 774 1114 est
786 1089 811 1114 in
826 1088 895 1113 intei-

260 1137 325 1161 lectu
337 1143 384 1168 per
396 1135 548 1160 memoriam
557 1154 563 1165 ,
578 1134 602 1159 in
616 1134 708 1160 affectu
722 1140 769 1165 per
780 1133 894 1158 dilectio·

261 1187 321 1205 nem
331 1199 337 1210 ,
352 1180 376 1204 in
390 1180 481 1205 01100111
496 1186 542 1210 per
555 1178 747 1204 exsecutionem
768 1177 800 1202 Vi
813 1177 863 1202 603
879 1177 893 1201 3

314 1225 421 1252 Ssnvrte
434 1238 468 1241 —
482 1223 507 1248 in
522 1222 636 1248 Sabbato
648 1229 717 1254 opus
730 1222 824 1247 servile
837 1228 895 1253 pro-

260 1268 372 1294 hibitum
391 1270 447 1293 erat
465 1268 497 1292 Vi
517 1267 568 1292 306
588 1267 631 1292 21.
653 1267 704 1292 308
724 1266 766 1298 31,
785 1266 818 1291 32

315 1313 438 1338 Ssnviws
455 1325 491 1330 —
509 1314 547 1336 est
576 1310 731 1337 conditionis
753 1317 800 1341 per
819 1309 895 1340 origi-

261 1364 336 1389 nem,
365 1357 406 1381 vei
428 1355 606 1387 oppressionis
625 1361 671 1386 per
689 1353 836 1380 dominium
862 1353 895 1377 Vi

261 1400 312 1426 364
333 1401 366 1426 52
385 1413 420 1419 -
439 1404 526 1424 manet
545 1399 570 1424 in
590 1398 666 1423 bonis
687 1398 721 1423 ad
740 1397 896 1422 exercitatio-

261 1452 321 1470 nem
341 1445 419 1470 etiam
439 1444 494 1469 sine
514 1446 620 1475 peccato
640 1443 673 1468 82
687 1449 713 1475 q.
727 1456 758 1460 —
773 1440 897 1466 naturalis

261 1492 300 1515 est
318 1488 483 1520 sustinenda,
504 1488 593 1519 legalis
611 1490 650 1512 est
668 1485 835 1516 evacuanda,
848 1484 898 1516 spi·

261 1533 360 1559 rituaiis
378 1536 417 1558 est
435 1531 631 1564 amplectenda,
654 1530 763 1556 carnaiis
781 1532 820 1555 est
838 1528 898 1554 abo-

262 1577 383 1603 minanda
393 1597 399 1608 ,
415 1576 551 1602 aeternalis
563 1578 602 1601 est
615 1574 743 1600 horrenda
758 1573 810 1599 575
824 1581 848 1598 v.
864 1573 897 1598 35

262 1636 295 1640 —-
315 1621 451 1647 aeternalis
471 1620 636 1645 continuatur
655 1626 668 1644 a
688 1619 765 1651 culpa
790 1618 815 1643 in
835 1624 898 1649 poe-

261 1673 323 1692 nam
341 1664 404 1692 ibid.
423 1679 456 1683 -
475 1667 514 1690 est
527 1665 605 1696 mala,
625 1664 666 1689 vei
686 1663 755 1688 bona
774 1661 807 1688 ib.
828 1663 842 1687 2
862 1676 895 1680 -

261 1711 328 1736 mala
342 1713 393 1741 est,
407 1716 459 1742 qua
478 1709 591 1734 servitur
609 1708 692 1738 carni,
712 1707 826 1738 mundo,
839 1713 897 1738 pec-

262 1758 319 1780 cato
339 1753 399 1780 ibid.
421 1768 453 1772 —
473 1754 540 1779 mala
559 1756 598 1778 est
617 1752 759 1785 laboriosa,
787 1751 896 1784 ignomi-

262 1799 350 1829 niosa,
371 1798 527 1824 infructuosa
547 1796 580 1824 ib.
601 1798 616 1823 3
635 1811 668 1816 -
688 1797 756 1822 bona
776 1800 829 1827 est,
843 1803 895 1829 qua

261 1843 373 1869 servitur
393 1843 460 1873 Deo,
479 1842 593 1874 praelato
613 1845 638 1867 et
656 1842 775 1873 proximo
794 1840 829 1867 ib.
849 1840 863 1866 4

314 1900 349 1906 --
367 1889 406 1912 051
435 1893 517 1918 poena
542 1886 635 1911 inflicta
655 1893 703 1918 pro
731 1888 839 1917 peccato
864 1885 895 1910 Vl

261 1932 294 1957 82
308 1939 335 1965 q.
345 1945 378 1950 -
389 1938 483 1963 magna
494 1933 533 1957 est
542 1930 617 1964 sequi
630 1931 725 1956 malam
738 1924 896 1956 voluntatem

261 1976 313 2001 364
333 1976 366 2001 53
385 1989 420 1995 -
439 1976 538 2008 peccati
557 1979 596 2001 est
614 1975 728 2007 pessima
748 1975 799 2000 363
820 1974 897 2000 49-—

260 2020 281 2046 A
304 2020 429 2046 servitute
457 2019 556 2052 peccati
574 2026 622 2051 per
640 2019 784 2045 doctrinam
804 2017 897 2044 Christi

262 2064 403 2090 liberamur
428 2063 462 2090 ib.
482 2064 515 2089 45
537 2077 568 2082 —
590 2066 772 2096 perpetuatur,
791 2062 898 2096 quando

262 2110 342 2135 homo
362 2108 471 2134 moritur
490 2108 515 2134 in
535 2111 641 2141 peccato
661 2108 712 2133 360
732 2108 766 2132 30

316 2154 412 2178 Saevus
430 2167 465 2171 —
483 2153 567 2178 Homo
596 2159 689 2178 servus
715 2152 826 2178 efficitur
851 2158 898 2183 per

263 2197 460 2229 usurpationem
480 2197 512 2222 Vi
533 2197 567 2221 69
586 2204 612 2229 q.
632 2197 641 2221 1
665 2210 700 2215 -—
718 2196 792 2222 Servi
812 2195 899 2221 condi-

265 2241 348 2267 tiones
366 2241 431 2266 viies
450 2241 500 2266 364
520 2241 553 2266 53
572 2254 608 2259 —
626 2238 772 2266 dominium
792 2239 832 2265 sui
845 2246 899 2264 non

263 2284 341 2310 habet
359 2285 403 2310 Vll
422 2285 455 2310 92
477 2284 509 2310 15

320 2343 353 2347 -
374 2329 424 2361 Qui
442 2329 523 2354 servit
549 2329 634 2354 solum
662 2334 752 2353 amore
770 2330 809 2352 est
827 2334 900 2358 prae-

263 2372 346 2399 coniis
365 2372 526 2398 extollendus
545 2372 578 2397 Vi
599 2372 648 2397 388
669 2372 703 2397 27
722 2385 756 2390 -
768 2372 900 2397 officiosus

263 2421 288 2442 et
306 2416 390 2442 fidelis
409 2416 512 2441 exaltari
532 2416 597 2441 solet
614 2419 723 2448 propter
735 2422 812 2441 suum
827 2414 900 2441 obse-

264 2461 356 2493 quium
377 2460 428 2486 596
448 2460 473 2492 3,
494 2459 508 2485 4

317 2517 351 2523 -
370 2504 418 2529 Ρο1
436 2511 528 2529 servos
552 2503 729 2536 intelliguntur
747 2503 900 2530 obedientes

265 2548 297 2574 Vl
318 2548 368 2573 539
389 2548 404 2573 8
424 2562 459 2567 —
478 2555 554 2573 arans
572 2548 613 2574 vel
633 2555 743 2580 pascens
755 2548 846 2574 doctor
860 2551 899 2574 est

266 2592 394 2618 Ecclesiae
415 2592 455 2617 Vll
476 2592 521 2618 431
547 2592 579 2618 18

318 2650 353 2655 -
381 2636 405 2661 10
434 2639 561 2669 quantum
590 2636 652 2662 dicit
679 2636 853 2662 obedientiam
876 2640 901 2663 et

263 2680 455 2706 'subiectionem
465 2699 472 2711 ,
491 2687 541 2706 non
556 2680 725 2712 distinguitur
738 2684 827 2706 contra
840 2681 902 2706 ami-

264 2732 339 2757 cum;
359 2725 383 2750 in
403 2727 528 2757 quantum
548 2725 643 2750 dicitur
661 2725 788 2750 serviliter
798 2725 901 2757 timens,

264 2776 316 2794 non
336 2772 374 2794 est
392 2768 492 2794 amicus
522 2769 553 2794 Vi
580 2768 630 2795 452
654 2770 686 2794 28
708 2783 741 2787 -
761 2772 900 2801 praecepta

265 2812 407 2839 observant
434 2819 464 2838 ex
493 2812 584 2838 timore
610 2813 655 2839 451
681 2814 723 2839 21.
744 2813 794 2838 452
814 2813 846 2838 28
867 2827 900 2831 -

264 2860 304 2883 est
322 2857 367 2890 qui
387 2857 468 2882 servit
485 2864 515 2882 ex
535 2857 627 2882 timore
648 2857 688 2882 Vll
708 2857 759 2882 394
779 2857 807 2882 31

319 2915 352 2920 -
372 2900 452 2926 Nemo
472 2904 556 2933 potest
576 2901 629 2927 Deo
642 2903 667 2926 01
681 2900 785 2926 diabolo
802 2901 901 2927 servire

265 2952 294 2971 ex
314 2945 479 2978 quadruplici
499 2946 597 2971 ratione
617 2946 660 2971 Vll
681 2945 726 2970 411
751 2946 784 2971 23
799 2960 830 2964 -
847 2946 900 2971 Ser-

265 2990 321 3015 vire
349 2996 516 3015 mammonae
544 2989 637 3015 dicitur
666 2990 690 3015 in
715 2990 789 3015 cuius
807 2991 900 3015 affectu

265 3033 371 3060 divitiae
399 3034 568 3059 dominantur
595 3033 629 3060 ib.
649 3034 683 3059 24
701 3047 737 3053 -—
755 3034 841 3060 Servit
866 3034 901 3060 di-

266 3078 335 3104 vitiis
353 3078 399 3111 qui
418 3085 462 3104 eas
480 3078 592 3104 custodit
620 3081 648 3103 111
674 3085 767 3104 servus
785 3077 848 3104 ibid.
866 3092 901 3097 —

267 3122 341 3154 Opus
359 3122 483 3147 avaritiae
502 3125 540 3147 est
559 3122 690 3147 servitutis
710 3122 760 3147 360
779 3122 794 3147 9

320 3179 352 3184 -
372 3166 466 3191 (11011111
485 3169 605 3198 peccator
625 3166 656 3191 Vi
677 3166 704 3191 81
729 3173 754 3191 ν.
774 3166 790 3191 7
810 3181 845 3184 -
864 3169 902 3192 051

266 3210 364 3242 peccati
383 3210 428 3242 qui
449 3210 507 3235 tacit
526 3213 661 3242 peccatum
682 3210 733 3236 363
748 3210 788 3235 49.
803 3210 854 3236 364
868 3211 901 3236 53

268 3268 301 3272 ——
320 3254 420 3286 peccati
438 3261 489 3279 non
509 3257 596 3280 manet
609 3254 632 3280 in
646 3254 726 3280 domo
746 3255 862 3287 finaliter,
877 3255 902 3280 ii-

266 3300 306 3323 cet
324 3297 356 3323 sit
376 3298 400 3323 in
421 3298 531 3324 Ecclesia
551 3305 610 3324 cum
632 3298 707 3324 bonis
726 3298 777 3324 364
797 3298 830 3324 50

318 3355 353 3359 -
370 3341 464 3368 Christi
483 3349 535 3367 non
555 3345 641 3374 potest
653 3349 711 3368 esse
724 3349 816 3368 servus
830 3343 902 3368 istius

268 3384 360 3410 mundi
380 3384 422 3411 Vii
443 3384 493 3411 410
513 3386 541 3411 21
565 3399 600 3405 -
619 3385 736 3412 Christus
749 3393 860 3418 magnos
878 3389 903 3412 et

1112 248 1227 281 INDEX
1251 248 1378 281 RERUM

931 338 1027 363 multos
1046 337 1104 362 facit
1122 343 1214 362 servos
1232 339 1287 362 tum
1307 336 1394 369 quoad
1414 336 1495 362 vitam
1509 335 1568 361 acti-

931 388 1001 413 vam,
1012 384 1066 406 tum
1077 380 1166 413 quoad
1176 380 1404 412 contemplativam
1418 380 1449 405 Vl
1463 381 1496 405 22
1507 387 1534 405 ν.
1552 381 1567 405 8

984 439 1019 444 -
1038 432 1085 457 per
1104 425 1185 450 tilium
1205 425 1305 456 indiget
1332 425 1436 450 liberari
1458 424 1497 450 'Vi
1517 424 1567 450 364

922 468 964 494 -49
984 484 1019 487 -
1038 469 1083 495 Dei
1103 469 1185 501 empti
1203 473 1265 495 sunt
1284 469 1364 501 ultra,
1383 475 1463 502 quam
1483 469 1569 494 valent

931 513 976 547 Vll
995 513 1044 538 433
1066 514 1094 538 21

983 571 1017 575 —
1037 557 1087 589 Qui
1115 557 1188 588 prius
1216 559 1321 582 suerunt
1344 557 1413 582 servi
1433 564 1447 582 a
1467 556 1568 582 Christo

931 603 1059 626 vocantur
1077 601 1111 626 ad
1130 601 1270 627 amicitiam
1292 602 1323 626 vt
1344 601 1390 626 451
1418 601 1460 632 2-1,
1480 602 1514 626 22
1533 615 1567 620 —-

931 644 1024 670 Christi
1053 646 1212 671 honorantur
1241 644 1291 671 418
1321 646 1353 670 38
1377 659 1410 663 --
1431 645 1467 670 De
1491 652 1568 671 servo

931 688 1024 714 Christi
1046 690 1074 714 111
1093 689 1160 714 filius
1179 688 1240 715 ibid.
1261 703 1297 708 —
1317 689 1366 722 Qui
1391 690 1501 715 honorat
1518 696 1569 715 ser-

931 740 995 758 vum
1010 733 1103 759 Christi
1113 741 1240 765 magnum
1251 734 1372 759 meritum
1385 733 1463 759 habet
1474 733 1523 759 428
1535 733 1569 759 24

984 791 1019 796 -
1038 779 1232 809 persecutiones
1260 777 1339 804 debet
1357 778 1486 803 sustinere
1503 778 1570 804 sicut

931 822 1054 848 dominus
1074 822 1105 847 Vi
1126 822 1176 847 453
1197 823 1230 847 33
1249 836 1285 841 —
1304 822 1429 848 Homines
1445 822 1569 848 animales

932 867 1044 892 oderunt
1063 873 1154 892 servos
1173 867 1266 892 Christi
1286 867 1328 892 Vll
1350 866 1399 892 149
1420 867 1454 892 54
1472 881 1508 885 -—-
1526 873 1570 892 ve-

932 918 977 936 rus
998 911 1116 943 sequitur
1138 911 1279 937 Dominum
1300 911 1333 937 Vl
1354 911 1403 936 418
1425 911 1458 936 38

990 968 1026 974 -
1045 956 1070 981 10
1090 955 1163 981 curia
1181 956 1237 981 iesu
1257 955 1350 982 Christi
1364 955 1506 981 nobiliores
1525 956 1570 981 mi·

931 999 1040 1025 nistrant
1067 1003 1093 1025 et
1119 1000 1236 1025 serviunt
1265 1000 1307 1025 Vll
1337 1000 1388 1026 224
1411 1000 1444 1025 26
1464 1014 1499 1020 -
1517 993 1569 1026 11011

932 1043 1010 1070 debet
1040 1044 1176 1075 dedignari
1202 1051 1281 1076 opera
1314 1045 1472 1076 humilitatis,
1501 1052 1569 1078 quae

932 1088 992 1113 tacit
1009 1088 1133 1114 dominus
1147 1088 1178 1114 Vl
1200 1088 1249 1114 428
1274 1089 1302 1113 19
1317 1102 1352 1108 -
1371 1096 1462 1115 omnes
1475 1089 1569 1115 Christi

932 1131 1029 1158 debent
1047 1133 1181 1158 conservis
1200 1133 1300 1158 servire
1318 1133 1351 1159 ib.
1372 1134 1405 1158 20

983 1190 1019 1195 -
1038 1177 1210 1202 Serviendum
1225 1180 1264 1202 051
1276 1177 1322 1202 5011
1338 1178 1390 1203 Deo
1405 1178 1446 1203 Vll
1461 1177 1494 1203 40
1512 1178 1569 1203 131.

932 1221 965 1245 93
987 1221 1019 1245 17
1037 1234 1073 1239 -
1091 1221 1152 1246 Deo
1164 1221 1333 1246 serviendum
1353 1225 1392 1246 est
1410 1221 1512 1246 ratione
1526 1221 1569 1246 de-

933 1264 992 1295 biti,
1012 1264 1144 1290 commodi
1164 1267 1190 1290 et
1208 1265 1309 1290 honesti
1329 1265 1362 1290 VI
1382 1265 1433 1290 576
1453 1265 1468 1290 8
1481 1278 1517 1283 —
1530 1265 1569 1290 Ad

933 1309 986 1334 Deo
1011 1308 1181 1334 serviendum
1211 1311 1301 1334 movet
1328 1309 1406 1334 timer
1433 1309 1569 1340 supplicii,

933 1359 1006 1377 amor
1026 1353 1149 1384 praemii,
1170 1353 1256 1384 pudor
1275 1352 1426 1384 opprobrii,
1440 1354 1523 1378 honor
1536 1354 1570 1378 01-

934 1397 985 1422 11011
1004 1395 1038 1422 ib.
1059 1397 1074 1422 7
1092 1410 1130 1417 —
1150 1397 1203 1422 Deo
1222 1400 1261 1422 est
1280 1397 1449 1423 serviendum
1463 1397 1571 1429 vigilan-

935 1444 973 1466 ter
1000 1444 1126 1474 quantum
1156 1441 1189 1467 ad
1222 1441 1422 1467 sollicitudinem
1450 1442 1570 1474 rationis,

935 1485 1044 1511 fideliter
1063 1488 1191 1518 quantum
1207 1486 1240 1511 ad
1254 1486 1436 1512 rectitudinem
1456 1487 1572 1512 intentio-

935 1530 987 1561 nis,
1006 1529 1116 1555 libenter
1135 1534 1262 1563 quantum
1282 1531 1315 1556 ad
1335 1531 1569 1563 promptitudinem

934 1574 1087 1605 voluntatis,
1108 1578 1306 1606 perseveranter
1324 1579 1451 1608 quantum
1466 1576 1499 1601 ad
1512 1582 1572 1601 con-

933 1618 1102 1644 tinuationem
1134 1620 1222 1651 operis
1252 1619 1287 1646 ib.
1317 1621 1332 1645 6
1366 1634 1401 1639 -
1431 1620 1571 1646 Servitium

934 1663 1026 1689 Christi
1046 1664 1180 1690 reducitur
1208 1664 1242 1690 ad
1270 1664 1464 1690 observantiam
1490 1666 1572 1697 perse-

933 1711 1001 1734 ciam
1019 1708 1112 1735 decem
1132 1709 1313 1734 mandatorum
1333 1709 1377 1735 Vll
1398 1709 1448 1734 479
1468 1710 1500 1734 19

985 1767 1021 1772 -
1041 1754 1093 1778 Deo
1122 1753 1300 1779 famulandum
1329 1758 1368 1779 est
1395 1756 1448 1779 tota
1478 1753 1572 1778 virtute

936 1798 976 1822 Vll
996 1798 1029 1823 59
1050 1798 1084 1823 65
1102 1811 1138 1816 -
1156 1798 1240 1823 Deum
1269 1797 1339 1823 cibat
1357 1800 1380 1823 et
1401 1800 1488 1829 potat,
1508 1797 1571 1823 dum

935 1841 995 1867 tacit
1021 1841 1094 1874 quod
1122 1842 1234 1867 maxime
1262 1844 1381 1873 acceptat
1408 1841 1454 1867 431
1486 1842 1518 1867 19
1537 1854 1573 1860 -

933 1885 1038 1911 Servire
1068 1884 1196 1911 debemus
1226 1886 1280 1911 Deo
1307 1888 1395 1911 sancte
1425 1886 1513 1918 quoad
1544 1892 1573 1911 se

934 1930 1035 1962 ipsum,
1049 1930 1114 1955 iuste
1132 1930 1221 1963 quoad
1240 1930 1404 1962 proximum,
1423 1930 1574 1962 simpliciter

934 1974 1021 2007 quoad
1050 1975 1149 2005 Deum,
1178 1978 1375 2006 perseveranter
1402 1977 1523 2006 respectu
1548 1982 1573 2000 o·

935 2018 1036 2044 mnium
1056 2018 1250 2050 praedictorum
1272 2018 1304 2044 40
1325 2019 1385 2051 132,
1405 2019 1504 2045 135-
1518 2019 1574 2045 Ser-

936 2063 1012 2089 viunt
1038 2063 1148 2088 Domino
1168 2063 1213 2095 qui
1232 2070 1293 2089 eum
1313 2063 1422 2089 audiunt
1440 2063 1573 2089 credendo

935 2110 961 2133 et
979 2107 1129 2132 obediendo
1148 2106 1182 2132 ib.
1202 2108 1248 2133 131

981 2164 1023 2176 ,--
1043 2151 1097 2176 Deo
1116 2151 1215 2176 servire
1235 2155 1274 2176 est
1286 2151 1461 2177 honorificum
1475 2152 1508 2177 Vi
1522 2151 1573 2177 576

938 2195 954 2220 7
974 2208 1008 2213 —
1028 2195 1081 2220 Deo
1106 2195 1206 2220 servire
1224 2195 1342 2221 debiturn
1363 2198 1415 2227 est,
1434 2196 1496 2228 quia
1516 2202 1575 2221 con-

938 2239 1020 2269 ditor,
1041 2241 1186 2270 protector,
1201 2242 1357 2265 sustentator
1375 2239 1409 2265 ib.
1432 2240 1447 2264 8
1465 2253 1502 2258 —
1520 2240 1574 2265 Deo

938 2283 1036 2308 servire
1057 2283 1117 2308 utile
1135 2286 1188 2313 est,
1207 2283 1269 2315 quia
1288 2283 1371 2308 servis
1389 2283 1497 2309 remittit
1520 2283 1574 2309 cul-

937 2333 1014 2358 pam,
1034 2326 1147 2351 immittit
1171 2327 1297 2358 gratiam,
1316 2327 1444 2358 promittit
1463 2327 1572 2358 gloriam

938 2369 971 2396 ib.
992 2371 1007 2395 9
1028 2384 1061 2389 -
1082 2371 1135 2395 Deo
1155 2371 1254 2396 servire
1271 2372 1409 2396 honestum
1423 2374 1463 2396 est
1475 2372 1574 2397 ratione

937 2414 1060 2447 dominii,
1074 2415 1135 2447 quia
1149 2422 1276 2447 magnus,
1290 2416 1390 2441 ratione
1406 2416 1498 2447 officii,
1512 2417 1573 2450 quia

939 2459 1027 2485 nobile
1046 2462 1098 2491 051,
1112 2459 1212 2485 ratione
1225 2459 1309 2491 servi,
1328 2460 1389 2493 quia
1409 2460 1442 2486 ad
1462 2461 1574 2487 servien-

939 2503 1002 2529 dum
1022 2503 1045 2529 ei
1064 2505 1146 2529 factus
1166 2507 1204 2530 est
1223 2503 1257 2530 ib.
1280 2505 1312 2529 10

990 2562 1025 2566 —
1044 2551 1103 2574 sunt
1122 2548 1214 2579 activi,
1234 2549 1279 2581 qui
1294 2549 1347 2575 Deo
1361 2549 1517 2582 impendunt
1530 2549 1574 2576 ob-

938 2593 1058 2625 sequium
1078 2592 1188 2618 actionis
1207 2593 1240 2618 Vi
1262 2593 1313 2619 628
1334 2594 1348 2618 3
1368 2607 1404 2613 -
1424 2594 1575 2620 00050111-

938 2639 979 2662 101
999 2636 1023 2662 111
1042 2637 1147 2668 negotio
1167 2637 1289 2668 actionis,
1310 2637 1334 2662 in
1355 2638 1455 2669 proelio
1474 2639 1575 2670 passio-

938 2681 991 2712 nis,
1011 2681 1035 2706 in
1062 2682 1174 2707 thalamo
1200 2682 1438 2714 contemplationis,
1458 2682 1484 2707 in
1504 2682 1576 2707 mini-

939 2726 1017 2751 sterio
1046 2726 1210 2757 praelationis
1229 2725 1280 2751 576
1300 2726 1316 2751 5
1336 2740 1369 2744 --
1389 2726 1434 2751 Dci
1453 2726 1575 2752 dicuntur

939 2770 983 2802 qui
1002 2769 1027 2795 in
1046 2770 1181 2795 sanctitate
1200 2769 1233 2795 illi
1254 2770 1371 2795 serviunt
1384 2770 1435 2795 239
1451 2771 1466 2795 2
1479 2783 1514 2789 -
1528 2769 1574 2795 Dei

939 2814 1033 2839 dicitur
1052 2813 1150 2839 ratione
1170 2813 1252 2839 tidelis
1271 2813 1405 2846 obsequii,
1424 2813 1523 2839 ratione
1540 2814 1575 2839 01-

939 2857 989 2883 11011
1003 2861 1033 2883 ’01
1052 2858 1152 2883 ratione
1172 2856 1290 2882 beneficii
1310 2856 1371 2883 ibid.

991 2916 1025 2920 —
1046 2901 1090 2927 Dei
1109 2904 1170 2927 sunt
1188 2902 1244 2927 eius
1256 2900 1387 2927 debitores
1407 2901 1450 2926 Vll
1471 2900 1520 2926 433
1541 2902 1568 2926 21

938 2961 972 2964 -
991 2946 1063 2979 quod
1084 2945 1143 2971 facit
1171 2945 1255 2977 magis
1282 2948 1321 2970 est
1348 2943 1466 2970 debitum
1494 2952 1574 2978 quarn

939 2990 1054 3020 donum,
1073 2989 1158 3021 magis
1170 2982 1264 3015 iustitia
1280 2989 1401 3014 tentionis
1420 2995 1500 3021 quam
1514 2996 1574 3021 grar-

939 3035 971 3060 tia
994 3033 1233 3066 supererogationis
1262 3033 1312 3058 432
1342 3033 1374 3057 20
1393 3046 1428 3052 -
1447 3033 1472 3058 111
1497 3040 1574 3059 servo

940 3078 984 3104 Dei
1003 3078 1108 3103 servitia
1129 3078 1213 3109 magis
1232 3081 1293 3103 sunt
1306 3076 1392 3102 debita
1406 3084 1486 3109 quam
1501 3080 1572 3109 grata

939 3121 999 3148 ibid.
1019 3136 1054 3140 -—-
1073 3121 1118 3147 Dei
1137 3122 1225 3147 omnia
1245 3124 1368 3153 operatur
1387 3120 1421 3146 ab
1439 3120 1511 3153 ipso,
1524 3121 1574 3147 sub

939 3166 996 3198 ipso
1015 3169 1040 3191 et
1062 3169 1168 3197 [11011101
1199 3166 1286 3197 ipsum
1316 3163 1377 3190 ibid.
1398 3178 1433 3184 -·
1452 3161 1498 3190 Dei
1522 3172 1574 3191 non

938 3209 1036 3236 debent
1054 3209 1169 3241 superbe
1189 3209 1212 3234 in
1232 3207 1358 3241 operibus
1376 3208 1431 3234 suis
1444 3209 1575 3235 confidere

941 3254 990 3279 433
1011 3254 1039 3279 21

991 3311 1026 3317 -
1045 3297 1213 3329 spiritualiter
1232 3303 1259 3322 se
1280 3296 1365 3328 ipsum
1381 3297 1526 3329 praecingit
1538 3304 1575 3323 10-

939 3341 1093 3374 stringendo
1121 3341 1246 3367 mentales
1263 3340 1383 3367 detluxus
1402 3341 1443 3366 Vll
1465 3341 1510 3367 431
1542 3341 1574 3367 19

938 3399 974 3405 -
995 3385 1122 3411 ministrat
1140 3392 1168 3411 se
1187 3385 1273 3417 ipsum
1293 3384 1440 3411 deiicienda
1459 3384 1519 3411 ibid.

1899 291 1946 318 SlC

1659 349 1695 354 —
1714 335 1796 361 Servo
1814 342 1864 361 suo
1881 336 1951 361 Deus
1963 336 2087 368 providet
2097 336 2242 362 necessaria

1607 379 1649 405 Vll
1674 380 1725 405 322
1755 379 1787 405 43
1806 393 1842 399 -
1868 380 1914 405 Dei
1943 379 2022 405 habet
2043 381 2126 406 Deum
2151 382 2243 406 011110-

1606 423 1682 449 betur
1695 430 1710 449 a
1723 424 1778 449 Deo
1791 426 1817 449 et
1829 423 1908 450 habet
1920 431 1989 456 quae
2001 423 2080 450 habet
2092 425 2162 450 Deus
2180 424 2243 451 ibid.

1660 481 1693 486 -
1714 468 1801 493 Servis
1816 468 1861 493 Dei
1874 468 2034 499 promittitur
2049 469 2195 501 praemium
2212 469 2243 495 Vi

1606 511 1658 537 576
1671 512 1687 537 7
1700 525 1735 531 —
1749 512 1837 537 Servis
1856 512 2015 543 promittitur
2033 519 2145 544 regnum
2162 513 2212 538 628
2227 513 2243 538 3

1606 569 1640 575 --
1660 556 1711 588 Qui
1729 556 1810 581 servit
1828 556 1881 581 Deo
1895 559 2003 588 propter
2015 557 2164 582 mercedem
2171 559 2244 590 ,10111-

1606 600 1723 632 poralem
1742 603 1781 625 est
1799 600 2001 632 vituperandus,
2020 601 2065 633 qui
2084 601 2165 626 servit
2183 607 2244 632 pro-

1606 648 1663 675 pter
1683 644 1832 670 mercedem
1846 647 1977 670 aeternam
1991 648 2030 670 est
2042 645 2244 677 approbandus,

1606 688 1654 713 sed
1681 695 1733 713 non
1761 689 1868 714 omnino
1897 689 2058 715 extollendus
2085 689 2135 714 388
2156 689 2188 714 27
2209 703 2244 707 --

1608 732 1775 758 manducabit
1788 736 1814 758 et
1827 732 1899 759 bibet
1918 740 1965 765 per
1984 737 2090 765 gustum
2110 733 2245 759 suavitatis

1607 779 1727 802 aeternae
1746 777 1788 802 Vll
1810 777 1860 803 432
1876 778 1907 803 19
1921 791 1956 797 -·
1970 778 2015 803 Dei
2035 777 2137 803 inutiles
2156 777 2244 803 dicun-

1608 824 1661 852 tur,
1681 821 1742 854 quia
1761 821 1824 847 nihii
1848 822 1953 847 divinae
1978 821 2085 847 bonitati
2108 823 2245 847 conserunt

1609 864 1659 889 433
1679 865 1707 890 21
1732 878 1767 884 --
1786 866 1845 897 Dei,
1864 866 1911 891 etsi
1931 866 2050 892 dicantur
2071 866 2188 897 inutiles,
2210 868 2245 891 ta-

1609 915 1669 934 men
1688 915 1769 940 opera
1788 916 1880 935 eorum
1899 910 1970 935 utilia
1989 910 2039 936 sibi
2057 913 2118 936 sunt
2135 909 2245 936 ibid.—

1607 953 1671 978 Male
1699 953 1820 979 servienti
1846 954 1972 979 Dominus
1991 954 2167 979 comminatur
2185 961 2245 986 sup·

1608 997 1713 1029 plicium
1735 999 1767 1023 Vi
1786 998 1838 1023 576
1857 998 1874 1023 7
1892 1012 1928 1017 —
1947 998 2002 1023 Non
2024 998 2166 1024 servientes
2191 998 2245 1024 Deo

1607 1042 1725 1075 sequitur
1743 1042 1861 1068 confusio
1876 1041 1938 1068 ibid.
1956 1056 1992 1062 -
2010 1042 2167 1076 Relinquere
2181 1042 2246 1068 divi-

1607 1092 1669 1111 num
1690 1086 1825 1112 servitium
1845 1090 1870 1112 et
1887 1087 1981 1112 iterum
2011 1094 2039 1112 se
2062 1086 2096 1112 ad
2115 1086 2246 1112 mundum

1607 1131 1761 1156 convertere
1780 1130 1938 1162 prohibitum
1959 1134 1998 1156 est
2017 1131 2058 1156 Vll
2078 1131 2129 1156 252
2150 1131 2201 1155 110

1660 1187 1695 1193 -
1714 1175 1762 1199 Per
1780 1175 1943 1200 vocationem
1970 1181 2107 1200 servorum
2126 1174 2246 1205 intelllgi-

1607 1225 1667 1243 mus
1686 1218 1851 1243 vocationem
1874 1218 2086 1249 praedicatorum
2106 1220 2131 1242 et
2150 1217 2247 1249 praela-

1608 1265 1693 1287 torum
1714 1262 1757 1287 Vll
1778 1261 1828 1287 478
1850 1262 1882 1287 17
1896 1275 1930 1281 ·—
1943 1262 2065 1287 dicuntur
2083 1268 2141 1287 esse
2154 1261 2246 1287 decem

1609 1305 1659 1331 479
1683 1306 1712 1330 19

1661 1363 1696 1369 --
1716 1350 1817 1381 primus
1836 1350 1931 1376 dicitur
1950 1350 1991 1376 iile
2010 1350 2052 1376 cui
2072 1350 2158 1382 primo
2176 1356 2246 1375 com-

1609 1394 1718 1420 missum
1738 1397 1776 1420 est
1795 1394 1996 1427 praedicationis
2008 1395 2123 1420 officium
2138 1394 2179 1420 Vll
2194 1394 2240 1420 481

1610 1439 1643 1464 26
1663 1453 1697 1457 ——
1716 1439 1818 1471 primus
1846 1442 1884 1465 est
1911 1439 1976 1465 ordo
1996 1439 2135 1465 doctorum
2155 1439 2179 1464 in
2199 1438 2246 1464 cir-

1609 1484 1797 1510 cumcisionem
1826 1484 1921 1510 missus
1949 1483 2011 1510 ibid.
2035 1498 2070 1503 —
2098 1484 2143 1516 qui
2167 1482 2246 1508 habet

1609 1529 1700 1555 decem
1721 1536 1795 1555 mnas
1814 1528 1934 1560 designat
1955 1529 2074 1555 ordinem
2093 1534 2185 1553 eorum
2201 1527 2247 1560 qui

1610 1573 1714 1599 ludaico
1733 1574 1832 1605 populo
1851 1573 2070 1605 praedicaverunt
2089 1572 2140 1598 485
2159 1572 2192 1597 37
2212 1586 2247 1589 -

1610 1618 1701 1644 deceni
1721 1625 1796 1643 mnas
1815 1618 1955 1651 acquisivit
1973 1620 2081 1650 propter
2100 1616 2247 1643 conversio-

1610 1669 1670 1688 nem
1689 1669 1781 1688 eorum
1801 1662 1845 1695 qui
1865 1665 1938 1688 erant
1956 1661 2006 1687 sub
2025 1662 2095 1693 Lege
2115 1661 2160 1686 481
2185 1661 2218 1686 26

1662 1720 1697 1726 —-
1716 1706 1819 1738 plebem
1847 1706 2001 1739 acquisitam
2031 1705 2140 1730 Domino
2173 1705 2248 1730 011011

1611 1754 1735 1783 tanquam
1756 1750 1877 1775 meritum
1906 1750 1950 1775 Vll
1979 1749 2024 1774 481
2056 1750 2088 1774 26
2107 1763 2142 1767 -—-
2162 1748 2248 1774 bonus

1610 1795 1704 1821 dicitur
1732 1794 1758 1820 in
1786 1793 1914 1826 obsequio
1942 1793 2061 1819 faciendo
2089 1792 2140 1818 482
2160 1792 2193 1818 27
2212 1806 2247 1811 -

1611 1839 1694 1865 [idelis
1713 1839 1808 1865 dicitur
1828 1838 1853 1864 in
1872 1838 2013 1876 commisso
2027 1837 2157 1863 servando
2171 1840 2196 1862 et
2209 1837 2248 1862 di-

1610 1883 1760 1916 spensando
1774 1882 1841 1910 ibid.
1859 1897 1894 1902 —
1913 1883 1997 1908 fidelis
2016 1882 2168 1914 simpliciter
2186 1881 2248 1908 diei-

1611 1931 1653 1954 tur
1672 1928 1717 1961 qui
1736 1927 1886 1953 fidelitatem
1899 1930 1987 1953 servat
2001 1927 2070 1952 circa
2089 1933 2171 1958 parva
2185 1927 2246 1952 tide-

1611 1972 1667 1998 iiter
1686 1972 1743 1998 aliis
1769 1971 1987 2000 communicanda
2015 1970 2077 1997 ibid.
2102 1984 2137 1990 —
2155 1970 2248 1996 decem

1611 2017 1733 2043 dicuntur
1745 2016 1831 2043 vocati
1845 2019 1952 2049 propter
1965 2015 2158 2041 universitatem
2173 2022 2246 2047 prae-

1604 2061 1757 2088 dicatorum
1777 2060 1827 2086 483
1848 2061 1876 2086 31

1663 2119 1699 2125 -
1718 2106 1800 2131 Serva
1819 2105 1896 2136 pigro
1916 2104 1984 2130 dona
1998 2110 2120 2129 concessa
2140 2106 2248 2136 propter

1611 2149 1812 2182 negligentiam,
1838 2148 1966 2174 desidiam
1986 2151 2011 2173 et
2030 2147 2183 2173 abusionem
2203 2155 2249 2174 au-

1612 2195 1726 2220 ferentur
1753 2193 1797 2218 Vli
1826 2192 1877 2218 485
1896 2191 1930 2217 37
1948 2205 1984 2211 -
2003 2192 2078 2224 piger
2096 2199 2125 2218 se
2143 2195 2252 2220 excusat

1611 2245 1659 2270 per
1684 2238 1804 2263 timorem
1826 2236 1876 2262 484
1896 2236 1929 2262 34
1948 2250 1983 2255 -
2003 2237 2077 2268 piger
2096 2244 2124 2262 se
2143 2240 2249 2263 excusat

1611 2281 1743 2315 nequiter.
1770 2281 1830 2314 quia
1860 2281 1964 2313 cuipam
1994 2288 2057 2307 suae
2075 2281 2248 2314 negligentiae

1611 2326 1722 2358 imponit
1740 2325 1883 2351 austeritati
1903 2325 2002 2351 domini
2029 2326 2167 2351 iudicantis
2185 2324 2248 2352 ibid.

1610 2384 1645 2390 —
1664 2371 1734 2403 piget
1758 2377 1787 2396 se
1805 2373 1910 2396 excusat
1928 2370 2092 2402 insipienter,
2111 2370 2173 2403 quia
2186 2376 2247 2395 cum

1611 2414 1719 2441 deberet
1738 2415 1809 2448 ioqui
1829 2422 1878 2447 pro
1897 2421 1938 2447 se,
1967 2414 2082 2448 loquitur
2110 2417 2200 2439 contra
2219 2421 2247 2440 se

1611 2459 1672 2486 ibid.
1693 2474 1725 2478 —
1744 2459 1839 2485 dicitur
1858 2466 1984 2492 nequam,
2013 2458 2074 2491 quia
2099 2458 2174 2491 pige-r
2193 2461 2248 2483 erat

1610 2504 1638 2530 in
1656 2504 1827 2536 negligendo,
1847 2503 1978 2535 superbus
1998 2503 2022 2528 in
2041 2508 2069 2528 se
2082 2502 2248 2528 iustificando

1611 2553 1636 2575 et
1655 2555 1767 2581 nequam
1787 2548 1925 2573 dominum
1945 2546 2093 2572 accusando
2111 2545 2146 2572 ib.
2165 2546 2200 2572 35
2212 2561 2248 2565 -

1612 2593 1695 2625 piger,
1709 2592 1774 2617 dum
1793 2598 1822 2616 se
1840 2591 1923 2617 credit
1942 2590 2094 2621 iustificare,
2114 2591 2201 2623 potius
2219 2597 2247 2616 se

1611 2636 1745 2662 accusavit
1771 2634 1832 2661 ibid.
1852 2649 1886 2653 —
1905 2635 1970 2661 dum
1988 2635 2115 2661 iudicium
2134 2638 2159 2661 et
2177 2641 2248 2661 seve-

1611 2680 1713 2706 ritatem
1733 2679 1780 2705 Dei
1798 2679 1909 2705 ostendit
1922 2686 1950 2705 50
1962 2679 2037 2712 scire,
2056 2679 2171 2712 loquitur
2190 2685 2248 2705 con·

1613 2728 1650 2749 tra
1669 2730 1698 2750 se
1717 2722 1779 2749 ibid.

1664 2782 1699 2786 --
1727 2767 1885 2793 centurionis
1912 2771 2018 2793 curatus
2046 2774 2060 2793 a
2089 2767 2191 2793 Christo
2209 2770 2248 2793 est

1613 2811 1695 2843 figura
1715 2812 1855 2838 curationis
1874 2812 1965 2844 populi
1991 2811 2094 2844 gentilis
2113 2814 2138 2836 et
2160 2817 2248 2842 pecca-

1612 2856 1674 2882 toris
1693 2856 1736 2882 vu
1756 2856 1806 2881 169
1827 2856 1869 2887 17,
1890 2856 1922 2881 18

1665 2902 1748 2927 Sessio
1767 2914 1802 2920 —·
1820 2901 1847 2926 in
1868 2900 1921 2926 Deo
1940 2907 1991 2926 non
2011 2900 2072 2926 dicit
2091 2899 2247 2932 positionem

1611 2944 1733 2977 localem,
1753 2945 1799 2970 sed
1819 2944 1905 2976 potius
1924 2951 2055 2970 summam
2075 2944 2198 2977 quietem,
2212 2943 2248 2969 dl-

1612 2989 1736 3021 110110ιο10
1764 2992 1790 3014 01
1808 2988 2002 3019 auctoritatem,
2020 2995 2052 3014 ac
2072 2995 2119 3020 per
2138 2989 2188 3013 1100
2207 2994 2248 3013 ae-

1611 3033 1761 3066 qualitatem
1782 3033 1822 3058 Vll
1843 3032 1893 3059 517
1914 3032 1946 3058 48

1664 3078 1805 3103 severitus
1823 3090 1858 3096 —
1877 3076 2013 3102 severitati
2042 3075 2120 3102 debet
2139 3076 2248 3107 adiungi

1612 3121 1694 3153 pietas
1714 3121 1756 3147 Vll
1775 3121 1809 3147 73
1833 3120 1863 3146 14

1666 3166 1746 3191 Sexus
1763 3178 1798 3184 —
1818 3168 1928 3197 uterque
1947 3164 2081 3196 spectabat
2100 3164 2133 3190 ad
2147 3164 2247 3190 redem-

1612 3209 1743 3241 ptionem,
1762 3209 1829 3235 sicut
1848 3212 1958 3242 uterque
1985 3208 2115 3234 ceciderat
2142 3207 2185 3233 Vll
2213 3208 2247 3233 62

1612 3254 1656 3279 81.
1676 3254 1725 3279 108
1746 3253 1778 3278 80

1665 3298 1757 3323 51011Αο
1776 3309 1811 3317 -—
1830 3299 1885 3322 erat
1898 3296 1989 3322 civitas
2003 3296 2134 3322 Samariae
2148 3296 2179 3321 Vt
2197 3296 2247 3321 290

1613 3342 1627 3367 6
1649 3356 1681 3360 -
1701 3342 1725 3367 10
1744 3341 1832 3373 lingua
1860 3340 1998 3367 chaldaica
2024 3343 2063 3366 cst
2090 3340 2192 3366 Sichem
2220 3339 2247 3364 in

1613 3386 1701 3418 lingua
1720 3384 1838 3411 Hebraea
1857 3383 1918 3411 ibid.
