2476 3921
10 892 78 917 :Primo
86 891 154 913 auser-

10 923 42 941 ‘zur
50 918 150 940 sollicitu-

14 945 79 994 :ignee
93 944 150 973 pm-

13 1264 107 1296 ‘ormidq
112 1270 148 1296 au-

10 1294 73 1341 {aar
81 1291 149 1319 tripli-

8 2172 80 2194 :enlra
95 2172 152 2195 solii-

18 2199 133 2221 citudinem

6 2225 145 2254 ‹super-fluam.

767 208 962 242 COMMENT.
987 209 1024 242 lN
1047 210 1288 244 EVANGELlUM
1313 212 1430 245 LUCAE
1455 213 1486 245 C.
1512 214 1571 246 ΧΠ.

172 298 253 331 hanc
277 298 394 341 peccati
419 297 694 331 irremissibilitas:
719 297 788 331 ideo
804 298 999 340 blasphemia
1021 298 1052 331 in
1070 298 1135 341 Spi-

173 352 269 385 ritum
293 355 436 385 sanctum
460 361 523 384 non
547 351 727 385 remittetur
741 353 762 384 ¹.

203 448 358 494 'Informatio
377 465 472 502 duplex
491 466 524 494 ad
543 466 711 494 securitatem
730 468 821 494 cantra
839 466 1096 502 pusillanimitatem.

264 567 312 598 17.
338 566 440 608 (Vers.
469 565 543 607 11.).
571 565 654 599 Cum
678 570 791 598 autem
815 566 972 598 inducent
994 574 1052 598 vos
1073 568 1132 598 etc.

170 618 224 652 Hic
248 618 309 651 iam
333 622 448 661 quarto
472 619 619 652 hortatur
643 618 682 652 ad
706 617 894 651 habendam
920 617 1133 651 securitatem

171 675 289 704 contra
316 671 630 713 pusillanimitatem
647 672 668 704 ².
694 672 756 704 Hoc
787 675 894 704 autem
919 671 993 704 facit
1014 671 1132 713 duplici

169 725 235 764 via,
258 725 377 758 scilicet
399 724 583 768 auferendo
602 725 858 761 sollicitudinem
880 725 919 758 de
936 724 1086 767 periculo
1102 727 1135 758 et

169 776 366 821 conserendo
388 778 617 811 certitudinem
642 778 681 811 de
701 778 884 821 praesidio.

259 831 363 864 Primo
386 830 484 873 igitur
507 830 620 873 aufert
640 831 895 864 sollicitudinem
918 832 958 864 de
970 831 1132 874 periculo,

168 893 241 918 cum
265 884 358 917 dicit:
378 884 460 917 Cum
486 889 598 917 autem
622 884 778 917 inducent
800 894 858 918 vos
882 885 917 917 in
940 895 1134 928 sisnayoyas

167 942 196 971 et
220 938 267 970 ad
289 938 513 980 magistratus
535 942 565 971 et
584 942 776 981 potestates;
799 939 831 971 in
855 948 920 981 quo
944 939 1062 978 innuit,
1086 939 1133 972 di-

169 991 308 1034 scipulos
334 991 569 1024 tribulationem
602 1001 753 1034 passuros
776 1001 795 1024 a
818 992 940 1025 ludaeis
970 997 1001 1025 et
1032 993 1134 1035 genti-

170 1045 239 1078 bus.
266 1044 352 1078 Unde
376 1044 521 1078 Matthaei
546 1044 692 1078 decimo³
716 1044 832 1078 dicitur
849 1045 909 1078 hoc
932 1046 1130 1088 expressius:

171 1111 187 1128 «
204 1098 341 1131 Tradent
357 1098 440 1131 enim
458 1107 515 1131 vos
538 1098 569 1131 in
587 1098 726 1132 conciliis
742 1102 773 1131 et
789 1098 819 1131 in
837 1099 1003 1141 synagogis
1020 1113 1035 1129 »
1056 1102 1130 1138 etc.;

166 1152 250 1185 unde
273 1152 306 1185 in
330 1152 466 1185 Psalmo:
487 1165 503 1181 α
520 1152 695 1185 Astiterunt
719 1161 810 1195 reges
834 1156 938 1186 terrae
954 1166 969 1182 »
999 1156 1058 1186 etc.

258 1202 307 1238 1‘8.
332 1205 369 1238 Et
385 1209 472 1244 nota,
497 1205 581 1247 quod
602 1205 663 1238 tria
682 1215 799 1248 genera
822 1214 1030 1248 personarum
1053 1215 1130 1239 enu-

165 1262 281 1298 merat,
306 1267 411 1292 coram
436 1259 554 1302 quibus
584 1259 731 1292 formidat
755 1260 849 1292 homo
877 1260 981 1302 loqui,
1013 1260 1131 1293 scilicet

167 1322 273 1346 coram
298 1312 430 1352 multis,
454 1321 561 1346 coram
584 1313 704 1356 peritis
719 1316 750 1346 et
774 1322 879 1346 coram
904 1313 1048 1356 magnis.
1073 1314 1129 1346 Co-

167 1375 235 1399 ram
252 1366 381 1405 miultis,
407 1375 479 1399 cum
497 1366 586 1399 dicit:
612 1367 651 1399 In
667 1366 869 1410 synayoyis;
886 1370 1060 1409 quocontra
1079 1366 1130 1399 lob

167 1420 329 1462 trigesimo
353 1419 497 1462 prim04:
528 1432 544 1449 «
561 1419 591 1452 Si
616 1419 730 1461 expavi
759 1419 797 1452 ad
823 1419 1056 1453 multitudinem
1082 1420 1129 1452 ni-

167 1473 280 1512 miam,
305 1476 336 1506 et
359 1473 517 1515 despectio
540 1473 794 1515 propinquorum
812 1473 927 1506 terruit
950 1482 1001 1506 me
1017 1486 1048 1505 ».
1073 1474 1130 1506 Co-

166 1536 233 1560 ram
255 1526 391 1569 peritis,
420 1526 504 1559 unde
526 1526 628 1559 addit:
653 1526 700 1559 ad
726 1526 968 1569 mayistratus;
995 1528 1130 1560 Actuum

165 1580 298 1623 quinto:
328 1593 344 1609 «
365 1580 453 1612 Tunc
476 1579 553 1612 abiit
577 1579 779 1622 magistratus
810 1588 882 1612 cum
914 1579 1068 1612 ministris
1099 1583 1130 1613 et

165 1634 370 1667 adduxerunt
393 1633 554 1676 Apostolos
567 1647 597 1665 ιι.
614 1633 725 1666 Coram
743 1633 893 1676 may-nis,
918 1642 990 1666 cum
1008 1633 1129 1666 subdit:

165 1691 193 1721 et
213 1690 404 1730 potestates;
427 1686 467 1719 ad
491 1687 644 1719 Romanos
667 1686 788 1719 decimo
805 1686 918 1719 tertio:
950 1700 965 1715 «ι
983 1686 1036 1720 Vis
1067 1696 1130 1720 non

166 1741 278 1774 timere
308 1743 521 1783 potestatem?
552 1740 672 1775 Bonum
703 1739 752 1772 fac
776 1752 806 1772 ι».
833 1740 926 1772 Primi
959 1750 1022 1773 non
1055 1744 1131 1774 sunt

165 1793 312 1833 timendi,
343 1793 419 1836 quia
452 1806 468 1822 «
491 1793 600 1835 plures
630 1792 795 1826 nobiscum
813 1806 848 1832 υ,
872 1793 978 1836 quarti
1011 1794 1130 1836 Regum

165 1849 257 1881 sexto
270 1847 297 1886 ⁵;
322 1846 451 1880 secundi
468 1837 545 1885 n'on,
562 1846 637 1889 quia
653 1846 841 1888 prudentior
856 1846 1038 1887 nobiscum,
1054 1847 1131 1890 quia

165 1901 298 1934 Actuum
324 1903 429 1934 sexto:
454 1913 469 1929 n
491 1899 556 1932 Non
574 1903 720 1942 poterant
744 1899 892 1933 resistere
912 1900 1084 1943 sapientiae
1099 1905 1131 1935 et

166 1953 290 1997 spiritui
316 1966 332 1983 ιο
360 1956 441 1992 etc.;
471 1953 614 1986 similiter
646 1962 704 1986 nec
727 1953 830 1993 tertii;
855 1954 977 1996 primae
1008 1955 1131 1988 Ioannis

165 2011 295 2051 quarto:
325 2020 340 2036 α
354 2007 478 2040 Vicistis
494 2016 562 2047 eos,
587 2007 735 2049 quoniam
759 2007 861 2041 maior
883 2011 932 2041 est
955 2009 1059 2052 quiin
1076 2018 1130 2042 vo-

165 2061 214 2095 bis
237 2065 299 2100 est,
323 2070 418 2103 quam
444 2060 499 2103 qui
523 2060 554 2093 in
579 2060 699 2094 mundo
714 2074 747 2092 ».

258 2115 308 2147 19.
326 2114 362 2147 Et
378 2114 527 2157 quoniam
545 2113 723 2156 periculum
739 2117 787 2148 est
802 2115 889 2158 loqui
910 2115 941 2148 in
955 2119 1130 2158 conspectu

164 2167 377 2201 multitudinis
399 2167 611 2207 observantis;
636 2171 667 2201 et
690 2168 868 2210 periculum
893 2168 1015 2202 inducit
1038 2169 1130 2202 timo-

164 2230 247 2260 rem,
270 2223 303 2254 et
322 2221 416 2254 timor
436 2221 693 2261 sollicitudinem,
717 2224 749 2254 et
770 2221 948 2254 sollicitudo
968 2221 1129 2264 inquietu-

164 2275 284 2314 dinem,
316 2279 348 2308 et
370 2275 557 2317 inquietudo
588 2275 820 2314 turbationem,
848 2279 880 2308 et
911 2275 1051 2308 turbatio
1081 2278 1130 2309 est

164 2328 286 2362 occasio
308 2328 521 2370 impatientiae
544 2331 576 2361 et
591 2328 718 2362 ruinae:
740 2328 809 2361 ideo
833 2331 961 2361 revocat
976 2337 996 2360 a
1019 2337 1129 2371 super-

164 2382 229 2415 flua
253 2381 480 2421 sollicitudine,
504 2391 577 2415 cum
609 2382 737 2415 subdit:
762 2381 867 2414 Nolite
886 2381 1021 2414 solliciti
1042 2391 1127 2422 esse,

164 2435 323 2480 qualiter,
348 2440 410 2469 aut
432 2435 514 2479 quid
546 2435 792 2478 respondeatis,
817 2434 935 2468 scilicet
963 2448 979 2463 «
996 2435 1129 2468 interro-

163 2489 311 2532 gantibus
328 2503 344 2519 n
364 2489 534 2529 malitiose,
559 2493 620 2522 aut
643 2489 725 2533 quid
740 2489 879 2527 dicatis,
897 2488 1016 2522 scilicet
1044 2502 1060 2518 «
1073 2499 1127 2522 vo-

235 2710 244 2725 ¹
265 2710 317 2738 Cir.
335 2711 363 2737 ΙΙ.
384 2711 454 2737 Seni.
473 2711 500 2737 d.
519 2710 562 2737 43.
581 2718 603 2736 a.
624 2710 648 2737 2.
668 2718 695 2744 q.
716 2711 739 2736 l.
754 2718 815 2746 ¹seq.

235 2753 246 2770 ²
267 2755 333 2782 Vide
352 2762 431 2787 supra
451 2762 476 2781 n.
497 2756 520 2781 i.

235 2798 247 2814 ⁸
266 2800 342 2827 Vers.
362 2800 409 2831 ⁴7,
428 2800 472 2826 cui
490 2799 659 2833 subiungitur
678 2801 719 2826 Ps.
738 2801 769 2831 2,
789 2801 819 2832 25
839 2801 885 2826 cfr.
905 2801 962 2827 Act.
982 2801 1012 2833 t,
1031 2802 1074 2827 26.

235 2843 247 2858 ⁴
266 2845 341 2870 Vei-s.
361 2844 404 2870 34.
416 2858 452 2864 —
465 2844 588 2878 Sequitur
601 2845 656 2871 Aet.
676 2845 708 2876 5,
720 2845 770 2870 26:
793 2854 805 2868 ε
818 2845 893 2871 Tunc
911 2845 975 2872 abiit
993 2846 1129 2879 magistra-

164 2892 206 2915 tus
225 2895 286 2914 cum
306 2889 444 2920 ministris,
463 2892 489 2915 et
500 2889 608 2915 adduxit
620 2889 678 2915 illos
690 2889 747 2915 sine
757 2890 800 2922 ⁴vi;
814 2889 943 2916 timebant
959 2890 1029 2916 enim
1043 2898 1129 2923 popu-

165 2934 232 2964 lum,
246 2940 278 2958 ne
291 2933 468 2965 lapidarentur
481 2943 494 2957 n
504 2943 511 2964 ;
528 2941 609 2967 quem
628 2941 735 2960 versum
754 2934 959 2961 coniecturando
976 2935 1127 2968 posuimus,

164 2977 242 3004 codd.
253 2977 384 3011 siquidem
395 2981 519 3010 corrupte
531 2979 635 3010 legunt:
647 2977 719 3005 unde
728 2977 817 3005 addit:
827 2977 865 3005 ad
874 2978 1053 3012 mayistraens
1064 2986 1127 3007 cum

164 3020 299 3048 universis
318 3020 390 3055 [cum
404 3021 559 3056 ministrist]
578 3024 604 3049 et
620 3021 798 3049 adduxerunt
815 3022 966 3056 Apostolos.
987 3024 1127 3050 Vaticana:

166 3065 241 3092 Unde
266 3065 295 3092 in
318 3065 427 3093 Actibus
452 3066 632 3094 adduxerunt
653 3066 796 3101 Apostolos
820 3066 857 3094 ud
878 3067 1066 3101 mayistratus.
1093 3082 1127 3087 —

166 3110 284 3136 Subinde
309 3111 435 3142 allegatur
460 3112 536 3138 Rom.
557 3112 605 3143 ⁴3,
630 3112 660 3143 3,
680 3111 704 3137 in
723 3111 799 3137 cuius
817 3111 870 3137 ssne
888 3111 968 3138 CDF
986 3113 1057 3139 Bene
1074 3112 1127 3147 sac.

165 3168 200 3174 -—
223 3155 312 3181 Glossa
332 3154 532 3182 interlinearis.-
552 3155 620 3183 Cum
644 3157 749 3188 autem,
768 3158 858 3182 contra
878 3158 991 3183 terrores
1009 3158 1128 3184 consola-

165 3199 215 3231 tio,
234 3198 361 3226 inducent
377 3206 439 3232 vos,
458 3203 487 3226 ut
500 3207 543 3226 me
555 3200 671 3232 negetis,
689 3199 718 3226 in
736 3207 906 3235 squoqas,
925 3192 1046 3233 publicos
1064 3209 1127 3228 con-

165 3246 273 3275 ventus,
287 3242 360 3270 etad
376 3243 568 3278 manis-tratas,
591 3244 724 3277 principes
741 3251 907 3277 synagogae,
926 3246 952 3272 ct
965 3247 1126 3280 potestates,

164 3287 264 3319 regiam
284 3290 455 3320 potestatem,
473 3288 555 3315 nolite
577 3288 686 3316 solliciti
702 3295 759 3316 esse
776 3292 824 3315 etc.
846 3288 892 3322 (ita
911 3289 955 3322 ΙΙ).

234 3331 247 3346 ⁶
265 3332 340 3359 Vers.
353 3332 394 3358 i6.
403 3346 440 3352 —
451 3332 569 3360 Subinde
578 3334 723 3366 allegantur
736 3334 791 3360 Act.
805 3334 820 3359 6
829 3354 835 3366 ,
850 3334 893 3360 io.
905 3337 931 3361 et
943 3336 960 3361 l.
972 3336 1042 3361 ioan.
1056 3335 1085 3368 4,
1101 3335 1124 3361 4.

238 3373 250 3389 ⁶
268 3376 303 3402 lta
323 3376 413 3403 Glossa
440 3375 637 3404 interlinearis:
657 3377 745 3405 Nolite
771 3377 881 3404 solliciti
896 3384 967 3410 esre,
992 3378 1125 3413 qualiter,

2091 216 2155 249 3'15

1199 299 1336 333 lentibus
1359 301 1544 334 addiscere⁸
1559 314 1589 341 »;
1615 303 1646 335 in
1674 312 1739 345 quo
1763 303 1860 336 verbo
1884 313 1946 336 non
1974 304 2053 337 tollit
2076 305 2159 338 solli-
2174 313 2255 339 numu
2270 314 2327 335 wni-

1198 352 1369 385 citudinem
1393 354 1715 393 studiositatis‚.sed
1739 356 1955 388 curiositatis.
1983 357 2027 390 De
2043 367 2107 399 qua
2123 358 2161 390 ad
2207 340 2286 361 ⁰¹⁰⁶&

1198 405 1413 448 Philippenses
1447 411 1579 448 quarto:
1617 408 1731 441 «Nihil
1767 409 1888 442 solliciti
1925 410 2008 449 sitis,
2044 411 2096 444 sed
2130 411 2160 444 in

1197 459 1283 491 omni
1307 458 1449 492 oratione
1473 468 1545 492 cum
1570 461 1745 502 gratiarum
1774 462 1895 495 actione
1920 463 2084 504 petitiones
2109 473 2160 497 ve-

1198 515 1283 544 strae
1306 511 1502 545 innotescant
1533 513 1617 555 apud
1649 514 1748 547 Deum
1767 527 1797 553 1>;
1823 516 1915 557 quia,
1940 516 2022 549 sicut
2045 517 2160 550 dicitur

1199 564 1299 597 iacobi
1326 565 1445 607 primo,
1475 579 1489 594 α
1507 566 1532 599 si
1557 567 1629 608 quis
1661 570 1801 601 vestrum
1838 569 1955 611 indiget
1990 571 2159 612 sapientia,

1198 618 1336 660 postulet
1366 628 1385 651 a
1419 619 1516 652 Deo»
1545 623 1602 653 etc.
1636 621 1672 653 Et
1708 621 1783 654 illud
1821 623 1958 655 maxime
1983 623 2159 657 faciendum
2180 629 2309 652 Nomadum-

1198 675 1245 704 est
1269 671 1301 704 in
1324 672 1460 705 articulo
1484 673 1693 713 necessitatis,
1720 674 1771 706 ubi
1803 684 1864 707 non
1890 680 1935 708 est
1959 677 2159 718 quaerendus

1197 728 1330 758 ornatus
1353 726 1524 759 verborum
1549 736 1590 759 ac
1610 727 1805 769 profunditas
1829 729 2074 768 sententiarum,
2103 731 2156 763 sed

1198 788 1286 812 mera
1310 783 1341 812 et
1365 779 1499 822 simplex
1524 780 1594 813 sulei
1620 781 1735 814 veritas
1759 790 1830 814 cum
1857 783 1956 815 multa
1984 784 2158 817 constantia

1198 836 1229 865 et
1252 832 1377 866 fervore
1409 834 1547 875 prolata;
1580 834 1669 867 iuxta
1705 835 1788 879 quod
1820 835 1935 868 dicitur
1967 836 2087 878 primae
2118 838 2157 870 ad

1198 884 1376 918 Corinthios
1407 887 1584 919 secundo⁷:
1618 888 1759 920 «Sermo
1794 891 1901 921 noster
1933 899 1994 921 nou
2030 889 2090 922 fuit
2125 891 2156 923 in

1198 939 1459 982 persuasibilibus
1483 940 1638 973 humanae
1662 940 1831 982 sapientiae
1848 942 1953 975 verbis
1969 956 1984 971 n
2014 947 2072 975 etc.
2092 943 2155 976 Non

1198 997 1304 1027 autem
1340 994 1472 1026 intendit
1508 994 1670 1027 retrahere
1693 1003 1712 1027 a
1746 995 1857 1027 studio
1880 997 2050 1035 veritatis,
2084 1006 2156 1030 cum

1197 1047 1263 1090 ipse
1286 1047 1368 1080 dicat
1400 1048 1520 1080 loannis
1551 1047 1679 1090 quinto:
1711 1061 1726 1076 «
1743 1049 1934 1082 Scrutamini
1959 1050 2157 1092 Scripturas,

1196 1100 1227 1133 in
1251 1100 1368 1142 quibus
1392 1100 1509 1142 putatis
1533 1101 1627 1133 vitam
1652 1105 1812 1134 aeternam
1838 1102 1954 1135 habere
1973 1115 2002 1141 »;
2033 1103 2086 1136 sed
2111 1104 2158 1136 in-

1196 1154 1294 1187 tendit
1318 1154 1527 1196 persuadere,
1553 1158 1588 1187 ut
1620 1155 1714 1188 homo
1739 1155 1769 1188 in
1795 1156 1937 1197 periculo
1961 1157 2071 1190 mortis
2096 1168 2157 1190 uon

1196 1207 1331 1240 confidat
1354 1207 1392 1240 de
1416 1207 1540 1249 ingenio
1552 1234 1559 1246 ,
1584 1208 1659 1250 quia
1676 1209 1770 1241 homo
1787 1209 1891 1242 deficit
1908 1209 1939 1242 in
1956 1210 2156 1251 inveniendo,

1195 1260 1314 1293 fallitur
1339 1260 1370 1293 in
1394 1260 1578 1300 iudicando,
1603 1265 1634 1294 et
1658 1261 1727 1295 ideo
1758 1262 1862 1295 deviat
1886 1263 2086 1306 frequenter,
2111 1265 2157 1297 in-

1194 1314 1298 1347 nitens
1321 1314 1445 1356 ingenio
1469 1323 1537 1347 suo.
1564 1315 1694 1357 Propter
1718 1315 1802 1357 quod
1827 1316 2069 1350 Proverbiorum
2096 1321 2157 1351 ter-

1194 1367 1237 1399 tio
1250 1367 1280 1399 ⁸:
1310 1380 1325 1396 κ
1342 1367 1425 1400 Habe
1449 1367 1597 1400 fiduciam
1623 1368 1654 1400 iu
1679 1368 1810 1401 Domino
1834 1378 1875 1401 ex
1893 1373 1958 1401 toto
1976 1370 2068 1402 corde
2087 1374 2155 1409 tuo,

1194 1422 1225 1452 et
1249 1429 1288 1452 ne
1311 1419 1456 1452 innitaris
1479 1420 1665 1462 prudentiae
1691 1424 1762 1454 tuae
1778 1435 1808 1453 ».

1285 1475 1337 1506 20.
1363 1474 1464 1515 (Vers.
1494 1475 1568 1515 12).
1600 1475 1742 1507 Secundo
1777 1475 1896 1508 confert
1928 1476 2156 1509 certitudinem
2169 1482 2321 1529 {eefndocogz-

1194 1527 1233 1559 de
1254 1526 1445 1569 praesidio,
1482 1536 1553 1560 cuin
1579 1527 1703 1560 subdit:
1728 1528 1878 1570 Spiritus
1902 1529 1987 1561 enim
2019 1534 2156 1562 sauctus
2185 1514 2242 1528 “m
2259 1514 2321 1529 κη’

1194 1580 1320 1613 docebit
1341 1591 1398 1613 vos
1422 1581 1458 1613 in
1483 1581 1559 1623 ipsu.
1583 1580 1686 1620 liora,
1719 1582 1828 1625 quae⁹
1853 1587 2000 1624 oporteat
2024 1593 2080 1615 vos
2105 1583 2154 1616 di-

1195 1644 1275 1666 cere.
1301 1634 1355 1667 Hic
1389 1638 1494 1668 autem
1532 1635 1667 1677 Spiritus
1691 1638 1738 1668 cst
1766 1635 1905 1678 optimus
1929 1636 2055 1676 doctor,
2080 1637 2154 1679 quia

1194 1687 1285 1720 docet
1308 1687 1468 1720 hominem
1494 1687 1672 1731 intelligere
1687 1691 1718 1721 et
1734 1693 1851 1721 ornate
1866 1689 2059 1731 exprimere.
2079 1690 2152 1722 Pro-

1194 1744 1265 1783 pter
1282 1741 1420 1783 primum
1438 1741 1554 1774 dicitur
1571 1741 1624 1774 lob
1640 1741 1800 1784 trigesimo
1817 1743 1953 1775 secundo
1962 1743 2001 1775 ¹⁰:
2025 1757 2040 1772 «
2057 1743 2153 1785 Inspi-

1195 1794 1276 1827 ratio
1311 1794 1541 1837 Omnipotentis
1575 1795 1629 1828 dat
1662 1795 1898 1838 intelligentiam
1917 1808 1946 1835 »;
1971 1800 2002 1829 et
2034 1797 2155 1830 loannis

1194 1848 1316 1881 decimo
1341 1851 1449 1881 sexto:
1479 1861 1495 1886 α,
1511 1848 1589 1881 Cum
1616 1849 1737 1881 venerit
1760 1849 1811 1881 ille
1840 1849 1975 1891 Spiritus
1999 1850 2155 1889 veritatis,

1194 1902 1318 1935 docebit
1341 1911 1397 1935 vos
1419 1911 1544 1935 omnem
1570 1902 1733 1935 veritatem
1750 1916 1781 1941 n,
1806 1903 1897 1944 quia,
1922 1903 2004 1935 sicut
2023 1903 2154 1936 *dicitur

1194 1955 1316 1998 primae
1339 1955 1378 1988 ad
1393 1955 1573 1988 Corinthios
1588 1955 1740 1993 secundo,
1763 1969 1779 1984 «
1795 1955 1930 1998 Spiritus
1945 1957 2050 1989 omnia
2066 1966 2156 1990 scru-

1195 2012 1300 2049 tatur,
1324 2010 1418 2043 etiam
1444 2009 1600 2052 profunda
1627 2009 1681 2042 Dei
1700 2023 1729 2041 n.
1756 2010 1886 2052 Propter
1909 2010 2083 2043 secuudum
2108 2010 2154 2043 di-

1194 2063 1278 2096 citur
1313 2063 1488 2105 Sapientiae
1525 2062 1645 2095 decimo
1659 2063 1701 2094 ¹¹:
1740 2062 1927 2104 «Sapientia
1961 2064 2087 2105 aperuit
2118 2073 2154 2097 os

1195 2119 1391 2149 mutorum»
1430 2118 1508 2155 etc.;
1539 2118 1571 2148 et
1602 2115 1746 2148 Matthaei
1781 2115 1920 2149 decimo:
1961 2130 1976 2145 «
1995 2117 2055 2150 Vos
2091 2127 2153 2150 uon

1194 2169 1284 2208 estis,
1312 2168 1368 2211 qui
1404 2168 1587 2211 loquimini,
1619 2168 1672 2201 sed
1705 2169 1841 2211 Spiritus
1873 2170 1972 2202 Patris
2008 2171 2153 2204 vestri».

1194 2222 1265 2255 ideo
1288 2221 1411 2254 dicebat
1427 2221 1591 2263 Apostolus
1606 2221 1762 2254 secundae
1777 2222 1817 2255 ad
1833 2222 2012 2256 Corinthios
2034 2224 2154 2257 decimo

1194 2275 1306 2308 tertio:
1335 2288 1351 2304 ct
1369 2276 1410 2308 An
1436 2275 1690 2317 experimentum
1715 2276 1868 2318 quaeritis
1891 2277 1960 2310 eius
1976 2278 2031 2320 qui
2056 2278 2086 2310 in
2104 2287 2155 2311 me

1193 2328 1336 2372 loquitur
1360 2329 1505 2361 Christus
1521 2331 1559 2361 »Τ
1584 2346 1628 2351 -
1651 2328 1696 2362 De
1719 2329 1769 2362 his
1792 2334 1899 2363 autem
1922 2331 2047 2365 duobus
2071 2332 2153 2365 inira
2170 2336 2321 2384 Uusetignises·

1193 2383 1345 2425 vigesimo
1369 2382 1471 2424 primo
1485 2382 1529 2414 ¹²:
1551 2395 1566 2410 «
1580 2382 1642 2424 Ego
1658 2382 1738 2415 dabo
1755 2383 1843 2416 vobis
1858 2393 1894 2417 os
1910 2387 1941 2418 et
1957 2385 2150 2428 sapientiam,
2210 2369 2235 2385 π
2246 2369 2279 2385 '¹⁵'

1193 2436 1244 2469 cui
1268 2445 1329 2469 non
1354 2438 1504 2477 poterunt
1526 2435 1674 2468 resistere
1690 2438 1722 2468 et
1745 2436 1960 2470 contradicere
1976 2447 2084 2471 omnes
2101 2439 2155 2471 ad-

1193 2489 1324 2522 versarii
1341 2488 1481 2528 vestri»;
1499 2491 1530 2521 et
1545 2488 1666 2530 primae
1690 2489 1811 2523 loannis
1835 2490 1989 2523 secundo:
2012 2505 2027 2520 a
2046 2492 2154 2525 Unctio

2199 1536 2249 1556 tudo
2266 1537 2294 1556 de

2188 1561 2304 1588 praesidio.

1192 2711 1226 2738 de
1244 2710 1325 2737 modo
1344 2710 1509 2743 proferendi,
1529 2711 1578 2736 aul
1596 2709 1674 2744 quid,
1694 2710 1728 2737 de
1748 2711 1827 2737 modo
1855 2711 2020 2742 inveniendi,
2044 2718 2156 2745 respon-

1192 2755 1290 2788 aeaeis,
1310 2754 1546 2787 interrogantibus,
1564 2757 1613 2782 aut
1640 2754 1706 2789 quid
1732 2755 1842 2788 dicatis,
1861 2756 1964 2782 discere
1991 2756 2152 2782 volentibus.

1191 2813 1228 2820 -
1246 2800 1303 2826 Duo
1321 2806 1396 2833 seqq.
1415 2799 1463 2825 loci
1482 2801 1543 2825 sunt
1561 2799 1625 2825 Phil.
1646 2799 1677 2830 4,
1697 2800 1723 2825 6.
1741 2803 1767 2825 et
1785 2800 1833 2826 lac.
1855 2800 1882 2832 i,
1902 2799 1926 2825 5.

1263 2842 1273 2857 ⁷
1293 2844 1369 2870 Vers.
1389 2843 1413 2869 4.
1432 2857 1467 2862 —
1487 2843 1610 2877 Sequitur
1629 2844 1700 2869 ioan.
1719 2844 1750 2875 5,
1771 2844 1813 2870 39.

1262 2886 1273 2902 ⁸
1293 2888 1369 2914 Vers.
1388 2888 1413 2914 5.
1434 2901 1470 2907 —
1492 2888 1620 2920 Superius
1637 2895 1687 2920 pro
1711 2887 1742 2914 de
1768 2887 1873 2922 iiiyenio
1894 2889 1938 2920 (ita
1960 2889 1979 2914 D
1999 2896 2013 2914 a
2033 2889 2152 2915 secunda

1192 2932 1281 2965 manu)
1301 2932 1321 2959 C
1340 2932 1372 2958 de
1389 2931 1538 2959 viventibus
1558 2932 1603 2960 (ita
1629 2933 1651 2958 D
1678 2932 1826 2965 primitus),
1845 2932 1867 2958 G
1889 2932 1917 2958 in
1937 2932 2149 2966 inventionibus,

1192 2978 1250 3004 Vat.
1269 2984 1330 3003 cum
1349 2976 1479 3002 nonnullis
1497 2976 1575 3003 codd.
1595 2975 1627 3002 de
1646 2975 1853 3007 inventionibus,
1877 2976 1899 3002 Η
1918 2975 1950 3002 dc
1970 2976 2083 3003 inuentis
2096 2976 2153 3003 sive

1192 3020 1364 3049 invenimzdis.

1262 3064 1274 3079 ⁹
1293 3066 1328 3091 lia
1346 3065 1425 3091 etiam
1444 3065 1514 3091 Beda
1534 3068 1560 3091 et
1578 3066 1722 3095 Gorranus;
1743 3065 1856 3097 Vulgata
1875 3068 1900 3090 et
1920 3065 1978 3091 Vat.
1999 3065 2072 3099 quid.

1263 3108 1284 3125 ¹⁰
1304 3110 1380 3136 Vers.
1398 3110 1423 3135 8.
1436 3123 1472 3129 —
1484 3110 1542 3136 Duo
1560 3116 1636 3142 seqq.
1654 3109 1703 3135 loci
1722 3112 1784 3135 sunt
1802 3110 1871 3135 loan.
1894 3110 1939 3140 ⁴6,
1964 3111 2003 3135 13.
2017 3114 2042 3135 ct
2061 3111 2079 3136 l.
2092 3109 2153 3136 Cor.

1191 3157 1222 3188 2,
1242 3156 1285 3181 io.

1263 3199 1283 3214 ¹¹
1304 3199 1378 3225 Vers.
1398 3200 1446 3232 21,
1465 3202 1525 3232 post
1543 3206 1624 3232 quem
1643 3199 1730 3224 Matth.
1752 3199 1798 3230 ⁴0,
1819 3199 1862 3224 20.
1881 3202 1908 3225 et
1925 3199 1952 3225 li.
1972 3199 2030 3226 Cor.
2055 3200 2100 3230 13,
2122 3200 2148 3225 3.

1262 3242 1284 3258 ¹²
1303 3244 1378 3270 Vers.
1399 3244 1441 3274 ⁴5,
1459 3246 1485 3269 et
1498 3243 1557 3269 dein
1572 3244 1591 3269 l.
1606 3243 1675 3269 ioan.
1689 3243 1720 3273 2,
1734 3243 1777 3268 27.
1789 3256 1826 3262 —
1839 3243 1929 3269 Glossa
1949 3243 2148 3270 mter-linearis:

1191 3287 1309 3323 Spa-itus
1328 3287 1400 3314 enim
1417 3289 1529 3315 sanctus
1556 3286 1658 3315 docebit
1681 3293 1728 3314 vos
1756 3290 1814 3320 etc„
1833 3288 1896 3321 quia
1919 3295 1972 3313 non
1990 3295 2022 3313 ex
2041 3288 2149 3319 ingenio

1192 3333 1232 3360 vel
1251 3336 1306 3359 arte
1325 3335 1412 3359 vestra
1431 3331 1513 3358 verba
1532 3332 1692 3365 procedent,
1712 3332 1759 3358 sed
1779 3339 1809 3358 ex
1824 3332 1935 3364 Spiritus
1954 3332 2037 3358 sancti
2057 3332 2150 3364 gratia.
