2476 3921
162 775 282 796 Difficultas

178 802 273 823 solvitur.

161 2145 291 2166 Secundum.

295 254 361 288 438

295 348 442 385 tempus;
466 341 549 374 unde
571 339 663 373 dicit:
685 338 759 371 Non
789 337 876 370 venit
905 346 982 369 cum
1013 334 1257 371 obseruatione,-

295 397 447 429 Glossa¹:
485 407 500 423 «
525 393 687 435 Temporis
704 404 734 430 »;
763 390 908 424 Matthaei
940 389 1090 431 vigesimo
1121 390 1256 429 quarto:

301 462 317 478 «
334 449 378 481 De
393 448 442 480 die
465 450 571 480 autem
594 446 647 478 illa
669 448 701 477 et
724 445 803 476 hora
819 452 911 476 nemo
927 442 1002 480 scit,
1026 449 1129 482 neque
1152 438 1257 481 Angeli

297 502 455 535 caelorum
466 526 473 539 ,
491 499 549 532 nisi
566 499 651 531 solus
667 498 756 530 Pater
774 508 804 535 »;
821 500 853 529 et
869 496 988 538 primae
1004 494 1041 526 ad
1062 492 1258 526 Thessaloni-

298 563 406 588 censes
428 553 559 595 quinto:
589 564 604 580 α
621 551 693 583 Dies
716 549 856 588 Domini,
873 548 954 581 sicut
970 547 1021 580 fur
1038 547 1069 579 in
1086 549 1195 584 nocte,
1216 545 1259 577 ita

298 608 402 641 veniet
419 620 450 638 n.
473 606 537 638 Non
561 603 704 637 extendit
728 612 761 635 se
784 602 877 635 etiam
895 601 934 633 ad
950 599 1111 633 sciendum
1130 598 1258 635 locum,-

299 664 428 704 propter
452 658 535 701 quod
559 658 655 691 dicit:
674 656 738 689 Nec
753 656 878 688 dicent:
898 656 991 693 Eece,
1009 653 1061 686 liic
1077 656 1155 690 etc.;
1172 651 1259 683 Glos-

300 724 334 747 sa
347 715 377 745 ²:
408 727 423 741 «
440 713 500 745 Nec
524 712 641 744 scietur
656 709 883 743 determinatus
900 708 987 740 locus
1002 720 1033 738 ».
1052 724 1094 730 -
1111 705 1169 738 Sed
1186 713 1259 737 con-

301 767 434 800 trarium
452 766 576 798 videtur
593 763 653 796 dici
670 763 758 795 loelis
775 762 884 794 tertio:
907 774 922 789 «
935 759 1136 801 Congregabo
1152 766 1261 790 omnes

302 823 409 862 gentes
432 823 463 852 et
485 817 666 859 disceptabo
690 824 763 848 cum
786 815 831 847 eis
848 814 878 846 in
896 814 975 846 valle
992 812 1135 854 losaphat
1152 825 1182 842 ».
1201 810 1259 843 Sed

301 873 378 906 illud
402 871 637 913 intelligendum
662 872 725 907 est,
750 867 834 910 quod
861 865 1017 908 iosaphat
1032 865 1186 906 accipitur
1202 872 1260 905 pro

302 924 576 967 interpretatione;
594 922 821 963 interpretatur
838 919 919 952 enim
936 917 1034 950 valtis
1058 916 1185 949 iudicii.
1212 916 1260 948 Iu.-

301 979 417 1012 dicium
441 977 525 1010 enim
548 985 610 1008 non
635 975 713 1013 erit,
745 973 876 1005 Domino
907 971 1062 1004 existente
1094 970 1124 1002 in
1158 973 1260 1007 terra,

302 1032 355 1064 sed
380 1031 483 1073 potius
500 1030 530 1061 in
547 1030 620 1061 aere
631 1053 638 1065 ,
655 1027 736 1060 sicut
751 1026 826 1058 dicit
842 1025 1047 1065 Hieronymus
1062 1032 1158 1064 super
1175 1023 1261 1054 hunc

301 1085 405 1117 locum
420 1083 442 1114 ⁸.
461 1100 502 1105 —
522 1082 556 1113 Et
572 1080 719 1122 quoniam
745 1078 870 1111 curiosa
892 1077 1053 1119 inquisitio
1074 1085 1134 1108 non
1151 1075 1260 1107 exclu-

302 1137 388 1169 ditur
412 1135 470 1168 nisi
495 1143 551 1176 per
576 1132 765 1169 studiosam,
789 1131 858 1163 ideo
885 1129 1011 1162 subdit:
1046 1129 1124 1160 Eece
1154 1127 1260 1165 enini,

303 1198 444 1232 reynum
470 1187 528 1220 Dei
551 1187 642 1219 intra
667 1195 722 1217 vos
745 1188 810 1222 est,
833 1192 889 1224 per
904 1183 1026 1215 (livinae
1043 1181 1160 1223 gratiae
1177 1180 1261 1212 obla-

304 1243 439 1279 tionem,
464 1249 545 1282 quae
569 1238 696 1281 quidem
721 1237 802 1269 facta
826 1236 884 1268 luit
909 1236 939 1268 in
964 1235 1101 1267 adventu
1123 1234 1261 1272 Christi;

304 1296 342 1328 de
374 1303 437 1336 quo
471 1293 591 1325 loannis
622 1291 770 1333 primo4:
800 1302 815 1317 «
837 1289 956 1321 Medius
988 1290 1127 1320 vestrum
1159 1287 1261 1325 stetit,

305 1357 399 1390 quem
425 1355 479 1378 vos
503 1344 629 1377 nescitis
646 1357 676 1375 n.
700 1343 787 1375 Unde
811 1342 912 1374 Beda:
943 1354 957 1369 «
974 1341 1123 1382 Reginum
1149 1340 1207 1372 Dei
1230 1348 1262 1372 se

305 1402 407 1444 ipsum
432 1399 507 1432 dicit
538 1399 621 1431 intra
644 1397 728 1438 ipsos
751 1395 908 1438 positum,
936 1394 967 1426 id
991 1397 1038 1426 est
1061 1393 1092 1425 iu
1116 1393 1264 1426 cordibus

305 1462 414 1487 eorum
439 1452 493 1494 qui
521 1450 741 1487 crediderunt,
766 1451 951 1489 regnantem
969 1460 999 1478 n.
1025 1446 1155 1487 Propter
1179 1445 1263 1487 quod

306 1506 420 1540 dicitur
444 1514 542 1547 supra
565 1502 778 1537 undecim05:
809 1514 824 1529 α
842 1501 872 1533 Si
904 1500 936 1532 in
967 1499 1064 1541 digito
1095 1498 1150 1531 Dei
1174 1498 1264 1531 eiicio

305 1559 485 1597 daemonia,
511 1557 650 1600 profecto
674 1554 818 1598 pervenit
840 1554 872 1586 in
889 1562 944 1586 vos
960 1562 1091 1594 regnum
1110 1552 1163 1584 Dei
1181 1565 1211 1590 »,
1228 1551 1264 1583 il-

306 1612 361 1645 lud
376 1611 510 1648 scilicet,
526 1610 565 1642 de
577 1618 641 1651 quo
652 1608 768 1641 dicitur
780 1607 818 1639 ad
832 1607 985 1639 Romanos
996 1605 1116 1637 decimo
1132 1607 1264 1646 quarto:

311 1678 327 1694 «
345 1665 483 1706 Regnum
508 1663 561 1695 Dei
587 1671 647 1694 non
672 1665 719 1694 est
742 1669 813 1693 esca
829 1662 860 1692 et
878 1662 970 1701 potus
987 1672 1002 1686 n
1031 1661 1089 1690 etc.
1115 1657 1189 1689 Vult
1209 1656 1266 1698 igi-

309 1722 360 1751 tur
384 1718 505 1755 dicere,
530 1715 614 1757 quod
638 1715 807 1747 adventum
832 1712 970 1754 primum
994 1711 1109 1743 debent
1126 1710 1266 1743 conside-

307 1780 380 1804 rare
403 1774 434 1803 et
457 1769 583 1802 secundi
609 1767 762 1800 adventus
783 1770 907 1807 tempus
930 1764 1074 1797 desinant
1098 1763 1266 1805 indagare3

308 1823 391 1856 unde
415 1822 541 1854 Beda⁶:
571 1833 585 1849 «
603 1819 733 1861 Quando
756 1819 879 1857 veniat,
897 1826 999 1860 neque
1022 1817 1062 1849 ab
1086 1815 1276 1849 hominibus·

309 1885 410 1919 neque
434 1876 473 1908 ab
497 1874 618 1916 Angelis
641 1876 742 1915 potest
765 1871 945 1909 observari,
978 1871 1060 1904 sicut
1090 1869 1265 1902 dominicae

309 1928 531 1962 incarnationis
554 1931 679 1968 tempus
702 1925 884 1958 certissimis
907 1928 938 1957 et
962 1924 1189 1966 Prophetarum
1214 1932 1267 1954 va-

309 1982 423 2015 ticiniis
447 1980 622 2023 praefatum
647 1982 679 2012 et
701 1978 887 2020 Angelorum
913 1976 1086 2019 praeconiis
1106 1980 1153 2009 est
1169 1976 1267 2008 mani-

306 2035 455 2068 festatum
472 2047 502 2065 n.

398 2087 450 2120 38.
476 2086 576 2128 (Vers.
602 2086 679 2125 22).
705 2084 847 2117 Secundo
871 2087 1026 2126 quantum
1046 2082 1085 2115 ad
1101 2081 1268 2124 approba-

311 2140 428 2172 tionem
451 2138 605 2171 caritatis
628 2137 871 2179 discipulorum
899 2135 1162 2169 desiderantium
1192 2135 1268 2168 sub-

311 2193 375 2225 dit:
397 2193 434 2224 Et
442 2192 497 2223 'ait
513 2191 559 2223 ad
575 2190 754 2232 discipulos
769 2199 867 2222 suos:
891 2189 1021 2221 Venient
1036 2188 1117 2226 dies,
1133 2188 1267 2231 quando

311 2244 499 2278 desideretis
521 2244 630 2275 videre
647 2253 752 2275 unum
769 2243 854 2275 diem
870 2242 951 2274 Filii
965 2241 1125 2280 hominis,
1150 2241 1269 2274 scilicet

311 2298 377 2330 dies
401 2296 627 2334 tribulationis,
652 2296 683 2328 in
707 2296 824 2337 quibus
843 2298 979 2337 augetur
1002 2294 1191 2327 desiderium
1216 2303 1267 2327 ae-

313 2349 485 2388 ternitatis,
517 2348 689 2381 secundum
714 2348 790 2380 illud
815 2348 973 2380 Psalmi⁷z
1005 2361 1020 2376 «
1038 2348 1068 2379 ln
1093 2347 1143 2380 die
1166 2348 1267 2380 tribu-

314 2402 436 2435 lationis
467 2410 554 2433 meae
578 2401 676 2432 Deum
700 2400 873 2441 exquisivi,
903 2400 1048 2432 manibus
1071 2400 1148 2432 meis
1163 2413 1178 2428 υ
1208 2403 1265 2433 etc.

314 2456 350 2487 Et
372 2455 425 2486 illa
447 2454 507 2486 erit
530 2453 595 2485 dies
618 2452 827 2485 tribulationis
857 2453 1064 2494 asperrimae,
1094 2452 1267 2485 secundum

386 2608 393 2622 ¹
416 2608 517 2634 Scilicet
535 2606 730 2638 interlinearis,
750 2609 809 2637 post
833 2613 912 2638 quam
939 2607 1023 2632 Matth.
1052 2607 1099 2637 24,
1128 2608 1170 2632 36.
1199 2611 1224 2633 et
1249 2609 1265 2633 1.

313 2654 404 2679 Thess.
425 2653 454 2683 5,
474 2653 498 2676 2.

385 2696 395 2711 ⁹
414 2698 514 2728 Nempe
532 2694 722 2721 interlinearis.
740 2708 776 2713 —
795 2694 913 2720 Subinde
932 2695 1057 2726 allegatur
1076 2695 1124 2720 loel
1145 2696 1175 2725 3,
1195 2696 1220 2720 2.

386 2742 395 2755 ³
416 2742 440 2766 ln
461 2741 533 2766 loelis
552 2741 581 2771 3,
597 2740 619 2765 i.
634 2747 722 2772 seqq,
736 2738 780 2764 ubi
795 2739 846 2764 ait:
870 2748 881 2761 ι
897 2739 951 2764 Non
970 2739 1129 2764 descendere
1144 2738 1221 2772 [sicut
1234 2739 1268 2764 in-

314 2786 438 2819 creduli],
451 2785 496 2811 sed
511 2785 651 2810 ascendere
664 2785 831 2809 cohortantur
845 2782 1005 2816 [credente33
1019 2785 1063 2809 cir.
1078 2791 1104 2808 v.
1118 2783 1162 2816 9.].
1176 2783 1268 2809 Omnis

310 2830 393 2859 enim,
411 2829 456 2862 qui
476 2828 605 2853 iudicatur
624 2830 731 2859 propter
751 2830 856 2859 peccata
876 2834 937 2857 sua,
957 2827 981 2851 iu
1008 2826 1076 2852 valle
1096 2827 1196 2858 positus
1215 2829 1267 2856 cst,

315 2881 382 2907 quae
410 2874 555 2905 appellatur
583 2872 723 2905 Iosophat,
743 2871 768 2896 id
787 2874 826 2896 est
844 2871 947 2896 Domini
967 2871 1102 2896 iudicium.
1121 2871 1170 2903 Qui
1197 2870 1266 2895 enim

314 2918 397 2944 credit
424 2918 448 2943 in
475 2913 584 2942 Domi'no
613 2924 665 2942 non
694 2915 851 2941 iudicabitur
864 2925 875 2939 ι»
899 2918 949 2941 etc.
968 2916 1035 2940 llaec
1055 2915 1179 2940 sententia
1199 2914 1268 2939 exhi-

313 2962 390 2989 betur
409 2962 486 2987 etiam
506 2968 519 2986 n
540 2961 627 2987 Glossa
648 2959 789 2986 ordinaria
810 2960 845 2992 (in
865 2960 978 2985 cundem
999 2960 1075 2991 loc.);
1096 2958 1268 2990 praemittitur

315 3011 400 3032 tamen
420 3007 445 3031 in
466 3006 534 3037 ipsa,
553 3005 624 3038 quod
645 3005 771 3030 Dominus
793 3014 805 3027 α
820 3012 872 3029 non
891 3004 914 3028 in
936 3007 1002 3029 terra
1029 3003 1106 3035 (valle
1131 3004 1267 3034 iosaphat;

315 3052 361 3076 cfr.
380 3050 464 3081 Cyrill.
485 3049 621 3074 Alexandr.
644 3049 667 3073 in
688 3049 736 3074 loel
756 3049 786 3080 3,
813 3050 842 3080 2,
866 3048 912 3081 qui
937 3048 1093 3073 contrariam
1117 3047 1267 3079 opinionem

315 3098 391 3119 vocat
419 3095 537 3119 frivolam
566 3097 591 3118 et
618 3093 737 3125 anilem),
763 3092 810 3118 sed
837 3093 862 3117 in
881 3093 965 3124 spatio
985 3093 1061 3118 huius
1080 3092 1148 3117 acris
1166 3091 1268 3117 sedebit

315 3142 402 3163 contra
423 3139 508 3163 locum
528 3137 624 3163 montis
643 3137 749 3168 Oliveti,
768 3144 799 3162 ex
818 3144 871 3169 quo
890 3136 1006 3162 ascendit
1021 3145 1045 3162 n.
1063 3137 1129 3161 Vide
1143 3136 1185 3161 lV.
1199 3136 1268 3161 Sent.

315 3183 349 3208 lit.
370 3183 496 3214 Magistri,
517 3182 542 3207 d.
563 3182 670 3208 XLVlll.
689 3189 712 3207 c.
736 3181 760 3211 4,
785 3185 811 3207 et
835 3181 952 3207 Glossam
977 3180 1148 3207 ordinariam
1168 3181 1192 3205 in
1212 3181 1267 3206 lsai.

316 3226 362 3258 24,
383 3227 423 3251 13.
445 3226 484 3257 (cx
504 3227 616 3258 llaym.).
635 3239 671 3244 —
690 3226 799 3251 inferius
823 3228 883 3257 post
909 3224 1060 3251 studiosum
1086 3225 1105 3250 Α
1133 3224 1206 3250 addit
1229 3231 1268 3250 re-

313 3276 490 3303 sponsionem.

385 3312 396 3326 ⁴
416 3314 490 3339 Vers.
512 3314 560 3344 26,
581 3317 639 3345 post
657 3320 736 3346 quem
757 3314 882 3345 allegatur
901 3313 986 3344 Beda,
1007 3313 1037 3339 V.
1057 3314 1080 3339 in
1095 3314 1156 3339 Luc.
1171 3314 1213 3344 17,
1227 3313 1269 3345 21;

317 3364 364 3388 pro
384 3356 430 3390 qai
448 3357 620 3384 crediderunt
647 3357 691 3390 (ita
711 3357 789 3383 etiam
809 3358 898 3383 Glossa
916 3357 1110 3388 interlinearis)
1132 3358 1188 3383 Vat.
1207 3364 1269 3383 cum

316 3400 384 3427 Beda
407 3399 452 3426 ubi
469 3400 612 3427 credidere.

875 247 1068 280 COMMENT.
1094 246 1130 279 lN
1155 244 1392 278 EVANGELIUM
1418 242 1535 275 LUCAE
1559 241 1590 273 C.
1617 240 1704 273 xvii.

1320 332 1397 364 illud
1422 330 1567 363 Matthaei
1592 329 1742 371 vigesimo
1765 330 1900 370 quarto:
1922 339 1938 355 α
1956 326 2021 358 Erit
2038 325 2199 359 tribulatio
2215 335 2280 358 ma-

1321 394 1399 427 gna,
1423 384 1525 426 qualis
1549 392 1610 415 non
1633 382 1692 415 fuit
1715 381 1755 414 ab
1779 380 1867 413 initio
1890 379 1999 412 muudi
2023 388 2126 421 usque
2142 378 2234 411 modo
2251 391 2281 410 n.

1411 437 1463 480 39.
1490 437 1525 468 Et
1548 439 1639 473 nota,
1664 435 1748 477 quod
1773 433 1939 476 pluraliter
1962 433 2037 465 dicit
2060 432 2130 464 dies
2153 423 2456 474 propterrribniaiiona³

1321 490 1533 533 pluralitatem
1558 488 1797 521 tribulationum
1809 513 1816 526 ,
1833 496 1913 529 quas
1930 485 2065 519 Ecclesia
2080 488 2152 527 post
2166 485 2282 517 Christi

1321 544 1533 577 ascensionem
1557 545 1626 575 erat
1649 550 1791 584 passura.
1816 541 1896 573 Sunt
1918 543 2023 572 autem
2041 542 2179 581 quatuor
2196 538 2283 580 prin-

1322 597 1457 638 cipales:
1491 595 1611 637 prima,
1643 598 1893 637 tyrannorunz,·
1925 591 2080 630 secunda,
2104 589 2283 623 haeretico-

1322 659 1424 688 rum;
1455 649 1565 687 tertia,
1597 647 1765 690 faLs‘orurn
1796 645 2092 683 Christianorum;
2116 648 2148 677 et
2170 649 2284 686 quarta

1322 704 1383 736 erit
1413 703 1547 735 conflata
1577 712 1617 734 ex
1648 700 1820 739 omnibus,
1853 708 1935 741 quae
1962 699 2023 732 erit
2045 698 2221 731 antichristi
2253 701 2284 730 et

1322 766 1453 789 suorum
1485 755 1684 797 complicum.
1710 754 1746 785 Et
1770 754 1828 785 hae
1851 753 2030 794 designatae
2053 755 2128 784 sunt
2151 751 2182 784 in
2206 760 2285 793 qua-

1323 812 1396 842 tuor
1428 808 1552 846 bestiis‚
1585 816 1665 849 quas
1692 806 1769 839 vidit
1790 805 1917 844 Daniel,
1947 804 2083 837 Danielis
2115 803 2282 846 septimoss.

1323 862 1426 894 Prima
1448 865 1516 894 erat
1540 859 1650 893 similis
1676 859 1775 897 leoni,
1801 858 1938 891 secunda
1959 867 2050 896 urso,
2068 857 2160 889 tertia
2176 856 2283 899 pardo,

1323 917 1437 957 quarta
1449 923 1510 946 non
1523 912 1724 950 describitur,
1737 911 1812 953 quia
1824 911 1854 942 in
1872 919 1909 943 ea
1923 910 1984 942 erit
1999 909 2139 942 omnium
2157 899 2285 951 perver-

1323 968 1451 1000 sitatum
1468 975 1652 999 concursus.
1672 965 1708 997 Et
1725 965 1802 997 haec
1819 963 1981 996 tribulatio
1998 962 2080 1004 parit
2095 962 2286 995 desiderium

1323 1021 1383 1053 diei
1408 1020 1543 1062 gloriae,
1566 1019 1604 1051 de
1629 1027 1692 1060 qua
1716 1017 1884 1050 Zachariae
1909 1016 2067 1048 ultimo⁹:
2098 1029 2113 1044 «
2131 1015 2196 1048 Erit
2218 1015 2285 1049 dies

1324 1083 1404 1112 una,
1437 1081 1518 1114 quae
1542 1075 1616 1104 nota
1639 1074 1686 1103 est
1709 1070 1842 1102 Domino
1866 1069 2067 1102 exercituum
2085 1082 2115 1101 n.
2142 1069 2178 1101 Et
2209 1069 2286 1102 haec

1324 1131 1370 1160 est
1394 1124 1644 1162 desiderabitis,
1677 1123 1851 1156 secundum
1882 1122 1958 1154 illud
1982 1122 2115 1154 Psalmi:
2145 1134 2160 1150 «
2178 1122 2286 1155 Melior

1324 1183 1372 1212 est
1394 1178 1460 1211 dies
1483 1186 1548 1210 una
1572 1177 1602 1209 in
1627 1176 1716 1208 atriis
1740 1175 1803 1207 tuis
1834 1184 1930 1216 super
1963 1174 2060 1206 millia
2076 1188 2106 1206 n.
2139 1174 2175 1206 Et
2205 1175 2286 1207 hanc

1324 1231 1503 1264 desiderant
1534 1230 1593 1262 viri
1618 1228 1718 1267 iusti,
1744 1228 1826 1260 sicut
1849 1227 1986 1265 Paulus;
2010 1226 2049 1259 ad
2073 1226 2287 1269 Philippenses

1325 1285 1448 1327 primo:
1479 1282 1706 1316 «Desiderium
1740 1281 1860 1314 habens
1892 1280 2019 1313 dissolvi
2052 1284 2084 1312 et
2114 1289 2183 1313 esse
2213 1288 2287 1312 cum

1325 1339 1467 1376 Christo,
1500 1337 1599 1369 multo
1634 1335 1732 1377 magis
1768 1334 1881 1370 melius
1907 1347 1938 1366 ».
1975 1333 2159 1366 Desiderant
2193 1333 2286 1366 etiam

1326 1391 1462 1433 afflicti,
1480 1390 1562 1423 sicut
1584 1388 1751 1431 discipuli;
1776 1388 1860 1420 unde
1884 1387 1965 1420 Beda
1978 1387 2026 1418 ¹⁰:
2055 1400 2070 1414 «
2088 1387 2159 1419 Post
2180 1395 2289 1419 ascen-

1326 1446 1442 1478 sionem
1469 1453 1569 1477 meam
1595 1452 1666 1482 vos,
1692 1443 1723 1475 in
1748 1443 1807 1475 hoc
1830 1441 1927 1474 exilio
1951 1441 2060 1473 mundi
2082 1441 2288 1483 ingemiscen-

1327 1502 1390 1537 tes,
1414 1497 1631 1531 desiderabitis
1652 1506 1701 1529 me
1725 1495 1832 1528 videre
1856 1495 1888 1527 in
1911 1495 2012 1537 gloria
2035 1503 2114 1527 mea.
2132 1494 2218 1535 Quae
2234 1503 2288 1526 vo-

1327 1552 1431 1584 luntas
1458 1550 1614 1583 laudanda
1644 1553 1709 1588 est,
1734 1558 1796 1581 non
1821 1552 1924 1581 tamen
1949 1548 1980 1580 in
2006 1548 2065 1580 hoc
2090 1547 2208 1579 mundo
2231 1547 2289 1579 im-

1328 1604 1440 1646 plenda
1458 1618 1486 1635 2).
1502 1621 1543 1627 -—
1560 1603 1594 1635 Et
1618 1603 1686 1635 ideo
1711 1602 1874 1644 sequitur:
1901 1602 1942 1634 Et
1964 1611 2030 1633 non
2049 1600 2208 1633 videbitis.
2230 1600 2289 1633 lm-

1329 1657 1466 1699 plebitur
1495 1660 1598 1689 tamen
1624 1657 1683 1689 hoc
1705 1655 1891 1698 aliquando,
1923 1655 2016 1697 quia,
2047 1654 2289 1687 Proverbiorum

2319 467 2415 492 quatuor.

2301 968 2351 990 Dies
2361 969 2448 995 gloriae.

1328 1710 1448 1742 decimo
1461 1711 1487 1729 1¹
1499 1735 1506 1748 ,
1537 1723 1552 1738 «
1568 1709 1757 1742 desiderium
1782 1718 1876 1741 suum
1898 1708 1990 1741 iustis
2005 1707 2132 1740 dabitur
2149 1721 2179 1739 „.
2198 1707 2290 1739 Exci-
2301 1712 2454 1734 Tribulationis

1330 1766 1416 1795 tatur
1447 1766 1551 1795 autem
1585 1763 1643 1795 hoc
1673 1762 1865 1795 desiderium
1897 1770 1938 1794 ex
1973 1760 2191 1799 tribulatione,
2221 1763 2290 1793 tum

1329 1816 1404 1859 quia
1428 1815 1565 1848 mundus
1588 1816 1646 1848 iste
1670 1816 1769 1858 magis
1797 1815 1988 1857 despicitur,
2020 1818 2088 1847 tum
2120 1814 2195 1856 quia
2218 1822 2290 1856 spes

1329 1872 1532 1902 aeternorum
1556 1869 1666 1901 sortior
1690 1869 1886 1910 concipitur,
1911 1871 1978 1900 tum
2003 1868 2078 1910 quia
2101 1866 2181 1909 ignis
2204 1876 2290 1899 amo-

1330 1923 1374 1955 ris
1398 1922 1616 1955 vehementius
1639 1922 1867 1954 inflammatur.
1886 1922 2017 1963 Propter
2034 1920 2118 1963 quod
2135 1920 2290 1953 secundae

1329 1976 1368 2009 ad
1390 1975 1569 2008 Corinthios
1592 1975 1703 2017 quinto
1717 1975 1764 2007 ¹2:
1788 1988 1803 2003 α
1821 1976 1960 2013 Scimus,
1977 1974 2070 2016 quia,
2087 1973 2111 2007 si
2130 1973 2290 2006 terrestris

1329 2030 1442 2062 domus
1466 2032 1574 2061 nostra
1605 2028 1702 2060 huius
1733 2028 1935 2060 habitationis
1966 2028 2174 2066 dissolvatur,
2205 2026 2289 2069 quod

1330 2082 1576 2115 aedificationem
1602 2090 1643 2113 ex
1669 2081 1732 2113 Deo
1756 2081 1926 2120 habemus,
1947 2081 2076 2113 domum
2093 2090 2155 2113 non
2179 2089 2290 2112 manu-

1330 2136 1461 2174 factam,
1494 2134 1547 2167 sed
1579 2137 1739 2166 aeternam
1764 2134 1796 2166 in
1820 2134 1924 2166 caelis.
1949 2134 2024 2166 Nam
2049 2136 2081 2166 et
2104 2133 2135 2165 in
2160 2133 2220 2166 hoc
2242 2133 2290 2165 in-

1329 2188 1549 2231 gemiscimus,
1581 2187 1805 2220 habitationem
1837 2190 1995 2225 nostram,
2028 2195 2110 2228 quae
2139 2186 2178 2219 de
2205 2186 2291 2219 caelo

1330 2246 1394 2281 est,
1419 2241 1605 2283 superindui
1628 2240 1791 2282 cupientes
1807 2254 1823 2269 »
1851 2244 1909 2272 etc.

1419 2295 1472 2327 ΛΟ.
1498 2295 1599 2336 (Vers.
1625 2294 1702 2333 23.).
1728 2294 1833 2326 Tertio
1854 2296 2008 2335 quantum
2032 2293 2071 2325 ad
2087 2292 2291 2334 reprobatio-

1330 2358 1404 2380 nem
1413 2347 1661 2380 contrarietatis
1669 2346 1910 2379 haereticorum
1919 2346 2148 2388 decipientium
2159 2346 2291 2379 subiun-

1331 2402 1375 2443 git
1389 2414 1395 2433 :
1417 2402 1455 2433 Et
1470 2401 1578 2433 dicent
1593 2401 1702 2434 vobis:
1723 2402 1802 2433 Ecce
1818 2399 1881 2439 liic,
1895 2404 1924 2432 et
1936 2409 2005 2432 ecce
2022 2399 2107 2437 Μία,-
2124 2400 2232 2432 Glossa
2245 2400 2289 2432 ¹⁸:

1337 2465 1352 2481 «
1370 2453 1401 2485 ln
1426 2453 1484 2485 hac
1508 2462 1659 2494 persona,
1684 2453 1733 2486 vel
1750 2453 1781 2485 in
1799 2453 1858 2485 hoc
1875 2456 2017 2494 tempore
2034 2456 2082 2485 est
2097 2451 2242 2485 Christus
2257 2465 2288 2483 ».

1401 2606 1411 2621 ⁵
1432 2608 1505 2633 Vers.
1524 2609 1568 2633 20.
1589 2612 1615 2633 et
1633 2608 1729 2633 deinde
1748 2609 1823 2633 Rom.
1846 2608 1893 2639 14,
1915 2608 1956 2633 17.

1400 2649 1412 2664 ⁶
1431 2651 1499 2676 Libr.
1520 2651 1551 2675 V.
1572 2651 1596 2676 in
1618 2653 1679 2676 Luc.
1701 2652 1747 2682 17,
1767 2652 1811 2681 2l;
1829 2658 1877 2682 pro
1894 2651 2051 2684 praefatum
2066 2651 2110 2681 (ita
2125 2649 2217 2683 ACG)
2232 2650 2289 2675 Vat.

1330 2701 1390 2719 cum
1411 2695 1480 2719 Beda
1500 2697 1526 2720 et
1544 2695 1565 2719 ll
1581 2694 1754 2728 praefixum,
1777 2696 1795 2719 B
1807 2695 1827 2720 D
1843 2695 2045 2728 prophetatum.
2064 2694 2082 2719 C
2094 2695 2145 2719 DG
2165 2694 2290 2720 omittunt

1333 2737 1446 2769 Quando
1464 2737 1567 2769 veniat,
1589 2738 1661 2770 quod
1681 2739 1700 2763 11
1721 2739 1867 2769 transponit
1886 2741 1945 2770 post
1963 2738 1997 2764 ab
2016 2737 2134 2771 Anqelis.

1402 2780 1411 2795 ⁷
1432 2782 1525 2806 Psalm.
1544 2782 1593 2812 76,
1613 2783 1641 2812 3,
1661 2782 1702 2807 cui
1723 2781 1890 2813 subiungitur
1910 2783 1996 2808 Matth.
2017 2782 2064 2813 24,
2084 2783 2126 2807 2l.
2144 2796 2180 2801 —
2199 2783 2289 2808 Glossa

1332 2824 1532 2851 interlinearis:
1556 2826 1588 2851 Et
1606 2824 1644 2851 ait
1663 2824 1699 2851 ad
1717 2825 1878 2858 discipulos,
1898 2833 1966 2858 quos
1985 2826 2063 2851 etiam
2078 2826 2245 2858 intelligimus
2257 2827 2292 2852 de

1331 2870 1447 2895 adventu
1462 2870 1613 2902 quaesisse,
1642 2873 1668 2895 et
1696 2870 1735 2895 isti
1761 2873 1821 2895 sunt
1845 2871 1950 2901 Petrus,
1976 2870 2099 2900 lacobus,
2124 2872 2241 2897 Andreas
2266 2876 2291 2897 et

1332 2914 1452 2944 loannes,
1481 2917 1508 2939 ut
1536 2914 1637 2939 Marcus
1665 2912 1727 2947 [⁴3,
1747 2915 1772 2939 3.
1791 2913 1859 2947 seq.]
1889 2917 2004 2940 testatur.
2024 2929 2059 2934 —
2078 2916 2205 2947 Superius
2230 2919 2292 2948 post.

1331 2957 1431 2984 scilicet
1448 2957 1466 2982 C
1478 2959 1498 2982 D
1509 2959 1529 2983 G
1544 2959 1563 2983 11
1583 2958 1705 2983 omittunt
1724 2957 1787 2984 dies.

1402 3001 1413 3015 ὃ
1433 3003 1506 3027 Vers.
1527 3002 1580 3027 3-7.
1607 3003 1655 3027 Pro
1685 3001 1755 3027 leoni
1779 3002 1836 3027 Vat.
1863 3009 1922 3027 ‹tum
1943 3003 1963 3027 11
1984 3006 2009 3027 ct
2037 3003 2148 3034 Vulgata
2177 3003 2293 3030 leaenae.

1332 3046 1427 3072 Eadem
1447 3046 1564 3071 doctrina
1585 3046 1741 3078 proponitur
1760 3053 1774 3071 a
1793 3045 1871 3071 Cani.
1892 3047 1957 3078 llug.

1400 3089 1412 3104 ⁹
1431 3091 1504 3116 Vers.
1524 3091 1549 3116 7.
1569 3105 1601 3108 —
1622 3090 1677 3115 Duo
1690 3097 1765 3123 seqq.
1781 3090 1829 3115 loci
1844 3093 1903 3115 suut
1918 3090 1957 3115 Ps.
1972 3090 2019 3120 83,
2036 3090 2044 3115 l
2057 3090 2077 3115 l.
2091 3093 2116 3115 et
2131 3091 2194 3115 Phil.
2208 3091 2231 3122 1,
2246 3092 2290 3116 23.

1403 3132 1424 3148 ¹⁰
1445 3135 1468 3159 ln
1488 3135 1577 3159 Glossa
1597 3133 1739 3159 ordinaria
1758 3134 1783 3158 in
1797 3135 1857 3159 Luc.
1874 3134 1916 3164 17,
1929 3135 1975 3165 22,
1992 3141 2004 3158 a
2020 3141 2072 3166 qua
2087 3134 2144 3159 voci
2158 3140 2204 3160 vos
2219 3141 2292 3166 prae-

1332 3179 1419 3211 ligitur
1438 3178 1554 3211 quando.
1575 3179 1623 3203 Pro
1643 3177 1714 3204 Beda
1734 3179 1754 3203 il
1774 3177 1933 3204 Ambrosius
1953 3178 1981 3204 in
2002 3178 2109 3205 Glossa.

1403 3222 1423 3236 ¹¹
1445 3223 1517 3248 Vers.
1538 3222 1582 3248 24.

1403 3266 1425 3280 ¹²
1445 3267 1519 3292 Vcrs.
1543 3268 1564 3292 1.
1586 3273 1658 3299 seqq.

1403 3311 1424 3325 ¹¹³
1444 3311 1545 3336 Scilicet
1558 3310 1738 3337 interlinearis
1751 3312 1895 3337 secundum
1910 3311 2006 3337 Bedam
2016 3331 2022 3342 ,
2038 3312 2067 3337 V.
2082 3312 2108 3337 in
2122 3312 2184 3337 Luc.
2197 3310 2237 3341 17,
2248 3311 2291 3342 23,

1332 3356 1377 3382 ubi
1396 3356 1474 3381 etiam
1495 3355 1624 3384 invenitur
1649 3362 1704 3388 seq.
1724 3356 1809 3381 nedae
1828 3356 1969 3387 sententia,
1989 3363 2057 3389 quae
2077 3355 2165 3382 verbis
2184 3357 2292 3381 Glossae

1333 3399 1489 3427 ordinariae
1500 3399 1578 3431 -npud
1598 3400 1729 3431 Lyranum
1749 3399 1892 3426 exhibetur.

2331 1739 2426 1761 effectus.

2310 2296 2414 2318 Tertium.
