2427 3872
436 225 499 250 PHA

152 267 325 296 exterioribus
355 275 436 302 quam
464 269 611 295 secundum
641 268 732 294 merita
761 268 793 294 Vl

152 313 204 340 345
223 314 258 339 32
277 328 312 332 -
331 306 460 339 iudicium
481 313 793 347 perverterunt'tirnore,

152 358 230 390 odio,
249 357 403 389 dilectione,
422 357 531 383 avaritia
551 357 602 383 353
622 357 656 383 74

204 416 240 422 -
258 405 331 428 erant
349 401 535 428 observatores
562 402 595 427 Vl
624 401 675 427 348
706 400 739 427 47
759 416 793 420 -

150 450 225 473 erant
243 446 363 472 malitiosi
377 452 409 491 >et
427 446 613 472 observatores
633 446 684 472 258
705 446 738 471 53
758 459 793 465 —-

151 490 328 518 observabant
337 497 486 517 sermonem
494 490 587 516 Christi
596 490 629 516 ad
637 489 794 515 calumnian-

152 536 216 562 dum
238 535 289 562 453
309 535 342 560 33
362 548 397 554 -
416 533 595 561 observabant
613 526 755 564 malitiose,
771 533 794 559 si

151 579 270 615 Christus
298 579 323 605 in
352 578 468 605 Sabbata
496 580 613 609 curaret,
641 580 670 603 ut
688 579 794 609 possent

151 631 213 650 eum
242 630 355 656 arguere
375 623 417 649 Vll
439 622 490 648 137
511 622 542 647 13
564 636 597 640 ——
616 621 795 647 observabant

151 668 245 695 Christi
265 667 347 694 verba
367 669 392 693 et
405 667 530 693 miracula
550 666 584 691 ad
603 666 795 698 reprehenden-

152 712 217 739 dum
245 714 271 738 et
289 711 456 744 arguendum
477 710 528 736 359
549 710 564 735 3
585 723 619 728 —-
638 709 793 736 Observatio

151 763 244 783 eorum
258 755 419 789 procedebat
431 762 462 780 ex
475 754 571 780 malitia
582 754 719 780 insidiante
728 753 792 780 ibid.

206 815 241 820 —
260 800 386 826 miracula
405 798 499 826 Christi
519 798 635 824 nituntur
654 799 794 830 reprehen-

153 845 221 874 dere.
235 845 269 871 Vl
289 845 341 870 378
361 844 395 870 32
413 857 453 878 -,
468 841 591 869 dicebaut
606 842 737 868 Christum
757 843 794 868 in-

151 892 303 916 vocatorem
323 889 483 915 daemonum
503 887 547 913 Vll
567 887 618 912 289
639 886 672 912 40
691 900 727 906 --
746 888 794 912 Per

151 933 343 967 blasphemiam
362 931 540 959 attribuebant
554 931 658 963 spiritui
677 931 793 964 maligno

151 978 226 1012 quod
245 977 324 1004 flebat
342 984 357 1003 a
377 977 474 1009 Spiritu
494 979 585 1002 sancto
603 975 666 1002 ibid.
679 990 714 995 —
727 976 795 1002 Blas-

152 1023 258 1055 phemia
277 1021 477 1048 Pharisaeorum
497 1027 528 1046 ex
548 1020 645 1046 invidia
659 1023 685 1046 et
697 1020 792 1046 malitia

151 1066 314 1099 procedebat
327 1065 389 1093 ibid.
402 1079 438 1085 —
450 1072 502 1090 non
515 1064 678 1097 quaerebant
688 1065 793 1096 siguum

151 1112 186 1138 ad
206 1102 368 1137 credendum
389 1114 417 1136 ut
441 1109 546 1141 fideles,
571 1109 619 1135 sed
638 1111 667 1134 ut
684 1108 794 1135 rebelles

152 1156 187 1182 ad
206 1154 419 1187 impugnandum
448 1153 500 1179 290
521 1152 548 1179 41
574 1167 608 1171 -
627 1152 794 1185 blasphema-

149 1199 216 1225 bant
234 1202 324 1225 contra
343 1198 474 1224 Christum
497 1197 547 1223 126
568 1196 601 1222 49
620 1212 656 1215 -
675 1196 794 1230 blasphe-

152 1241 254 1270 mantes
284 1242 518 1276 deprehenduntur
548 1245 574 1267 et
599 1245 753 1274 ,arguuntur
778 1249 792 1267 a

152 1288 255 1315 Christo
275 1287 309 1314 ib.
331 1288 364 1314 50

206 1347 242 1351 —-
261 1330 453 1365 impugnabant
465 1330 672 1356 misericordiam
690 1331 737 1356 Dei
751 1331 793 1356 Vll

153 1376 206 1403 359
224 1376 239 1403 4
254 1375 413 1402 -tacendo
432 1374 592 1400 simulabant
610 1375 794 1407 ignorantiam,

152 1426 181 1447 ut
200 1421 365 1453 cooperirent
384 1419 508 1445 malitiam
529 1419 579 1444 360
597 1420 612 1444 6
626 1419 795 1445 —tacebant

152 1472 205 1492 non
225 1472 255 1492 ex
275 1464 429 1497 prudentia,
442 1462 487 1489 sed
502 1470 531 1488 ex
546 1463 692 1494 ignorantia
702 1483 708 1494 ,
725 1470 794 1496 quae

153 1509 233 1535 habet
260 1509 413 1535 adiunctam
442 1507 567 1532 malitiam
595 1506 657 1533 ibid.
685 1522 721 1526 —
740 1514 793 1532 non

153 1556 275 1586 poterant
293 1551 453 1585 respondere
473 1551 617 1583 sapientiae
630 1551 722 1578 Christi
745 1558 794 1577 nec

153 1598 274 1624 resistere
302 1597 358 1622 eius
385 1595 521 1627 discipulis
544 1594 579 1622 ib.
599 1596 632 1621 10
651 1610 685 1614 -
705 1596 794 1621 confu-

153 1642 200 1668 tati
218 1644 279 1668 sunt
297 1648 311 1667 a
331 1640 432 1667 Christo
451 1639 484 1665 de
504 1640 578 1666 malis
590 1638 793 1672 cogitationibus

155 1686 206 1712 126
226 1686 255 1712 51
279 1700 315 1704 —-
333 1687 393 1711 sunt
411 1684 514 1710 confusi
533 1691 548 1709 a
567 1685 679 1710 Domino
694 1684 744 1709 127
759 1683 791 1709 56

207 1744 244 1750 -
262 1732 354 1755 mutuo
382 1735 503 1754 sermone
528 1730 740 1760 provocaverunt
765 1734 793 1752 se

154 1775 227 1807 ipsos
246 1774 280 1800 ad
293 1773 391 1800 malum
405 1773 585 1805 conspirantes
598 1777 687 1799 contra
708 1773 792 1798 lesum

155 1819 199 1845 Vll
229 1819 280 1845 139
310 1818 342 1843 19
361 1831 396 1836 -
421 1817 547 1849 operibus
575 1817 705 1850 persecuti
734 1818 794 1842 suut

157 1862 287 1890 Christum
316 1860 378 1887 ibid.
397 1861 564 1888 —insidiati
592 1864 653 1887 sunt
680 1860 793 1886 Domino

154 1911 263 1940 propter
282 1905 409 1931 invidiam
429 1905 462 1931 Vl
482 1906 533 1931 348
554 1906 586 1931 47

208 1964 244 1970 -
262 1952 336 1976 erant
355 1950 453 1975 versuti
473 1950 506 1976 ad
529 1949 682 1976 tentandum
696 1948 729 1973 Vl
743 1948 794 1973 377

156 1996 189 2021 23
208 2009 244 2015 -
262 1993 394 2020 Christum
423 1994 558 2020 tentabant
585 1993 655 2020 aliud
683 1991 795 2018 exterius

155 2038 367 2072 praetendendo,
396 2038 466 2065 aliud
484 2035 604 2064 'interius
635 2035 795 2062 intendendo

157 2084 204 2110 111
228 2090 254 2108 v.
275 2083 291 2108 2
309 2096 346 2101 —
364 2086 438 2108 erant
456 2082 608 2115 hypocritae
627 2079 689 2106 ibid.
707 2095 743 2098 —
761 2080 795 2105 de

156 2128 286 2154 solutione
304 2126 393 2153 tributi
421 2126 573 2160 quaerendo
600 2124 693 2151 Christi
722 2124 796 2150 iusti-

159 2172 222 2198 tiam
243 2168 456 2198 tentabant'ibid.

210 2229 245 2235 —
261 2215 412 2241 invidebant
425 2215 534 2241 bonitati
547 2213 651 2240 Domini
666 2212 698 2238 Vl
714 2212 766 2238 354
781 2212 795 2237 4

156 2274 191 2280 -
210 2259 363 2294 invidebant
390 2259 517 2290 Domino,
546 2258 618 2291 quod
640 2256 797 2282 laudabatur

155 2305 191 2331 de
209 2304 410 2330 mansuetudine
429 2307 455 2329 et
475 2302 569 2328 iustitia
594 2301 672 2327 simul
691 2301 743 2327 355
764 2301 796 2326 13

156 2362 192 2368 -
211 2351 363 2381 proponunt
381 2347 576 2380 quaestionem,
604 2345 630 2370 in
655 2352 708 2378 qua
728 2345 799 2371 Chri-

118 2385 136 2419 ’,
159 2396 215 2418 stus
233 2399 340 2418 necesse
360 2391 468 2417 haberet
485 2389 617 2415 declinare
635 2389 662 2414 iu
681 2389 797 2421 rigorem

160 2436 273 2462 iustitiae
300 2438 391 2462 contra
415 2433 658 2464 mansuetudinem,
677 2433 718 2458 vel
737 2440 799 2459 con-

158 2480 287 2506 tradicere
306 2479 417 2506 iustitiae
436 2478 513 2509 Legis
531 2476 595 2503 ibid.

161 2536 164 2539 ⁴
211 2538 247 2544 —
266 2526 423 2557 quaerentes
441 2521 621 2554 occasionem,
635 2524 663 2547 ut
675 2525 804 2559 caperent*

159 2567 291 2594 Christum
312 2568 337 2594 in
356 2573 492 2598 sermone,
505 2569 701 2598 proposuerunt
719 2573 799 2599 quae-

161 2612 273 2638 stionem
301 2612 335 2638 de
363 2611 494 2641 adultera,
516 2609 561 2635 sed
582 2609 632 2641 ipsi
651 2610 720 2642 capti
739 2614 801 2637 sunt

159 2659 186 2682 et
204 2656 306 2682 confusi
335 2656 368 2681 Vl
395 2655 445 2681 353
467 2654 477 2679 1
500 2667 536 2673 -
554 2653 687 2680 adulando
715 2655 800 2681 Domi-

150 2706 224 2726 num
243 2700 366 2732 decipere
384 2702 409 2725 et
422 2705 450 2724 se
462 2698 593 2724 occultare
612 2698 735 2724 volebant
749 2699 799 2725 354

163 2743 179 2772 5
199 2757 234 2764 —
252 2746 418 2779 tentaverunt
437 2741 578 2768 Dominum
592 2743 760 2775 quaerendo,
773 2747 801 2770 ut

162 2791 269 2820 possent
296 2795 358 2814 eum
383 2792 507 2813 accusare
535 2784 569 2812 ib.
588 2786 605 2811 7
625 2800 659 2805 -—
678 2791 801 2814 accusant

162 2831 227 2857 alios
245 2834 274 2858 ut
292 2831 445 2864 hypocritae
463 2829 496 2865 ib.
517 2830 532 2855 8
553 2843 587 2849 --
606 2831 707 2857 confusi
720 2838 734 2857 a
750 2830 796 2858 Do-

162 2875 233 2901 mino
253 2875 366 2908 dispersi
384 2873 542 2901 recedebant
560 2873 593 2900 ib.
613 2874 646 2900 10

215 2932 251 2939 -
269 2925 323 2945 non
343 2920 458 2945 valentes
476 2918 671 2949 reprehendere
693 2920 802 2946 curatio-

161 2969 223 2989 nem
243 2963 328 2996 caeci,
348 2961 539 2989 calumniantur
567 2962 678 2989 modum
697 2964 731 2990 vt
750 2964 802 2990 377

163 3007 207 3037 20,
226 3007 255 3032 21
280 3020 314 3025 -
333 3005 467 3033 tentabant
487 3011 611 3038 caecum,
640 3010 667 3033 ut
695 3010 804 3040 negaret

162 3049 258 3076 Christi
278 3049 434 3077 miraculum
454 3047 488 3075 ib.
505 3049 538 3075 23
551 3062 587 3069 -
600 3051 743 3082 sperabant
756 3058 803 3084 per

165 3095 287 3125 parentes
311 3094 467 3121 miraculum
496 3093 628 3120 infirmare
656 3093 690 3121 ib.
715 3095 749 3121 24
768 3110 804 3114 --

164 3136 190 3162 in
209 3138 428 3169 reprehendendo
442 3137 553 3164 Domino
565 3137 753 3165 dissentiebant
769 3138 805 3165 ib.

137 3190 140 3194 ·
166 3180 200 3250 ἓξ
219 3193 254 3199 -
273 3185 347 3208 erant
365 3181 466 3209 solliciti
494 3181 528 3208 ad
555 3183 804 3214 reprehendendum

203 3224 219 3249 6
240 3225 272 3250 19

823 180 860 213 ΙΝ
883 179 1176 212 COMMENTARIOS
1199 180 1229 212 S.
1254 178 1481 212 SCRIPTURAE

831 268 919 294 culum
939 267 1096 294 attribuatur
1116 268 1148 293 Vt
1169 267 1219 293 378
1241 268 1274 293 30
1293 282 1329 287 -
1347 267 1398 293 sub
1417 274 1473 299 spe„

831 312 871 338 cie
895 311 1030 344 religionis
1056 310 1215 337 inducebant
1243 311 1277 337 ad
1306 311 1473 343 negationem

830 355 926 382 Christi
945 355 1007 382 ibid.
1027 370 1062 374 —
1081 363 1134 381 non
1153 355 1297 381 credebant
1324 356 1401 388 signo
1420 355 1475 381 evi—

831 400 986 426 dentissimo
1004 403 1113 432 propter
1132 400 1256 426 duritiam
1276 399 1327 425 379
1349 400 1381 425 37

883 458 920 463 -
939 444 1131 470 calumniantur
1144 444 1281 470 credentes
1297 444 1322 469 in
1342 443 1472 470 Christum

832 488 864 514 Vt
885 489 936 514 352
959 488 991 513 70
1011 502 1046 506 —-
1065 488 1201 513 credentes
1221 488 1245 513 in
1265 488 1396 514 Christum
1411 488 1474 513 nite-

832 532 928 558 bantur
946 539 960 557 a
981 532 1034 558 ilde
1054 535 1173 557 avertere
1192 531 1224 558 ib.
1242 532 1277 558 67
1296 546 1332 551 —
1351 531 1473 558 obstinati

831 583 883 602 non
902 577 987 602 solum
1008 583 1061 602 non
1081 575 1249 601 crediderunt
1277 576 1375 602 Lazaro
1394 576 1473 601 susci-

832 624 884 646 tato
913 623 939 646 et
961 620 1079 652 Christo,
1098 620 1145 646 sed
1165 623 1190 645 et
1208 620 1288 646 fldem
1309 620 1472 645 credentium

831 665 999 697 exstinguere
1017 664 1141 690 volebant
1159 665 1203 690 Vll
1225 664 1275 690 425
1296 664 1324 689 61

884 723 920 729 -
939 712 1048 741 propter
1066 709 1237 741 pertinaciam
1251 710 1434 734 remanserunt
1447 708 1472 733 in

832 753 949 780 faecibus
968 754 1022 780 suis
1036 753 1078 779 Vll
1094 753 1143 778 182
1164 753 1193 778 61
1217 767 1252 772 -
1267 755 1422 785 reputantur
1436 752 1472 778 in-

832 798 891 824 iusti
911 801 936 824 et
954 797 1061 830 reprobi
1081 796 1115 823 ab
1128 797 1221 823 eadem
1236 797 1377 830 Sapientia,
1390 804 1470 830 quam

831 843 1010 869 condemnant
1034 844 1144 874 propter
1172 842 1343 874 pertinaciam
1364 845 1389 868 et
1407 842 1472 879 blas·

831 887 965 920 phemiam
984 885 1046 913 ibid.
1065 900 1100 906 -
1120 886 1187 912 iusto
1208 886 1304 913 iudicio
1316 887 1342 912 in
1355 887 1471 913 adventu

831 931 926 958 Christi
944 933 1018 957 erant
1036 931 1192 957 excaecandi
1214 932 1245 957 Vl
1266 931 1317 957 376
1340 931 1371 956 17
1384 946 1419 949 -
1432 931 1473 957 10-

831 979 870 1002 ste
880 979 949 1002 sunt
968 975 1098 1001 excaecati
1119 976 1165 1001 381
1191 975 1234 1007 511
1247 976 1280 1002 52
1295 990 1328 994 -—
1342 975 1472 1001 excaecati

833 1022 937 1047 fuerunt
965 1023 1074 1052 propter
1097 1020 1222 1045 malitiam
1243 1020 1285 1046 Vll
1313 1020 1363 1046 139
1384 1020 1416 1045 18
1438 1034 1472 1038 --

831 1066 940 1097 Propter
959 1063 1085 1089 invidiam
1106 1064 1236 1089 excaecati
1255 1067 1317 1089 sunt
1335 1063 1382 1089 501
1407 1064 1422 1089 2
1436 1077 1472 1082 -

831 1110 893 1143 quia
922 1108 1059 1134 veritatem
1083 1108 1231 1140 denegant,
1251 1108 1324 1140 digni
1343 1110 1418 1139 sunt,
1444 1111 1472 1133 ut

830 1153 868 1179 eis
886 1160 900 1178 a
927 1152 1041 1178 Veritate
1068 1152 1174 1178 notitiae
1202 1152 1299 1178 veritas
1325 1152 1472 1184 denegetur

831 1197 882 1223 503
902 1197 917 1222 9
937 1210 973 1215 -
992 1199 1065 1221 erant
1084 1196 1275 1228 incorrigIbiles
1295 1197 1327 1221 Vl
1347 1196 1399 1222 352
1418 1196 1452 1221 70

884 1254 919 1260 -
938 1240 1091 1273 quaerendo
1109 1240 1143 1265 de
1167 1243 1296 1272 potestate
1320 1240 1414 1267 Christi
1433 1244 1472 1265 to-

832 1288 884 1311 tam
904 1284 1008 1317 plebem
1030 1284 1055 1309 in
1071 1284 1262 1310 dubitationem
1282 1285 1380 1311 ducere
1403 1285 1472 1309 vole-

832 1329 905 1360 bant,
926 1329 1001 1361 quasi
1030 1329 1087 1354 eius
1109 1329 1234 1354 miracula
1264 1336 1317 1354 non
1345 1331 1432 1354 essent
1456 1335 1470 1353 a

832 1375 900 1404 Deo,
920 1373 967 1398 sed
986 1373 1074 1405 potius
1093 1379 1107 1398 a
1132 1372 1237 1399 diabolo
1261 1373 1304 1399 vu
1325 1373 1371 1399 501
1401 1373 1416 1398 3
1436 1386 1471 1391 -

831 1416 986 1444 dubitabant
1004 1417 1038 1442 de
1056 1417 1158 1448 origiue
1175 1417 1309 1449 potestatis
1328 1416 1421 1443 Christi
1441 1424 1470 1442 cx

831 1461 999 1493 corruptione
1026 1462 1199 1487 conscientiae
1227 1465 1253 1487 et
1272 1462 1395 1487 caecitate
1419 1461 1470 1486 502

830 1506 845 1531 7
876 1519 910 1524 —-
938 1505 1133 1531 convincuntur
1161 1509 1237 1531 cauta
1268 1505 1471 1537 interrogatione

831 1549 925 1576 Christi
943 1549 977 1575 ib.
997 1550 1013 1575 5
1032 1563 1068 1569 -
1087 1549 1237 1576 dubitantes
1257 1550 1290 1576 de
1314 1550 1413 1575 lumine
1431 1556 1472 1575 re-

832 1594 968 1620 mittuntur
999 1594 1033 1620 ad
1064 1595 1299 1620 considerationem
1332 1595 1471 1625 lucernae,

830 1638 980 1665 dubitantes
1008 1638 1043 1664 de
1062 1638 1150 1665 Verbo
1178 1639 1345 1665 remittuntur
1369 1639 1403 1664 ad
1428 1646 1472 1664 vo-

830 1690 887 1709 cem
907 1682 969 1709 ibid.

884 1741 918 1745 —
936 1734 985 1759 per
1004 1727 1212 1754 incredulitatem
1228 1728 1284 1753 viro
1304 1727 1406 1753 caelesti
1419 1734 1472 1753 crc-

831 1771 894 1797 derc
920 1771 1079 1798 recusabant
1109 1772 1151 1798 Vll
1182 1773 1232 1798 502
1258 1772 1272 1796 6
1301 1786 1335 1790 -
1364 1775 1472 1804 propter

830 1816 921 1842 odium
942 1817 1060 1842 veritatis
1079 1824 1109 1842 cx
1135 1824 1186 1842 una
1207 1819 1280 1848 parte
1305 1819 1331 1842 et
1350 1816 1470 1841 timorem

830 1861 996 1893 lapidationis
1015 1868 1044 1887 ex
1063 1862 1143 1886 altera
1160 1860 1335 1893 praetendunt
1354 1860 1472 1892 ignoran-

832 1905 893 1930 tiam
913 1905 965 1931 503
985 1906 1000 1930 8
1016 1919 1049 1924 —-
1063 1905 1198 1931 Confessio
1214 1905 1376 1936 ignorantiae
1395 1905 1422 1930 in
1435 1905 1473 1930 cis

832 1952 887 1974 erat
906 1949 1020 1981 superba
1039 1953 1065 1975 et
1083 1950 1174 1975 dolosa
1194 1948 1302 1975 ibid.·-
1321 1949 1472 1981 praetende-

832 1992 896 2019 bant
914 1993 1090 2025 ignorantiam
1112 1994 1174 2019 falso
1193 1997 1218 2019 et
1231 1997 1321 2019 contra
1341 1993 1473 2019 conscien-

833 2037 909 2068 tiam,
929 2041 958 2063 ut
980 2038 1092 2064 vitarent
1111 2038 1326 2070 redargutionem
1355 2040 1472 2069 apertam

834 2080 898 2108 ibid.

887 2140 921 2144 —
934 2126 1036 2153 Christo
1052 2126 1206 2152 insidiantur
1217 2134 1264 2158 per
1277 2126 1419 2151 versutiam
1432 2125 1472 2149 Vll

834 2170 885 2196 509
905 2172 948 2196 26.
962 2171 1013 2196 510
1034 2172 1066 2197 28
1088 2185 1121 2189 --
1141 2170 1243 2197 Christo
1260 2169 1472 2198 blandiebantur,

834 2219 862 2241 ut
885 2223 915 2241 ex
935 2223 981 2241 ore
1000 2209 1057 2241 eius
1082 2218 1266 2248 extorquerent
1287 2217 1472 2246 argumentum

834 2263 924 2285 contra
943 2267 1004 2286 eum
1025 2260 1076 2286 510
1097 2261 1129 2285 28
1149 2273 1184 2279 -
1204 2267 1255 2285 non
1280 2257 1474 2289 interrogabaut

834 2304 922 2330 studio
941 2304 1108 2335 addiscendi,
1136 2304 1183 2329 sed
1206 2303 1327 2329 vincendi
1357 2306 1382 2327 et
1400 2308 1474 2333 supe-

834 2349 911 2374 randi
931 2349 982 2375 516
1003 2348 1035 2374 46
1055 2363 1090 2368 ——
1109 2355 1201 2374 corum
1227 2347 1350 2373 dolositas
1372 2349 1423 2371 tam
1449 2346 1473 2371 iu

835 2393 935 2427 origine
954 2400 1034 2426 quam
1054 2393 1081 2418 in
1101 2399 1243 2424 progressu
1267 2394 1293 2416 et
1311 2397 1476 2416 consumma-

835 2436 905 2461 tione
924 2438 979 2462 erat
997 2443 1011 2461 a
1031 2435 1124 2467 spiritu
1145 2434 1258 2466 maligno
1278 2433 1328 2458 294
1349 2433 1382 2458 52

890 2493 926 2499 -
944 2487 975 2506 ex
994 2479 1174 2512 indignatione
1193 2477 1355 2511 quaerebant
1375 2476 1476 2502 mittere

838 2531 933 2550 manus
952 2524 977 2550 in
998 2523 1144 2554 Christum,
1164 2523 1209 2548 sed
1230 2529 1259 2547 ex
1279 2521 1370 2553 populi
1391 2521 1476 2546 sormi-

838 2569 899 2595 dine
918 2576 971 2594 non
990 2567 1122 2594 audebant
1151 2567 1192 2592 Vll
1213 2566 1264 2591 509
1285 2566 1318 2590 25
1337 2579 1372 2583 -
1391 2565 1476 2597 magis

838 2612 964 2639 timebant
992 2613 1120 2645 populum
1149 2617 1230 2643 quam
1250 2610 1332 2635 Deum
1362 2608 1424 2635 ibid.
1443 2623 1478 2629 —-

837 2657 903 2684 dum
926 2656 1050 2683 volebant
1077 2655 1208 2682 Christum
1237 2649 1370 2684 occidere,
1394 2653 1479 2686 impu-

837 2701 943 2734 gnando
956 2701 1093 2727 veritatem
1107 2699 1222 2725 auditam
1236 2697 1380 2730 implebant
1394 2698 1477 2730 ipsam

836 2746 974 2772 veritatem
994 2743 1055 2771 ibid.

890 2803 926 2810 —
944 2789 1019 2816 Unita
1039 2788 1086 2814 fuit
1105 2787 1181 2813 simul
1200 2785 1309 2812 ambitio
1327 2787 1477 2819 principum

838 2841 899 2861 cum
918 2833 1015 2859 malitia
1035 2832 1247 2861 Pharisaeorum.
1269 2834 1296 2856 ut
1310 2838 1357 2863 per
1376 2831 1430 2857 vim
1446 2833 1479 2857 fa-

838 2881 928 2904 cerent
947 2876 1083 2903 consilium
1112 2875 1231 2907 iniquum
1252 2875 1284 2900 Vl
1314 2874 1365 2900 407
1391 2875 1425 2901 65
1443 2889 1478 2895 -

839 2921 994 2948 mandatnm
1023 2920 1153 2946 dederunt
1180 2918 1311 2945 Christum
1337 2921 1479 2952 apprehen-

839 2965 920 2992 dendi
940 2964 991 2990 409
1005 2963 1040 2989 74
1052 2978 1087 2982 -
1100 2963 1229 2989 miseruut
1242 2963 1376 2989 ministros
1389 2964 1423 2990 ad
1436 2971 1480 2996 ap-

841 3008 1059 3042 prehendendum
1078 3008 1163 3034 lesum
1184 3007 1234 3032 348
1255 3007 1297 3033 47.
1318 3008 1364 3034 351
1389 3008 1423 3033 62
1444 3022 1480 3028 -

840 3060 854 3079 a
870 3052 994 3078 ministris
1006 3058 1113 3077 causam
1132 3051 1282 3084 requirunt,
1295 3055 1322 3077 ut
1335 3059 1381 3078 cos
1394 3052 1481 3078 redar-

842 3099 936 3129 guant,
958 3102 1041 3128 quare
1060 3102 1111 3121 uon
1131 3096 1367 3128 apprehendissent
1395 3097 1479 3121 lesum

841 3139 888 3165 351
913 3140 947 3164 63
966 3152 1001 3158 —-
1020 3139 1128 3171 Propter
1146 3140 1339 3165 contentionem
1359 3140 1384 3165 ln
1405 3139 1480 3165 turba

843 3184 962 3209 trustrata
981 3185 1020 3208 est
1047 3183 1206 3209 machinatio
1225 3183 1424 3209 Pharisaeorum
1447 3182 1481 3209 ib.

2088 180 2168 212 815

1803 224 1854 249 riu

1565 280 1600 285 —
1620 267 1774 298 hypocritae
1803 267 1898 293 iniusto
1927 267 2015 293 animo
2041 271 2152 293 mortem

1512 309 1605 336 Christi
1625 310 1746 336 sitiebant
1764 311 1796 336 Vl
1817 311 1868 336 353
1887 311 1921 336 74
1935 325 1971 330 -
1990 319 2037 343 per
2056 313 2153 343 Legem

1511 353 1642 380 Christum
1666 355 1845 381 condemnare
1872 362 1924 381 non
1952 359 2072 387 poterant
2100 357 2151 382 352

1511 398 1555 430 68,
1574 399 1617 431 69,
1639 399 1683 424 70.
1710 400 1762 425 353
1791 399 1825 425 74
1845 414 1880 418 -
1900 399 2023 425 volebant
2051 401 2152 426 occulte

1511 443 1632 468 occidere
1650 442 1783 468 Christum
1804 447 1912 475 propter
1933 444 2023 469 odium
2038 445 2154 469 veritatis

1511 486 1630 517 auditae,
1651 494 1702 512 non
1722 490 1813 518 aperte
1828 490 1936 519 propter
1955 487 2075 513 timorem
2100 492 2153 514 tur-

1511 529 1605 555 barum
1628 531 1667 556 Vll
1697 531 1748 556 309
1779 531 1828 556 102
1857 545 1892 549 -
1920 532 2151 563 reprehensionem

1510 573 1645 599 Nicodemi
1676 575 1774 600 evitare
1808 578 1834 600 et
1864 579 2020 606 conceptum
2053 576 2151 601 malum

1510 624 1695 643 consummare
1720 625 1771 643 non
1796 621 1916 650 poterant
1942 619 1973 644 Vl
1993 619 2044 644 352
2063 620 2093 644 71
2117 633 2153 639 -

1510 665 1699 694 persequentes
1717 661 1848 687 Christum
1869 662 1986 693 dissipati
2007 666 2066 688 sunt
2087 662 2149 688 ibid.

1563 720 1598 724 —-
1617 705 1754 737 dicebant,
1776 713 1834 731 esse
1853 707 1968 738 Angelos
1994 706 2026 732 Vl
2047 707 2098 732 420
2119 707 2151 732 43

1510 763 1546 769 -
1563 749 1706 776 credebant
1725 751 1839 775 futuram
1866 751 2084 776 resurrectionem
2108 751 2151 776 vlt

1510 794 1561 819 516
1583 794 1616 820 45

1564 854 1597 858 -
1610 842 1767 871 apparenter
1779 841 1834 864 erat
1849 839 1931 864 iustus
1946 839 1987 864 Vll
2003 839 2053 865 453
2069 839 2102 864 15
2116 854 2150 858 -

1510 891 1557 916 per
1575 883 1752 915 arrogantiam
1771 890 1847 908 suam
1867 883 1992 909 iustitiam
2012 883 2151 909 labefacta-

1509 927 1554 953 bat
1572 926 1634 953 ibid.
1647 942 1680 946 -
1694 928 1720 961 in
1739 927 1838 953 orando
1859 927 2005 953 manifestat
2024 934 2151 960 arrogan-

1510 972 1570 998 tiam
1590 979 1653 997 suae
1674 972 1775 1003 mentis,
1795 975 1846 997 tam
1867 975 1988 1004 respectu
2004 972 2048 997 Dei
2069 979 2150 1005 quam

1509 1016 1621 1049 proximi
1640 1023 1725 1052 quam·
1740 1016 1779 1041 sui
1800 1015 1833 1042 ib.
1849 1017 1881 1041 16
1897 1031 1930 1036 --
1945 1015 2056 1042 iactabat
2075 1024 2103 1042 sc
2118 1017 2152 1042 de

1509 1060 1586 1086 bonis
1604 1061 1658 1086 suis
1677 1060 1710 1086 Vl
1732 1060 1782 1086 596
1804 1061 1819 1086 5
1841 1074 1877 1079 -
1897 1061 1995 1092 gratias
2017 1061 2071 1093 agit
2094 1061 2151 1087 Deo

1509 1105 1589 1131 modo
1607 1104 1723 1137 superbo
1745 1105 1785 1130 Vll
1805 1104 1856 1130 454
1879 1105 1910 1130 17
1930 1119 1966 1124 -
1985 1105 2077 1131 orabat
2097 1112 2149 1131 non

1509 1150 1644 1175 incurvato
1663 1156 1790 1181 corpore,
1809 1150 1855 1175 sed
1876 1153 1962 1175 erecta
1983 1151 2068 1175 fronte
2087 1149 2150 1175 ibid.

1508 1193 1600 1219 orabat
1624 1196 1749 1226 tanquam
1778 1192 1827 1218 sibi
1857 1194 1962 1225 placens
1988 1193 2049 1219 ibid.
2070 1208 2105 1211 —
2125 1194 2150 1219 in

1507 1238 1608 1263 orando
1627 1237 1724 1269 incepit
1742 1244 1757 1262 a
1777 1237 1990 1269 magnificatione
2009 1237 2149 1269 bonorum,

1507 1289 1576 1315 quae
1595 1284 1745 1313 acceperat,
1759 1289 1811 1307 non
1826 1289 1840 1307 a
1854 1282 1894 1307 sui
1909 1282 2074 1308 accusatione
2088 1281 2149 1308 ibid.

1561 1341 1595 1344 —
1614 1333 1642 1352 se
1662 1325 1768 1351 dicebat
1788 1333 1840 1351 non
1860 1333 1918 1352 esse
1937 1331 2102 1358 peccatorem
2126 1329 2151 1351 et

1508 1377 1536 1396 se
1563 1370 1648 1396 solum
1674 1371 1771 1396 iustum
1804 1371 1845 1396 Vll
1872 1370 1921 1395 454
1944 1370 1975 1395 18
1996 1384 2030 1388 —
2049 1373 2150 1395 ceteros

1507 1414 1600 1440 asserit
1619 1418 1784 1446 peccatores,
1804 1418 1897 1440 notans
1922 1421 1967 1439 eos
1986 1414 2019 1439 de
2039 1414 2152 1438 multitu-

1508 1459 1569 1485 dine
1594 1459 1718 1484 vitiorum
1749 1457 1809 1485 ibid.
1828 1473 1862 1477 ——
1882 1458 1994 1490 despicit
2017 1461 2042 1483 ct
2060 1457 2151 1483 irridet

1509 1502 1678 1535 publicanum
1697 1502 1759 1529 ibid.
1779 1517 1814 1521 —
1833 1510 1863 1528 ex
1877 1502 2086 1528 consideratione
2105 1508 2151 1533 pu-

1509 1547 1603 1572 blicani
1623 1547 1785 1573 consurrexit
1809 1547 1835 1572 in
1861 1546 2031 1571 temeritatem
2061 1546 2152 1571 iudicii

1509 1592 1578 1617 etin
1597 1592 1736 1617 clationem
1761 1591 1840 1616 animi
1866 1589 1928 1616 ibid.
1953 1604 1987 1608 —
2006 1596 2034 1615 se
2062 1590 2150 1621 ipsum

1509 1636 1678 1662 commendat
1700 1639 1726 1662 et
1744 1643 1819 1662 suam
1839 1635 1963 1660 iustitiam
1983 1641 2031 1666 per
2054 1641 2150 1659 vanam

1509 1681 1620 1713 gloriam
1641 1681 1729 1706 foedat
1749 1680 1799 1705 455
1821 1680 1852 1704 19
1873 1693 1907 1697 -
1927 1686 1977 1704 000
1992 1682 2061 1704 rccte
2081 1685 2153 1704 reco-

1510 1726 1602 1757 gnovit
1621 1724 1699 1757 bona,
1724 1731 1794 1757 quae
1817 1723 1919 1754 accepit
1944 1721 1977 1748 ib.
2002 1723 2035 1747 20
2055 1737 2091 1740 —
2110 1722 2153 1748 de-

1509 1770 1609 1796 scendit
1628 1769 1781 1795 iustificatos
1800 1767 1947 1793 secundum
1962 1773 2036 1792 suam
2050 1766 2153 1798 opinio-

1509 1821 1569 1840 nem
1590 1813 1638 1839 457
1667 1813 1700 1838 24
1719 1826 1755 1831 -
1774 1812 1896 1843 designat
1924 1811 2081 1836 ludaeorum
2106 1818 2150 1843 po-

1510 1858 1602 1890 pulum
1621 1856 1683 1883 ibid.
1701 1856 1752 1882 523
1774 1856 1788 1880 8

1563 1915 1598 1921 -
1616 1901 1661 1933 qui
1680 1900 1821 1925 Dominum
1841 1899 1873 1924 ad
1895 1899 2036 1930 prandium
2056 1899 2150 1924 invita-

1510 1949 1596 1976 verat,
1615 1951 1669 1969 non
1697 1947 1752 1969 crat
1781 1950 1795 1968 a
1824 1943 1936 1968 Domino
1964 1943 2080 1974 divisus,
2105 1942 2153 1968 sed

1511 1989 1595 2021 magis
1609 1989 1697 2013 imitus
1710 1987 1753 2012 Vll
1771 1987 1819 2012 182
1842 1987 1875 2012 63
1890 2001 1924 2010 ,-
1938 1987 2037 2019 cogitax
2047 1987 2064 2012 it
2086 1987 2153 2013 sicut

1511 2033 1660 2065 hypocrita,
1679 2031 1812 2057 Christum
1832 2038 1885 2056 non
1910 2038 1968 2056 csse
1994 2032 2152 2063 Prophetam

1512 2078 1563 2103 184
1583 2078 1615 2102 68
1635 2091 1670 2094 -
1689 2083 1719 2101 ex
1739 2082 1803 2101 vero
1817 2075 1928 2101 cadebat
1941 2076 1965 2100 iu
1983 2076 2076 2101 falsum
2091 2075 2152 2102 ibid.

1511 2137 1544 2141 -
1565 2120 1669 2146 errabat
1697 2120 1722 2145 in
1753 2121 1815 2150 hoc,
1835 2120 1908 2152 quod
1927 2119 2063 2152 credebat,
2083 2120 2154 2146 Chri-

1511 2170 1580 2191 stum
1607 2165 1743 2196 ignorare,
1768 2171 1797 2189 so
1825 2171 1839 2189 a
1868 2164 1979 2190 muliere
2006 2164 2152 2196 peccatrice

1511 2209 1626 2241 contingi
1655 2207 1688 2234 ib.
1717 2209 1751 2233 69
1774 2222 1812 2245 ¹—
1839 2209 1917 2240 etiam
1944 2209 1979 2234 de
2007 2209 2154 2241 peccatrice

1512 2254 1579 2279 male
1598 2252 1731 2279 iudicabat
1744 2252 1806 2279 ibid.
1819 2267 1852 2272 —
1868 2253 2005 2285 profitetur
2019 2254 2154 2279 scientiam

1512 2301 1538 2323 et
1556 2298 1620 2330 petit
1639 2297 1786 2323 doctrinam
1807 2297 1857 2322 185
1877 2298 1906 2323 71
1930 2311 1965 2317 --
1989 2302 2067 2323 vocat
2085 2297 2157 2324 Chri-

1512 2346 1581 2368 stum
1602 2342 1758 2373 magistrum
1779 2341 1842 2368 ibid.

1565 2400 1600 2405 —
1620 2387 1712 2411 falsum
1733 2386 1859 2412 iudicium
1881 2389 1976 2412 fecerat
1995 2394 2024 2412 ex
2050 2387 2155 2419 propria

1513 2431 1706 2461 aestimatione,
1719 2435 1821 2457 rectum
1842 2433 1940 2463 profert
1959 2431 2046 2457 divina
2068 2438 2156 2456 manu·

1515 2475 1639 2501 ductione
1659 2476 1701 2501 vu
1723 2476 1773 2501 Ι186
1793 2475 1828 2501 74
1846 2489 1882 2494 -
1902 2476 1970 2501 male
1995 2475 2157 2501 iudicaverat

1515 2519 1582 2544 intra
1596 2527 1633 2552 sc,
1646 2523 1717 2545 recte
1730 2520 1827 2546 iudicat
1841 2524 1929 2546 contra
1941 2527 1969 2545 se
1979 2519 2041 2546 ibid.
2055 2534 2088 2538 —-
2101 2526 2155 2544 non

1513 2563 1681 2596 approbabat
1691 2566 1756 2590 facta
1768 2564 1929 2596 peccatricis,
1939 2564 1985 2590 sed
1996 2563 2157 2596 reprobabat

1515 2609 1572 2634 eius
1592 2609 1684 2634 merita
1703 2608 1738 2635 ib.
1759 2609 1794 2634 75
1813 2623 1849 2628 —
1868 2608 1976 2634 videbat
1995 2603 2084 2634 ssetu'm
2099 2614 2158 2640 pec-

1516 2653 1634 2684 catricis,
1662 2660 1714 2679 non
1743 2657 1830 2679 tamen
1859 2652 2008 2679 attendebat
2035 2654 2157 2678 affectum

1516 2696 1577 2723 ibid.
1596 2712 1632 2716 —
1651 2705 1665 2724 a
1685 2698 1797 2724 Domino
1810 2701 1993 2724 commonetur
2007 2701 2032 2722 et
2045 2704 2076 2722 ex
2090 2703 2159 2722 com-

1516 2742 1650 2774 paratione
1670 2742 1822 2775 peccatricis
1841 2742 1961 2774 arguitur
1979 2740 2041 2767 ibid.

1569 2787 1697 2815 Pntmrrus
1717 2800 1750 2805 —
1770 2793 1800 2812 os
1820 2785 1949 2817 lampadis
1973 2785 2159 2817 interpretatur

1516 2833 1542 2856 et
1560 2830 1690 2862 significat
1709 2830 1864 2862 sapientiam
1884 2829 2048 2861 eloquentiae
2067 2832 2092 2854 et
2112 2830 2158 2854 ho-

1516 2877 1642 2900 nestatem
1663 2874 1869 2900 conversationis
1889 2873 1920 2898 Vl
1941 2874 1991 2898 266
2011 2874 2053 2898 91.
2068 2873 2110 2898 Vll
2124 2873 2157 2898 64

1517 2919 1559 2943 89.
1580 2918 1630 2943 144
1651 2918 1683 2943 37
1703 2931 1738 2937 --
1756 2921 1812 2943 erut
1830 2924 1845 2942 a
1874 2917 2011 2942 Bethsaida
2031 2917 2158 2942 Galilaeae

1517 2962 1550 2987 Vl
1571 2962 1622 2987 416
1641 2962 1675 2987 30
1694 2976 1730 2979 -
1749 2962 1867 2993 Quatuor
1886 2961 1942 2985 eius
1962 2960 2029 2985 tiliae
2042 2960 2160 2992 virgines

1517 3006 1656 3038 designant
1674 3009 1787 3038 quatuor
1806 3005 1916 3030 virtutes
1944 3004 2090 3030 cardinales
2116 3005 2158 3030 Vll

1519 3050 1553 3075 64
1573 3050 1606 3074 89

1570 3108 1605 3111 -
1624 3093 1735 3124 simplex
1763 3092 1849 3124 primo
1877 3095 1987 3118 vocatus
2015 3099 2029 3117 a
2057 3092 2159 3118 Christo

1520 3137 1551 3162 Vl
1571 3137 1623 3162 265
1643 3137 1686 3162 89.
1715 3136 1766 3161 268
1797 3136 1841 3160 101
1865 3149 1901 3155 -
1920 3139 2008 3161 motus
2027 3141 2066 3162 est
2084 3136 2158 3168 sequi

1518 3181 1650 3207 Christum
1679 3180 1799 3212 exemplo
1827 3180 1947 3206 Andreae
1975 3183 2000 3206 et
2019 3180 2086 3206 Petri
2105 3181 2157 3205 266

626 3264 630 3273 Ι
842 3227 886 3257 61,
904 3226 939 3251 62
958 3239 993 3246 —
1011 3226 1106 3258 triplici
1134 3227 1169 3253 de
1196 3234 1274 3253 causa
1296 3227 1482 3253 nuntiaverunt
1520 3225 1562 3250 91.
1582 3225 1633 3250 268
1655 3224 1705 3249 102
1724 3238 1760 3242 -
1779 3228 1890 3250 vocatus
1914 3224 2000 3250 statim
2029 3225 2162 3258 quaesivit.

220 3281 256 3288 —
275 3273 402 3297 conantur
421 3276 529 3296 caecum
548 3276 563 3295 a
583 3270 745 3297 confessione
763 3277 807 3296 uo-
842 3269 953 3302 Christ0,
972 3270 1045 3303 quod
1064 3271 1205 3297 Herodiani
1224 3271 1349 3297 volebant
1366 3278 1427 3297 eum
1442 3277 1483 3296 oc·
1520 3268 1658 3295 Nathanael
1677 3269 1783 3294 fratrem
1802 3269 1853 3294 266
1868 3269 1911 3294 92.
1925 3269 1975 3294 268
1991 3269 2036 3294 101
2055 3283 2090 3287 ——
2103 3270 2161 3294 hor-

167 3311 246 3338 minis
265 3312 359 3340 Christi
387 3314 532 3347 retrahere,
560 3321 593 3340 ne
611 3314 713 3341 Christo
732 3314 807 3340 mira·
845 3313 933 3339 cidere
954 3314 994 3339 Vll
1015 3313 1067 3339 354
1088 3314 1121 3340 65

1523 3316 1590 3338 tatur
1610 3312 1757 3343 Nathanael,
1778 3315 1805 3338 ut
1824 3313 1909 3338 veniat
1930 3312 1964 3339 ib.
1984 3313 2017 3339 93
