2476 3921
17 1059 20 1067 =
28 1051 74 1074 Duo
88 1050 151 1073 docu-

48 1079 128 1100 monta.

45 1792 104 1819 item,
119 1798 150 1815 ss-

61 1819 137 1843 cunda.

754 209 948 242 COMMENT.
975 209 1010 241 tN
1036 207 1276 240 EVANGELIUM
1301 208 1420 240 LUCAE
1444 208 1475 240 C.
1502 209 1573 241 Vlll.

171 310 209 335 ea
232 304 332 334 status
356 299 555 339 retentionis,
572 299 625 332 sed
642 298 795 331 transitus
818 297 983 330 oblivionis
1004 299 1134 338 propter

171 353 338 396 strepitum
355 351 580 391 multitudinis;
600 351 686 394 quod
702 350 897 393 significatur
917 349 999 382 infra
1014 349 1134 381 decimo

171 410 281 440 octavo
298 407 324 446 ²,
349 406 403 439 ubi
428 405 562 444 dicitur,
586 403 671 446 quod
701 416 717 432 α
740 412 853 436 caecus
884 402 1011 436 sedebat
1043 410 1135 435 secus

170 460 270 498 viam,
294 458 474 492 mendicans
490 470 526 497 »;
550 460 582 491 et
605 465 678 491 cum
705 457 856 490 clamaret
879 456 918 488 ad
945 455 1132 494 Dominum,

170 512 283 545 turbae
312 511 549 553 «increpabant
572 519 661 550 eum,
686 514 721 543 ut
745 513 863 543 taceret
880 523 909 542 n.
924 528 966 535 —
980 508 1066 542 Unde
1083 509 1134 541 hic

169 574 232 598 non
256 568 304 598 est
327 565 414 598 locus
430 563 698 602 fructificationis,
723 563 798 605 quia
821 572 883 595 non
907 562 1002 595 estin
1026 570 1063 594 eo
1088 570 1134 594 re-

169 618 267 651 tentio
290 617 427 650 seminis.
461 617 530 649 ldeo
553 616 711 658 adiungit:
747 616 784 648 Ει
815 615 1044 648 conculcatum
1068 618 1132 653 esc,

169 671 287 703 scilicet
310 679 328 703 a
351 670 484 712 pedibus
500 669 683 708 hominum,
706 673 734 701 et
757 668 907 701 volucres
923 667 1007 700 caeli
1029 677 1132 700 eome-

169 723 290 756 derum
319 723 421 761 iuuet,-
445 723 477 755 in
508 731 572 765 quo
603 722 822 764 intelliguntur
854 729 980 754 morsus
1007 720 1133 758 daemo-

169 785 264 815 num,
300 776 473 809 secundum
509 775 586 808 illud
620 774 852 808 Deuteronomii
889 773 1049 816 trigesimo
1082 782 1132 806 se-

169 829 273 863 cundo
290 829 323 862 ⁹:
353 842 368 858 α
393 828 625 862 consumentur
656 828 755 866 fame,
787 831 819 860 et
849 827 1048 860 devorabunt
1079 835 1133 860 eos

168 891 242 916 aves
267 891 375 915 morsu
398 881 594 914 amarissimo
619 893 653 920 »;
678 881 824 913 Matthaei
857 881 1003 922 septimo:
1034 893 1050 909 α
1073 880 1132 912 Νο-

169 936 223 969 lite
240 939 383 969 sanctum
399 935 475 968 dare
491 935 636 974 canibus,
654 943 758 976 neque
774 934 929 976 spargatis
946 933 1132 976 margaritas

169 991 291 1022 vestras
314 992 385 1021 ante
401 996 530 1030 porcos,
556 996 595 1020 ne
618 987 699 1020 forte
723 982 908 1019 coneulcent
923 995 976 1019 eas
1001 986 1132 1028 pedibus

168 1042 235 1075 suis
251 1055 280 1074 n.
310 1061 354 1066 —
382 1042 428 1074 Ex
460 1050 524 1083 quo
555 1040 748 1083 colligimus,
773 1039 857 1082 quod
880 1039 944 1072 duo
967 1040 1132 1082 expellunt

168 1095 207 1129 de
223 1095 316 1129 corde
340 1094 476 1128 bominis
493 1103 599 1127 semen
623 1093 763 1126 divinum
775 1119 783 1132 ‚
801 1093 918 1126 scilicet
942 1093 1041 1125 malae
1058 1101 1131 1134 sug-

168 1149 324 1192 gestiones
348 1148 510 1181 hominum
536 1151 568 1180 et
584 1147 770 1180 tentationes
793 1146 992 1179 daemonum.
1012 1147 1047 1178 Et
1062 1146 1131 1179 ideo

167 1202 243 1235 dicit
266 1202 430 1244 Apostolus
453 1201 491 1234 ad
509 1201 665 1234 Hebraeos
689 1199 842 1232 ultimoss:
873 1212 888 1228 α
906 1199 1062 1232 Doctrinis
1078 1209 1131 1232 va-

168 1256 224 1289 riis
246 1259 277 1289 et
305 1255 479 1298 peregrinis
510 1254 605 1287 nolite
628 1253 751 1286 abduci.
776 1252 936 1295 Optimum
969 1257 1016 1286 est
1047 1254 1131 1286 enim

168 1309 269 1352 gratia
293 1308 432 1342 stabilire
456 1316 520 1346 cor,
545 1316 607 1339 non
631 1306 725 1345 escis,
749 1315 831 1347 quae
854 1315 916 1338 Ποῖ]
942 1306 1131 1347 profuerunt

168 1362 403 1395 ambulantibus
428 1361 459 1394 in
482 1361 528 1394 eis
548 1373 579 1392 ».
605 1360 641 1392 Et
664 1360 733 1392 ideo
757 1368 884 1392 necesse
908 1362 972 1397 est,
997 1368 1051 1391 cor
1075 1368 1130 1391 no-

168 1419 271 1449 strum
294 1415 433 1458 elongari
457 1414 498 1447 ab
522 1413 700 1446 huiusmodi
724 1412 938 1450 discursibus,
969 1425 984 1440 a
1010 1416 1045 1444 ut
1068 1421 1130 1445 non

168 1469 268 1502 simus
303 1469 384 1502 sicut
420 1467 541 1510 parvuli
577 1466 768 1499 fluctuantes
802 1469 834 1498 et
868 1465 1131 1498 circumferamur

168 1521 252 1554 omni
278 1524 370 1554 vento
400 1520 561 1553 doctrinae
586 1531 619 1557 »;
645 1518 792 1551 Ieremiae
824 1517 979 1551 secundo:
1010 1531 1025 1546 α
1050 1517 1131 1559 Quid

169 1575 224 1608 tibi
249 1575 297 1608 vis
319 1575 352 1607 in
374 1574 425 1607 via
448 1573 591 1615 Aegypti,
615 1575 652 1605 ut
683 1572 772 1605 bibas
794 1581 908 1614 aquam
943 1571 1130 1604 turbidam?

170 1628 206 1661 Et
228 1627 305 1670 quid
329 1627 383 1660 tibi
408 1626 456 1660 vis
479 1627 511 1659 in
535 1626 586 1658 via
602 1625 820 1666 Assyriorum,
844 1628 880 1657 ut
905 1624 993 1657 bibas
1016 1633 1129 1666 aquam

169 1682 310 1715 fluminis
326 1694 342 1710 »
356 1682 370 1713 ?

259 1736 288 1768 9.
318 1734 420 1776 (Vers.
450 1734 504 1773 6.).
538 1731 679 1765 Secunda
712 1741 786 1764 vero
820 1731 996 1764 differentia
1028 1735 1131 1764 terrae

169 1793 231 1828 est,
254 1797 336 1831 quae
359 1786 477 1829 recipit
493 1789 524 1819 et
547 1785 691 1829 quodam
711 1785 808 1817 niodo
832 1785 962 1824 retinet,
987 1785 1039 1818 sed
1065 1795 1132 1817 non

169 1841 271 1885 fovet;
294 1845 326 1874 et
341 1843 496 1883 quantum
520 1839 559 1872 ad
583 1839 665 1871 hanc
685 1838 808 1871 subdit:
836 1840 873 1871 Et
898 1838 993 1871 aliud
1016 1838 1133 1871 cecidit

169 1904 277 1937 supra
306 1898 455 1936 pec-ram,
480 1892 511 1924 id
542 1895 589 1924 est
613 1900 709 1933 super
741 1901 795 1924 cor
827 1891 965 1930 durum,
997 1891 1035 1925 de
1067 1900 1131 1934 quo

170 1947 338 1981 Zachariae
362 1946 538 1988 septim04:
568 1958 584 1974 «
599 1945 659 1978 Cor
684 1954 777 1978 suum
804 1949 979 1987 posuerunt
995 1948 1031 1978 ut
1058 1945 1131 1977 ada-

169 2003 305 2034 mantem
330 2011 366 2038 »3
390 2002 422 2032 et
444 1999 497 2032 Iob
520 1998 760 2041 quadragesimo
792 1999 910 2041 primo:
940 2012 956 2027 «ε
979 1999 1039 2031 Cor
1063 1999 1131 2031 eius

169 2053 370 2087 indurabitur
394 2052 484 2095 quasi
509 2052 587 2094 lapis
602 2050 633 2084 »ζ
659 2071 702 2076 -
727 2052 819 2091 Haec,
851 2051 996 2095 quamvis
1024 2059 1129 2084 semen

169 2107 267 2150 possit
290 2106 444 2145 retinere,
469 2115 531 2138 non
555 2108 660 2138 tamen
693 2108 793 2147 potest
816 2105 936 2143 fovere,
968 2104 1131 2137 deficiente

171 2160 322 2198 humore;
346 2162 378 2192 et
401 2155 569 2200 propterea
591 2157 693 2190 addit:
721 2159 758 2190 Ec
780 2161 899 2190 natum
923 2157 1031 2195 aruit,
1049 2156 1130 2200 quia

170 2222 237 2245 mm
261 2211 423 2244 habebat‘·
447 2210 636 2251 humorem,
661 2211 780 2244 scilicet
803 2214 998 2252 vegetantem
1024 2213 1054 2242 et
1085 2208 1130 2241 fo-

170 2268 312 2304 ventem;
343 2269 375 2298 et
406 2265 436 2298 in
461 2264 514 2298 tali
539 2269 626 2298 terra
656 2264 760 2298 statim
790 2263 931 2296 nascitur
963 2265 994 2295 et
1024 2262 1129 2295 statim

148 2356 151 2358 Ὗ
170 2318 318 2356 moritur,
335 2317 410 2360 quia
426 2327 540 2360 parum
564 2317 660 2350 habet
675 2317 713 2349 de
730 2316 888 2353 alimento,
906 2315 988 2348 sicut
1003 2314 1130 2347 foenum

170 2373 344 2410 tectorum;
368 2370 407 2403 de
430 2370 541 2413 quoin
566 2370 729 2403 Psalmo⁶:
759 2382 775 2398 «
790 2369 877 2401 Fiant
898 2368 980 2400 sicut
1004 2367 1129 2400 foenum

171 2426 344 2462 tectorum,
368 2423 452 2466 quod
474 2423 659 2466 priusquam
684 2422 856 2460 evellatur,
880 2421 1008 2454 exaruit
1032 2432 1067 2459 »3
1099 2424 1130 2453 et

170 2476 264 2510 Isaiae
288 2477 409 2510 decimo
429 2481 560 2509 octavo:
582 2489 599 2505 a
616 2477 691 2508 Ante
707 2483 839 2508 messem
865 2477 950 2507 totus
972 2474 1129 2513 effloruit,

170 2534 201 2563 et
224 2530 396 2563 immatura
418 2529 568 2572 perfectio
591 2528 821 2571 germinabit».
848 2527 884 2559 Et
907 2527 966 2560 hoc
987 2532 1034 2560 est
1057 2537 1130 2570 pro-

170 2586 240 2626 pter
255 2583 409 2617 defectum
428 2582 573 2615 humoris
588 2582 720 2624 gratiae,
738 2581 911 2613 secundum
935 2581 1020 2623 quod
1036 2581 1131 2615 Isaiae

169 2636 290 2670 decimo
305 2628 416 2679 quinto
429 2636 441 2655 ⁷
458 2635 587 2669 dicitur:
607 2648 622 2663 α
635 2634 724 2667 Aruit
740 2633 848 2673 herba,
861 2633 973 2667 defecit
989 2644 1130 2677 germen,

170 2689 256 2723 viror
279 2689 381 2722 omnis
405 2689 523 2722 interiit
539 2701 570 2727 »;
595 2692 626 2721 et
649 2688 709 2720 hoc
733 2687 885 2729 contingit
902 2692 1031 2730 propter
1048 2689 1130 2721 mul-

172 2743 335 2775 titudinem
359 2746 542 2785 petrarum,
566 2749 647 2783 quae
670 2749 733 2773 non
757 2745 831 2773 sunt
854 2745 945 2783 aptae
968 2741 1006 2774 ad
1023 2751 1130 2776 semen

169 2794 264 2828 divini
301 2794 388 2828 verbi
428 2793 686 2836 percipiendum;
723 2797 852 2835 propter
890 2794 975 2836 quod
1013 2794 1130 2828 dicitur

176 3049 178 3051 .
241 3019 250 3034 ¹
271 3020 346 3046 Vers.
365 3020 407 3046 35.
427 3024 453 3047 et
473 3021 514 3047 39.
533 3034 569 3040 -
588 3021 716 3053 Superius
735 3029 784 3054 pro
805 3021 946 3050 dz'scursus
966 3023 1023 3049 Vat.
1037 3022 1130 3050 decur-

169 3071 235 3097 sus,·
252 3071 322 3098 quae
340 3065 418 3090 etiam
437 3064 550 3091 subinde
569 3065 666 3092 omittit
689 3066 831 3093 transitus.
857 3066 1004 3094 Discursus
1029 3067 1070 3094 hic
1089 3075 1130 3094 su-

171 3109 251 3135 mitur
269 3109 390 3142 proprie,
410 3109 475 3135 infra
496 3109 568 3143 (nota
587 3110 622 3143 3.)
644 3111 772 3136 translate.
940 3111 942 3113 '

241 3152 251 3168 ⁹
272 3154 346 3180 Vers.
367 3153 413 3186 24,
433 3156 494 3186 post
510 3161 591 3187 quem
611 3155 698 3181 Matth.
717 3154 748 3187 7,
768 3155 792 3180 6.
813 3153 925 3189 [Vulg.:
942 3154 1075 3190 mittatis}

241 3195 252 3212 ⁸
272 3199 345 3224 vers.
365 3198 389 3224 9.
409 3212 444 3216 -
463 3198 520 3224 1)Πο
539 3205 612 3232 seqq.
632 3199 682 3225 loci
705 3202 767 3225 sunt
785 3199 850 3231 Epti.
877 3199 906 3232 4,
929 3199 968 3225 ¹4.
988 3204 1014 3226 et
1032 3201 1079 3226 ler.
1099 3201 1129 3233 2,

172 3241 213 3266 18.
232 3254 268 3260 -
286 3241 394 3268 interius
412 3249 461 3274 pro
480 3241 647 3269 discursibus
667 3243 724 3269 Vat.
743 3242 909 3270 decursibus.

241 3283 253 3299 ⁴
272 3285 348 3311 Vers.
368 3287 409 3312 ⁴2.
429 3300 464 3306 —
483 3286 606 3322 Sequitur
626 3286 670 3312 lob
690 3286 732 3318 AEl,
753 3287 794 3313 ⁴5.

241 3328 253 3344 ⁶
272 3330 361 3357 Plures
379 3330 458 3357 codd.
476 3330 577 3358 habuit.

242 3372 254 3388 ⁶
272 3375 367 3404 psalm.
388 3375 451 3407 128,
472 3375 502 3408 6,
521 3379 581 3407 post
598 3382 679 3408 quem
699 3376 755 3402 lsai.
776 3376 824 3408 18,
844 3377 869 3403 5.

2093 212 2151 243 191

1199 297 1290 328 Amos
1322 300 1429 329 sexto:
1469 309 1484 324 α
1508 297 1654 339 Nunquid
1686 307 1820 331 currere.
1849 303 1970 341 queunt
2002 299 2032 331 in
2065 299 2162 340 petris

1199 349 1271 391 equi
1291 352 1327 381 »5³
1351 349 1382 381 id
1406 354 1453 382 est
1470 350 1718 391 praedicatoreS‚
1735 356 1766 384 et
1783 352 1841 384 boc
1859 356 1987 394 propter
2003 352 2160 385 defectum

1198 411 1374 444 aquarum;
1408 403 1460 435 lob
1488 402 1691 435 duodecimo:
1730 404 1791 436 «Si
1825 405 2017 438 continuerit
2048 414 2160 447 aquas,

1198 455 1303 488 omnia
1327 455 1576 488 siccabuntur».
1603 456 1782 497 Quocontra
1807 457 1952 490 Ieremiae
1977 458 2098 490 decimo
2114 466 2162 490 se-

1199 508 1315 550 ptimo:
1338 521 1353 537 α
1372 509 1437 541 Erit
1454 509 1590 550 lignum,
1609 509 1692 551 quod
1719 511 1981 551 transplantatum
2004 514 2051 543 est
2071 519 2162 543 secus

1197 571 1315 604 aquas,
1339 565 1371 594 et
1394 572 1455 594 non
1482 562 1620 601 timebit,
1645 572 1717 595 cum
1752 563 1873 595 venerit
1902 568 2017 596 aestus.
2044 563 2079 595 Et
2102 563 2163 596 erit

1198 614 1306 647 folium
1330 615 1399 647 eius
1424 614 1523 647 viride
1554 618 1585 647 et
1618 615 1646 647 in
1675 619 1814 657 tempore
1845 615 1993 648 siccitatis
2017 625 2076 648 non
2101 616 2162 648 erit

1198 668 1366 701 sollicitum
1384 681 1414 700 ».

1291 723 1340 754 10.
1364 722 1465 762 (Vers.
1484 723 1538 759 7.).
1563 722 1668 755 Tertia
1683 722 1858 755 differentia
1877 726 1979 755 terrae
1995 725 2051 760 est,
2069 731 2160 764 quae,

1198 775 1254 808 etsi
1279 775 1386 817 aliquo
1410 775 1502 808 modo
1526 775 1664 808 retineat
1685 778 1716 808 et
1731 774 1859 818 foveat,
1877 785 1938 808 non
1957 779 2057 808 tamen
2076 784 2161 807 com-

1196 828 1262 870 plet
1285 838 1342 862 nec
1365 827 1517 871 fructum
1531 828 1663 871 profert
1671 841 1682 867 ;
1699 833 1853 871 quantum
1872 829 1909 862 ad
1928 839 2022 871 quam
2040 829 2160 862 subdit:

1200 883 1240 914 Et
1262 882 1358 915 aliud
1381 882 1496 915 cecidit
1520 883 1605 915 inter
1629 883 1766 925 spinaS,
1792 882 1821 915 id
1854 886 1901 915 est
1924 883 2005 915 inter
2030 883 2160 915 munda-

1197 944 1254 968 nas
1277 935 1520 975 sollicitudines,
1546 936 1576 968 in
1601 936 1718 978 quibus
1751 936 1840 969 multi
1875 936 2006 969 libenter
2031 945 2161 969 conver-

1197 992 1325 1027 santur;
1351 988 1403 1021 Iob
1428 988 1628 1031 trigesimo³:
1659 1002 1675 1017 α
1692 989 1764 1022 Esse
1789 990 1848 1022 sub
1872 989 2012 1022 sentibus
2036 990 2161 1023 delicias

1197 1042 1467 1083 computabant».
1507 1042 1573 1075 lstis
1608 1043 1706 1084 spinis
1743 1043 1861 1085 repleta
1892 1048 1939 1076 est
1975 1047 2076 1082 terra,
2113 1053 2160 1076 se-

1196 1094 1335 1128 cundum
1360 1095 1437 1127 illud
1464 1095 1557 1128 isaiae
1581 1096 1731 1137 septimo:
1761 1109 1777 1124 α
1795 1096 1912 1138 Vepres
1943 1100 1975 1129 et
1997 1097 2104 1138 spinae
2129 1097 2158 1129 in

1196 1147 1345 1180 universa
1368 1151 1452 1181 terra
1469 1161 1499 1180 υ.
1520 1148 1555 1181 Et
1571 1148 1630 1181 hoc
1646 1149 1759 1181 merito
1776 1149 2001 1182 maledictionis
2025 1150 2158 1191 primae,

1196 1201 1369 1234 secundum
1396 1201 1472 1233 illud
1505 1201 1632 1234 Genesis
1666 1202 1771 1234 tertio:
1802 1216 1816 1230 α
1834 1203 1993 1235 Maledicta
2018 1207 2103 1235 terra
2128 1204 2157 1235 in

1195 1263 1290 1295 opere
1316 1258 1379 1286 tuo.
1405 1254 1515 1296 Spiuas
1539 1258 1569 1286 et
1586 1259 1588 1261 ’
1605 1255 1739 1287 tribulos
1774 1255 1962 1297 germinabit
1987 1256 2040 1288 tibi
2059 1270 2088 1287 n.
2115 1274 2156 1280 —

1196 1306 1232 1338 Et
1256 1306 1287 1338 in
1313 1307 1370 1339 bac
1396 1310 1482 1339 terra
1505 1316 1626 1346 semen,
1652 1308 1708 1340 etsi
1726 1308 1866 1347 oriatur,
1884 1318 1945 1340 non
1964 1311 2065 1341 tamen
2084 1318 2156 1341 con—

1195 1363 1391 1398 summatur;
1417 1359 1500 1392 unde
1524 1360 1648 1392 subdit:
1676 1361 1714 1392 Ec
1738 1360 1841 1392 simul
1864 1365 1996 1393 exortae
2019 1362 2155 1402 spinae,

1194 1412 1313 1445 scilicet
1336 1422 1407 1445 cum
1433 1412 1565 1452 semine,
1589 1413 1837 1456 suffocaverunt
1860 1414 1962 1452 illud,
1988 1414 2061 1456 quia
2087 1414 2157 1455 plus

1195 1466 1225 1498 in
1251 1466 1400 1498 cordibus
1425 1466 1594 1508 proficiunt
1628 1471 1660 1499 et
1688 1471 1834 1499 crescunt
1863 1467 2064 1509 cogitationes
2088 1476 2156 1499 car-

1195 1519 1282 1552 nales
1305 1528 1399 1561 quam
1425 1520 1606 1561 spirituales
1629 1524 1660 1552 et
1684 1520 1729 1553 eis
1761 1520 1958 1561 praevalent;
1983 1520 2077 1553 Isaiae
2101 1520 2156 1552 tri—

1194 1572 1313 1614 gesimo
1337 1572 1516 1605 secund0⁹:
1547 1586 1562 1601 α
1579 1574 1679 1615 Super
1697 1574 1831 1606 humum
1848 1573 1954 1615 populi
1972 1574 2031 1606 mei
2050 1582 2156 1606 ascen-

1195 1624 1268 1658 dent
1285 1634 1398 1667 vepres
1414 1629 1445 1658 et
1462 1626 1569 1667 spinae
1586 1639 1615 1657 υ.
1642 1626 1678 1658 Et
1702 1626 1761 1658 hoc
1784 1630 1848 1664 est,
1873 1627 1948 1668 quia
1964 1635 2025 1658 non
2043 1630 2157 1659 curant

1194 1678 1233 1711 de
1249 1678 1481 1720 spiritualibus;
1500 1679 1741 1711 proverbiorum
1761 1679 1908 1721 vigesimo
1924 1683 2052 1721 quarto:
2071 1692 2085 1707 α
2100 1679 2156 1712 Per

1195 1741 1306 1774 agrum
1321 1732 1457 1765 hominis
1473 1732 1552 1774 pigri
1572 1732 1700 1764 transivi
1718 1736 1749 1765 et
1766 1741 1821 1774 per
1838 1732 1960 1765 vineam
1978 1732 2035 1764 viri
2054 1732 2155 1771 stulti;

1195 1789 1226 1818 et
1249 1779 1336 1825 ecce,
1360 1790 1552 1827 operuerant
1576 1785 1774 1827 superficiem
1799 1785 1867 1818 eius
1891 1785 1998 1827 spinae
2015 1799 2044 1817 ».
2070 1786 2156 1818 L'nde

1195 1838 1302 1880 spinae
1326 1842 1426 1871 totum
1452 1842 1624 1880 occupant,
1642 1842 1678 1871 ut
1693 1838 1817 1871 fructus
1841 1848 1912 1871 cum
1931 1837 1975 1871 eis
1992 1839 2074 1871 nasci
2094 1848 2155 1871 non

1195 1892 1301 1933 possit.
1320 1892 1357 1924 Et
1372 1892 1441 1925 ideo
1466 1892 1612 1925 Ieremiae
1636 1896 1751 1933 quarto
1765 1891 1808 1923 ¹⁰:
1832 1905 1847 1919 α
1864 1892 1979 1924 Novate
1997 1892 2084 1924 vobis
2101 1901 2156 1924 no-

1195 1945 1263 1977 vale
1287 1948 1318 1977 et
1341 1945 1436 1977 nolite
1460 1953 1566 1977 serere
1589 1953 1685 1985 super
1710 1944 1815 1986 spinas
1831 1956 1862 1983 »3
1887 1944 1979 1986 quia,
2005 1945 2086 1978 sicut
2109 1944 2155 1977 di-

1195 1997 1277 2030 citur
1301 1996 1339 2029 ad
1364 1997 1517 2029 Hebraeos
1541 1999 1647 2035 sexto,
1677 2009 1691 2024 α
1711 2000 1795 2028 terra
1820 1996 1983 2038 proferens
2005 1997 2110 2039 spinas
2126 2001 2157 2030 et

1194 2049 1329 2081 tribulos
1363 2048 1498 2090 reproba
1532 2052 1580 2081 est
1613 2053 1645 2081 et
1680 2049 1844 2082 maledicto
1875 2050 2040 2092 proxima,
2065 2050 2157 2083 cuius

1194 2102 1423 2135 consummatio
1446 2102 1476 2134 in
1502 2102 1750 2135 combustionem
1767 2116 1797 2135 ι».

2180 729 2238 754 item,
2255 730 2325 751 tertia.

1287 2156 1336 2187 11.
1362 2155 1463 2195 (Vers.
1499 2155 1554 2196 8.).
1591 2155 1710 2197 Quarta
1739 2155 1915 2189 differentia
1950 2160 2054 2190 terrae
2088 2161 2321 2197 est‚120m,qwn.

1194 2217 1275 2250 quae
1299 2207 1416 2250 recipit
1439 2212 1470 2241 et
1493 2208 1620 2247 recinet,
1651 2207 1739 2251 fovet
1766 2213 1797 2242 et
1820 2208 1973 2251 fructum
2005 2209 2155 2252 profert,

1194 2264 1349 2303 quantum
1374 2261 1413 2294 ad
1437 2270 1532 2304 quam
1556 2261 1659 2295 addit:
1677 2263 1719 2295 Et
1734 2262 1831 2295 aliud
1846 2263 1961 2296 cecidit
1977 2264 2013 2296 in.
2030 2268 2156 2297 terram

1195 2313 1335 2353 bonam,
1359 2314 1390 2347 id
1413 2318 1461 2348 est
1484 2319 1621 2348 mentem
1638 2315 1771 2349 docilem
1787 2320 1819 2349 et
1835 2316 2018 2359 benignam;
2035 2317 2074 2350 de
2091 2327 2153 2360 qua

1195 2368 1292 2401 Exodi
1317 2368 1411 2401 tertio
1425 2369 1467 2401 11:
1497 2382 1512 2398 α
1531 2369 1666 2402 Educam
1690 2369 1771 2403 filios
1795 2370 1889 2403 lsrael
1913 2371 1944 2403 in
1967 2375 2083 2404 terram
2102 2371 2156 2404 bo—

1194 2431 1267 2455 nam
1292 2424 1323 2455 et
1347 2422 1514 2464 spatiosam
1531 2436 1562 2455 ».
1588 2423 1667 2456 Haec
1690 2427 1737 2456 est
1769 2426 1855 2456 terra
1878 2424 1977 2462 bona,
2000 2433 2082 2466 quae
2105 2424 2157 2456 ha-

1194 2475 1247 2509 bet
1270 2478 1407 2518 quatuor
1431 2476 1624 2509 conditiones
1648 2476 1842 2518 praedictas,
1876 2477 2049 2509 secundum
2079 2477 2157 2510 illud

1194 2529 1232 2562 ad
1257 2529 1412 2562 Hebraeos
1435 2534 1544 2563 sexto:
1574 2543 1589 2558 «
1607 2531 1705 2563 Terra
1737 2530 2011 2572 supervenientem
2047 2530 2157 2564 bibens

1194 2582 1328 2616 imbrem
1347 2586 1378 2616 et
1394 2583 1557 2625 proferens
1582 2583 1712 2616 herbam
1737 2587 1946 2625 opportunam
1973 2584 2036 2622 his,
2053 2593 2071 2616 a
2087 2583 2157 2626 qui-

1194 2635 1254 2669 bus
1278 2636 1410 2675 colitur,
1434 2636 1566 2678 accipiet
1589 2636 1836 2669 benedictionem
1868 2646 1886 2669 a
1910 2637 1974 2670 Deo
1991 2650 2021 2675 »,
2046 2646 2157 2670 serun-

1193 2689 1270 2723 dum
1302 2689 1379 2722 illud
1412 2690 1540 2722 Psalmi:
1583 2689 1823 2729 «Benedixisti‚
1858 2690 2006 2729 Domine,
2039 2694 2156 2723 terram

1193 2745 1280 2775 tuam
1298 2755 1328 2774 n.
1355 2761 1398 2766 —
1422 2742 1501 2775 Haec
1526 2742 1701 2775 benedictio
1724 2747 1772 2775 est
1796 2743 1827 2775 in
1852 2743 2058 2785 completione
2090 2742 2156 2775 fr-u-

1194 2799 1282 2834 ctus;
1318 2798 1350 2828 et
1384 2795 1453 2828 ideo
1487 2795 1631 2828 additur:
1669 2797 1708 2828 Et
1740 2800 1866 2834 ortum,
1899 2795 1975 2838 fecit
2005 2795 2155 2838 fructum

1264 3022 1274 3038 ¹
1297 3025 1370 3050 Vers.
1389 3024 1415 3050 6.
1435 3038 1468 3042 —
1488 3024 1554 3049 Tres
1571 3030 1647 3057 seqq.
1666 3024 1714 3050 loci
1739 3027 1800 3050 sunt
1819 3025 1899 3050 Amos
1917 3025 1949 3055 6,
1970 3023 2086 3057 t3„ubi
2106 3031 2155 3056 pro

1193 3069 1295 3102 queunt
1313 3068 1331 3093 c
1345 3068 1397 3093 DF
1413 3069 1557 3102 poteram,·
1577 3068 1623 3094 lob
1647 3069 1690 3101 12,
1711 3068 1754 3094 ⁴5.
1775 3071 1800 3094 et
1821 3061 1867 3094 ihr.
1888 3068 1930 3099 47,
1949 3068 1974 3093 s.

1265 3110 1276 3126 ³
1295 3113 1373 3139 Vers.
1385 3112 1414 3146 J.
1433 3125 1470 3131 —
1489 3112 1639 3145 Sequuntur
1661 3113 1715 3138 lsai.
1729 3112 1759 3145 7,
1778 3112 1821 3138 24.
1841 3116 1867 3138 et
1886 3113 1949 3137 Gen.
1964 3112 1998 3142 >3,
2020 3112 2062 3137 17.
2081 3119 2138 3145 seq.

1262 3154 1274 3170 ⁹
1298 3156 1369 3183 Vers.
1391 3157 1436 3187 13,
1449 3159 1508 3188 post
1527 3163 1606 3189 quem
1621 3157 1698 3182 Prov.
1718 3156 1766 3187 24,
1787 3157 1831 3182 30.
1843 3163 1899 3189 seq.
1914 3170 1947 3174 —
1961 3156 2087 3188 Superius
2107 3163 2155 3188 pro

1193 3207 1249 3228 mm
1268 3202 1359 3227 tamen
1377 3202 1585 3227 consummatur
1603 3202 1622 3226 E
1641 3207 1696 3227 non
1714 3200 1870 3235 fructificat.

1265 3244 1288 3260 ¹⁰
1310 3246 1383 3271 Vers.
1397 3245 1422 3270 3.
1435 3258 1471 3264 -
1485 3245 1603 3271 Subinde
1616 3246 1742 3277 allegetur
1755 3244 1835 3271 Hebr.
1857 3246 1886 3277 6,
1900 3246 1929 3276 8,
1942 3244 1988 3271 ubi
2007 3245 2085 3271 codd.
2098 3248 2157 3277 post

1194 3288 1308 3317 tribulos
1327 3292 1524 3322 prosequuntur
1542 3289 1726 3317 maledictioni
1739 3288 1874 3324 proxima
1892 3290 1945 3322 est,
1966 3288 2043 3316 cuius
2062 3293 2112 3315 etc.

1266 3332 1286 3348 ¹²
1307 3334 1382 3359 Vers.
1402 3334 1427 3359 8.
1442 3348 1474 3352 —
1489 3334 1547 3360 Duo
1566 3341 1639 3367 seqq.
1653 3334 1703 3360 loci
1716 3337 1776 3360 sunt
1795 3333 1873 3359 Hebr.
1893 3334 1923 3365 6,
1942 3333 2063 3365 7,.cuius
2076 3334 2154 3359 tinem

1194 3377 1272 3404 codd.
1292 3377 1330 3404 sic
1342 3377 1465 3404 exhibent
1483 3377 1594 3410 colz'tw,
1612 3377 1778 3405 benedicelur
1793 3385 1812 3404 α
1827 3377 1940 3405 Domino
1945 3388 1956 3410 ‚·
1970 3382 1995 3404 et
2014 3378 2054 3404 Ps.
2068 3377 2115 3406 84.
2130 3378 2155 3403 2.
