2427 3872
967 248 1164 281 EXPOSlTlO
1187 220 1419 281 TllRENORUM
1442 249 1474 281 C.
1499 249 1547 281 lv.

126 836 189 859 nano
208 837 233 862 1,

89 867 176 892 peecata
186 870 233 890 pro-

88 892 201 918 phetarum
210 892 231 912 et

89 917 231 941 sacerdotum,

90 944 116 965 de
131 950 172 970 qua
182 944 231 964 duo.

130 979 232 1000 Primum.

104 1760 231 1786 secundum,

88 1793 167 1840 {32¹3ssss
179 1790 233 1835 affl:
251 1803 383 1832 stationis
403 1803 559 1837 Ecclesiae,
582 1804 672 1839 primo
692 1803 831 1839 quantum
861 1803 898 1831 ad
913 1805 1038 1839 peccata
1063 1804 1211 1832 maiorum

88 3108 177 3130 Peccata
193 3109 231 3130 mi-

115 3141 198 3156 norum.

335 338 382 366 12.
405 338 443 374 (V
444 346 498 366 ers.
514 337 585 373 12.).
601 337 711 365 Lauso.
727 338 799 366 Non
813 336 1001 365 crediderumt
1014 344 1093 372 reyes
1108 338 1212 365 terrae.
1277 335 1405 369 inferens
1420 345 1558 372 poenam,
1579 337 1633 365 ibi:
1656 337 1764 366 Facies
1788 338 1920 366 Domini.
1943 353 1983 359 ——-
2007 337 2133 374 Culpam
2144 338 2239 375 tangit
2257 343 2337 374 flor-unp
2359 345 2401 366 cnl-

124 392 233 422 Secnncae
253 387 322 416 Post
343 386 512 421 descriptam
534 385 673 414 Ecclesiae
699 385 909 414 subversionem
941 385 971 412 in
1002 385 1142 413 communi
1167 384 1213 413 hic
1277 384 1475 424 multiplicem:
1498 386 1589 420 primo
1608 385 1812 422 iynorantiae,
1834 386 1908 415 unde
1939 386 2022 416 dicit:
2051 388 2240 416 Erraverunt
2258 375 2285 397 μ’
2299 376 2374 397 pnma.
2415 381 2416 396 ¹

105 419 234 467 ffuging
253 435 347 463 subdit
367 434 523 463 evidentius
545 434 638 462 dictae
658 433 854 462 subversionis
874 433 1019 461 rationem
1040 433 1211 469 quadrupli·
1276 432 1367 468 caeci,
1390 433 1513 462 minores
1534 434 1640 462 scilicet
1660 435 1786 470 exemplo
1802 436 1949 470 maiorum,
1972 436 2125 464 secundum
2145 437 2240 465 Raba-
2294 460 2296 462 ,

105 472 207 493 membra.
251 492 326 520 cem,
347 492 466 519 quarum
488 484 579 518 prima
600 482 730 511 consistit
750 483 784 510 in
798 482 927 517 peccatis
946 481 1163 517 prophetarum
1183 483 1212 510 et
1275 489 1344 509 num
1355 479 1376 515 ⁶,
1398 481 1431 509 in
1446 481 1572 517 plateis,
1593 482 1623 510 id
1643 482 1687 510 est
1707 483 1737 511 in
1768 483 1830 511 lata
1862 484 1910 512 via
1929 484 2106 519 perditionis.
2130 501 2171 505 —-
2191 485 2239 513 Se-
2257 489 2364 512 secunda.

251 532 447 566 sacerdotum
468 532 597 564 secunda,
620 532 649 559 in
674 531 804 566 peccatis
824 531 965 566 omnium,
987 530 1105 566 propter
1125 530 1212 559 confi·
1275 529 1365 558 cundo
1380 529 1476 558 subdit
1492 532 1645 565 peccatum
1659 531 1879 561 immunditiae.-
1900 532 2017 571 Polluti
2037 535 2107 561 sumt
2121 534 2154 561 in
2173 541 2239 562 san-

252 582 375 611 dentiam
397 581 502 610 scilicet
522 581 555 609 de
576 580 715 616 praesidio
729 579 874 608 hominum
888 579 1111 609 mundanorum:
1138 578 1211 609 Cum
1273 578 1378 614 quine,
1399 578 1429 606 in
1450 578 1573 614 peccatis
1593 580 1687 607 carnis
1702 579 1731 607 et
1746 580 1906 615 sanguinis3
1922 580 2071 609 Psalmus:
2099 592 2113 606 α
2127 581 2238 610 Infecta

252 631 348 660 adhuc
366 631 602 663 subsisteremus,·
634 629 720 657 tertia
750 628 846 664 tangit
876 627 1045 663 efficientem
1074 628 1211 663 improbi-
1275 626 1319 654 est
1340 626 1418 655 terra
1439 627 1469 655 in
1497 627 1684 663 sanguinibus
1711 628 1741 656 et
1771 629 1966 657 contaminata
1986 629 2031 657 est
2050 630 2081 658 in
2102 630 2235 665 operibus

253 681 356 715 tatem,
377 678 483 707 scilicet
512 678 754 707 adversariorum:
783 677 942 706 Veioeiores
971 675 1093 711 fuerunt
1115 685 1210 712 perse·
1275 683 1370 703 eorum
1386 685 1415 709 »3
1438 675 1522 704 alibi:
1549 687 1564 701 <a
1578 675 1681 704 Libera
1701 685 1745 705 me
1766 676 1799 705 de
1821 677 2008 713 sanguinibus
2022 689 2051 705 ».
2071 694 2113 698 -
2133 677 2237 712 Tertio,
2257 683 2338 706 Tertia.

251 729 363 756 cutores
371 737 381 762 ,·
401 727 504 763 quarta
518 735 592 760 vero,
609 726 740 754 omnium
753 726 785 753 in
799 725 946 753 communi
966 725 1150 753 atrocitatem
1165 734 1211 754 eo-

251 785 318 804 rum
339 777 441 804 contra
465 774 628 804 Christum:
650 773 779 809 Spiritus
800 774 862 802 oris
881 774 987 802 nostri.
1008 790 1048 793 —
1067 774 1104 802 In
1119 775 1211 809 prima

252 826 333 862 parte
355 825 449 861 tangit
471 825 560 860 primo
581 824 654 852 hanc
675 831 789 851 causam
810 823 869 851 irae
889 824 924 850 ut
943 823 1149 858 inopinatam;
1171 831 1210 851 se-

251 875 341 903 cundo
356 875 520 911 pertractat
538 881 617 909 eam,
638 873 690 901 ibi:
712 873 839 908 Propter
854 874 988 908 peccata.

331 923 406 951 Dicit
420 931 486 958 ergo
502 930 552 958 pro
574 923 679 958 primo:
701 922 774 951 Non
795 922 982 950 crediderumt
995 930 1076 958 reyes
1098 923 1209 958 terrae,

251 972 279 1001 id
299 972 344 1000 est
357 973 411 1000 viri
425 971 516 1000 sancti
530 971 559 999 et
573 971 655 1004 iusti,
671 970 868 1006 temporalium
883 971 1104 1007 contemptores3
1120 971 1172 1000 Iob
1184 970 1209 999 ¹:

256 1033 271 1047 <1
285 1022 369 1050 Nunc
389 1021 464 1049 enim
484 1021 625 1049 dormiens
646 1020 757 1049 silerem
778 1020 806 1049 et
821 1028 917 1049 somno
932 1028 992 1049 meo
1008 1021 1210 1056 requiescerem

251 1078 314 1098 cnm
336 1069 450 1105 regibus
480 1069 510 1097 et
540 1068 702 1097 consulibus
732 1069 826 1097 terrae
840 1078 869 1103 »ς
891 1069 983 1104 prima
1004 1069 1096 1097 Petri:
1124 1080 1138 1094 α
1152 1069 1211 1098 Vos

250 1127 340 1154 genus
361 1118 496 1151 electum,
518 1118 613 1154 regale
635 1117 821 1146 sacerdotium
835 1129 865 1145 ».
885 1118 929 1146 Et
947 1118 1076 1146 universi
1098 1118 1211 1146 habita-

252 1168 328 1195 tores
348 1167 439 1202 orbis,
461 1166 507 1195 vel
526 1167 625 1201 urbis,·
645 1166 723 1195 istud
751 1166 902 1194 secundum
924 1165 1076 1195 (11088010Β
1097 1167 1134 1195 ad
1154 1175 1211 1195 ma-

250 1216 294 1244 los
315 1215 452 1249 refertur,
473 1216 522 1251 qui
542 1215 673 1243 nesciunt
692 1215 798 1243 dicere:
824 1226 839 1240 «
853 1215 971 1244 Advena
985 1224 1036 1252 ego
1058 1224 1121 1244 sum
1134 1216 1211 1251 apud

251 1264 280 1293 te
298 1264 327 1293 et
341 1265 507 1300 peregrinus
522 1276 550 1292 ».
575 1264 721 1301 Quoniam
741 1264 943 1300 inyrederetur
965 1264 1055 1293 hostis
1067 1266 1094 1293 et
1114 1265 1211 1293 inimi-

252 1322 318 1350 cus,
340 1314 369 1342 id
387 1314 431 1342 est
451 1314 594 1347 diabolus:
616 1313 681 1342 Iob:
708 1325 723 1338 κ
737 1313 837 1342 Hostis
856 1322 934 1342 meus
955 1313 1132 1342 terribilibus
1150 1322 1211 1343 ocu-

251 1363 288 1391 lis
308 1363 431 1391 intuitus
452 1363 497 1397 est
516 1371 560 1391 me
575 1374 603 1397 »,
625 1362 653 1391 1(1
685 1362 730 1391 est
755 1362 914 1398 peccatum;
930 1370 986 1398 per
1001 1364 1109 1398 portas
1130 1363 1212 1391 Ieru-

251 1411 358 1448 salem,
380 1412 408 1440 id
439 1412 485 1443 est
515 1420 565 1447 per
594 1411 745 1447 praelatos,
766 1412 796 1439 in
816 1411 986 1446 Ecclesiam3
1008 1412 1210 1448 Apocalypsis:

257 1471 271 1485 «
285 1461 418 1496 Singulae
448 1460 547 1496 portae
577 1460 660 1488 erant
681 1469 714 1488 ex
745 1461 866 1496 singulis
897 1460 1062 1496 margaritis
1076 1472 1104 1488 ».
1125 1461 1212 1494 Quasi

252 1509 339 1538 dicat:
362 1509 439 1537 istud
459 1509 631 1545 inopinabile
652 1508 723 1543 fuit,
745 1509 775 1537 et
805 1509 902 1537 tamen
922 1509 1000 1537 istud
1021 1509 1124 1538 evenit.
1147 1509 1212 1538 Alio

252 1558 337 1586 etiam
358 1558 438 1587 modo
459 1558 610 1594 exponitur
630 1558 663 1586 de
691 1566 864 1594 quocumque
885 1558 975 1592 iusto,
997 1559 1044 1594 qui
1065 1559 1212 1594 inopinan-

252 1608 296 1636 ter
316 1607 391 1635 cadit
411 1616 429 1635 a
449 1607 618 1643 perfectione
638 1607 668 1635 in
689 1606 959 1642 praevaricationem
978 1607 1024 1635 vel
1038 1607 1212 1643 apostasiam

252 1665 302 1692 per
322 1656 421 1692 portas
441 1664 575 1687 sensuum
595 1665 710 1685 suorum
732 1657 813 1692 quasi
834 1664 884 1692 per
905 1656 1003 1692 portas
1024 1656 1190 1695 Ierusalem.

332 1705 379 1734 13.
402 1705 496 1742 (Vers.
518 1705 590 1742 13.).
611 1705 690 1733 Mau.
711 1706 841 1741 Propter
855 1707 986 1740 peccata.
1001 1705 1084 1739 Ecce,
1095 1707 1211 1741 pertra-

252 1755 311 1783 ctat
331 1755 458 1790 cuipam,
480 1763 551 1790 quae
572 1754 616 1783 est
637 1762 723 1783 causa
742 1755 827 1782 istius
848 1754 1042 1790 dissipationis
1063 1755 1109 1783 vel
1129 1755 1210 1783 deva-

246 1852 471 1888 praelatorum,·
491 1852 606 1885 deinde,
629 1852 768 1888 quantum
789 1852 825 1880 ad
850 1854 974 1888 peccata
994 1853 1159 1889 minorum,
1180 1853 1210 1881 in

251 1909 335 1929 versu
357 1900 499 1936 sequenti,
522 1901 575 1928 ibi:
597 1901 794 1928 Erraverunt.

331 1950 407 1978 Dicit
426 1957 506 1985 ergo:
535 1949 663 1984 Propter
688 1950 827 1984 peccata,
859 1949 970 1985 repete:
992 1950 1146 1985 Ingressus
1166 1949 1211 1978 est

88 1999 232 2052 &3⁰3²ssssss
250 1998 340 2029 hostis
362 2007 412 2034 per
433 1998 532 2034 portas
563 1998 733 2031 Ierusalem,
750 1999 876 2033 propter
903 1999 1026 2033 peccata
1052 1998 1210 2033 propheta-

87 2053 186 2074 latorum.

249 2056 317 2075 rum
330 2048 408 2082 eius,
423 2047 560 2082 populum
573 2046 731 2074 adulatorie
745 2046 958 2081 decipientium,
974 2055 1062 2082 supra
1074 2045 1098 2075 ²³:
1119 2058 1133 2072 «
1144 2046 1211 2075 Pro-

251 2096 353 2131 phetae
383 2096 426 2123 tui
451 2094 583 2123 viderunt
608 2095 661 2123 tibi
686 2095 760 2123 salsa
786 2095 815 2123 et
843 2095 935 2123 stulta
962 2103 1013 2124 nec
1043 2095 1211 2131 aperiebant

250 2144 429 2180 iniquitatem
439 2156 468 2177 »,
483 2145 510 2172 et
522 2144 693 2179 iniquitates
706 2143 889 2172 sacerdotum
902 2145 964 2173 eius
978 2161 1018 2165 —
1031 2144 1115 2178 nota,
1137 2144 1211 2180 quod

251 2201 361 2229 semper
381 2193 436 2221 fuit
450 2192 601 2221 distinctus
615 2193 682 2222 ordo
696 2192 841 2221 doctorum
856 2193 884 2221 et
899 2193 1100 2228 praelatorum,
1116 2202 1211 2229 qnam—

250 2243 294 2271 vis
315 2242 344 2271 et
364 2243 418 2278 ipsi
439 2242 609 2271 auctoritate
631 2242 689 2270 sint
709 2242 837 2271 doctores
858 2258 898 2263 —
918 2251 1003 2278 quam
1024 2243 1211 2278 iniquitatem

250 2291 358 2327 aperit,
381 2291 517 2319 subdens:
544 2291 600 2328 Qui
620 2291 785 2325 effuderunt
810 2292 844 2320 in
873 2291 966 2320 medio
998 2292 1060 2320 eius
1090 2293 1211 2328 sanqui-

249 2348 315 2368 nem
334 2340 489 2375 iustorum,
511 2339 584 2375 quod
605 2339 660 2368 fuit
680 2340 826 2369 excitando
846 2341 918 2369 alios
937 2340 974 2368 ad
988 2341 1210 2370 interfectionem

250 2388 473 2424 Prophetarum,
496 2397 566 2425 quos
596 2389 798 2418 interfecerunt
829 2390 943 2423 Iudaei,
964 2390 1039 2418 sicut
1060 2390 1159 2426 postea
1180 2391 1210 2419 in

250 2438 369 2466 mortem
389 2438 512 2472 Christi;
534 2437 704 2466 Ieremias‘:
725 2438 1011 2474 «Apprehenderunt,
1033 2448 1097 2467 eum
1111 2451 1139 2473 »,
1160 2440 1210 2468 801-

249 2486 315 2515 licet
335 2487 498 2520 Ieremiam,
525 2497 540 2511 a
554 2487 711 2522 sacerdotes
732 2487 761 2515 et
782 2487 936 2522 prophetae
957 2487 987 2515 et
1007 2489 1097 2516 omnis
1119 2496 1206 2524 popu-

249 2535 304 2568 108,
323 2534 461 2564 dicentes:
483 2535 574 2563 Morte
595 2535 772 2570 moriatur»;
793 2535 909 2567 Daniel:
931 2536 1080 2572 «Egressa
1094 2537 1138 2565 est
1159 2537 1209 2565 ini-

251 2584 345 2619 quitas
367 2592 384 2612 a
405 2584 560 2612 senioribus
581 2584 694 2620 populi,
716 2585 764 2620 qui
794 2584 963 2613 videbantur
994 2594 1090 2621 regere
1123 2594 1209 2626 popu-

250 2633 310 2660 lum
324 2644 352 2660 ».
374 2632 532 2660 Effundunt
552 2634 718 2668 sanguinem
733 2633 921 2668 spiritualiter
934 2634 1018 2662 nimis
1032 2642 1134 2669 aspere
1148 2642 1209 2662 cor-

250 2680 401 2716 rapiendo,-
432 2680 623 2709 Proverbia⁶z
657 2692 671 2706 α
686 2681 739 2715 Qui
770 2681 949 2710 vehementer
981 2683 1109 2719 emungit
1133 2683 1209 2712 elicit

252 2731 456 2765 sanguinem»;
478 2730 523 2758 vel
545 2731 642 2765 aperte
657 2730 804 2765 peccando
826 2730 855 2758 et
886 2731 1100 2760 scandalizando
1121 2732 1207 2767 alios;

252 2778 358 2810 Isaias:
378 2779 553 2807 «Peccatum
568 2787 649 2807 suum
671 2779 752 2814 quasi
766 2779 884 2808 Sodoma
903 2779 1138 2815 praedicaverunt
1158 2788 1209 2809 nec

251 2827 458 2856 absconderunt
468 2838 496 2862 »ς
511 2828 556 2856 vel
571 2828 647 2856 bona
660 2827 845 2856 subditorum
856 2828 985 2864 improbe
998 2829 1209 2864 extorquendo,-

250 2876 400 2905 Ieremias:
427 2887 441 2901 α
456 2877 491 2905 In
512 2877 566 2905 alis
594 2876 651 2905 tuis
682 2876 815 2905 inventus
846 2877 890 2905 est
911 2877 1028 2913 sanguis
1049 2878 1209 2907 animarum

252 2933 407 2961 pauperum
422 2936 450 2959 »ς
472 2925 549 2954 181οᾱ
569 2925 655 2960 etiam
676 2933 773 2954 verum
794 2925 839 2954 est
860 2926 1009 2961 praecipue
1023 2925 1056 2954 de
1071 2927 1209 2962 sanguine

252 2973 358 3002 Christi
379 2974 408 3002 01
428 2974 652 3010 Prophetarum,
675 2983 757 3010 quem
779 2974 941 3010 pontifices,
963 2974 1072 3003 scribae
1092 2974 1211 3003 (11Ρο0-

252 3023 335 3050 risaei
355 3022 481 3051 fecerunt
503 3023 617 3051 effundi.
758 3029 760 3031 ’

332 3071 379 3099 14.
402 3072 495 3108 (Vers.
519 3071 590 3108 14.).
612 3071 688 3100 Nun.
719 3071 918 3100 Erraverunt.
949 3071 1004 3100 Hic
1032 3071 1128 3108 tangit
1149 3080 1209 3107 pec-

251 3120 315 3149 cata
328 3121 476 3149 minorwm
490 3121 670 3156 clericorum,
686 3121 776 3156 primo
791 3121 953 3150 describens
967 3120 1100 3156 culpam,
1112 3120 1210 3149 deinde

322 3265 331 3280 ¹
352 3266 416 3298 Cap.
435 3267 465 3297 3,
485 3267 526 3291 ¹13.
548 3266 594 3298 44;
614 3266 710 3291 deinde
729 3267 747 3291 1.
765 3266 830 3293 Petr.
851 3267 881 3295 2,
900 3266 926 3291 9.

322 3300 332 3315 '⁴'
352 3302 381 3326 Εῑ
400 3301 569 3327 ordinariam
589 3305 614 3326 et
632 3300 833 3327 interlinearem
852 3301 924 3332 apud
948 3302 1090 3333 Lyranum.
1111 3314 1147 3320 —
1165 3301 1212 3326 Der

252 3335 312 3361 inde
323 3337 536 3403 ²³regelrgintssur⁴123.
556 3337 604 3367 38,
625 3337 666 3361 ⁴3.
685 3340 711 3362 et
730 3336 774 3361 lob
795 3336 840 3366 116,
862 3336 906 3367 ⁴0;
929 3337 1010 3368 Apoc.
1029 3337 1076 3367 21,
1097 3337 1139 3363 21.

322 3405 333 3420 ⁴
353 3406 416 3438 Cap.
435 3408 482 3437 26,
503 3407 531 3439 8;
552 3407 646 3437 deinde
666 3407 730 3432 Dan.
752 3408 797 3439 13,
817 3406 841 3432 5.

1270 725 1425 758 peceatum
1445 724 1588 753 simoniae
1609 724 1638 753 et
1662 725 1899 761 conspirationis:
1926 725 2055 761 meque
2084 735 2145 754 non
2171 735 2239 762 pos-

1273 773 1340 800 sent
1360 789 1401 793 —
1421 773 1510 809 aliqui
1530 772 1638 802 habent
1658 774 1790 810 intrare,
1811 774 1885 810 quod
1905 782 1962 803 non
1984 775 2028 803 est
2049 775 2082 803 de
2103 774 2185 804 textu
2198 792 2240 796 —

1274 829 1354 855 cum,
1375 821 1485 857 inquit,
1506 830 1563 850 non
1594 822 1711 858 possent
1741 822 1910 851 desiderium
1941 832 2023 851 suum
2054 824 2084 852 in
2111 824 2238 853 Ecclesia

1274 870 1408 905 implere;
1432 872 1587 899 tenuerunt
1608 871 1734 900 lacinias
1754 879 1842 908 suas,
1864 880 1928 901 oras
1949 881 2065 901 suorum
2086 873 2239 911 vestimen-

1275 918 1387 955 torum,
1409 918 1482 947 sicut
1502 920 1590 954 caeci,
1612 921 1661 955 qui
1681 920 1847 956 exspectant
1867 921 1991 950 alienum
2019 921 2169 956 ducatum;
2199 921 2240 950 la-

1274 968 1368 997 cinias
1390 970 1498 1004 tenere,
1513 969 1566 998 hoc
1580 969 1624 998 est
1644 970 1763 997 invicem
1784 971 1956 1006 conspirare.

1357 1016 1404 1045 15.
1427 1018 1521 1054 (Vers.
1549 1017 1621 1054 15.).
1642 1018 1766 1047 Sfflcn.
1798 1018 1905 1052 Quarto
1936 1019 2065 1055 sequitur
2084 1020 2238 1055 peecatum
2256 1025 2346 1053 Quarta.

1269 1066 1516 1102 praesumtionis,
1549 1074 1605 1102 qua
1643 1067 1714 1095 alios
1746 1065 1956 1102 despiciebant3
1987 1067 2061 1096 unde
2092 1067 2237 1104 seqnitur:

1274 1115 1422 1150 Recedite,
1439 1114 1566 1150 polluti,
1588 1114 1792 1143 clamaverunt
1810 1116 1867 1150 eis,·
1887 1115 2097 1150 clamaverunt,
2124 1116 2238 1152 praedi-

1275 1163 1314 1192 cti
1336 1163 1467 1200 superbi3
1488 1164 1685 1193 clamaverunt
1705 1164 1761 1200 eis,
1784 1164 1979 1200 peccatoribus
2007 1164 2113 1193 scilicet
2135 1165 2239 1200 pollu-

1276 1212 1331 1240 tis:
1351 1212 1481 1240 recedite.
1502 1212 1552 1240 Bis
1573 1212 1641 1240 dicit
1661 1213 1798 1248 recedite,
1821 1213 1918 1248 quasi:
1940 1213 2060 1241 recedite
2081 1213 2173 1242 aleco
2195 1222 2238 1242 sa-

1275 1269 1336 1295 cro,
1358 1261 1478 1290 recedite
1499 1270 1516 1290 a
1536 1261 1635 1290 nostro
1656 1261 1811 1296 001180111ος
1833 1262 1924 1298 abite,
1952 1262 1989 1291 ad
2009 1263 2168 1291 consimiles
2189 1271 2240 1292 vo-

1275 1310 1334 1345 bis;
1355 1310 1446 1339 nolite
1468 1311 1602 1347 tan-aere.
1629 1311 1712 1339 Tales
1740 1311 1808 1340 sunt
1839 1311 1898 1346 illi,
1920 1312 1954 1340 de
1981 1312 2084 1347 quibus
2104 1312 2197 1340 Isaias
2210 1311 2237 1340 ⁷:

1280 1371 1295 1385 α
1310 1360 1465 1388 Comedunt
1487 1368 1586 1388 carnes
1607 1360 1723 1394 suillas,
1746 1360 1775 1389 et
1795 1361 1840 1389 ius
1873 1360 2023 1396 profanum
2044 1361 2074 1389 in
2095 1361 2172 1389 vasis
2192 1369 2240 1390 eo-

1276 1417 1353 1442 rum,
1379 1409 1427 1444 qui
1449 1409 1561 1437 dicunt:
1584 1409 1689 1438 Recede
1720 1418 1737 1437 a
1757 1418 1814 1443 me,
1836 1418 1892 1438 non
1914 1410 2125 1446 appropinques
2152 1410 2238 1444 mihi,

1275 1458 1342 1494 quia
1362 1458 1524 1486 immundus
1545 1467 1613 1486 es».
1635 1458 1755 1494 Iuryati
1786 1459 1893 1495 quippe
1923 1460 2010 1494 sunt,·
2029 1459 2099 1488 haec
2119 1459 2163 1488 est
2183 1467 2239 1488 vox

1276 1507 1453 1543 Prophetae:
1474 1508 1598 1543 iurqati,
1613 1507 1751 1543 praedicti
1765 1508 1892 1544 superbi,
1914 1510 1942 1537 et
1961 1509 2112 1544 commoti,
2134 1508 2235 1537 contra

1276 1556 1416 1590 subditos,
1438 1564 1485 1585 eos
1506 1556 1625 1592 superbe
1646 1556 1840 1592 despicientes.
1862 1557 1922 1586 Nec
1943 1557 2034 1586 solum
2055 1557 2153 1593 aperte
2173 1566 2239 1593 pec-

1275 1605 1385 1634 catores
1417 1605 1590 1641 despiciunt,
1613 1605 1662 1636 sed
1683 1605 1769 1634 etiam
1795 1606 1826 1634 in
1846 1606 1977 1634 absentia
1997 1607 2037 1635 eis
2063 1606 2235 1640 detrahunt:

1274 1654 1348 1683 unde
1380 1654 1522 1690 seqnitur:
1545 1654 1695 1682 Dixerwnt
1724 1655 1802 1683 inter
1830 1656 1944 1690 pentes,
1974 1655 2111 1691 praedicti
2142 1655 2236 1684 clerici

1274 1702 1468 1739 peccatoribus
1487 1703 1684 1731 detrahentes:
1707 1703 1777 1732 Non
1798 1703 1885 1731 addet
1907 1703 2006 1740 ultra,
2028 1704 2166 1733 Dominus
2187 1704 2239 1733 sci-

1274 1751 1353 1785 licet,
1374 1753 1409 1779 ut
1428 1751 1540 1779 habitet
1559 1751 1593 1779 in
1614 1751 1668 1787 eis,
1691 1751 1843 1786 praedictIs
1864 1751 1992 1787 pollutis.
2012 1768 2053 1772 ——
2073 1752 2167 1780 Aliter
2188 1760 2236 1781 ex-

1275 1801 1391 1837 ponitur
1422 1809 1439 1830 a
1464 1800 1607 1836 praedicto
1628 1800 1703 1828 loco:
1735 1799 1884 1835 Recedite,
1906 1800 1939 1828 ut
1969 1800 2008 1828 sit
2038 1809 2092 1829 vox
2112 1800 2238 1829 hostium

1274 1850 1457 1883 Iudaeorum,
1479 1849 1607 1885 gentium
1629 1848 1736 1877 scilicet
1766 1849 1805 1877 eis
1826 1849 1856 1877 in
1880 1848 1950 1877 haec
1975 1849 2068 1882 ,verba
2095 1849 2240 1878 insultan-

1274 1899 1347 1927 tium
1368 1907 1401 1927 ac
1421 1898 1589 1926 dicentium:
1611 1897 1759 1933 Recedite,
1782 1898 1856 1926 sicut
1876 1897 1962 1926 etiam
1976 1898 2128 1934 aliquando
2149 1898 2239 1935 aliqui

1274 1948 1391 1984 tyranni
1411 1946 1511 1976 contra
1532 1947 1638 1975 clerum
1659 1946 1840 1984 insurgentes
1871 1946 1961 1975 dicere
1989 1947 2051 1975 ausi
2072 1946 2150 1975 sunt.
2170 1947 2238 1981 Vel,

1275 1996 1343 2024 sunt
1363 1996 1450 2024 verba
1471 1995 1697 2031 praedicatorum
1719 1995 1877 2031 praedictos
1898 1995 2023 2031 pollutos
2044 1995 2238 2031 arguentium.

1356 2043 1404 2072 16.
1427 2044 1522 2080 (Vers.
1545 2042 1617 2080 16.).
1638 2043 1710 2072 Pus.
1732 2044 1839 2072 Facies
1870 2044 2005 2072 Domini.
2031 2044 2085 2072 Hic
2106 2043 2238 2072 subditur

1270 2102 1369 2129 poena
1391 2093 1485 2121 dictae
1505 2092 1622 2128 culpae,
1647 2092 1675 2121 et
1696 2092 1811 2121 additur
1830 2101 1906 2121 nova
1919 2093 2056 2128 specialis
2069 2093 2239 2129 nequitiae.-

1275 2142 1382 2171 Facics
1402 2141 1597 2171 sacerdotum.
1618 2158 1659 2162 -—
1679 2141 1755 2170 Dicit
1786 2150 1866 2178 ergo:
1898 2142 2023 2178 Facies,
2049 2142 2083 2170 ut
2114 2142 2152 2170 sit
2183 2150 2238 2171 vox

1275 2192 1449 2227 Prophetae,
1481 2192 1526 2220 vel
1557 2191 1784 2220 adversariorum
1814 2191 1954 2220 Ecclesiae
1982 2200 2031 2220 800
2051 2191 2238 2226 Iudaeorum

1274 2240 1366 2275 facies
1387 2240 1525 2276 Domini,
1547 2240 1576 2268 id
1604 2240 1649 2269 est
1680 2239 1827 2274 Christus,
1849 2240 1940 2268 Filius
1965 2240 2030 2274 Dei,
2053 2241 2155 2270 divisit
2175 2248 2236 2276 eos,

1276 2290 1313 2319 ad
1333 2290 1462 2318 litteram
1482 2290 1618 2325 dispersit
1648 2289 1784 2324 Iudae0s3
1805 2290 1851 2318 vel
1872 2289 1980 2325 divisit,
2002 2289 2031 2317 id
2051 2289 2110 2323 est,
2132 2289 2239 2318 dividet

1274 2338 1437 2374 peccatores
1462 2346 1480 2366 0
1500 2338 1585 2366 iustis
1605 2338 1635 2366 in
1656 2338 1699 2366 die
1720 2338 1829 2372 iudicii;
1862 2337 2026 2365 Matthaeus
2039 2335 2065 2365 ⁸:
2093 2348 2107 2362 α
2121 2337 2238 2373 Separa-

1274 2388 1317 2417 bit
1336 2396 1426 2424 agnos
1439 2388 1482 2416 -ab
1504 2387 1640 2416 haedis».
1657 2387 1727 2416 Non
1741 2387 1836 2423 addet,
1851 2388 1886 2415 ut
1905 2387 2045 2423 respiciat
2065 2395 2122 2423 eos,
2144 2395 2240 2416 conso—

1273 2437 1374 2472 1000ος
1391 2448 1406 2462 «
1420 2437 1517 2466 010080
1528 2437 1572 2466 est
1582 2437 1668 2465 ianua
1683 2448 1711 2464 >›.
1722 2453 1763 2457 —
1774 2435 1916 2472 Specialis
1927 2436 2022 2464 autem
2036 2436 2124 2472 eulpa
2138 2436 2239 2465 contra

1273 2490 1321 2515 eos
1341 2486 1513 2522 replicatum
1536 2485 1610 2514 unde
1628 2484 1742 2513 subdit:
1764 2485 1872 2513 Facies
1892 2484 2078 2514 sacerdotum
2097 2494 2157 2513 non
2171 2493 2240 2513 eru-

1274 2535 1413 2571 buerunt,
1434 2535 1465 2565 in
1486 2534 1608 2572 peccatis
1630 2534 1751 2569 scilicet3
1777 2534 1928 2563 Ieremias:
1957 2546 1969 2560 α
1985 2534 2153 2563 Confusione
2173 2542 2237 2563 con-

1273 2584 1332 2613 fusi
1350 2593 1407 2613 non
1428 2584 1496 2613 sunt
1517 2583 1546 2612 et
1565 2584 1728 2612 erubescere
1748 2584 1910 2612 nescierunt
1921 2594 1949 2618 »3
1964 2584 2023 2618 vel,
2038 2592 2100 2612 non
2119 2583 2237 2612 erubue-

1272 2634 1359 2669 runt,
1381 2634 1421 2662 eis
1452 2633 1640 2661 reverentiam
1668 2632 1838 2667 exhibendo:
1870 2640 1963 2668 neque
1993 2640 2095 2661 senum
2125 2632 2239 2661 miserti

1273 2683 1358 2718 sunt,
1379 2683 1420 2711 eis
1448 2682 1656 2718 compatiendo,
1689 2682 1737 2710 sed
1765 2682 1857 2718 magis
1888 2681 2063 2710 contrarium
2094 2680 2235 2714 fecerunt,

1272 2726 1376 2760 contra>
1391 2731 1463 2759 iuud
1483 2730 1687 2759 Ecclesiastici:
1714 2741 1729 2756 α
1743 2730 1787 2758 Ne
1808 2738 1927 2766 spernas
1947 2730 2088 2759 hominem
2109 2730 2139 2758 in
2160 2737 2236 2758 sene-

1272 2780 1350 2809 ctute
1371 2788 1436 2815 811ος
1458 2780 1561 2808 etenim
1583 2788 1616 2808 ex
1636 2779 1718 2808 nobis
1739 2779 1932 2808 senescunt».

1354 2828 1402 2857 17.
1435 2828 1530 2865 (Vere.
1561 2827 1633 2865 17.).
1670 2828 1736 2857 Am.
1777 2827 1851 2857 Cum
1879 2828 1975 2857 adhuc
2004 2827 2236 2857 subsisteremus.
2248 2836 2313 2858 Ratio
2322 2836 2343 2862 2,
2369 2841 2402 2858 ου,

1274 2877 1360 2912 Eece,
1382 2877 1505 2906 secunda
1525 2886 1612 2906 causa
1633 2878 1841 2911 subversionis,
1863 2877 2039 2912 confidentia
2060 2876 2167 2906 scilicet
2186 2865 2399 2917 ni-fiffiffindffl'

1272 2926 1334 2954 mia
1354 2926 1389 2955 de
1419 2925 1559 2954 humanis
1581 2925 1760 2961 praesidiis,·
1779 2925 1810 2954 et
1831 2926 1922 2961 primo
1954 2925 2053 2961 tanyit
2073 2925 2126 2953 hoc
2146 2933 2237 2953 nocu-

1272 2976 1418 3009 mentum;
1440 2974 1560 3003 secundo
1579 2973 1752 3008 manifestat
1766 2982 1830 3014 per,
1843 2973 1991 3009 effectum,
2013 2974 2068 3002 ibi:
2094 2973 2238 3002 Lubrica-

1272 3024 1385 3051 verunt.

1354 3071 1430 3099 Dicit
1451 3079 1533 3107 ergo:
1560 3070 1633 3099 Cum
1653 3070 1750 3099 adhuc
1762 3070 1998 3104 subsisteremus,
2014 3070 2138 3099 nondum
2153 3070 2236 3106 plene
2256 3079 2360 3103 Primum.

1274 3119 1402 3148 subversi
1423 3119 1452 3147 et
1473 3119 1679 3148 tentationibus
1700 3119 1841 3154 concussi:
1857 3118 2022 3156 defecerunt
2035 3118 2112 3147 oculi
2126 3119 2235 3155 nostri,

1347 3264 1357 3280 ⁶
1376 3264 1439 3297 Cap.
1455 3265 1501 3297 30,
1516 3265 1564 3296 33;
1578 3267 1724 3297 sequuntur
1737 3265 1793 3291 lsai.
1809 3265 1840 3296 3,
1853 3265 1883 3296 9;
1899 3266 1944 3291 ler.
1958 3266 1989 3298 2,
2003 3265 2046 3291 34.
2059 3266 2124 3292 lnsre
2139 3265 2237 3292 substi-

1275 3301 1373 3326 tuimus
1388 3300 1488 3327 Christi
1499 3302 1526 3326 et
1537 3300 1737 3334 Prophetarum
1750 3308 1799 3332 pro
1811 3300 1967 3327 scribarum
1977 3303 2003 3328 et
2011 3301 2235 3328 Pharisaeorum.

1347 3335 1358 3350 ⁰
1377 3337 1403 3362 ln
1424 3337 1492 3361 hunc
1511 3337 1606 3362 locum.
1625 3349 1661 3355 —
1681 3337 1832 3369 Sequuntur
1850 3337 1890 3362 Ps.
1911 3336 1976 3368 405,
1996 3337 2039 3362 39.
2058 3340 2084 3363 et
2102 3337 2148 3369 50,
2168 3337 2211 3363 46.

1347 3370 1356 3386 ⁷
1377 3371 1440 3403 Cap.
1459 3371 1509 3403 65,
1529 3371 1553 3397 4.
1570 3385 1607 3391 —-
1625 3372 1691 3397 lntra
1710 3378 1758 3404 pro
1777 3373 1809 3398 ut
1826 3371 1924 3398 habitet
1942 3374 1963 3398 A
1977 3372 1996 3397 Β
2014 3374 2047 3398 ut
2063 3371 2198 3398 inhabitet.

1346 3405 1357 3421 ⁸
1376 3407 1438 3440 Cap.
1458 3408 1507 3439 25,
1527 3408 1569 3433 32.
1589 3410 1687 3440 etpost
1700 3415 1725 3433 v.
1740 3407 1956 3441 40;deinde1en.
1970 3408 2000 3439 6,
2015 3408 2062 3439 ⁴53
2076 3408 2152 3434 Eccli.
2166 3408 2195 3440 8,
2208 3407 2237 3432 7.

2255 1761 2334 1784 Aliter.

2265 2046 2361 2082 Ipsorum

2269 2087 2345 2109 poena.
