2476 3921
159 2791 268 2818 Temporis

132 2818 287 2845 opportunitas.

285 261 349 293 540
860 255 1055 288 COMMENT.
1081 255 1118 288 IN
1141 254 1380 287 EVANGELIUM
1404 253 1521 287 LUCAE
1547 254 1578 286 C.
1605 253 1692 286 XXII.
2418 258 2420 285 ¹.

281 349 439 382 invenient
453 356 501 380 me
515 361 544 379 ».
562 346 735 379 Manieare
751 348 856 378 autem
874 344 954 377 idem
972 347 1035 382 est,
1048 343 1132 386 quod
1150 351 1241 375 mane

281 402 457 435 accelerare
470 402 493 440 ¹,
517 401 592 443 quia
617 408 706 432 mane
730 407 862 441 surgere
890 400 1014 443 oportet
1037 397 1076 430 ad
1101 396 1241 430 studium

282 455 468 497 sapientIae;
495 454 588 487 Isaiae
612 452 892 495 quinquagesimo:
915 464 930 480 α
945 450 1041 493 Erigit
1058 450 1135 483 mihi
1152 458 1244 482 mane

281 517 406 547 aurem,
431 511 467 540 ut
490 506 614 540 audiam
639 515 713 539 eum
745 504 834 547 quasi
860 504 1046 546 magistrum
1060 515 1091 542 »;
1116 506 1147 536 et
1171 503 1245 536 Pro-

1306 342 1489 376 verbiorum
1521 345 1649 375 octavo:
1680 354 1695 369 a
1713 341 1826 374 Beatus
1856 341 1966 380 h0m0,
1995 341 2049 383 qui
2082 341 2170 374 audit
2199 350 2268 380 me,
2420 374 2422 393 ι

1307 399 1339 429 et
1362 396 1417 438 qui
1440 395 1548 437 vigilat
1572 395 1611 427 ad
1635 394 1718 427 sores
1742 403 1828 427 meas
1851 394 1992 436 quotidie
2014 397 2046 427 et
2067 394 2215 427 observat
2230 394 2270 427 ad
2420 396 2422 435 l

1308 453 1412 491 postes
1436 448 1506 481 ostii
1532 448 1604 481 mei.
1629 447 1689 489 Qui
1711 456 1761 480 me
1777 446 1934 480 invenerit
1957 446 2095 480 inveniet
2118 447 2214 480 vitam
2239 449 2272 480 et
2420 439 2422 469 i

1308 501 1434 534 hauriet
1458 501 1592 534 salutem
1615 510 1633 533 a
1657 492 1832 533 Domino».

1142 608 1327 640 CAP1TULUM
1351 607 1438 640 XXII.

394 722 478 760 Pars
506 721 565 758 III.
595 721 647 758 De
677 718 848 770 passionis
876 716 1127 755 medicamento

595 782 709 833 agitur
737 780 930 832 dupliciter.

379 884 404 914 l.
431 879 732 924 Appropinquabat
756 883 865 911 autem
891 878 961 910 dics
984 876 1089 919 festus
1107 885 1246 919 azymo-

286 946 365 969 rum
388 940 446 968 etc.
473 935 640 976 Postquam
666 932 832 965 terminata
855 934 902 963 est
920 939 993 972 pars
1009 930 1079 968 illa,
1102 932 1247 971 quaeest

284 989 323 1021 de
346 987 558 1029 incarnatione
583 986 693 1024 Verbi,
718 988 749 1017 et
773 985 824 1016 illa
848 992 930 1025 quae
953 986 1001 1016 est
1023 982 1061 1015 de
1085 981 1246 1024 praedica-

286 1043 368 1074 tione
392 1041 459 1073 eius
483 1044 513 1072 et
544 1039 700 1077 doctrina,
726 1038 777 1070 hic
801 1037 905 1079 agitur
929 1036 968 1069 de
988 1035 1164 1077 passione,
1190 1043 1246 1076 per

285 1105 380 1138 quam
404 1094 549 1127 Christus
572 1095 620 1126 est
644 1092 745 1124 hostia
760 1090 781 1122 2.
799 1090 957 1122 Dividitur
973 1092 1080 1122 autem
1097 1097 1171 1130 pars
1187 1087 1247 1120 ista

285 1149 315 1181 in
340 1148 427 1180 duas.
454 1147 485 1178 In
510 1154 646 1188 quarum
671 1144 772 1186 prima
796 1143 901 1185 agitur
924 1142 963 1174 de
987 1142 1130 1183 passione
1147 1149 1247 1183 quan-

286 1206 352 1234 tum
376 1201 415 1234 ad
438 1198 662 1233 antecedentia
668 1210 681 1237 ,·
706 1198 737 1230 in
763 1196 917 1235 secunda,
942 1198 1097 1238 quantum
1115 1194 1154 1227 ad
1171 1203 1246 1226 con-

285 1254 499 1292 comitantia,
536 1252 595 1285 ibi:
627 1250 746 1283 Adltuc
778 1260 813 1283 eo
846 1249 1009 1293 loquente,
1034 1258 1103 1281 ecce
1127 1247 1246 1286 turba,

286 1307 367 1340 infra
391 1306 499 1340 eodem
524 1305 661 1348 capitulo
674 1305 696 1336 ³.

430 1413 559 1451 Primo,
584 1412 623 1444 de
642 1411 800 1454 passione
824 1409 936 1454 quoad
959 1412 1106 1453 quatuor

651 1464 883 1497 antecedentia.

379 1573 609 1606 Antecedentia
633 1575 737 1605 autem
762 1572 801 1604 ad
825 1571 1000 1613 passionem
1024 1570 1155 1602 suerunt
1171 1578 1250 1611 qua-

289 1634 379 1667 tuor,
404 1628 521 1660 scilicet
550 1635 708 1668 perversa
740 1623 944 1657 machinatio
974 1623 1179 1666 proditoris,
1211 1622 1250 1655 de

289 1691 352 1724 qua
388 1681 498 1723 primo.
536 1680 715 1712 Secundum
746 1682 794 1711 est
824 1678 1051 1720 dispensativa
1086 1676 1250 1709 institutio

291 1734 502 1768 Sacramenti
517 1733 649 1772 altaris,
667 1733 705 1765 de
730 1742 794 1775 quo
818 1732 859 1764 ibi
873 1732 904 1763 4:
936 1731 1026 1763 Venit
1047 1734 1158 1763 autem
1182 1730 1251 1762 dies

290 1797 503 1831 azymorum.
529 1786 669 1819 Tertium
695 1794 770 1818 vero
794 1788 842 1818 est
862 1784 1008 1827 provida
1032 1783 1176 1816 eruditio
1201 1783 1251 1815 di-

290 1841 513 1883 scipulormn,
538 1840 598 1872 ibi:
624 1840 731 1871 Facta
754 1843 801 1871 est
817 1842 928 1870 autem
945 1841 974 1869 et
989 1836 1148 1869 contentio
1166 1836 1255 1869 inter'

290 1905 351 1927 eos.
377 1886 534 1936 Quartum
556 1896 661 1925 autern
690 1895 737 1925 est
771 1892 887 1924 deuota
918 1890 1119 1933 supplicatio
1140 1889 1252 1932 precis

291 1949 336 1981 ad
362 1949 484 1985 Deum,
509 1947 569 1979 ibi:
598 1947 636 1978 Et
666 1955 836 1988 cyressus,
872 1944 941 1977 ibat
973 1944 1157 1976 secuudum
1181 1952 1253 1976 con-

291 2002 498 2034 suetudinem
522 2001 558 2033 in
581 2003 724 2032 montem
751 1999 936 2032 Olivarum.

369 2106 484 2149 Primo,
509 2105 546 2141 de
570 2105 805 2140 machinatione
828 2103 996 2149 proditoris
1020 2102 1171 2138 dicuntur

693 2158 840 2204 quatuor.

381 2268 576 2301 Describitur
600 2270 704 2300 autem
723 2265 926 2299 machinatio
942 2265 1126 2308 proditoris
1142 2274 1254 2298 secun-

291 2323 367 2356 dum
391 2321 629 2364 quadruplicem
654 2320 918 2362 comparationem
931 2346 938 2359 ,
955 2320 1073 2352 scilicet
1090 2328 1146 2361 per
1170 2327 1254 2352 com-

294 2376 485 2418 parationem
510 2375 548 2407 ad
573 2373 729 2416 temporis
745 2372 1043 2415 opportunitatem,
1072 2372 1111 2405 ad
1137 2371 1255 2404 Iudai-

293 2439 351 2461 cae
375 2427 633 2460 machinationis
667 2425 844 2468 fraudem,
868 2425 907 2457 ad
930 2425 1114 2458 diabolicae
1137 2435 1254 2467 δυρρε-

292 2482 410 2514 stionis
434 2479 701 2523 improbitatem⁶
726 2483 757 2512 et
780 2479 818 2511 ad
843 2478 946 2511 Iudae
959 2478 1144 2520 proditoris
1161 2478 1254 2520 cupi-

294 2535 438 2567 ditatem.
464 2534 542 2566 Haec
567 2537 705 2575 quatuor
729 2532 767 2564 ad
792 2532 1054 2564 machinationem
1086 2531 1255 2573 proditoris

294 2587 539 2625 concurrebant;
553 2596 624 2618 nam
642 2586 861 2628 opportunitas
877 2585 1028 2626 temporis
1044 2594 1077 2617 se
1093 2584 1254 2623 offerebat,

296 2640 418 2672 Iudaica
440 2640 631 2681 perversitas
654 2638 885 2677 consentiebat,
903 2638 1055 2670 diabolica
1072 2637 1256 2679 improbitas

297 2693 486 2735 suggerebat
509 2696 539 2724 et
563 2692 692 2734 propria
715 2691 870 2733 cupiditas
893 2690 1081 2723 attrahebat.

387 2748 416 2779 Ξ.
443 2746 544 2787 (Vers.
573 2745 624 2786 1.).
650 2745 753 2777 Primo
776 2744 873 2786 igitur
897 2746 1051 2785 quantum
1075 2742 1114 2775 ad
1138 2747 1256 2784 tempo-

297 2800 347 2832 ris
383 2798 662 2841 opportunitatem
697 2797 788 2830 dicit:
820 2795 1121 2838 Appropinquabat
1145 2799 1257 2827 autem

369 2991 377 3005 ¹
400 2991 460 3016 Sive
480 2994 507 3016 ut
525 2991 614 3016 Glossa
634 2989 816 3016 interlinearis
836 2990 885 3014 alt:
905 2989 932 3014 ld
948 2992 1001 3020 est,
1022 2995 1098 3014 mane
1117 2988 1155 3014 ire
1184 2995 1257 3013 acce-

261 3040 265 3042 *
298 3035 403 3062 lerabat.
422 3035 474 3061 Csr.
494 3036 616 3067 August„
636 3035 685 3066 Qq.
704 3034 730 3059 in
750 3034 829 3059 tudic.
849 3041 876 3066 q.
896 3033 938 3058 46.
957 3047 992 3052 —
1012 3032 1129 3059 Subinde
1148 3033 1258 3064 allegun-

299 3086 340 3106 tur
360 3080 416 3106 lsai.
436 3080 484 3112 50,
510 3080 533 3105 4,
553 3082 578 3104 et
597 3080 675 3104 Prov.
695 3079 722 3110 8,
744 3078 786 3104 34.
808 3085 864 3111 seq.

369 3124 379 3139 ²
399 3124 451 3151 Csr.
471 3131 549 3156 supra
571 3124 689 3149 Prooem.
710 3130 736 3148 n.
755 3123 798 3148 23.
817 3126 842 3148 et
862 3130 884 3147 e.
907 3123 928 3147 4.
949 3130 974 3147 n.
994 3122 1020 3148 7.

370 3168 380 3183 ³
400 3169 474 3194 Vers.
497 3168 539 3193 47.
733 3185 735 3187 >

370 3213 380 3227 ⁴
402 3214 475 3238 Vers.
494 3213 523 3244 73
543 3212 647 3237 tertium
668 3210 779 3237 habetur
799 3219 824 3236 v.
845 3211 886 3236 24.
907 3214 932 3236 et
951 3215 1074 3244 quartum
1095 3218 1119 3235 v.
1141 3211 1184 3236 39.

371 3258 381 3272 ὅ
401 3258 483 3284 Codd.
513 3257 656 3283 ACDGII
685 3255 917 3290 importunitatem
946 3256 1028 3289 (idem
1056 3255 1167 3281 recurrit
1194 3255 1259 3280 infra

300 3311 325 3328 n.
346 3303 395 3335 4.);
415 3302 476 3328 ride
495 3305 581 3327 tamen
602 3302 680 3333 paulo
701 3301 820 3333 inferius,
841 3300 887 3326 ubi
906 3300 983 3326 etiam
1003 3300 1065 3325 dicti
1079 3299 1157 3325 codd⁴
1171 3299 1260 3331 legunt

300 3346 432 3373 diabolica
450 3345 608 3379 improbitas
627 3344 796 3378 suqqerebat.

372 3390 382 3404 ‘³
401 3390 451 3416 Csr.
471 3397 549 3422 supra
570 3397 631 3422 pag.
652 3390 718 3420 538,
731 3393 791 3415 nota
807 3390 848 3415 210.
862 3390 931 3415 Beda
946 3389 1003 3422 (qui
1015 3388 1133 3422 sequitur
1146 3387 1259 3419 Hieron„

302 3436 344 3461 lV.
363 3435 509 3461 Comment.
528 3435 553 3460 in
574 3436 660 3461 Matth.
681 3435 723 3467 26,
748 3435 789 3467 l.),
810 3435 851 3460 VI.
879 3435 905 3460 in
929 3435 992 3460 Luc.
1021 3435 1069 3467 22,
1091 3434 1120 3459 4;
1139 3432 1258 3465 Pascha,

1308 714 1378 747 dies
1400 712 1506 756 festus
1530 722 1754 757 azymorum,
1779 712 1839 756 qui
1861 712 1987 745 dicitur
2009 710 2150 754 pascha.
2181 712 2272 745 Tem-

1309 776 1370 809 pus
1393 767 1474 800 enim
1497 766 1664 808 paschale,
1688 766 1719 798 in
1744 775 1808 808 quo
1832 765 2054 798 immolabatur
2071 774 2187 807 agnus,
2204 767 2273 797 erat

1309 824 1524 862 opportunum
1554 820 1594 852 ad
1625 819 1830 853 occidendum
1866 818 2046 858 Christum,
2071 818 2163 851 cuius
2186 826 2274 851 mors

1311 883 1368 916 per
1391 873 1468 906 illud
1492 873 1609 915 pascha
1626 873 1764 915 typicum
1782 872 2017 914 designabatur.
2036 870 2172 904 Pascha
2188 871 2273 904 euim

1310 926 1464 959 transitus
1499 926 1594 965 est⁶;
1630 929 1661 958 et
1696 926 1818 958 Ioannis
1852 925 1974 958 decimo
2010 925 2104 958 tertio
2137 924 2272 958 dicitur:

1316 992 1332 1008 «
1349 979 1455 1012 Sciens
1479 979 1582 1018 Iesus,
1606 979 1681 1021 quia
1706 979 1791 1011 venit
1814 979 1894 1011 hora
1917 978 2004 1018 eius,
2022 981 2058 1011 ut
2074 980 2214 1010 transeat
2230 986 2273 1011 ex

1311 1033 1370 1066 hoc
1395 1032 1512 1065 mundo
1535 1032 1575 1065 ad
1599 1032 1723 1065 Patrem
1739 1045 1769 1064 ι).
1796 1032 1857 1064 Hac
1891 1031 1988 1074 igitur
2019 1031 2070 1064 die
2104 1030 2274 1073 appropin-

1310 1089 1445 1128 quante,
1470 1086 1502 1118 in
1526 1095 1589 1128 qua
1613 1085 1746 1118 debebat
1769 1085 1876 1118 offerri
1892 1093 2008 1127 agnus,
2032 1085 2113 1118 facta
2136 1087 2184 1118 est
2208 1093 2274 1117 ma-

1310 1139 1448 1172 chinatio
1471 1139 1642 1181 proditoris
1667 1148 1722 1181 per
1746 1138 1879 1171 biduum
1897 1141 1987 1177 ante,
2005 1138 2178 1171 secundum
2196 1137 2275 1170 illud

1311 1193 1456 1226 Matthaei
1482 1193 1632 1235 vigesimo
1649 1195 1740 1226 sexto
1753 1193 1780 1224 ⁷:
1810 1205 1826 1221 «
1839 1192 1946 1230 Scitis,
1964 1192 2039 1234 quia
2055 1196 2126 1234 post
2141 1191 2276 1229 biduum

1311 1247 1428 1289 pascha
1451 1246 1522 1285 fiet,
1547 1250 1577 1279 et
1601 1246 1696 1279 Filius
1727 1246 1864 1279 hominis
1895 1245 2056 1285 tradetur,
2089 1249 2126 1278 ut
2149 1244 2276 1278 crucifi-

1311 1304 1404 1343 gatur
1421 1314 1451 1332 ».
1477 1300 1563 1333 Unde
1586 1299 1761 1333 secundum
1778 1299 1940 1333 historiam
1958 1298 2169 1341 evangelicam
2186 1298 2276 1331 Chri—

1312 1358 1380 1388 stus
1404 1354 1435 1387 in
1467 1354 1517 1387 die
1548 1354 1673 1387 Sabbati
1698 1354 1783 1387 venit
1805 1353 2005 1392 Bethaniam,
2030 1353 2084 1386 ubi
2120 1353 2201 1386 iacta
2229 1355 2277 1386 est

1312 1408 1338 1441 ei
1364 1417 1470 1447 coena,
1495 1408 1670 1441 secundum
1694 1407 1771 1440 illud
1797 1407 1917 1439 Ioannis
1937 1406 2137 1440 duodecimo:
2167 1419 2183 1435 «
2198 1407 2277 1439 Ante

1312 1471 1370 1495 sex
1394 1461 1460 1494 dies
1485 1461 1618 1504 paschae
1644 1462 1729 1494 venit
1753 1461 1837 1494 lesus
1861 1460 2062 1500 Bethaniam,
2096 1460 2150 1493 ubi
2182 1460 2275 1492 Laza-

1314 1524 1370 1547 rus
1394 1514 1498 1547 fuerat
1522 1517 1712 1547 mortuus».
1743 1527 1759 1542 «
1775 1514 1929 1546 Fecerunt
1952 1517 2058 1546 autem
2082 1513 2111 1546 ei
2146 1521 2275 1546 coenam

1314 1568 1355 1600 ibi
1375 1582 1390 1597 »
1419 1572 1477 1601 etc.
1514 1568 1547 1600 In
1581 1567 1632 1600 die
1662 1570 1768 1600 autem
1804 1566 1947 1609 sequenti
1984 1567 2070 1600 venit
2105 1566 2275 1599 Ierusalem

1313 1626 1344 1655 et
1366 1624 1520 1664 exceptus
1545 1625 1593 1654 est
1620 1630 1693 1654 cum
1728 1629 1839 1663 magno
1870 1620 2002 1663 gaudi0;
2034 1619 2119 1653 unde
2154 1619 2277 1652 Ioannis

1313 1675 1542 1709 duodecimoss:
1577 1675 1641 1707 «ln
1677 1674 1850 1707 crastinum
1885 1677 1992 1707 autem
2029 1674 2123 1706 turba
2158 1673 2277 1712 multa,

1314 1738 1395 1771 quae
1419 1732 1548 1761 venerat
1572 1728 1611 1760 ad
1634 1728 1715 1761 diem
1741 1727 1875 1766 festum,
1899 1736 1971 1760 cum
1995 1726 2175 1765 audissent,
2203 1726 2279 1768 quia

1314 1783 1400 1815 lesus
1424 1782 1509 1815 venit
1533 1781 1719 1819 Ierusalem,
1744 1783 1935 1822 acceperunt
1963 1788 2068 1812 ramos
2101 1780 2277 1821 palmarum

1315 1840 1346 1868 et
1382 1838 1605 1877 processerunt
1640 1834 1764 1867 obviam
1800 1834 1880 1866 ei».
1914 1833 2032 1866 Diebus
2068 1832 2193 1865 duobus
2228 1841 2277 1865 se-

1315 1888 1486 1931 quentibus
1518 1888 1548 1920 in
1582 1887 1699 1929 templo
1730 1887 1854 1926 docuit;
1888 1886 1918 1918 in
1951 1886 2001 1919 die
2034 1885 2181 1918 Mercurii
2214 1888 2279 1918 tra-

1316 1945 1434 1975 ctatum
1458 1944 1506 1974 est
1529 1941 1567 1974 de
1591 1940 1785 1982 proditione,
1809 1944 1840 1973 et
1864 1940 1895 1972 in
1919 1949 1991 1973 sero
2014 1939 2074 1972 diei
2092 1939 2171 1972 Iovis
2194 1948 2279 1972 com-

1317 1996 1512 2038 prehensus,
1537 1998 1568 2028 et
1599 1994 1630 2027 in
1663 1994 1712 2027 die
1737 1994 1884 2033 solemni,
1909 1994 2027 2027 scilicet
2058 1993 2108 2026 die
2132 1993 2278 2033 Veneris,

1316 2049 1492 2082 crucifixus
1516 2051 1572 2081 est.
1599 2048 1634 2080 Et
1657 2047 1701 2080 ita
1724 2047 2017 2091 appropinquante
2039 2045 2123 2090 sesto
2140 2056 2280 2090 azymo-

1317 2107 1395 2135 rum
1420 2102 1529 2135 debuit
1554 2101 1652 2140 tradi,
1678 2101 1709 2134 in
1726 2110 1789 2143 quo
1806 2101 1872 2143 ipse
1893 2101 2092 2143 disposuerat
2116 2101 2197 2143 pati;
2222 2109 2280 2133 nec

1317 2157 1400 2189 enim
1425 2159 1498 2188 ante
1521 2155 1636 2197 aliquis
1671 2155 1773 2197 potuit
1804 2155 1836 2187 in
1860 2158 1993 2188 mortem
2019 2155 2088 2188 eius
2111 2154 2280 2188 efficaciter

1317 2209 1510 2248 machinari,
1535 2208 1627 2251 quia,
1651 2208 1777 2250 quando
1800 2208 1970 2250 disposuit,
1994 2217 2106 2250 passus
2129 2207 2206 2247 fuit,
2231 2216 2280 2240 se-

1317 2263 1457 2296 cundum
1482 2262 1560 2295 illud
1584 2262 1705 2295 Ioannis
1729 2262 1902 2304 septimo⁹:
1932 2262 2057 2295 «Nemo
2080 2261 2165 2294 misit
2188 2261 2220 2294 in
2243 2260 2281 2293 il-

1318 2317 1384 2350 lum
1410 2325 1553 2355 manum,
1578 2316 1653 2359 quia
1676 2315 1817 2348 nondum
1852 2318 1982 2348 venerat
2006 2315 2086 2347 hora
2109 2314 2177 2348 eius
2194 2327 2225 2354 »;
2250 2317 2282 2347 et

1318 2370 1440 2403 Ioannis
1455 2369 1593 2402 decimo:
1606 2382 1628 2400 .«
1642 2369 1827 2402 Potestatem
1840 2368 1941 2401 habeo
1954 2367 2089 2410 ponendi
2101 2376 2170 2400 eam
2182 2381 2198 2397 ι)
2220 2369 2278 2400 etc.

1408 2423 1437 2456 3.
1463 2423 1565 2462 (Vers.
1594 2424 1649 2463 2.).
1687 2421 1829 2455 Secundo
1860 2425 2015 2464 quantum
2050 2420 2090 2453 ad
2121 2420 2281 2454 Iudaicae
2293 2426 2442 2449 Iudaicaema-

2317 2451 2442 2475 chinatiouis

1303 2468 1577 2510 ‘machinationis
1592 2474 1753 2518 fraudem
1770 2475 1893 2508 subdit:
1914 2476 1951 2507 Et
1967 2474 2171 2519 quaerebant
2183 2473 2281 2517 prin·
2317 2481 2383 2502 fraus-

1318 2532 1406 2573 cipes
1429 2531 1642 2563 sacerdotum
1667 2534 1694 2562 et
1718 2529 1859 2568 scribae,
1891 2530 2053 2573 quomodo
2088 2529 2196 2561 lesum
2227 2528 2277 2560 in-

1319 2583 1509 2626 terficerent.
1551 2584 1726 2625 Principes
1757 2582 1979 2622 sacerdotum,
2002 2582 2216 2625 quaerebant,
2248 2580 2281 2613 in

1319 2637 1436 2678 quibus
1460 2636 1592 2669 debebat
1627 2645 1695 2669 esse
1730 2634 1948 2678 praerogativa
1983 2634 2172 2673 sanctitatis;
2196 2633 2281 2667 unde

1320 2689 1417 2721 Exodi
1442 2689 1784 2731 vigesimooctavow:
1814 2688 2049 2722 oeConsecrabis
2066 2696 2178 2720 manus
2202 2686 2281 2718 filio-

1320 2751 1392 2774 rum
1417 2743 1517 2774 Aaron
1542 2745 1573 2774 et
1604 2742 1813 2775 sanctificabis
1844 2752 1911 2781 eos,
1936 2745 1973 2775 ut
2008 2740 2181 2775 sacerdotio
2209 2739 2281 2772 fun-

1321 2797 1435 2836 gantur
1459 2794 1536 2826 mihi
1554 2807 1583 2826 ».
1602 2794 1660 2827 Sed
1682 2797 1805 2836 poterat
1820 2794 1880 2828 dici
1897 2795 1942 2828 eis
1958 2794 2036 2827 illud
2052 2793 2148 2827 Isaiae
2163 2792 2280 2836 primo:

1321 2988 1392 3020 quod
1413 2987 1539 3013 llobraice
1559 2987 1653 3013 dicitur
1669 2986 1768 3021 phase,
1789 2994 1840 3013 non
1860 2993 1874 3012 u
1899 2985 2034 3018 passione,
2055 2989 2084 3011 ut
2108 2985 2226 3018 plerique
2243 2992 2282 3011 ar-

1323 3032 1464 3064 bitrantur,
1484 3032 1531 3057 sed
1550 3039 1563 3057 a
1584 3032 1694 3058 transitu
1714 3031 1877 3061 nominatur,
1896 3037 1927 3056 eo
1940 3030 2013 3063 quod
2026 3030 2223 3062 exterminator,
2243 3029 2282 3055 vi-

1322 3077 1389 3102 dens
1407 3076 1563 3108 sanguinein
1584 3076 1608 3101 in
1630 3076 1729 3101 foribus
1753 3076 1943 3107 Israelitarum,
1962 3075 2141 3107 pertransierit
2159 3081 2207 3100 nec
2226 3081 2283 3106 per-

1323 3121 1432 3146 cusserit
1451 3128 1509 3151 eos,
1530 3121 1571 3146 vel
1592 3120 1647 3152 ipse
1668 3120 1793 3146 Dominus
1812 3119 1943 3152 praebens
1961 3119 2087 3146 auxilium
2107 3119 2205 3152 populo
2224 3125 2282 3150 suo,

1323 3165 1436 3197 desuper
1455 3164 1602 3190 ambularit.
1621 3175 1658 3183 —-
1677 3164 1800 3197 Sequitur
1818 3164 1889 3189 Ioan.
1909 3165 1956 3195 43,
1977 3164 2002 3190 4.

1395 3208 1405 3223 ⁷
1425 3209 1500 3234 Vers.
1520 3210 1545 3234 2.
1563 3222 1599 3227 —
1619 3207 1735 3234 Subinde
1754 3209 1899 3240 allegantur
1919 3208 1988 3234 loan.
2008 3208 2056 3240 42,
2077 3208 2101 3233 4.
2121 3211 2146 3233 et
2165 3208 2191 3233 2.

1394 3251 1404 3267 ⁸
1426 3255 1500 3278 Vers.
1520 3254 1561 3278 42.
1581 3260 1637 3286 seq.
1658 3253 1706 3278 Pro
1725 3254 1836 3279 venerat
1853 3256 1879 3278 et
1897 3251 2036 3279 audissent
2055 3251 2074 3278 C
2087 3252 2139 3278 ΠΗ
2159 3257 2282 3278 convene-

1323 3299 1368 3324 rat
1387 3301 1413 3323 et
1431 3297 1559 3323 audisset.

1393 3341 1404 3356 ⁹
1425 3342 1499 3367 Vers.
1519 3342 1567 3372 30,
1587 3345 1647 3374 post
1666 3348 1745 3374 quem
1776 3341 1821 3374 40,
1852 3342 1894 3367 48.
1913 3355 1946 3360 -
1967 3341 2094 3373 Superius
2124 3341 2182 3367 Vat.
2209 3339 2283 3365 omit-

1324 3387 1352 3413 tit
1368 3386 1436 3420 pati.

1395 3430 1418 3445 ¹⁰
1438 3431 1512 3456 Vers.
1533 3430 1578 3462 44,
1598 3430 1640 3456 cui
1659 3429 1828 3463 subiungitur
1847 3430 1902 3456 lsai.
1924 3431 1946 3463 4,
1968 3430 2009 3456 45.
