2476 3921
177 411 263 436 Quarta.

179 567 264 595 Quinta.

192 726 263 746 Sexta.

160 884 261 911 Septima.

126 1205 212 1231 Septem
228 1209 259 1230 ge-

136 1237 188 1252 nera
197 1231 262 1252 aridi-

137 1258 193 1279 tatis.

159 1285 260 1305 Primum.

132 1364 260 1386 Secundum.

158 1524 260 1546 Tertium.

149 1578 260 1604 Quartum.

151 1685 260 1712 Quintum.

164 1791 260 1812 Sextum.

133 1951 260 1979 Septimum.

117 2168 267 2200 Genus-aridi-

135 2198 184 2217 tatis
194 2202 215 2216 in
226 2198 267 2216 isto

133 2225 227 2249 aegroto.

132 2543 264 2570 Exemplum.

289 261 350 293 140

285 350 322 382 de
345 348 559 384 daemoniaco,
576 345 629 388 qui
653 347 806 387 «spumat
829 347 860 377 et
876 344 987 377 stridet
1002 344 1151 377 dentibus
1177 344 1244 377 suis

285 408 315 436 et
338 401 496 435 arescit».
521 419 565 423 -—
589 399 624 431 Et
648 398 813 435 accidiae;
846 397 1089 430 Proverbiorum
1121 397 1244 430 decimo

285 456 432 497 septimo:
462 466 476 481 «
494 452 630 494 Spiritus
661 451 760 483 tristis
787 450 927 483 exsiccat
948 459 1020 483 ossa
1037 463 1067 489 »;
1091 451 1244 483 Numero-

285 518 355 541 rum
380 506 558 540 undecimo:
589 518 604 533 «
621 504 713 537 Arida
736 507 783 537 est
798 503 903 536 anima
918 507 1026 536 nostra
1043 518 1058 532 n
1081 517 1096 532 «
1113 506 1244 536 nauseat

284 569 379 603 super
403 560 461 591 boc
486 558 554 590 cibo
579 557 736 590 levissimo
752 570 783 588 ι.
807 575 852 579 -
877 556 911 588 Et
934 556 1122 594 avaritiae;
1140 556 1242 589 Eccle-

283 614 395 647 siastici
420 612 540 645 decimo
563 615 678 653 quarto
693 612 720 642 ¹:
750 609 970 642 «Insatiabilis
993 613 1040 642 est
1063 610 1176 642 oculus
1191 619 1244 642 cu-

282 667 360 709 pidi,
385 666 415 698 in
440 668 529 706 parte
552 663 727 706 iniquitatis
750 672 811 695 non
836 662 1018 701 satiabitur,
1046 662 1145 695 donec
1169 671 1242 695 con-

283 722 385 752 sumet
408 717 579 750 arefaciens
601 717 737 748 animam
762 724 851 748 suam
869 729 899 747 ».
918 733 960 738 —
987 715 1021 747 Et
1043 715 1160 758 9ulae;
1184 715 1243 748 Na-

283 774 359 806 hum
385 772 503 814 primo:
534 784 549 799 a
565 770 750 803 Convivium
774 769 893 811 pariter
918 769 1094 811 potantium
1129 778 1242 801 consu-

280 829 384 859 metur
401 825 489 867 quasi
507 824 623 866 stipula
638 823 783 856 ariditate
804 823 935 865 plena».
954 840 995 846 —-
1014 822 1049 854 Et
1066 822 1243 859 luxuriae,-

282 878 462 912 Psalmu32:
484 890 499 905 a
516 877 594 910 Ossa
617 885 687 909 mea
711 876 793 909 sicut
809 876 963 908 cremium
979 879 1154 914 aruerunt,
1171 884 1243 917 per-

280 941 392 965 cussus
423 940 498 964 sumv
518 934 553 963 ut
577 930 722 968 foenum,
747 933 778 962 et
801 929 886 962 aruit
921 938 975 961 cor
1006 937 1112 962 meum
1127 943 1142 957 »
1171 932 1242 968 etc.;

285 999 300 1014 «
314 985 421 1017 Omnis
437 984 660 1017 carosoennm
677 997 707 1022 u,
732 983 827 1016 Isaiae
851 982 1111 1024 quadragesimo;
1135 985 1167 1015 et
1191 982 1243 1015 lob

281 1038 457 1080 trigesimo:
487 1037 606 1070 «Cutis
630 1046 699 1069 mea
723 1036 888 1077 denigrata
914 1039 963 1068 est
994 1044 1091 1077 super
1122 1044 1187 1074 me,
1212 1039 1244 1069 et

281 1101 350 1125 ossa
375 1101 442 1124 mea
466 1094 669 1123 aruerunt».

369 1146 421 1178 2⁶2.
447 1144 496 1177 Sic
520 1144 617 1186 igitur
641 1152 682 1175 ex
705 1146 825 1185 septem
854 1142 969 1175 causis
992 1142 1148 1185 accipitur
1171 1142 1243 1174 ari-

281 1199 369 1232 ditas
392 1197 599 1241 spiritualis,
624 1205 705 1238 quae
729 1196 823 1228 etiam
839 1200 887 1228 est
903 1196 1107 1238 septiformis:
1126 1195 1245 1228 scilicet

281 1252 426 1286 ariditas
450 1251 562 1284 cordis
592 1250 631 1282 ad
663 1250 742 1283 bene
774 1250 1012 1292 coyitandaim
1036 1249 1131 1282 Isaiae
1160 1249 1244 1291 vige-

280 1307 359 1340 simo
383 1305 526 1348 prim0³:
557 1317 573 1332 «
591 1304 749 1336 Emarcuit
773 1313 828 1336 cor
852 1312 977 1342 meum,
1002 1303 1150 1336 tenebrae
1178 1306 1244 1335 stu-

281 1360 464 1402 pefecerunt
488 1367 537 1390 me
551 1372 581 1389 ».
606 1376 650 1380 —
667 1357 704 1389 Et
727 1357 874 1390 ariditas
897 1357 968 1389 oris
990 1356 1029 1389 ad
1053 1356 1245 1389 desideran-

280 1414 383 1450 dmm
401 1412 503 1445 Iudith
520 1411 671 1453 septimo:
694 1424 709 1439 «
728 1410 793 1443 Erit
808 1410 881 1443 finis
896 1413 1003 1442 noster
1020 1410 1126 1442 brevis
1142 1409 1172 1441 in
1190 1418 1245 1442 ore

280 1466 390 1509 gladii,
415 1466 469 1508 qui
495 1465 617 1506 longior
641 1464 778 1497 efficitur
802 1464 833 1496 in
854 1463 1000 1496 ariditate
1016 1463 1084 1496 sitis
1099 1477 1130 1495 ».
1150 1481 1190 1486 -
1209 1462 1245 1495 Et

281 1520 371 1552 verbi
386 1519 424 1552 ad
441 1519 641 1556 docendam
665 1518 745 1550 Osee
761 1518 887 1550 nono4:
910 1530 924 1545 «
939 1517 984 1549 Da
1007 1516 1071 1555 eis,
1096 1516 1244 1554 Domine,
1270 1533 1273 1534 ν

281 1574 406 1606 vulvam
430 1573 497 1605 sine
521 1571 628 1604 liberis
643 1574 674 1604 et
691 1571 791 1603 ubera
806 1570 927 1603 arentia
943 1583 974 1601 ».
989 1589 1032 1593 -—
1046 1570 1082 1602 Et
1097 1569 1246 1602 ariditas

282 1626 412 1659 brachii
427 1626 466 1659 ad
482 1625 711 1668 operandum;
736 1624 905 1657 Zachariae
929 1623 1112 1668 undecimo:
1140 1636 1155 1651 α
1172 1623 1246 1655 Bra-

281 1681 387 1714 chium
404 1679 472 1713 eius
495 1679 640 1712 ariditate
664 1678 833 1710 siccabitur
851 1691 880 1709 ».
899 1695 940 1701 —
960 1677 995 1715 Et
1011 1676 1158 1709 ariditas·
1173 1686 1246 1709 ma-

280 1744 346 1767 niis
361 1733 400 1766 ad
417 1733 627 1775 laryiendum
637 1744 648 1770 ;
670 1732 722 1764 lob
737 1731 858 1764 decimo
881 1730 1009 1772 quinto:
1041 1743 1056 1758 «
1072 1731 1246 1772 Antequam

279 1788 346 1821 dies
362 1788 431 1820 eius
447 1786 631 1828 impleatur,
649 1785 774 1827 peribit,
791 1788 822 1818 et
838 1793 952 1817 manus
968 1783 1036 1816 eius
1053 1787 1184 1816 arescet.
1202 1801 1247 1807 —

282 1843 316 1875 Et
329 1842 414 1875 cutis
430 1841 468 1874 ad
482 1839 767 1877 conversandum,-
782 1838 834 1871 lob
846 1838 980 1880 septimo
993 1838 1023 1870 ⁵:
1046 1851 1062 1867 «
1075 1838 1162 1871 Cutis
1178 1831 1257 1870 mea'

279 1895 364 1933 aruit
387 1897 418 1927 et
442 1896 601 1927 contracta
629 1896 719 1926 est».
753 1910 796 1915 ——
828 1892 879 1924 Est
911 1895 1071 1933 postremo
1099 1890 1246 1923 ariditas

279 1948 414 1981 virtutis
437 1948 475 1980 ad
499 1946 752 1984 sustinendum;
769 1946 927 1978 Psalmus:
951 1959 966 1974 «
983 1945 1072 1978 Aruit
1097 1949 1245 1987 tanquam

281 2006 360 2035 testa
385 2002 487 2034 virtus
522 2010 609 2040 mea,
633 2004 665 2033 et
700 2000 806 2042 lingua
838 2008 907 2032 mea
935 1998 1247 2032 adhaesitfaucibus

283 2057 362 2091 meis
379 2071 408 2090 ».

371 2112 423 2145 ²23.
449 2111 502 2144 Hic
525 2114 630 2144 autem
655 2112 804 2152 aegrotus
828 2107 948 2140 habens
973 2116 1100 2139 manum
1125 2106 1244 2138 aridam

281 2167 434 2209 significat
456 2164 650 2198 ariditatem
673 2161 861 2199 avaritiae,
885 2162 966 2203 qu‘ae
990 2164 1139 2199 sanatur,
1170 2169 1244 2193 cum

281 2220 387 2253 divino
418 2217 552 2260 imperio
588 2225 700 2249 manus
735 2214 919 2248 extenditur
953 2214 991 2246 ad
1015 2214 1246 2255 eleemosynam

284 2271 493 2314 largiendam,
517 2269 692 2303 secundum
717 2268 795 2301 illud
824 2267 1066 2300 Proverbiorum
1091 2265 1244 2299 ultimoss:

288 2340 303 2354 «
320 2327 445 2358 Manum
470 2333 559 2357 suam
582 2322 708 2365 aperuit
732 2321 816 2363 inopi
840 2324 870 2354 et
887 2321 1007 2363 palmas
1034 2330 1108 2353 suas
1134 2323 1247 2353 exten-

282 2380 327 2412 dit
350 2378 388 2411 ad
415 2386 586 2419 pauperem
606 2389 635 2407 D.
655 2375 691 2407 Et
714 2375 767 2407 illa
782 2374 926 2407 extensio
942 2373 1089 2415 impetrat
1105 2373 1245 2415 vigorem

282 2432 412 2475 gratiae,
436 2425 610 2464 secundnm
636 2428 713 2461 illud
730 2427 934 2460 Ecclesiastici
958 2427 1080 2460 decimo
1096 2427 1244 2469 septimo:

288 2499 303 2514 «
322 2485 523 2525 Eleemosyna
535 2482 592 2517 viri
610 2482 700 2526 quasi
717 2481 862 2514 sacculus
878 2489 951 2513 cum
968 2480 1052 2522 ipso,
1069 2483 1101 2513 et
1112 2480 1244 2522 gratiam

284 2538 420 2572 hominis
443 2537 533 2580 quasi
558 2535 708 2578 pupillam
733 2534 977 2568 conservabit».
994 2552 1038 2556 —
1055 2533 1245 2575 Exemplum

283 2596 390 2625 autem
406 2595 437 2624 et
452 2590 706 2632 experimentum
730 2592 861 2631 apparet
876 2587 1038 2622 manifeste
1060 2587 1092 2619 in
1109 2586 1246 2629 quodam

285 2654 358 2688 rege
382 2644 506 2687 Angliae
519 2643 542 2682 ⁷,
567 2642 621 2685 qui
646 2642 778 2675 faciebat
794 2642 1008 2683 eleemosynas
1025 2641 1138 2683 largas,
1155 2640 1247 2673 cuius

285 2707 397 2731 manus
420 2701 451 2730 et
474 2697 640 2730 brachium
666 2699 771 2728 manet
786 2695 944 2737 integrum
961 2698 993 2727 et
1009 2694 1246 2735 incorruptum,

284 2752 406 2785 dicente
430 2751 487 2784 sibi
512 2750 646 2792 quadam
671 2749 721 2782 die
745 2748 880 2791 quodam
905 2748 1068 2789 episcope,
1093 2756 1165 2779 cnm
1190 2756 1247 2779 ex-

885 255 1078 288 COMMENT.
1104 256 1140 288 ΙΝ
1164 256 1402 289 EVANGELIUM
1428 257 1545 289 LUCAE
1569 257 1601 289 C.
1626 257 1673 289 Vl.

1308 344 1458 378 tendisset
1480 354 1627 384 manum,
1651 348 1687 378 ut
1710 345 1800 378 daret
1823 346 1955 388 pauperi
1979 346 2143 380 scutellam
2158 357 2270 391 argen-

1308 400 1408 437 team,
1432 407 1528 440 quam
1552 402 1625 432 ante
1648 408 1681 432 se
1706 398 1858 438 babebat,
1875 408 2040 442 nunquam
2057 409 2186 434 manum
2201 402 2270 436 eius

1307 451 1500 491 siccandam3
1517 452 1602 494 quod
1619 453 1752 486 verbum
1770 452 2068 495 impletumdicitur
2084 463 2152 488 esse
2168 464 2270 498 usque

1307 503 1339 536 in
1362 507 1560 546 praesentem
1585 504 1678 538 diem.

1329 609 1434 644 Tertio
1457 609 1696 645 determinatur
1711 611 1890 646 vocatorum
1906 611 2076 646 instructio
2098 621 2155 657 per
2177 612 2248 648 duo.

1396 718 1449 750 24.
1474 718 1617 750 Factam
1640 723 1686 751 est
1702 723 1815 752 autem
1831 719 1866 751 in
1883 718 1949 751 illis
1965 719 2096 759 (liebus,
2113 720 2195 753 exiit
2211 724 2269 754 etc.

1308 770 1475 813 Postquam
1499 771 1709 804 determinata
1731 775 1779 805 est
1801 772 1963 805 doctrinae
1996 772 2112 806 Christi
2136 774 2271 807 authen-

1307 823 1413 856 ticatio
1436 826 1468 856 et
1490 823 1718 866 discipulorum
1755 824 1894 863 voc-atio,
1918 825 1970 858 hic
2001 825 2150 859 subditur
2178 827 2272 860 tertia

1307 885 1396 918 pars,
1420 876 1450 909 in
1475 886 1539 919 qua
1561 876 1598 909 fit
1620 880 1815 910 vocatorum
1838 877 2016 911 instructio
2028 878 2051 911 ⁸.
2069 879 2106 912 Et
2122 879 2271 921 quoniam

1307 930 1475 962 instructio
1497 930 1726 972 discipulorum
1750 930 1871 973 duplex
1894 935 1958 971 est,
1983 932 2101 965 scilicet
2124 942 2271 966 comma-

1306 982 1361 1015 nis
1383 986 1416 1015 et
1438 983 1612 1025 specialis:
1637 984 1825 1016 communis
1849 984 1968 1017 scilicet
1997 985 2029 1017 in
2052 985 2196 1018 doctrina
2218 995 2270 1019 eo-

1307 1044 1380 1068 rum
1405 1045 1486 1078 quae
1511 1036 1722 1078 requiruntur
1745 1037 1784 1069 ad
1808 1037 1942 1070 salutem
1965 1039 2126 1078 omnium3
2143 1040 2271 1081 specia-

1308 1088 1368 1127 lis,
1393 1089 1423 1121 in
1448 1088 1591 1122 doctrina
1607 1090 1748 1131 mysterii
1765 1090 2020 1132 scripturarum
2037 1091 2106 1125 ideo
2122 1101 2196 1134 pars
2212 1092 2272 1126 ista

1283 1147 1286 1149 ’
1308 1141 1404 1175 habet
1425 1141 1522 1175 duas:
1547 1142 1578 1174 in
1603 1152 1740 1184 quarum
1773 1143 1874 1185 prima
1909 1144 2101 1178 erudiuntur
2135 1146 2270 1188 Apostoli

1308 1194 1340 1226 in
1363 1194 1500 1227 veritate
1523 1194 1689 1237 empticata
1719 1199 1749 1228 et
1776 1196 1963 1239 praeceptis
1997 1197 2124 1239 apertis
2131 1210 2143 1236 ,·
2168 1198 2200 1231 in
2224 1207 2272 1232 se-

1308 1248 1413 1280 cunda
1436 1247 1640 1281 instruuntur
1664 1248 1695 1281 in
1719 1249 1926 1291 explicandis
1954 1251 2130 1293 parabolis
2151 1256 2182 1284 et
2209 1262 2273 1295 pa-

1308 1299 1453 1332 rabolice
1475 1300 1592 1339 dictis,
1617 1300 1698 1333 infra
1721 1305 1832 1335 octavo
1847 1302 1874 1334 ⁹:
1902 1304 1940 1335 Et
1963 1302 2095 1346 factum
2119 1310 2166 1337 est
2180 1305 2272 1338 dein-

1309 1362 1401 1395 ceps,
1426 1358 1456 1385 et
1479 1353 1548 1396 ipse
1571 1354 1634 1386 iter
1656 1353 1801 1397 faciebat
1825 1359 1883 1388 etc.

1345 1469 1375 1495 In
1393 1469 1477 1504 prima.
1495 1470 1571 1505 parte
1589 1469 1706 1505 Apostoli
1725 1470 1897 1499 instruuntur
1916 1471 1944 1499 in
1963 1472 2080 1500 veritate
2098 1473 2232 1509 explicate.

1633 1515 1661 1541 et
1678 1515 1824 1550 praeceptis
1842 1515 1951 1551 apertis.

1401 1621 1503 1654 Prima
1528 1631 1601 1663 pars
1637 1622 1731 1655 habet
1766 1623 1865 1656 duas:
1892 1623 1923 1656 in
1955 1624 2058 1666 prima
2080 1625 2274 1667 exprimitur

1310 1675 1435 1708 veritas
1459 1675 1652 1714 doctrinae,·
1675 1676 1708 1708 in
1732 1677 1870 1709 secunda
1901 1686 1977 1710 vero
2000 1678 2040 1711 ad
2063 1679 2275 1712 confirmatio-

1310 1737 1383 1761 nem
1407 1728 1568 1762 doctrinae
1584 1729 1766 1762 declaratur
1789 1730 1980 1764 sablimitas
1996 1732 2032 1764 in
2056 1732 2211 1771 Doctorc,
2228 1733 2275 1765 in-

1310 1781 1359 1814 fra
1382 1782 1515 1824 septimo
1529 1782 1572 1814 ¹⁰:
1600 1782 1683 1815 Cum
1707 1788 1818 1816 autem
1843 1784 2006 1827 implesset
2035 1785 2151 1818 omnia
2174 1785 2275 1818 verba

1310 1844 1376 1867 sua
1399 1839 1458 1868 etc.

1437 1950 1523 1978 Primo
1542 1951 1700 1986 exprimitur
1719 1953 1820 1980 veritae
1839 1953 1972 1981 doetrinae
1991 1953 2145 1988 tripliciter.

1354 2083 1359 2090 ,
1401 2052 1503 2084 Prima
1526 2061 1618 2094 pars,
1642 2062 1724 2095 quae
1748 2053 1887 2087 continet
1910 2063 2060 2096 praesens
2083 2054 2276 2096 capitulum,

2291 1098 2380 1121 Divisio.

2294 1631 2387 1653 Divisio.

1311 2105 1406 2138 habet
1430 2109 1504 2138 tres.
1529 2105 1609 2147 Quia
1632 2106 1715 2139 enim
1739 2107 1882 2140 doctrina
1905 2117 1967 2140 non
1992 2108 2085 2141 debet
2101 2108 2298 2141 communi--

1310 2159 1376 2192 cari
1400 2159 1536 2201 indignis
1560 2164 1591 2192 et
1613 2159 1798 2200 fastidiosis,
1823 2161 1877 2194 sed
1901 2161 2028 2194 idoneis
2052 2165 2083 2194 et
2097 2161 2276 2200 studiosi-§7

1310 2213 1380 2246 ideo
1411 2213 1514 2255 primo
1547 2213 1761 2256 praemittitur
1791 2216 1975 2258 seyreyatio
2010 2215 2276 2258 discipulorum:

1310 2267 1449 2300 secundo
1465 2276 1556 2306 vero,
1572 2268 1729 2301 attractio
1742 2268 1956 2308 auditorum,
1973 2269 2015 2302 ibi
2030 2270 2072 2302 ¹¹:
2093 2270 2132 2302 Et
2147 2269 2277 2302 descen-

1310 2320 1390 2353 dens
1413 2330 1489 2353 cum
1514 2320 1581 2354 illis
1603 2321 1642 2354 de
1666 2325 1786 2361 monte;
1811 2323 1905 2356 tertio
1921 2332 2012 2362 vero,
2029 2323 2204 2366 explicatio
2219 2324 2276 2356 do-

1310 2379 1556 2414 cumentorum,
1582 2375 1642 2408 ibi:
1669 2377 1709 2408 Et
1732 2376 1815 2419 ipse,
1840 2376 1971 2410 elevatis
1994 2377 2101 2410 oculis
2125 2381 2183 2410 etc.

1399 2428 1490 2462 Circa
1513 2429 1773 2472 seyreyationem
1801 2434 1908 2463 autem
1932 2430 2177 2472 discipulorum
2197 2440 2276 2473 qua-

1311 2485 1384 2515 tuor
1408 2482 1674 2522 introducuntur,
1699 2493 1780 2526 quae
1815 2484 1915 2526 ipsam
1948 2484 2135 2526 perficiunt,
2159 2484 2276 2517 scilicet

1311 2535 1420 2567 oratio
1444 2535 1561 2568 divina
1585 2536 1800 2579 impetrativa
1823 2537 1922 2575 doni,
1940 2537 2047 2570 electio
2064 2536 2276 2569 insinuativa

1310 2588 1441 2627 meriti,
1477 2589 1642 2622 institutio
1677 2590 1868 2632 impositioa
1905 2589 2025 2633 officii,
2049 2588 2235 2622 nominatio
2249 2589 2275 2609 ¹²

1311 2640 1491 2674 discretiva
1515 2642 1683 2674 consortii.

1401 2695 1454 2727 25.
1480 2695 1582 2735 (Vers.
1611 2696 1685 2737 12).
1711 2695 1926 2728 Praemittitur
1950 2695 2066 2727 divina
2090 2694 2199 2727 oratio
2215 2694 2277 2727 im-

1308 2747 1477 2790 peti-atina
1501 2748 1581 2780 doni
1596 2748 1671 2790 ipsis
1687 2748 1849 2791 discipulis
1865 2748 2033 2791 eligendis,
2051 2756 2123 2781 cum
2141 2747 2275 2780 dicitur:

358 2904 367 2919 ¹
388 2906 462 2931 Vers.
482 2906 508 2930 9.
521 2905 693 2938 —Sequitur
713 2905 814 2930 Nahum
837 2905 860 2934 1,
881 2905 922 2934 10,
939 2903 985 2929 ubi
1005 2911 1053 2936 pro
1073 2905 1249 2930 consumetur

288 2950 337 2983 (ita
357 2950 434 2976 codd.
453 2953 479 2975 et
498 2950 613 2981 Hieron.)
636 2949 693 2974 Vat.
714 2956 775 2974 cum
795 2949 907 2980 Vulgata
927 2950 1130 2975 consumentur.

331 2993 332 2996 ’
350 2993 368 3013 ’2
388 2994 482 3019 Psalm.
507 2994 571 3025 101,
592 2993 616 3019 4.
637 3006 672 3012 —-
694 2993 750 3018 Duo
774 3000 850 3026 seqq.
869 2993 917 3018 loci
944 2996 1004 3018 sunt
1030 2992 1085 3018 lsai.
1107 2992 1154 3023 40,
1174 2992 1198 3017 6.
1225 2995 1251 3017 et

288 3038 333 3064 iob
351 3039 394 3070 30,
414 3039 457 3063 3ο.
478 3073 481 3075 ¹

359 3081 370 3096 ⁸
392 3083 465 3108 Vers.
486 3082 509 3107 4.
528 3096 563 3101 —
583 3081 700 3108 Subinde
718 3082 844 3113 allegatur
863 3081 945 3107 ludith
959 3080 989 3111 7,
1011 3080 1051 3105 17.

360 3126 370 3140 ⁴¹
390 3127 465 3153 Vere.
487 3127 528 3153 lai.
548 3142 581 3145 —
601 3128 752 3160 Sequuntur
772 3127 881 3152 Zachar.
901 3126 945 3158 11,
967 3125 1008 3151 17.
1030 3129 1055 3151 et
1075 3124 1119 3151 lob
1138 3125 1187 3157 ⁴5,
1207 3126 1250 3150 32.

359 3170 370 3185 ⁵
393 3173 465 3198 vers.
485 3172 509 3198 5.
529 3186 564 3191 —
584 3172 708 3206 Sequitur
727 3173 769 3198 Ps.
788 3172 836 3204 21,
859 3168 905 3202 lo)

359 3215 371 3230 ⁶
392 3218 464 3242 vers.
478 3218 525 3248 20,
539 3221 598 3249 post
611 3224 691 3250 quem
706 3217 783 3242 Eccli.
798 3216 844 3247 ⁴7,
869 3216 896 3241 18
906 3236 913 3246 ,
930 3215 974 3241 ubi
989 3222 1037 3247 pro
1050 3214 1159 3242 sacculo
1173 3215 1250 3246 Vulg.

289 3261 480 3295 sz'gmaculztrm
500 3262 545 3287 cfr.
565 3265 628 3287 tom.
651 3262 691 3287 Vl.
711 3268 773 3293 pag.
792 3261 841 3292 58,
861 3265 921 3286 nota
935 3260 967 3286 *L
986 3273 1022 3279 —
1041 3260 1168 3292 Superius
1193 3262 1252 3291 post

290 3313 359 3339 quae
375 3308 491 3332 sanatur
512 3306 569 3331 Vat.
590 3306 650 3337 legit
669 3305 759 3332 divino
779 3305 905 3339 imperio,
929 3312 991 3331 cum
1016 3312 1116 3331 manus
1135 3303 1251 3331 extendi-

291 3352 337 3376 την
357 3353 405 3376 etc.
427 3349 546 3375 Subinde
566 3357 614 3382 pro
634 3349 669 3376 Et
687 3350 736 3376 illa
755 3350 867 3376 ACDG
888 3350 921 3377 Et
941 3349 987 3376 ita.

360 3392 370 3407 ⁷
392 3394 493 3420 Scilicet
521 3395 651 3424 Osualdo,
670 3398 698 3420 ut
726 3396 803 3420 refert
821 3395 908 3425 Beda,
932 3395 969 3421 lll.
997 3395 1092 3420 Hister.
1111 3394 1251 3420 ecclesiast.

291 3439 376 3471 gentis
397 3439 502 3469 Anglor.
523 3445 544 3463 c.
565 3439 589 3463 6.
613 3438 771 3470 Episcopus,
791 3439 867 3464 cuius
881 3440 959 3470 paulo
974 3439 1080 3475 inferius
1100 3440 1197 3464 mentio
1211 3439 1265 3474 nt„

1314 2903 1361 2928 fuit
1380 2904 1517 2935 Aedanus,
1536 2904 1596 2937 qui,
1617 2908 1682 2930 teste
1700 2904 1770 2930 Beda
1791 2904 1855 2937 (loc.
1874 2904 1938 2937 cit.)‚
1960 2904 2130 2929 «delectatus
2148 2903 2190 2929 tali
2210 2904 2276 2928 sacto

1314 2948 1430 2980 pietatis,
1449 2949 1625 2980 apprehendit
1637 2949 1771 2975 dexteram
1785 2949 1842 2975 eius
1861 2947 1960 2983 [regis]
1979 2952 2005 2974 et
2018 2948 2066 2974 ait:
2086 2948 2226 2981 Nunquam
2240 2947 2277 2972 in-

1314 2995 1460 3018 veterascat
1479 2994 1543 3018 haec
1562 3000 1664 3019 manus.
1684 2993 1761 3025 Quod
1785 2997 1810 3019 et
1828 2993 1862 3019 ita
1881 2993 1950 3019 iuxta
1976 2996 2068 3019 votnm
2089 2992 2278 3019 benedictionis

1315 3036 1372 3062 eius
1391 3037 1521 3068 provenit.
1540 3037 1605 3063 Nam
1625 3044 1702 3069 cum,
1722 3037 1855 3063 interfecto
1873 3037 1915 3063 illo
1936 3038 1960 3063 in
1979 3044 2083 3069 pugna,
2103 3044 2197 3063 manus
2215 3043 2278 3063 cum

1315 3080 1424 3106 brachio
1443 3088 1457 3106 a
1478 3085 1564 3107 cetero
1584 3084 1671 3107 essent
1689 3088 1801 3113 corpore
1817 3085 1946 3113 resectae,
1965 3081 2086 3113 contigit,
2106 3084 2133 3107 ut
2152 3082 2277 3107 hactenus

1316 3124 1482 3157 incorruptae
1501 3125 1669 3157 perdurent»
1693 3128 1742 3151 etc.

1387 3167 1398 3182 Β
1417 3169 1468 3196 Csr.
1489 3176 1570 3202 snpra
1589 3176 1612 3195 e.
1634 3169 1658 3195 4.
1679 3177 1702 3195 n.
1724 3170 1747 3195 1.
1767 3183 1802 3189 -
1822 3170 1871 3195 Pro
1894 3168 2086 3196 authenticatio
2110 3170 2168 3201 (etr.
2194 3177 2276 3202 supra

1316 3220 1378 3246 pag.
1392 3214 1439 3245 88,
1453 3217 1511 3240 nota
1528 3214 1581 3248 ⁴2.)
1597 3214 1654 3240 Vat.
1666 3213 1824 3241 auctoritas.
1839 3213 1947 3240 inferius
1960 3220 2009 3246 pro
2021 3212 2137 3240 satutem
2154 3213 2277 3240 omnium

1315 3258 1335 3283 Α
1355 3257 1471 3285 salutem
1490 3259 1639 3284 aeternam.

1387 3301 1398 3316 ⁹
1418 3303 1494 3329 Vers.
1518 3303 1542 3329 1.
2115 3300 2137 3316 ¹⁰
2156 3303 2230 3329 Vers.
2252 3303 2276 3329 1.

1387 3347 1406 3362 ¹¹
1429 3348 1504 3374 Vers.
1519 3348 1564 3379 i7;
1576 3348 1679 3374 tertium
1692 3347 1802 3374 habetur
1814 3355 1839 3374 v.
1849 3349 1890 3374 20.
1902 3362 1937 3367 -
1948 3348 2075 3381 Superius
2087 3355 2136 3381 pro
2148 3347 2275 3375 attractio

1314 3391 1479 3422 auditorum-
1494 3393 1551 3418 Vnt.
1570 3392 1680 3419 attentio
1699 3391 1867 3419 auditorum.

1387 3435 1409 3451 ¹²
1429 3437 1488 3462 Vat.
1506 3435 1705 3468 denominatim·
1723 3437 1770 3463 cfr.
1791 3437 1857 3463 infra
1878 3444 1902 3462 n.
1923 3437 1966 3462 31.

2296 2222 2385 2245 Divisio.

2298 2436 2327 2458 De
2344 2440 2442 2466 segrega-

2304 2463 2363 2484 tione
2378 2461 2448 2490 disci]

2322 2489 2421 2517 pulcrum

2313 2517 2429 2542 tanguntur

2303 2557 2307 2561 .
2321 2544 2420 2569 quatuor.

2298 2701 2399 2724 Primum.
