2476 3921
175 1137 297 1158 Notandum

172 1164 200 1184 de
215 1163 298 1184 humili·

171 1192 223 1211 tate.

177 1717 298 1748 Pro-positio

194 1749 271 1765 minor.

169 2032 298 2054 Notandum.

314 252 379 285 1132

314 341 390 374 dum
406 340 479 373 facit
495 339 578 382 quod
594 339 732 372 maxime
748 340 904 380 acceptat;
922 338 1119 380 Apocalypsis
1135 338 1228 370 tertio
1242 338 1268 369 ¹:

319 407 335 423 α
352 394 381 426 Si
406 394 477 436 quis
500 392 660 435 aperuerit
683 391 759 424 mihi
795 392 939 430 ianuam,
963 391 1086 423 intrabo
1110 391 1148 423 ad
1180 390 1269 422 illum

315 450 347 481 et
362 446 498 480 coenabo
514 455 585 478 cum
602 445 655 478 illo
670 458 701 477 ».
718 445 804 478 Unde
820 444 944 477 Glossa:
966 457 982 473 α
999 444 1169 476 Minis-crat
1191 443 1270 475 Con-

314 500 407 533 ditori
430 499 501 542 qui,
516 499 584 532 eius
601 497 844 531 misericordiam
868 496 1068 530 considerans
1091 500 1122 529 et
1137 496 1205 528 eius
1222 495 1271 527 iu-

314 554 394 586 dicia
416 553 653 595 pertimescens,
677 551 716 584 de
739 550 805 583 suis
829 550 1000 583 virtutibus
1023 559 1055 582 se
1080 549 1268 581 humiliat».

315 607 351 639 Et
374 606 448 648 quia
471 608 541 647 post
563 605 643 637 hanc
667 603 938 645 compunctionem
964 603 1108 644 sequitur
1132 602 1268 640 devotio,

315 659 385 692 ideo
408 658 527 691 subdit:
556 658 592 689 Et
611 661 685 698 post
710 655 789 688 haee
813 660 848 688 tu.
872 654 1096 687 manducabis
1120 658 1147 687 et
1164 654 1268 692 bibes,

314 720 372 753 per
384 714 511 753 gustum
526 709 706 741 suavitatis
722 713 882 741 aeternae.
900 708 1006 740 Glossa
1022 708 1052 739 ²:
1074 720 1089 735 <1
1104 707 1268 748 Postquam

314 767 370 796 tua
393 763 621 805 praedicatione
644 765 675 794 et
698 760 935 803 compunctione
952 760 1088 792 refectus
1104 768 1169 797 ero,
1194 762 1269 791 tunc

315 817 439 849 tandem
462 816 598 849 aeternis
621 824 706 848 meae
730 814 898 856 sapientiae
921 813 1054 855 dapibus
1070 812 1221 845 reficieris
1238 824 1268 850 »3

316 869 498 902 Psalmus⁸:
537 881 552 897 «
570 868 681 900 Renuit
712 867 863 900 consolari
895 866 999 899 anima
1030 875 1115 904 mea,
1147 874 1267 898 memor

316 922 361 955 sui
385 922 439 954 Dei
463 924 494 954 et
517 921 688 954 delectatus
712 929 814 953 sum»
843 923 919 958 etc.;
944 923 975 951 et
998 919 1131 951 iterum:
1163 919 1270 950 «Fue-

315 978 392 1008 runt
415 974 491 1007 mihi
516 974 670 1015 lacrymae
706 982 791 1006 meae
826 981 921 1014 panes
944 972 994 1004 die
1017 980 1053 1004 ac
1076 975 1166 1004 nocte
1184 983 1213 1009 »;
1239 973 1270 1003 et

315 1031 401 1070 post:
431 1040 446 1056 α
464 1027 495 1059 111
522 1035 596 1059 voce
630 1026 849 1058 exsultationis
880 1029 911 1057 et
945 1024 1145 1057 confessionis
1174 1032 1270 1056 sonus

315 1081 471 1123 epulantis
487 1092 517 1119 »3
542 1084 572 1112 et
595 1080 727 1112 iterum:
750 1091 765 1107 α
782 1078 966 1111 Convertisti
984 1078 1143 1119 planctum
1166 1085 1269 1109 meum

316 1134 347 1166 in
372 1133 521 1175 gaudium
547 1132 621 1164 mihi
640 1145 655 1160 »
684 1135 742 1164 etc.
768 1131 828 1163 Hoc
852 1134 957 1163 autem
989 1133 1089 1162 totum
1114 1130 1187 1162 facit
1210 1129 1270 1161 Do-

317 1186 421 1218 minus
443 1185 482 1217 ad
510 1184 719 1217 humilitatem
750 1183 1013 1221 conservandam,
1045 1191 1126 1224 quae
1150 1184 1269 1214 cetera-

317 1248 388 1271 rum
422 1238 576 1270 virtutum
611 1240 658 1269 est
692 1236 801 1275 radix,
826 1235 1020 1282 conservatio
1054 1238 1086 1267 et
1120 1234 1269 1267 custodia.

316 1291 386 1323 ldeo
409 1293 440 1323 et
473 1289 586 1322 Paulus
617 1289 678 1321 iam
713 1288 870 1330 perfectus
905 1281 1026 1320 dicebat
1055 1287 1209 1320 secundae
1232 1287 1271 1319 ad

316 1343 492 1376 Corinthios
515 1341 698 1374 duodecimo
710 1342 738 1373 4:
760 1341 831 1374 «Ne
847 1340 1027 1382 magnitudo
1044 1340 1270 1373 revelationum

316 1397 446 1429 extollat
469 1404 536 1434 me,
559 1395 652 1427 datus
686 1398 733 1427 est
761 1394 838 1426 mihi
869 1394 1015 1426 stimulus
1051 1393 1154 1426 carnis
1185 1402 1271 1425 meae

316 1449 445 1491 angelus
478 1452 602 1481 satanae
618 1460 650 1487 »;
682 1451 712 1480 01
743 1447 946 1480 Ecclesiastiei
980 1447 1086 1480 tertio:
1117 1447 1272 1488 «Quanto

316 1511 449 1543 magnus
473 1510 523 1540 05,
549 1501 682 1533 humilia
710 1504 740 1533 te
771 1501 802 1533 in
831 1500 1051 1539 0101111105,οῐ
1075 1509 1181 1532 coram
1206 1500 1270 1532 Deo

315 1555 454 1587 invenies
477 1554 608 1596 gratiam
623 1566 653 1593 »ς
679 1563 751 1586 nam
777 1554 979 1587 Ecclesiastici
1004 1553 1124 1586 decimo
1147 1557 1270 1601 octavo:

323 1620 338 1636 α
354 1607 430 1639 Cum
455 1606 719 1639 consummaverit
744 1607 854 1645 homo,
881 1610 955 1639 tunc
979 1606 1147 1648 incipiet».
1225 1615 1244 1642 f

406 1661 457 1691 20.
483 1659 583 1701 (Vers.
609 1660 638 1691 9
667 1660 741 1697 10..)
767 1659 908 1692 Secundo
932 1662 1085 1700 quantum
1110 1659 1148 1692 ad
1164 1644 1271 1691 neces-

316 1712 446 1745 sitatem
469 1712 652 1751 serviendi,
676 1721 770 1754 quam
789 1712 951 1750 assumit,
969 1712 1087 1744 subdit:
1111 1711 1272 1755 Nunquid

314 1766 466 1808 qratiam
490 1764 584 1797 habet
605 1775 699 1797 servo
730 1764 793 1803 illi,
818 1765 899 1808 quia
922 1763 1000 1806 feeit
1023 1765 1131 1808 quae⁵
1156 1765 1186 1797 ei
1208 1764 1270 1797 im-

316 1817 518 1859 peraverat?
550 1817 623 1849 Non
652 1822 753 1859 puto,
790 1817 820 1849 id
851 1820 915 1856 est‘,
947 1820 1041 1859 pum,
1067 1817 1161 1859 “quod
1196 1827 1269 1850 non.

317 1870 440 1902 Glossa:
469 1883 484 1898 «ι
502 1869 581 1910 Quid
607 1869 737 1908 mirum,
761 1869 785 1902 si
811 1869 883 1902 facit
915 1878 1026 1902 servus
1055 1870 1138 1912 quod
1161 1870 1271 1909 debet,

319 1922 410 1955 cuius
433 1925 480 1954 est
505 1922 647 1954 laborare
670 1925 701 1954 et
725 1922 844 1954 servire
867 1922 991 1955 assidue
1007 1925 1044 1954 »‘?
1069 1922 1272 1955 Ecclesiastici

319 1975 479 2017 trigesimo
504 1975 613 2007 tertio:
643 1987 659 2003 α
676 1975 808 2007 Servum
832 1975 981 2007 inclinant
1004 1975 1201 2016 operationes
1223 1984 1272 2008 as-

319 2028 426 2060 siduae
442 2041 472 2059 n.
498 2046 541 2050 -
566 2027 602 2059 Et
623 2030 711 2065 nota,
735 2027 819 2069 quod
842 2027 993 2060 Dominus
1009 2028 1112 2061 dicere
1135 2028 1272 2067 videtur,

319 2081 403 2123 quod
426 2080 573 2113 dominus
596 2089 657 2112 non
682 2080 776 2112 habet
799 2089 891 2122 agere
922 2080 1053 2122 gratiam
1077 2089 1185 2120 servo,
1209 2080 1272 2113 11611

318 2134 402 2176 quod
426 2133 494 2166 eius
524 2142 620 2175 opera
650 2142 713 2165 non
740 2136 894 2175 acceptet,
919 2142 991 2166 cum
1020 2133 1143 2166 dicatur
1168 2134 1271 2167 Eccle-

318 2186 432 2219 siastici
457 2185 618 2227 trigesimo
642 2186 777 2218 tertiofl:
801 2186 858 2218 «Si
883 2190 930 2219 est
955 2186 1009 2218 tibi
1027 2195 1139 2219 servus
1161 2186 1271 2225 fidelis,

316 2238 356 2271 sit
380 2239 435 2271 tibi
459 2239 547 2280 quasi
572 2239 674 2271 anima
697 2242 769 2278 tua,
794 2239 883 2281 quasi
907 2239 1037 2272 fratrem
1055 2239 1100 2272 sic
1116 2248 1189 2272 eum
1208 2242 1272 2272 tra-

316 2293 379 2331 cta,
404 2292 550 2334 quoniam
569 2287 606 2325 'in
630 2292 780 2334 sanguine
804 2292 926 2325 animae
950 2293 1136 2334 comparasti
1152 2302 1225 2325 eum
1240 2305 1270 2332 n;

316 2345 370 2378 sed
394 2345 452 2378 1100
476 2345 608 2384 dicitur,
633 2345 707 2387 quia
730 2345 814 2387 quod
838 2345 910 2378 facit
936 2346 1033 2387 magis
1056 2349 1102 2378 est
1128 2346 1271 2378 debitum

387 2512 396 2526 ¹
418 2514 489 2538 Vers.
511 2514 553 2538 20.
572 2527 606 2532 --
625 2515 715 2539 Glossa
744 2522 800 2547 seq.
831 2518 869 2540 051
896 2515 1039 2541 ordinaria
1068 2517 1109 2548 (ex
1134 2517 1225 2549 Beda),
1244 2517 1269 2542 in

315 2557 390 2582 cuius
410 2557 460 2582 tine
480 2558 498 2581 Β
517 2564 576 2582 cum
597 2560 664 2582 textu
685 2558 802 2588 originali
822 2559 907 2584 addit:
922 2559 1043 2586 Minister
1056 2560 1126 2586 enim
1139 2568 1156 2587 a
1169 2560 1272 2588 minori

315 2602 388 2627 statii
406 2600 513 2627 dicitur.
533 2600 615 2627 Codd.
635 2601 684 2627 AC
697 2602 716 2626 D
735 2602 837 2633 legunt:
854 2602 1011 2630 Μίηιᾷςίναηε
1030 2604 1175 2637 Conditori,
1195 2605 1268 2639 qui...

316 2644 487 2671 considerant
510 2646 560 2670 et...
588 2645 779 2678 pertimescunt
806 2648 830 2673 et
858 2646 889 2672 tle
913 2647 970 2673 suis
997 2647 1141 2675 virtutibus
1168 2656 1197 2675 se
1222 2649 1269 2675 hu-

316 2688 430 2714 miliani.

387 2731 397 2746 ²
417 2733 518 2758 Scilicet
536 2732 717 2759 inim-linearis
738 2734 777 2766 (ex
798 2735 888 2767 Beda).

386 2774 397 2790 ³
417 2777 509 2802 Psalm.
527 2777 576 2808 76,
596 2778 619 2802 3.
639 2784 693 2810 seq.
715 2792 747 2796 —
768 2778 883 2804 Subinde
903 2779 1048 2810 allegantur
1072 2781 1112 2805 Ps.
1132 2780 1178 2813 41,
1199 2780 1222 2806 4.
1243 2781 1267 2806 5.

316 2826 342 2846 et
361 2821 400 2846 Ps.
420 2821 467 2853 29,
490 2821 530 2846 12.

386 2863 398 2878 ⁴
417 2865 491 2890 Vers.
510 2865 540 2895 7,
560 2865 585 2890 in
605 2873 658 2898 quo
678 2867 766 2897 plures
784 2866 870 2896 codd,
885 2870 912 2892 ut
931 2866 1026 2897 ACD,
1040 2867 1161 2893 omittunt
1174 2867 1268 2893 carnis

315 2915 398 2934 meae.
416 2922 451 2928 —
470 2909 527 2934 Duo
546 2916 619 2942 seqq.
639 2910 688 2935 loci
716 2913 776 2935 sunt
804 2912 878 2936 Eccli.
899 2912 928 2942 3,
950 2912 992 2936 20.
1014 2914 1039 2936 et
1059 2911 1105 2941 18,
1126 2911 1151 2936 6.
1170 2925 1203 2929 -
1224 2911 1270 2935 Su-

315 2952 404 2983 perius
418 2959 466 2984 pro
479 2954 630 2979 ceterarum
649 2953 780 2979 virentum
795 2955 851 2979 Vat.
865 2956 1041 2980 aeternarum
1058 2954 1208 2986 vii-tunm,-
1222 2955 1269 2979 cl'r.

315 2998 401 3020 tamen
422 2996 446 3021 S.
466 2996 571 3027 Bonam,
593 2997 649 3021 Vita
678 2997 733 3022 sive
757 2997 878 3028 Legenda
898 2998 924 3022 S.
942 2997 1085 3028 Francisci,
1105 3003 1127 3022 c.
1157 2997 1180 3021 6.
1202 2997 1270 3022 Vide

315 3039 393 3064 etiam
413 3040 546 3070 Bernard.,
572 3040 683 3065 Tractat.
713 3041 745 3066 de
772 3041 890 3066 moribus
918 3044 944 3066 et
968 3041 1054 3066 officio
1082 3041 1269 3072 episcoporum

317 3083 390 3115 (alias
409 3084 487 3115 Epist.
509 3083 576 3116 42),
595 3091 617 3109 0.
638 3085 661 3110 5.
682 3091 709 3109 n.
729 3085 776 3116 17,
796 3084 840 3110 11111
860 3085 910 3109 ait:
930 3085 957 3110 111
976 3086 1076 3110 tantum
1095 3087 1134 3109 est
1159 3080 1271 3116 [humili-

316 3126 365 3160 tas]
385 3128 538 3158 neccssaria,
557 3131 585 3153 ut
604 3127 704 3160 absque
724 3128 771 3153 ista
791 3128 847 3153 illae
860 3134 909 3153 nec
921 3134 979 3153 esse
992 3127 1102 3153 virtutes
1119 3126 1268 3152 videantur.

315 3170 414 3202 Nempe
434 3174 461 3196 ut
479 3171 582 3197 castitas
600 3178 647 3196 seu
666 3171 761 3202 caritas
789 3170 878 3201 detur,
906 3170 1038 3195 humilitas
1056 3173 1184 3201 meretum
1205 3177 1268 3202 quo-

314 3214 384 3240 niam
405 3214 550 3241 humilibus
569 3215 640 3241 Deus
659 3213 706 3241 dat
724 3214 844 3248 qratiam
863 3213 925 3247 [lac.
946 3214 976 3244 4,
995 3213 1193 3247 6.].}1umilitas
1205 3220 1270 3245 ergo

315 3258 424 3284 virtutes
443 3258 506 3284 alias
524 3258 625 3290 accipit.
645 3259 738 3284 Servat
756 3260 890 3289 acceptas,
910 3257 972 3291 qula
991 3264 1043 3283 non
1055 3258 1196 3291 requiescit
1215 3258 1269 3290 Spl-

314 3301 380 3327 111115
399 3301 515 3334 Domini,
533 3301 583 3327 nisi
602 3309 682 3334 super
701 3301 821 3335 quietum
839 3303 864 3328 et
883 3300 1012 3328 humilem
1031 3301 1099 3335 [lsai.
1119 3302 1168 3334 66,
1187 3303 1213 3328 2.
1232 3309 1270 3328 50-

314 3345 432 3370 cundum
452 3345 642 3379 septuaginta}
663 3346 785 3372 servatas
804 3348 981 3379 consummat3
1000 3351 1065 3373 nam
1084 3345 1171 3373 virtus
1190 3346 1218 3373 in
1231 3346 1270 3374 in-

311 3387 456 3422 firmitate,
476 3389 525 3415 hoc
543 3392 582 3415 est
595 3389 621 3415 ln
634 3389 786 3421 numilitate,
801 3389 943 3425 perficitur
961 3389 1004 3424 [ll.
1022 3389 1081 3417 Cor.
1097 3391 1142 3424 12,
1162 3390 1198 3425 9.]
1218 3394 1266 3418 etc.

892 249 1084 282 COMMENT.
1110 249 1146 282 IN
1170 248 1407 281 EVANGELIUM
1432 247 1549 280 LUCAE
1573 247 1605 279 C.
1631 247 1718 280 XVII.

1333 345 1429 379 quam
1452 336 1588 374 donum,
1614 335 1711 377 magis
1742 334 1861 367 iustitia
1890 334 2037 367 tentionis
2067 343 2162 377 quam
2191 334 2291 377 gratia

1333 389 1628 435 supererogationis.
1654 389 1689 420 Et
1714 388 1773 421 hoc
1797 387 1935 420 maxime
1958 396 2068 421 verum
2085 391 2132 421 est
2155 387 2187 420 in
2211 388 2290 426 Deo;

1333 442 1417 475 unde
1442 442 1494 473 1011
1517 441 1677 483 trigesimo
1700 440 1851 482 quinto⁷z
1873 453 1888 468 α
1903 440 2013 479 Porro,
2031 440 2056 473 si
2073 440 2155 472 iuste
2178 439 2290 482 egeris,

1333 495 1409 537 quid
1432 494 1562 527 donabis
1585 494 1631 533 ei,
1656 497 1711 526 aut
1735 493 1810 535 quid
1839 493 1877 526 de
1909 502 2005 525 manu
2029 496 2084 525 tua
2107 493 2237 535 recipiet
2253 497 2292 526 n?

1334 548 1419 580 Unde
1442 547 1566 580 Glossa:
1596 560 1612 575 α
1629 547 1658 579 Si
1684 547 1778 579 homo
1801 546 1841 579 ab
1869 546 1996 578 homine
2019 555 2111 579 servo
2135 555 2197 579 non
2221 547 2291 579 uni-

1333 601 1450 639 forme,
1474 600 1528 632 sed
1553 599 1720 641 multiplex
1744 598 1954 632 ministerium
1970 598 2069 640 exigit
2092 607 2149 631 nec
2165 602 2291 641 gratum

1334 654 1444 692 habet;
1477 656 1595 695 quanto
1626 652 1725 694 magis
1753 661 1810 685 nec
1845 661 1918 690 vos,
1943 652 1997 694 qui
2026 651 2098 684 sine
2128 661 2179 684 me
2208 650 2293 685 nihil

1332 707 1479 749 potestis,
1496 715 1558 738 non
1583 706 1678 738 unius
1702 714 1795 738 usum
1820 704 1925 747 operis
1941 705 1991 737 vel
2008 704 2124 737 laboris
2140 713 2292 737 exercere

1333 760 1469 798 debetis,
1493 759 1547 792 sed
1571 767 1694 801 semper
1718 758 1807 791 novis
1842 758 1954 791 studiis
1984 767 2101 800 augere
2132 758 2239 800 priora
2253 761 2292 790 n?

1334 813 1363 845 Si
1388 813 1470 845 enim
1494 821 1607 845 verum
1631 812 1715 845 istud
1739 815 1786 844 est
1817 811 1849 843 in
1873 811 2017 850 homine,
2043 819 2135 844 servo
2159 810 2291 843 alterius

1333 865 1485 904 hominis,
1510 865 1584 907 quia
1607 865 1735 898 servitia
1758 865 1826 898 eius
1849 865 1948 906 magis
1972 867 2046 897 sunt
2069 864 2174 897 (1011113
2197 872 2292 906 quam

1333 922 1439 960 grata;
1465 918 1523 951 hoc
1548 918 1648 950 multo
1672 918 1779 951 verius
1802 921 1850 950 est
1872 917 1904 949 in
1937 917 2081 956 homine,
2106 926 2198 950 servo
2221 917 2291 956 Dei;

1334 974 1401 1002 tum
1419 970 1493 1012 quia
1505 971 1609 1002 omnia
1621 974 1695 1003 sunt
1712 970 1754 1002 ab
1771 970 1863 1012 ipso:
1880 970 1974 1002 Isaiae
1992 969 2140 1011 vigesimo
2156 972 2247 1002 sexto
2260 969 2292 1002 ⁸:

1338 1035 1354 1051 α
1368 1022 1479 1054 01111113
1495 1031 1591 1064 opera
1606 1026 1714 1055 nostra
1729 1023 1761 1055 in
1778 1023 1868 1055 nobis
1884 1025 2033 1064 operatus
2057 1031 2100 1061 es,
2117 1022 2248 1055 Domine
2260 1034 2292 1061 »;

1334 1078 1365 1108 01
1389 1075 1485 1116 primi·
1507 1075 1762 1116 Paralipomenon
1786 1075 1935 1117 vigesimo
1952 1084 2051 1107 nono:
2082 1087 2097 1104 «
2114 1075 2181 1107 Tua
2205 1079 2294 1114 sunt,

1334 1127 1475 1166 Domine,
1492 1127 1611 1165 omnia,
1628 1130 1659 1160 et
1676 1137 1758 1169 quae
1774 1128 1813 1160 de
1829 1137 1925 1159 manu
1942 1131 1997 1160 tua
2013 1128 2192 1169 accepimus
2208 1128 2294 1161 dedi-

1336 1189 1407 1213 mus
1426 1180 1479 1212 tibi
1497 1193 1527 1212 ».
1559 1193 1573 1209 «
1590 1180 1675 1213 Deus
1691 1180 1773 1212 enim
1790 1183 1855 1219 est,
1872 1180 1927 1222 qui
1944 1183 2094 1221 operatur
2111 1180 2143 1212 in
2160 1180 2248 1213 vobis
2264 1184 2295 1213 et

1335 1233 1414 1266 velle
1437 1236 1468 1265 et
1491 1233 1644 1274 perficere
1667 1242 1725 1274 pro
1741 1233 1822 1265 bona
1838 1233 1999 1265 voluntate
2016 1246 2046 1271 n,
2063 1233 2099 1265 ad
2119 1233 2295 1275 Philippen-

1335 1295 1384 1319 ses
1407 1285 1553 1318 secundo.
1579 1286 1658 1318 Tum
1683 1286 1757 1327 quia
1773 1285 1878 1318 omnia
1902 1288 1976 1318 sunt
1998 1285 2059 1317 sub
2084 1286 2175 1327 ipso,·
2200 1286 2294 1319 Isaiae

1335 1339 1575 1381 quadragesimo
1588 1338 1617 1370 ⁹:
1641 1351 1657 1367 «
1673 1338 1749 1379 Quis
1765 1337 1913 1380 appendit
1937 1338 2040 1370 tribus
2056 1337 2162 1379 digitis
2177 1338 2290 1371 molem

1336 1396 1439 1425 terrae
1467 1395 1498 1424 et
1522 1391 1647 1424 libravit
1670 1391 1700 1423 in
1735 1391 1871 1433 pondere
1907 1394 2030 1423 montes
2065 1395 2096 1423 et
2130 1391 2224 1424 colles
2259 1392 2292 1424 in

1336 1448 1451 1478 statera
1467 1448 1502 1477 »ἵ
1531 1458 1546 1473 «
1561 1445 1650 1483 Ecce,
1674 1447 1782 1487 gentes
1805 1444 1894 1486 quasi
1919 1444 2001 1477 stilla
2025 1444 2137 1477 situlae
2154 1447 2186 1477 et
2201 1444 2292 1486 quasi

1336 1502 1529 1532 momentum
1553 1501 1687 1531 staterae
1711 1501 1874 1540 reputatae
1898 1501 1972 1531 sunt
1989 1511 2018 1530 ».
2049 1511 2065 1526 «
2081 1497 2197 1530 Omnes
2217 1506 2293 1539 gen-

1336 1556 1382 1585 tes
1405 1552 1494 1594 quasi
1519 1561 1581 1584 non
1605 1552 1684 1591 sint,
1709 1552 1753 1584 sic
1777 1554 1851 1584 sunt
1875 1560 1980 1584 coram
2004 1560 2041 1584 eo
2058 1554 2089 1584 et
2106 1550 2196 1593 quasi
2214 1550 2293 1584 nihil

1335 1610 1366 1639 01
1389 1606 1481 1638 inane
1505 1609 1669 1647 reputatae
1692 1609 1766 1639 sunt
1790 1605 1817 1638 01
1833 1618 1864 1637 n.
1890 1605 1985 1643 item,
2009 1604 2084 1647 quia
2100 1604 2204 1637 omnia
2220 1607 2295 1637 sunt

1332 1663 1468 1702 propter
1481 1659 1607 1701 ipsum·
1626 1659 1869 1693 proverbiorum
1885 1658 2005 1691 decimo
2021 1661 2112 1691 sexto
2127 1658 2170 1690 ¹⁰:
2193 1671 2208 1686 «
2221 1658 2295 1690 Pro-

1336 1716 1406 1754 pter
1429 1712 1631 1753 semetipsum
1656 1711 1761 1744 omnia
1785 1715 1934 1753 operatus
1958 1714 2005 1744 est
2036 1711 2230 1744 Dominus».
2261 1711 2296 1743 Et

1335 1765 1404 1797 ideo
1428 1765 1591 1806 Apostolus
1615 1765 1736 1806 primae
1759 1764 1797 1797 ad
1821 1762 2000 1797 Corinthios
2022 1764 2160 1797 decimo:
2190 1777 2206 1793 α
2223 1764 2293 1797 Sive

1335 1818 1531 1850 manducatis
1542 1844 1549 1857 ,
1564 1818 1629 1851 sive
1646 1818 1751 1851 bibitis
1763 1844 1770 1857 ,
1787 1818 1853 1851 sive
1869 1817 1954 1850 aliud
1971 1818 2047 1860 quid
2060 1818 2177 1857 facitis,
2190 1817 2295 1851 omnia

1336 1870 1367 1903 in
1392 1871 1523 1913 gloriam
1548 1871 1602 1903 Dei
1626 1871 1717 1904 facite
1733 1884 1764 1903 n.

1425 1925 1477 1956 21.
1502 1925 1606 1957 Tertio
1630 1928 1784 1966 quantum
1808 1924 1847 1957 ad
1864 1923 2084 1957 humilitatem
2104 1925 2295 1967 spiritualis

1339 1976 1527 2015 servitutis,
1553 1986 1647 2019 quam
1683 1977 1863 2016 concludit,
1888 1977 2067 2019 subiungit:
2093 1977 2147 2010 Sie
2171 1982 2200 2010 et
2222 1987 2295 2016 vos,

1340 2039 1416 2062 cum
1438 2028 1583 2072 feceritis
1607 2030 1732 2068 omnia,
1756 2040 1841 2074 quae
1872 2035 2048 2073 praecepta
2082 2035 2160 2063 sunt
2184 2030 2294 2069 vobis,

1337 2091 1394 2124 per
1418 2082 1661 2124 completionem
1694 2084 1911 2123 obedientiae;
1936 2085 2012 2117 baec
2044 2085 2126 2117 enim
2151 2089 2194 2117 051
2221 2093 2296 2117 vera

1336 2135 1529 2174 obedientia,
1553 2136 1585 2168 in
1609 2145 1673 2178 qua
1703 2137 1807 2169 omnia
1834 2137 2007 2179 implentur
2037 2137 2191 2169 mandata.
2218 2137 2293 2169 Nam

1337 2187 1436 2220 lacobi
1462 2188 1599 2221 secundo
1614 2190 1654 2221 ¹¹:
1684 2202 1700 2218 «
1716 2189 1915 2232 Quicumque
1941 2193 2046 2223 autem
2077 2189 2172 2222 totam
2198 2190 2295 2232 legem

1337 2241 1528 2280 servaverit,
1552 2241 1688 2274 offendat
1703 2246 1808 2275 autem
1827 2243 1858 2274 in
1875 2252 1938 2275 uno
1949 2269 1956 2282 ‚
1973 2243 2074 2276 sactus
2090 2246 2137 2275 est
2153 2243 2293 2275 omnium

1337 2303 1412 2326 reus
1427 2306 1458 2333 »3
1483 2297 1515 2327 et
1537 2295 1771 2328 Deuteronomii
1796 2293 1946 2338 vigesimo
1974 2296 2120 2338 septimo:
2142 2309 2156 2324 «ι
2171 2295 2294 2328 Maledi-

1337 2350 1422 2387 ctus,
1447 2347 1501 2390 qui
1526 2357 1588 2380 non
1612 2351 1777 2390 permanet
1799 2349 1831 2381 in
1862 2349 2061 2382 sermonibus
2085 2349 2173 2391 Legis
2197 2349 2294 2381 huius

1406 2516 1416 2531 ⁶
1435 2517 1518 2544 Codd.
1537 2517 1651 2544 CDGH
1671 2517 1759 2551 quod,·
1779 2518 1826 2543 cfr.
1852 2518 1880 2542 B.
1899 2516 1997 2542 Albert.
2015 2530 2051 2536 —
2069 2517 2158 2542 Glossa
2178 2523 2235 2548 seq.
2255 2519 2295 2541 051

1335 2561 1516 2587 interlinearis
1543 2562 1598 2595 (etr.
1624 2561 1754 2592 Ambros„
1781 2561 1842 2586 Vlll.
1867 2561 1893 2586 in
1917 2561 1978 2586 Luc.
1999 2567 2021 2586 c.
2043 2560 2084 2585 17.
2104 2567 2130 2585 n.
2153 2560 2195 2584 31.
2214 2560 2291 2592 seq.)‚

1334 2606 1375 2631 cui
1395 2605 1562 2637 subiungitur
1582 2606 1656 2631 Eccli.
1678 2606 1720 2636 33,
1740 2605 1782 2630 27.

1405 2648 1415 2663 ⁶
1435 2650 1510 2675 Vers.
1530 2650 1576 2681 31,
1596 2649 1622 2674 111
1647 2656 1700 2681 quo
1729 2648 1779 2674 AC
1791 2649 1812 2673 D
1831 2648 1953 2674 omittunt
1978 2646 2093 2674 animae.
2113 2661 2148 2666 —
2167 2647 2294 2678 Superius

1334 2694 1391 2719 Vat.
1412 2694 1506 2719 omittit
1534 2692 1666 2719 Dominus
1695 2692 1783 2718 dicere
1800 2691 1919 2723 videtur,
1939 2692 1960 2716 G
1988 2691 2050 2723 legit
2069 2690 2141 2724 quod
2161 2690 2293 2717 Dominus

1333 2737 1417 2763 divit:
1438 2737 1499 2763 Non
1517 2736 1596 2763 habet
1613 2739 1661 2762 etc.
1681 2737 1788 2762 Interius
1807 2743 1855 2768 pro
1870 2735 1993 2762 tentionis
2008 2735 2065 2761 Vat.
2078 2735 2210 2761 substituit
2223 2742 2294 2762 mer-

1333 2780 1457 2807 cationis.

1403 2822 1413 2838 ⁷
1434 2824 1507 2849 Vers.
1527 2824 1553 2848 7.
1572 2837 1607 2843 —
1626 2823 1716 2849 Glossa
1735 2830 1791 2856 seq.
1810 2825 1849 2848 est
1867 2822 2010 2849 ordinaria
2030 2822 2070 2855 (ex
2089 2823 2169 2856 Beda)
2184 2823 2209 2848 in
2229 2825 2292 2850 Luc.

1337 2867 1381 2898 17,
1402 2868 1443 2892 10.
1464 2868 1488 2892 111
1509 2867 1564 2898 ipsa
1584 2867 1709 2898 allegatur
1734 2868 1802 2892 loun.
1824 2865 1921 2898 ⁴555,
1942 2866 1986 2892 ubi
2011 2870 2070 2899 post
2094 2867 2162 2894 nihil
2178 2868 2289 2901 potestis

1334 2911 1354 2935 G
1374 2917 1434 2935 eum
1454 2911 1523 2936 Beda
1537 2911 1609 2936 addit
1621 2910 1727 2944 facere,¹
1747 2918 1795 2942 pro
1815 2917 1862 2937 nec
1875 2913 1987 2945 yralum
2000 2911 2077 2938 habet
2090 2913 2111 2937 11
2125 2920 2185 2938 cum
2199 2913 2289 2939 Glossa

1333 2956 1358 2978 et
1377 2953 1447 2978 Beda
1467 2960 1514 2979 nec
1533 2953 1653 2986 qratiam
1672 2953 1757 2986 habet,
1772 2957 1798 2980 et
1811 2953 1922 2981 subinde
1935 2958 1994 2981 ante
2007 2961 2053 2982 vos
2073 2956 2142 2981 Beda
2162 2959 2188 2982 et
2200 2956 2288 2982 Glossa

1333 2997 1455 3022 omittunt
1472 3003 1528 3023 nec.
1548 2998 1575 3023 ln
1604 2998 1655 3023 tine
1680 2998 1786 3024 Glossae
1805 2999 1824 3024 B
1847 2999 1920 3025 addit
1945 3005 1993 3026 nec
2022 3006 2068 3026 vos
2088 2999 2204 3031 iactetis,
2224 3000 2290 3034 quia

1335 3039 1397 3067 bene
1414 3040 1534 3067 servistis
1554 3041 1654 3074 (Glossa
1673 3042 1799 3076 servilis).

1405 3081 1416 3096 Β
1436 3083 1509 3109 Vers.
1529 3084 1574 3115 12;
1595 3086 1641 3111 cfr.
1667 3093 1745 3118 supra
1776 3093 1834 3118 pag.
1855 3087 2001 3120 261,11010
2023 3088 2118 3114 12.-
2138 3089 2194 3114 Duo
2214 3096 2292 3149 seqq.

1334 3127 1382 3152 loci
1402 3128 1496 3153 suntl.
1518 3129 1625 3161 paralip.
1645 3130 1693 3161 29,
1715 3130 1756 3156 1.AE
1776 3134 1802 3157 et
1820 3132 1883 3158 Phil.
1905 3133 1936 3163 2,
1958 3133 2000 3158 13.

1405 3168 1416 3184 ⁹
1437 3171 1508 3197 vers.
1530 3172 1576 3203 12,
1594 3172 1690 3199 deinde
1719 3180 1746 3199 V.
1775 3175 1817 3200 15.
1846 3178 1872 3201 01
1892 3175 1934 3201 17
1953 3189 1988 3195 -
2008 3177 2134 3209 superlus
2162 3184 2210 3208 pro
2236 3175 2287 3203 sub

1334 3213 1392 3248 ipso
1410 3215 1431 3240 G
1450 3214 1483 3241 ab
1502 3214 1575 3249 ipso,
1595 3217 1654 3243 Vat.
1672 3224 1721 3251 per
1741 3217 1839 3251 ipsum.

1405 3257 1427 3273 ¹⁰
1448 3258 1519 3285 Vers.
1540 3259 1568 3292 4,
1587 3263 1647 3293 post
1665 3268 1745 3294 quem
1765 3262 1781 3288 1.
1801 3262 1862 3289 Cor.
1885 3263 1926 3294 10,
1945 3264 1988 3290 31.

1406 3302 1426 3318 ¹¹
1446 3304 1521 3330 Vers.
1544 3305 1591 3336 10,
1610 3305 1652 3331 0111
1681 3305 1842 3332 subnectitur
1861 3307 1935 3333 Deut.
1964 3307 2012 3339 27,
2032 3308 2080 3341 26,
2100 3307 2145 3334 11111
2164 3315 2212 3341 pro
2229 3315 2292 3341 per-

1332 3349 1424 3375 manet
1440 3350 1466 3374 et
1479 3348 1586 3383 perficit
1605 3349 1655 3376 AC
1666 3350 1687 3375 D
1702 3350 1886 3384 permanserit
1905 3354 1931 3377 et
1945 3351 2100 3386 perfecerit.

2312 922 2388 943 Omnia
2401 928 2414 943 a

2334 949 2388 970 Deo.

2313 1290 2357 1312 Sub
2372 1290 2425 1312 Deo.

2313 1608 2404 1635 Propter

2320 1635 2396 1657 Deum.

2314 1927 2437 1950 Conclusio.
