2476 3921
18 592 79 615 Sinus
92 590 163 617 culpa-

16 619 65 641 bilis
76 617 161 645 triplex.

18 1389 78 1411 Sinus
91 1388 164 1410 lauda-

8 1424 9 1431 *
18 1416 65 1438 bilis
78 1415 163 1443 triplex.

27 2027 88 2050 Sinus
105 2028 162 2050 desi-

39 2055 147 2077 derabilin.

19 2402 168 2425 Immisericor-

28 2429 76 2451 diae
89 2435 158 2457 poena

41 2457 147 2483 descripta

32 2484 153 2511 dupliciter.

760 220 955 253 COMMENT.
981 219 1017 252 ΙΝ
1042 217 1281 251 EVANGELIUM
1306 217 1423 250 LUCAE
1447 217 1480 249 C.
1504 217 1578 249 xvi.

175 324 238 349 non
263 316 370 356 tanget
393 316 424 346 te
449 312 577 345 malum.
610 311 642 343 ln
667 310 750 343 fame
785 312 878 342 eruet
909 312 939 341 te
970 308 1009 341 de
1039 310 1142 340 morte

176 372 208 402 et
231 368 262 401 in
287 367 369 400 bello
392 375 411 399 a
433 375 529 399 manu
553 364 657 407 gladii.
683 365 704 396 Α
728 363 852 405 flagello
869 362 994 404 linguae
1010 361 1141 394 abscon-

175 421 278 460 deris,
309 424 341 454 et
371 429 434 453 non
459 419 584 452 timebis
608 417 832 455 calamitatem,
865 425 937 449 cum
971 415 1139 448 venerit».

180 487 197 504 «t
215 475 250 507 Et
265 474 362 512 scies,
380 472 465 516 quod
481 480 589 515 pacem
615 471 729 503 habeat
746 469 985 502 tabernaculum
1004 472 1094 501 tuum
1109 481 1139 500 1».

266 528 319 561 45.
345 527 381 560 Et
404 529 479 559 nota
492 551 500 565 ,
524 524 609 567 quod
630 527 677 557 est
693 523 782 556 sinus
798 522 995 565 culpabilis,
1021 521 1142 554 lauda-

177 581 251 614 bilis
282 584 313 614 et
344 578 585 613 desiderabilia.
610 597 655 602 —
679 577 783 610 Sinus
815 575 992 618 culpabilis
1023 575 1141 617 triplex

176 638 241 674 est,
277 634 395 667 scilicet
429 631 646 666 carnalitatis
654 643 666 669 ;
702 630 945 663 Proverbiorum
982 628 1094 671 quinto
1108 630 1140 660 ¹:

182 701 198 717 «
213 688 319 729 Quare
349 685 529 723 seduceris,
562 684 606 717 fili
630 684 692 723 mi,
716 684 757 716 ab
780 675 882 716 aliena
905 686 937 715 et
960 682 1077 715 foveris
1109 681 1141 714 in

177 741 249 774 sinu
279 740 411 773 alterius
429 743 466 772 »7
497 742 529 771 et
553 741 666 771 sexto:
696 751 711 767 κ
729 736 877 779 Nunquid
910 739 1013 778 potest
1046 736 1142 768 homo

176 793 370 827 abscondere
401 793 505 835 ignem
538 792 568 824 in
599 791 670 824 sinu
696 800 772 830 suo,
796 793 833 823 ut
856 790 1043 823 vestimenta
1074 788 1143 822 eius

176 856 237 880 non
262 846 423 879 ardeant»
453 849 512 879 etc.
544 859 559 874 «
576 845 625 878 Sic
646 845 700 887 qui
726 844 905 887 ingreditur
934 843 972 876 ad
1006 851 1141 875 uxorem

176 899 314 943 proximi
339 899 388 932 sui
418 908 479 931 non
505 899 566 931 erit
589 898 743 937 mundus,
767 907 840 931 cum
864 897 1002 939 tetigerit
1025 905 1094 929 eam
1110 909 1141 928 n.

179 953 402 996 Cupiditatis,·
426 952 670 985 proverbiorum
695 951 816 984 decimo
837 951 970 993 septimo
983 951 1013 982 2:
1043 963 1059 979 «
1076 950 1143 982 Mu-

177 1015 256 1040 nera
278 1006 317 1039 de
341 1006 413 1039 sinu
437 1006 553 1047 impius
573 1005 704 1048 accipit,
722 1008 758 1037 ut
774 1007 935 1047 pervertat
951 1004 1078 1037 semitas
1095 1003 1143 1036 iu-

177 1059 248 1093 dicii
266 1073 281 1088 »
312 1062 369 1092 etc.
398 1058 638 1096 C1·u(lclitatis,·
654 1058 737 1091 tertii
756 1058 874 1100 Regum
892 1056 1002 1089 tertio:
1026 1069 1042 1085 «
1058 1056 1144 1088 Tulit

177 1113 279 1146 filium
301 1122 406 1146 meum
425 1113 463 1145 de
481 1113 578 1145 latere
595 1120 682 1150 meo,
699 1111 829 1144 ancillae
847 1113 919 1143 tuae
942 1109 1142 1148 dormientis,

177 1170 208 1199 et
231 1166 337 1208 posuit
361 1166 391 1198 in
417 1165 488 1198 sinu
513 1174 592 1203 suo;
617 1173 712 1197 suum
736 1167 841 1196 autem
866 1163 986 1206 filium,
1003 1162 1057 1204 qui
1075 1165 1144 1194 erat

178 1224 339 1258 mortuus,
364 1219 469 1261 posuit
492 1219 523 1251 in
549 1218 620 1251 sinu
645 1227 714 1250 meo
731 1230 763 1257 »;
785 1221 816 1250 et
834 1217 884 1249 lob
901 1216 1062 1258 trigesimo
1079 1214 1144 1258 pri-

177 1282 249 1306 mo:
280 1286 295 1301 a
313 1274 340 1305 Si
366 1272 514 1305 abscondi
539 1272 628 1314 quasi
654 1272 748 1304 homo
773 1273 936 1313 peccatum
962 1279 1067 1303 meum
1088 1284 1117 1302 2».

268 1327 319 1359 Est
342 1327 435 1359 etiam
460 1326 556 1358 sinus
581 1325 781 1364 laudabilis,
804 1324 921 1358 scilicet
943 1323 1144 1357 humilitatis

179 1381 211 1413 in
236 1380 485 1418 abseomlemtae
510 1379 607 1412 Exodi
633 1379 792 1422 quarto⁸:
823 1392 838 1408 «
855 1378 990 1411 Retrahe
1013 1387 1142 1410 manum

179 1437 267 1466 tuam
292 1433 323 1465 in
347 1433 451 1466 sinum
485 1436 587 1465 tuum.
614 1432 757 1465 Retraxit
780 1435 811 1465 et
835 1432 968 1474 protulit
992 1440 1080 1470 eam,
1112 1433 1144 1463 et

177 1490 246 1520 erat
269 1487 380 1519 similis
412 1487 497 1520 carni
532 1486 672 1529 reliquae
689 1500 703 1515 2³
734 1489 792 1519 etc.
818 1486 912 1519 Sinus
935 1485 1030 1518 etiam
1055 1484 1142 1518 beni-

177 1541 318 1583 9m'tatis
347 1540 376 1572 in
410 1538 610 1582 rcfovendo;
635 1539 879 1572 proverbiorum
905 1539 1055 1581 vigesimo
1079 1538 1144 1580 pri-

179 1594 278 1626 mo4:
308 1606 323 1622 α
340 1594 455 1626 Munus
486 1593 706 1626 absconditum
730 1592 906 1635 exstinguit
930 1593 1010 1632 iras,
1035 1596 1066 1625 et
1089 1592 1144 1625 do-

179 1657 255 1680 num
280 1647 311 1680 in
336 1646 408 1680 sinu
432 1647 676 1690 indignationem
702 1647 873 1680 maximam
891 1660 921 1679 ».
940 1646 1034 1679 Sinus
1050 1647 1144 1679 etiam

180 1700 446 1742 tonyanimitatis
470 1701 501 1733 in
525 1699 773 1738 conaervamloe
797 1700 850 1733 lob
865 1700 987 1733 decimo
1011 1700 1142 1733 nono⁶t

184 1767 198 1781 «
218 1754 361 1796 Reposita
384 1757 432 1787 est
455 1754 533 1787 haec
556 1763 628 1796 spes
650 1763 721 1786 mea
744 1753 775 1786 in
800 1753 871 1786 sinu
890 1762 959 1786 meo
975 1766 1006 1793 »;
1024 1756 1056 1786 et
1072 1753 1146 1786 Eze-

181 1807 290 1841 chielis
314 1807 555 1850 quadragesimo
579 1807 693 1841 tertio:
724 1821 738 1836 «
756 1808 788 1840 ln
814 1807 885 1843 sinu
906 1807 975 1840 eius
998 1810 1067 1840 erat
1090 1816 1146 1840 cu-

179 1861 275 1900 bitus,
292 1865 322 1894 et
338 1861 478 1894 definitio
494 1861 563 1894 eius
579 1870 681 1904 usqne
698 1861 737 1894 ad
754 1861 873 1894 labium
890 1874 921 1900 >›,
940 1861 1069 1894 cubitus
1086 1860 1146 1893 sci-

180 1914 251 1947 licet
275 1914 431 1956 perfectae
455 1914 618 1948 mercedis.

270 1967 323 2000 Est
347 1968 440 2000 tertio
471 1967 568 2000 sinus
596 1967 846 2007 desiderabilis,
870 1971 902 2001 et
925 1967 964 2001 de
987 1968 1048 2001 hoc
1071 1967 1147 2000 dicit

180 2021 253 2055 hic:
283 2035 299 2050 «ι
317 2022 444 2055 Factum
469 2025 535 2061 est,
565 2025 601 2054 ut
625 2025 806 2055 moreretur
830 2021 995 2055 mendicus
1019 2024 1049 2054 et
1073 2030 1146 2063 por-

181 2078 304 2108 taretur
336 2075 376 2108 ab
406 2075 530 2118 Angelis
561 2075 593 2108 in
618 2075 722 2108 sinum
746 2075 889 2108 Abrahae
906 2088 937 2114 ι»,
961 2084 1018 2117 per
1050 2083 1145 2117 quem

180 2129 283 2162 sinum
308 2129 494 2171 intelligitur
518 2129 645 2172 requies
668 2129 833 2162 beatarum
857 2129 1053 2167 animarum;
1070 2128 1147 2160 Mat-

179 2181 263 2215 thaei
286 2182 443 2215 octav0⁶:
473 2195 488 2211 α
506 2182 751 2215 Multis-venient
782 2182 822 2215 ab
850 2181 972 2217 oriente
1003 2183 1034 2213 et
1064 2181 1147 2213 occi-

179 2233 272 2267 dente
303 2237 334 2266 et
366 2235 554 2267 recumbent
582 2244 655 2268 cum
679 2235 853 2273 Abraham,
886 2234 970 2267 Isaac
1001 2236 1033 2266 et
1056 2233 1146 2266 Iacob

180 2286 212 2319 in
237 2295 336 2329 regno
360 2287 520 2320 caelorum
537 2301 567 2319 1».
728 2290 733 2294 ’

270 2339 323 2372 46.
348 2339 502 2372 Mortuus
533 2344 580 2373 est
607 2343 718 2372 autem
741 2344 771 2372 et
793 2339 884 2372 dives
908 2343 967 2372 ete.
993 2339 1064 2371 Post
1087 2337 1145 2371 im-

183 2392 416 2426 misericordiae
440 2402 566 2426 causam
591 2396 622 2426 et
645 2393 770 2435 cuipam
787 2392 951 2435 subiungit
966 2392 1017 2425 hic
1034 2392 1145 2425 immi-

180 2446 384 2480 sericordiae
414 2456 554 2489 poenam
570 2447 602 2485 ⁷,
638 2455 734 2489 quam
769 2446 920 2479 describit
951 2445 1143 2488 dupliciter:

182 2500 286 2543 primo
316 2503 471 2542 quantum
503 2499 543 2532 ad
574 2499 747 2533 miseriam
777 2498 937 2542 inflictam
951 2511 963 2537 ;
988 2498 1144 2538 secundo,

253 2732 263 2750 ¹
283 2735 358 2761 Vers.
378 2736 429 2768 203
448 2735 545 2761 deinde
564 2736 595 2767 6,
615 2735 658 2761 27.
677 2738 702 2761 et
721 2736 764 2761 29.

252 2780 263 2797 ²
283 2779 358 2805 Vers.
378 2780 420 2805 23.
438 2793 475 2798 —
495 2780 551 2805 Duo
570 2786 646 2812 seqq.
664 2779 715 2805 loci
742 2781 803 2805 sunt
831 2779 869 2805 lli.
887 2779 951 2810 neg.
972 2779 1002 2810 3,
1022 2779 1064 2804 20.
1086 2778 1142 2810 (nbi

181 2824 260 2850 codd.
279 2825 304 2850 et
318 2823 413 2857 posuit
430 2822 459 2849 in
477 2822 569 2849 sinum
587 2830 696 2850 saum...
717 2822 745 2849 in
763 2822 855 2849 sinum
873 2824 977 2853 meum)
996 2826 1022 2848 et
1035 2822 1080 2848 lob
1094 2823 1143 2853 31,

181 2868 225 2893 33.
245 2867 295 2894 Cir.
314 2868 392 2894 Card.
413 2868 504 2899 nugo,
523 2867 570 2901 qui
589 2875 633 2894 sex
655 2868 727 2894 sinus
756 2868 886 2893 malorum
915 2867 1067 2899 distinguit,
1088 2867 1144 2893 scil.

181 2913 268 2938 sinum
288 2912 443 2945 voluptatiS,
463 2913 627 2944 cupiditatis,
647 2913 783 2944 vanitatis,
803 2913 986 2945 impotentiae,
1010 2913 1144 2945 negligen-

181 2957 232 2983 tiae
251 2959 277 2982 et
295 2957 379 2982 malae
397 2957 582 2983 conscientiae.

253 2998 264 3014 ⁸
285 3001 358 3026 Vcrs.
377 3000 409 3031 7,
429 2999 474 3026 ubi
493 3008 543 3033 pro
561 3000 677 3035 protulit
703 3009 763 3028 eam
789 3002 847 3027 Vat.
870 3009 932 3027 cnm
953 3002 1065 3034 Vulgata
1080 3008 1145 3036 pro-

182 3044 245 3072 tulit
262 3044 361 3071 iterum
380 3044 452 3078 (nam
472 3045 506 3071 ad
525 3045 641 3077 primum
662 3046 765 3071 Domini
784 3045 938 3072 mandatum
967 3046 1068 3078 Moyses
1093 3053 1145 3071 ma0

182 3096 246 3116 num
266 3096 297 3114 ex
316 3089 374 3114 sinu
397 3098 410 3112 α
424 3089 529 3120 protulit
548 3089 679 3121 leprosam
698 3090 780 3116 instar
798 3090 868 3116 nivis
880 3090 917 3124 n).

253 3131 265 3147 ⁴
285 3133 359 3158 Vei-s.
380 3133 422 3163 Η,
442 3132 487 3159 ubi
507 3140 555 3165 pro
574 3133 633 3160 iras
652 3133 702 3160 AC
714 3135 734 3160 D
753 3134 834 3161 iram.
853 3148 889 3154 —
907 3135 1035 3167 Superius
1054 3142 1102 3167 pro
1115 3134 1145 3162 in

183 3175 327 3211 refovendo
347 3176 397 3203 AC
415 3175 556 3203 retinendo
569 3177 616 3210 (ita
629 3177 698 3203 etiai.
724 3178 846 3210 primitus
866 3179 901 3210 D,
920 3178 1036 3205 secunda
1051 3186 1145 3205 manus

183 3221 317 3248 substituit
334 3219 516 3252 redimendo),
537 3221 555 3246 E
574 3221 760 3255 refocillando.

254 3263 266 3279 ³
285 3265 358 3291 Vers.
379 3264 422 3290 27.
446 3268 472 3290 et
498 3264 594 3291 deinde
623 3266 715 3292 Ezech.
734 3266 783 3298 43,
804 3267 851 3299 ⁴3,
870 3274 951 3300 quem
970 3267 1047 3294 Card.
1068 3268 1145 3300 Ilugo

182 3309 258 3337 sinui
274 3308 401 3336 vanitatis
429 3309 474 3342 (de
492 3316 546 3342 quo
565 3309 627 3335 vide
646 3317 726 3342 supra
745 3314 834 3337 notam
855 3312 891 3345 2.)
911 3312 1046 3345 applicans
1065 3312 1145 3338 dicit:

184 3353 294 3381 Cubitus
312 3357 353 3380 est
370 3360 493 3392 mensura
513 3354 636 3386 perfecta.
663 3355 737 3381 Unde
762 3354 868 3382 cubitus
886 3358 926 3383 est
943 3356 972 3382 in
990 3356 1053 3383 sinu
1072 3356 1144 3388 eius,

185 3398 231 3432 qui
251 3397 373 3431 opinione
391 3397 436 3424 sua
457 3397 506 3424 sibi
527 3398 631 3424 videtur
643 3405 702 3425 esse
720 3400 851 3431 perfectus
861 3410 868 3432 ;
887 3402 912 3427 et
930 3399 1047 3436 definitio
1061 3407 1146 3434 usque

2104 219 2168 250 419

1207 309 1362 348 qnantum
1380 305 1418 338 ad
1436 306 1704 338 misericordiam
1728 307 1941 349 dcueyatam,
1961 307 2000 339 ibi
2014 306 2045 338 ⁸:
2065 308 2103 339 Et
2119 307 2169 338 sli-

1206 360 1257 392 xic
1281 359 1332 392 illi
1355 358 1529 392 Abraham
1555 364 1613 393 etc.

1297 413 1435 445 Miseria
1458 417 1563 445 autem
1588 413 1716 454 inflicta
1741 418 1869 455 propter
1894 414 2170 446 immisericordiae
2197 419 2275 443 Primo.
2291 419 2318 440 de

1206 466 1331 508 culpam
1358 466 1523 508 tripliciter
1555 466 1764 505 describitur,
1797 467 1915 499 scilicet
1946 470 2099 508 quantum
2132 468 2169 499 ad
2191 452 2324 492 Ἦῖἶῗῗνῖἓῖ

1206 519 1414 551 deiectionem
1451 519 1487 551 in
1522 519 1631 551 locum
1665 519 1904 557 miseriarum,
1941 522 2095 561 quantum
2132 520 2169 551 acl

1207 572 1445 615 elongationem
1470 582 1493 604 a
1517 572 1584 604 loco
1609 573 1776 604 iustorum
1800 576 1830 604 et
1855 576 2008 614 quantum
2031 572 2068 604 ad
2086 573 2170 604 mul-

1209 626 1383 658 titudinem
1407 625 1642 668 multiplicium
1668 625 1912 658 calamitatum.

1297 680 1350 712 lt7.
1377 679 1480 712 Primo
1503 679 1600 721 igitur
1625 682 1778 721 quantum
1796 679 1833 711 ad
1851 679 2057 711 deiectionem
2075 679 2110 711 in
2127 679 2171 711 lo-
2194 683 2295 704 ramum.

1208 742 1284 766 cum
1310 733 1527 765 miseriarum
1544 733 1618 765 dicit
1633 745 1639 764 :
1657 733 1811 765 Mortuus
1827 737 1872 764 cst
1889 737 1998 764 autem
2021 736 2049 764 et
2065 733 2169 771 dives,

1208 796 1265 829 per
1289 787 1504 819 desertionem
1528 786 1760 828 temporalium
1783 786 2001 828 ycanatorum.
2022 786 2056 817 Et
2081 788 2171 824 nota,
2194 790 2323 810 andum·

1208 840 1291 882 quod
1317 840 1420 873 utitur
1445 840 1616 882 praeterito
1641 843 1782 882 tempore
1799 840 1836 872 ad
1855 840 2050 872 innuendum
2063 866 2070 878 ‚
2087 840 2171 882 quod

1208 893 1260 927 iile
1285 894 1379 927 miser
1403 892 1490 926 dives
1514 897 1660 926 mortuus
1684 896 1749 931 est,
1774 903 1835 925 non
1860 902 1924 925 una
1949 897 2089 932 tantum,
2118 893 2170 926 scd

1208 947 1322 989 triplici
1340 951 1450 980 morte.
1470 947 1573 980 Prima
1589 951 1636 980 est
1652 947 1787 989 culpae,
1806 957 1869 989 qua
1885 951 2051 989 separatur
2068 947 2173 979 anima
2193 950 2300 1003 ³¹0¹3{¹¹f⁶·

1208 1010 1226 1033 a
1250 1001 1335 1040 Deo3
1366 1001 1424 1033 hac
1456 1005 1603 1033 mortuus
1638 1000 1741 1033 suerat
1776 1001 1888 1039 etiam,
1921 1001 1996 1033 dum
2030 1001 2171 1039 viveret;

1208 1054 1329 1097 primae
1360 1054 1398 1087 ad
1430 1054 1629 1087 Timotheum
1662 1055 1819 1097 quint0⁹:
1850 1067 1865 1082 α
1884 1054 2001 1093 Vidua,
2027 1064 2108 1096 quae
2139 1055 2170 1087 in

1207 1108 1326 1141 deliciis
1350 1111 1415 1147 est,
1440 1108 1549 1141 vivens
1573 1113 1698 1141 mortua
1722 1112 1769 1141 est
1787 1121 1816 1147 »3
1843 1108 1946 1141 vidua
1964 1112 2011 1141 est
2034 1109 2137 1141 anima
2154 1119 2172 1140 a

1207 1162 1272 1195 Deo
1296 1166 1449 1204 separata.
1476 1181 1517 1185 —
1543 1162 1685 1195 Secunda
1713 1165 1761 1195 est
1792 1172 1879 1195 mors
1910 1167 2074 1201 milui-ac,
2109 1172 2172 1205 qna

1207 1218 1390 1257 separatur
1406 1215 1523 1247 aalma
1541 1224 1563 1247 a
1580 1225 1737 1257 corpore,-
1763 1215 1966 1248 Ecclesiastici
1999 1216 2173 1258 quadrage-

1208 1268 1287 1301 simo
1312 1268 1436 1310 primo:
1467 1282 1481 1297 «
1499 1268 1525 1301 Ο
1550 1278 1652 1307 mors,
1678 1278 1772 1311 qnam
1803 1278 1911 1301 amara
1942 1274 1989 1302 est
2021 1270 2170 1302 memoria

1209 1326 1265 1355 tua
1280 1322 1398 1355 homini
1417 1322 1544 1362 iniusto,
1558 1331 1665 1365 pacem
1684 1323 1811 1355 habenti
1830 1323 1860 1355 in
1878 1323 2054 1355 substantia
2071 1332 2127 1356 sna
2143 1327 2171 1354 »t

1211 1396 1250 1399 —
1276 1376 1382 1409 Tertia
1404 1379 1452 1409 est
1475 1385 1561 1409 mors
1583 1375 1768 1419 yelzcnnae‚
1793 1386 1857 1419 qua
1880 1380 2046 1419 separatur
2070 1377 2173 1409 anima

1208 1439 1228 1462 a
1251 1430 1315 1462 vita
1339 1429 1447 1469 beata;
1464 1429 1502 1462 de
1519 1430 1577 1462 hac
1595 1430 1793 1472 Apocalypsis
1810 1430 1959 1472 vigesimo
1974 1431 1999 1449 ¹⁰
2014 1443 2019 1461 ;
2044 1444 2059 1459 «
2076 1430 2111 1462 Et
2128 1430 2173 1462 in-

1209 1482 1319 1515 fernus
1343 1485 1374 1516 et
1398 1492 1485 1515 mors
1508 1483 1593 1516 missi
1612 1487 1686 1515 sunt
1703 1483 1733 1515 in
1751 1486 1896 1525 stagnum
1915 1483 1995 1525 ignis
2013 1497 2041 1515 n.
2061 1483 2091 1515 ln
2114 1484 2173 1515 hn-

1208 1535 1259 1568 ius
1283 1535 1416 1578 triplicis
1441 1536 1551 1568 mortis
1574 1536 1820 1578 designationem
1846 1536 2044 1578 Apocalypsis
2065 1539 2174 1568 octavo

1209 1589 1346 1622 dicitur:
1377 1602 1392 1617 «
1410 1589 1491 1628 Vae,
1517 1598 1590 1628 vae,
1617 1598 1673 1622 vae
1695 1589 1910 1622 habitantibus
1928 1589 1958 1621 in
1977 1593 2062 1622 terra
2078 1603 2092 1617 »
2115 1593 2173 1621 etc.

1210 1662 1251 1667 —
1281 1643 1319 1675 Et
1342 1642 1490 1685 sepultus
1520 1647 1567 1675 est
1589 1643 1625 1675 in
1649 1642 1800 1686 inferno,
1828 1652 1883 1685 per
1907 1643 2114 1675 deiectionem
2139 1643 2173 1675 in

1211 1696 1320 1730 locum
1343 1696 1586 1739 suppliciorum
1600 1709 1611 1735 ;
1636 1700 1667 1729 et
1684 1697 1743 1729 hoc
1761 1700 1890 1738 propter
1908 1696 2041 1738 culpam
2058 1706 2175 1738 supcr-

1211 1750 1308 1787 biae,-
1333 1750 1428 1783 Isaiae
1451 1750 1572 1783 decimo
1596 1754 1712 1792 quarto
1727 1751 1773 1782 ¹¹:
1805 1764 1819 1779 α
1836 1750 1982 1783 Detracta
1999 1753 2045 1783 est
2066 1750 2105 1782 ad
2129 1749 2176 1781 in-

1210 1803 1295 1837 feros
1318 1803 1468 1845 superbia
1492 1807 1563 1842 tua,
1582 1803 1716 1836 concidit
1733 1803 1866 1836 cadaver
1884 1807 1974 1836 tuum
1993 1816 2023 1841 »;
2046 1806 2175 1845 propter

1209 1857 1346 1901 culpam
1371 1856 1553 1895 lasciviac;
1578 1857 1630 1890 lob
1654 1857 1804 1899 vigesimo
1821 1856 1944 1898 primo:
1967 1869 1982 1885 a
2000 1851 2174 1889 Ducunt‘in

1211 1911 1302 1943 bonis
1318 1910 1385 1943 dies
1401 1919 1477 1943 suos
1500 1914 1530 1943 et
1547 1910 1577 1942 in
1596 1913 1714 1952 puncto
1730 1910 1767 1942 ad
1786 1910 1908 1942 inferna
1932 1909 2126 1943 descendunt
2144 1922 2173 1945 »;

1211 1967 1342 2006 propter
1355 1963 1488 2006 culpam
1504 1963 1821 2002 immisericordiam
1840 1963 1979 1996 Psalmus
1993 1963 2036 1994 12;
2056 1976 2071 1991 «τ
2088 1963 2174 1996 Sicut

1211 2026 1285 2050 oves
1308 2017 1339 2050 in
1364 2017 1487 2050 inferno
1511 2017 1603 2059 positi
1627 2020 1719 2056 sunt;
1745 2026 1831 2050 mors
1855 2017 2001 2059 depascet
2017 2026 2071 2050 eos
2088 2029 2118 2055 »ς
2143 2021 2174 2049 et

1211 2071 1349 2103 iterum:
1379 2083 1395 2099 «
1412 2070 1523 2103 Veniat
1546 2079 1633 2103 mors
1657 2079 1754 2112 super
1778 2070 1865 2109 illos,
1890 2074 1921 2102 et
1937 2070 2126 2103 descendant
2143 2070 2174 2102 in

1211 2124 1370 2157 infernum
1395 2123 1553 2163 viventes,
1578 2123 1727 2166 quoniam
1751 2123 1911 2165 nequitiae
1935 2123 1965 2155 in
1988 2123 2175 2156 habitaculis

1211 2187 1324 2211 eorum
1342 2191 1357 2206 n
1386 2180 1445 2210 etc.
1469 2195 1514 2201 —
1539 2177 1584 2209 Ex
1609 2177 1669 2210 hoc
1692 2181 1841 2219 apparet,
1875 2180 1992 2219 quanta
2023 2177 2064 2209 sit
2086 2176 2174 2209 diffc-
2190 2176 2338 2198 C⁰f⁰¹¹³s³¹¹¹¹¹·

1211 2231 1314 2264 rentia
1336 2231 1419 2264 inter
1443 2231 1650 2273 parochianos
1678 2230 1794 2263 Christi
1819 2234 1850 2263 et
1873 2230 2005 2269 diaboli,
2030 2231 2105 2273 quia
2129 2231 2172 2263 illi

1209 2283 1439 2316 sublimantur
1455 2283 1487 2316 in
1504 2283 1590 2316 caelo
1601 2309 1608 2322 ‚
1625 2283 1675 2316 isti
1692 2283 1896 2325 sepeliuntur
1913 2283 1943 2315 in
1961 2283 2082 2316 inferno
2093 2310 2100 2322 ,
2118 2284 2171 2315 uhi

1210 2340 1258 2369 est
1282 2336 1371 2369 fovea
1388 2336 1477 2369 valde
1493 2336 1648 2378 profunda
1663 2348 1670 2374 ;
1689 2336 1740 2368 lob
1756 2335 1877 2369 decimo
1894 2336 2026 2378 septimo
2040 2336 2083 2367 ¹³:
2106 2349 2121 2363 «
2139 2336 2170 2368 In

1209 2389 1491 2432 profundissimum
1513 2389 1625 2423 inferni
1642 2389 1832 2423 descendent
1852 2390 1956 2422 onmia
1973 2399 2042 2422 mea
2054 2403 2069 2418 ›»
2092 2393 2169 2425 etc:

1208 2447 1241 2477 et
1264 2443 1295 2476 in
1320 2443 1463 2477 Psalmo:
1493 2456 1508 2471 «
1527 2443 1584 2485 ipsi
1610 2443 1786 2476 introibunt
1810 2444 1841 2476 in
1866 2443 2015 2476 inferiora
2046 2447 2172 2481 terrae,

1210 2497 1377 2530 tradentur
1400 2496 1432 2529 in
1457 2506 1570 2530 manus
1594 2497 1705 2539 gladii,
1732 2500 1836 2539 partes
1861 2497 2004 2539 vulpium
2029 2500 2124 2530 erunt
2142 2510 2173 2528 n.

1207 2732 1245 2759 ad
1263 2732 1380 2765 labium,
1403 2732 1511 2765 quando
1531 2731 1612 2757 verba
1626 2731 1763 2757 iactantiae
1776 2732 1810 2757 de
1823 2739 1869 2757 sua
1884 2732 2045 2763 perfectione
2058 2733 2157 2764 profert
2170 2743 2176 2762 ;

1208 2778 1287 2804 Exod.
1309 2777 1340 2809 4,
1360 2777 1394 2802 6:
1414 2777 1482 2803 Cum
1501 2776 1617 2803 misisset
1635 2776 1741 2810 Moyses
1761 2783 1876 2802 mianum
1895 2783 1976 2802 snam
1991 2776 2018 2801 in
2033 2775 2096 2802 sinu
2114 2783 2175 2804 sito.

1207 2821 1321 2856 protulit
1340 2821 1487 2855 leprosam.

1279 2864 1291 2880 ⁶
1310 2866 1385 2891 Vers.
1409 2865 1448 2890 lt.

1279 2909 1289 2924 '¹
1309 2911 1362 2937 Cir.
1381 2917 1462 2942 supra
1481 2917 1508 2936 n.
1531 2909 1573 2935 45.

1279 2954 1290 2969 ⁸
1310 2956 1385 2981 Vers.
1407 2955 1448 2980 25.

1279 2998 1291 3013 ⁹
1311 3000 1386 3025 Vers.
1405 3000 1429 3024 6.
1450 3012 1485 3018 --
1503 2999 1627 3031 Sequitur
1648 2998 1722 3024 Eccli.
1744 2998 1786 3029 41,
1815 2999 1835 3030 1,
1865 2997 1911 3023 nbi
1939 2998 2051 3030 Vulgata
2080 2998 2175 3028 omittit

1209 3044 1316 3070 iniusto.

1281 3088 1303 3102 ¹⁰
1323 3089 1397 3115 Vers.
1422 3087 1461 3114 it.
1482 3091 1508 3113 et
1527 3087 1623 3113 deinde
1642 3088 1673 3118 8,
1694 3087 1736 3113 ⁴3.

1281 3133 1301 3146 ¹¹
1325 3134 1399 3159 Vers.
1419 3133 1462 3158 Η.
1480 3146 1516 3152 -
1535 3132 1652 3157 Subinde
1671 3132 1798 3163 allegatur
1818 3131 1862 3156 lob
1883 3132 1924 3162 21,
1949 3131 1986 3155 13.

1281 3176 1303 3191 ²⁹
1323 3178 1417 3203 Psalm.
1438 3176 1486 3208 48,
1509 3176 1547 3201 ¹5.
1567 3179 1593 3201 et
1612 3175 1659 3206 54,
1682 3176 1722 3200 lss.
1742 3189 1774 3193 —
1794 3175 1919 3206 August„
1939 3175 1966 3199 ll.
1986 3175 2035 3207 Qq.
2055 3175 2174 3206 Evange-

1209 3223 1267 3248 lior.
1286 3229 1313 3255 q.
1333 3222 1375 3248 38.
1395 3228 1420 3247 n.
1443 3221 1472 3247 l:
1496 3219 1646 3254 Sepultura
1673 3218 1788 3253 inferni,
1820 3225 1967 3251 poenarum
1994 3218 2176 3249 profunditas,

1209 3274 1279 3300 quae
1296 3265 1428 3299 superbos
1446 3270 1472 3292 et
1489 3264 1711 3292 immisericordes
1731 3267 1790 3296 post
1808 3264 1876 3288 hanc
1896 3263 1976 3290 vitam
1997 3265 2081 3288 vorat.

1282 3308 1304 3325 ¹⁸
1325 3311 1397 3337 Vers.
1419 3310 1462 3336 ⁴6.
1476 3311 1534 3343 (pre
1549 3308 1650 3343 inferni
1668 3309 1725 3334 Vat.
1739 3315 1799 3333 cum
1817 3308 1927 3339 Vulgata
1947 3307 2094 3340 msa-num,
2108 3309 2134 3332 et
2148 3307 2175 3332 in

1211 3342 1263 3382 fin-e
1281 3355 1344 3389 legit
1361 3355 1383 3380 D
1402 3353 1536 3381 descendit
1553 3353 1646 3379 anima
1666 3353 1738 3383 mea)
1759 3355 1785 3377 et
1803 3351 1899 3377 deinde
1919 3351 1959 3377 Ps.
1980 3352 2028 3384 62,
2050 3351 2090 3376 io.
