2476 3921
33 497 135 520 Primum.

29 975 134 997 sandalia.

9 1603 132 1649 Secundum.

14 1939 69 1955 tusus
85 1934 140 1956 litte-

40 1960 98 1982 ralis.

754 239 947 272 COMMENT.
973 239 1010 271 ΙΝ
1035 238 1273 272 EVANGELIUM
1298 240 1414 272 LUCAE
1439 241 1470 273 C.
1496 242 1530 273 Χ.

156 328 391 362 declinandam
419 328 669 372 loquacitatem,
693 327 732 360 ad
755 326 973 360 exhibendam
997 327 1116 360 liuma-

155 382 291 415 nitatem
315 384 346 415 et
369 381 602 414 ostendendam
625 380 864 413 maturitatem.

244 436 274 468 8.
298 435 399 477 (Vers.
424 435 480 475 lt.).
499 434 601 467 Primo
617 434 714 477 igitur
730 438 885 476 quantum
905 434 944 467 ad
960 434 1117 467 mendici-

156 492 254 522 tatem
267 488 528 531 amplectendam
539 488 631 521 dicit:
645 487 750 521 Nolite
759 492 898 530 portare
909 488 1082 520 sacculum
1094 488 1116 526 ²,

155 541 272 575 scilicet
295 541 334 574 ad
351 541 571 584 repositionem
590 541 751 583 pecuniae.
770 541 927 582 Accipitur
944 541 1028 573 enim
1044 550 1117 573 sac-

154 595 251 628 culus
274 604 332 637 pro
355 595 453 628 bursa
476 594 675 637 pecuniaria,
693 595 866 628 secundum
892 595 967 627 illud
986 595 1118 627 Prover—

153 648 278 682 biorum
303 648 454 690 septim03
485 660 500 676 α
517 648 682 681 Saeculum
708 648 860 690 pecuniae
876 657 983 681 secum
1002 648 1115 680 tulit».

155 700 265 745 Neque
285 710 425 743 peram,
450 700 489 733 ad
513 701 720 734 reservandos
743 710 856 743 panes,
881 700 1055 734 secundum
1081 700 1118 733 il-

154 755 209 788 lud
232 754 378 787 Matthaei
402 754 538 787 sexto²z
568 767 583 784 «
600 755 699 787 Nolite
723 754 846 787 solliciti
870 763 939 787 esse
956 754 986 786 in
1011 754 1118 786 crasti-

154 817 246 847 num,
263 808 417 841 dicentes:
435 808 516 850 Quid
533 808 794 841 manducabimus
811 821 826 837 ιι
847 811 905 840 etc.
925 807 1034 851 Neque
1050 807 1117 840 cal-

153 865 332 900 ceamenta,
357 861 475 894 scilicet
498 861 537 894 ad
561 861 785 904 cooperiendos
802 861 915 903 pedes;
933 870 1004 893 nam
1022 861 1115 894 Marci

154 919 246 948 sexto
276 915 410 948 dicitur:
449 915 539 948 «Sed
574 918 698 948 tantum
734 915 887 948 calceatos
922 914 1069 948 sandaliis
1086 927 1116 946 n.

155 967 321 1001 Sandalia
343 968 425 1001 enim
450 977 468 1000 a
492 968 628 1001 laesione
651 968 761 1010 pedem
780 971 967 1009 protegunt,
984 967 1037 1000 sed
1055 976 1117 999 non

153 1025 280 1064 tegunt,
305 1022 386 1055 sicut
410 1025 485 1055 sunt
508 1022 609 1054 soleae
633 1021 778 1054 fratrum.
803 1021 865 1054 Hoc
888 1024 994 1054 autem
1018 1021 1119 1054 voluit

154 1074 307 1108 Dominus
337 1075 499 1117 discipulis
531 1074 711 1117 iniungere,
735 1078 771 1107 ut
799 1084 861 1107 non
887 1075 988 1107 solum
1014 1077 1118 1106 essent

154 1137 324 1170 pauperes,
350 1137 459 1161 verum
484 1128 577 1161 etiam
602 1132 804 1170 apparerent
828 1131 860 1160 et
882 1128 921 1160 ad
946 1131 1116 1170 pauperta-

154 1185 217 1214 tem
242 1182 341 1224 magis
364 1182 518 1224 exemplis
542 1191 638 1224 quam
662 1181 768 1215 verbis
783 1185 940 1214 vocarent.
965 1195 980 1210 a
995 1181 1046 1214 Est
1061 1191 1117 1214 au-

154 1237 217 1267 tem
240 1238 427 1277 paupertas,
452 1238 488 1267 ut
522 1235 597 1268 dicit
628 1235 744 1267 Seneca
757 1234 780 1273 ³,
813 1234 927 1267 odibile
950 1234 1069 1267 bonum
1086 1246 1117 1273 »;

154 1293 185 1322 et
208 1289 294 1328 ideo,
320 1297 393 1322 cum
416 1292 567 1331 appareat
589 1288 693 1330 turpis
716 1291 747 1321 et
763 1288 847 1327 vilis,
872 1288 978 1320 iunxit
1001 1288 1027 1321 ei
1058 1289 1118 1320 Do-

156 1342 260 1375 minus
283 1342 453 1375 maximam
479 1341 603 1380 dotem,
628 1345 665 1374 ut
688 1350 745 1384 per
765 1341 850 1374 illam
867 1342 977 1374 saltem
996 1342 1026 1374 in
1044 1351 1117 1374 con-

154 1396 275 1438 iugium
308 1396 405 1438 possit
436 1395 571 1434 assumi,
596 1404 669 1428 cum
705 1395 787 1428 dixit
817 1395 962 1428 Matthaei
988 1395 1117 1438 quinto:

160 1463 175 1479 «
190 1449 273 1483 Beati
299 1458 454 1491 pauperes
477 1448 609 1490 spiritu,
633 1449 783 1491 quoniam
818 1449 960 1490 ipsorum
994 1452 1041 1482 est
1066 1458 1116 1482 re-

153 1512 251 1546 gnum
275 1503 435 1535 caelorum
451 1515 482 1534 ».

145 1548 149 1553 ”
244 1556 273 1588 9.
299 1555 442 1588 Secundo
466 1558 620 1597 quantum
644 1555 683 1588 ad
700 1555 931 1600 loquacitatem
950 1556 1119 1589 declinan-

153 1609 233 1642 dam
257 1608 377 1642 subdit:
404 1609 443 1641 Et
465 1608 625 1642 neminem
654 1619 716 1651 per
744 1609 835 1642 viam
867 1609 1098 1642 salutaveritis
1106 1621 1117 1648 ;

153 1671 250 1705 super
273 1671 337 1705 quo
361 1662 428 1695 loco
459 1662 534 1695 dicit
564 1662 672 1695 Glossa
684 1663 707 1702 ⁴,
733 1663 817 1705 quod
843 1663 901 1695 hoc
925 1663 1018 1702 dicit,
1046 1676 1061 1692 «ι
1079 1672 1119 1696 ne

153 1715 286 1749 alicuius
309 1716 391 1749 obvii
417 1715 666 1749 confabulatione
689 1716 934 1749 deflecterentur
957 1716 997 1749 ab
1015 1716 1118 1749 iniun-

154 1773 204 1803 cto
227 1770 330 1803 officio
343 1783 373 1802 n.
398 1770 538 1802 Mittebat
553 1769 636 1802 enim
652 1779 705 1802 eos
722 1769 881 1809 festinato,
898 1770 980 1802 sicut
998 1770 1117 1803 Eliseus

155 1832 291 1866 puerum
315 1833 428 1862 suum,
453 1823 558 1865 quarti
584 1824 702 1865 Regum
725 1826 857 1865 quarto:
888 1836 903 1851 «
921 1823 949 1855 Si
968 1832 1117 1864 occurre-

154 1877 197 1910 rit
221 1877 276 1910 tibi
300 1878 366 1916 vir,
400 1886 463 1910 non
494 1877 611 1909 salutes
639 1885 729 1915 eum;
760 1879 791 1908 et
815 1876 839 1908 si
871 1876 1056 1909 salutaverit
1088 1880 1117 1909 te

155 1928 329 1974 quispiam,
353 1940 416 1963 non
440 1929 630 1972 respondeas
654 1929 744 1961 illi».
762 1929 824 1961 Hoc
847 1933 952 1962 autem
977 1929 1117 1962 iniunxit

155 1984 307 2017 Dominus
330 1992 394 2016 non
417 1983 455 2015 ad
479 1982 699 2015 declinandum
734 1982 924 2014 affabilitatis
947 1982 1116 2021 indicium,

154 2044 227 2068 cum
251 2036 318 2077 ipse
340 2035 437 2068 fuerit
467 2035 710 2077 benignissimus
740 2038 771 2067 et
795 2035 1037 2074 curialissimus;
1063 2034 1116 2067 sed

154 2088 194 2121 ad
216 2088 436 2121 declinandum
467 2088 721 2131 multiloquium,
746 2088 785 2121 de
815 2097 879 2130 quo
902 2088 1019 2121 dicitur
1043 2088 1117 2120 Pro-

155 2141 336 2175 verbiorum
360 2142 481 2175 decimo
493 2142 524 2174 ⁵:
554 2155 570 2171 <r
587 2142 619 2174 ln
635 2141 835 2184 multiloquio
850 2151 913 2174 non
929 2141 1029 2174 deerit
1045 2150 1118 2184 pec-

155 2198 261 2229 catum
276 2208 308 2235 »;
333 2198 364 2229 et
387 2195 457 2229 ideo
491 2195 696 2228 Ecclesiastici
728 2194 850 2228 decimo
878 2203 982 2227 nono:
1021 2207 1037 2223 α
1056 2195 1115 2236 Qui

155 2249 220 2282 odit
243 2249 463 2292 loquacitatem
495 2248 670 2291 exstinguit
692 2248 841 2281 malitiam
860 2260 889 2279 n.
916 2247 977 2280 Hoc
1010 2251 1116 2280 autem

2079 247 2143 278 255

1182 328 1319 360 multum
1343 330 1506 362 consuevit
1529 339 1597 363 esse
1632 332 1662 363 in
1696 333 1869 365 viatoribus
1900 337 1931 365 et
1963 333 2144 376 frequenter

1181 385 1229 413 est
1252 381 1373 414 occasio
1407 383 1660 422 contentionum;
1686 385 1769 417 unde
1799 385 1915 417 dicitur
1940 387 2031 418 Marci
2064 396 2145 419 nono

1180 434 1220 467 de
1243 434 1448 476 discipulis0:
1471 448 1486 463 «x
1503 436 1662 477 Siquidem
1680 437 1918 478 disputaverant
1936 439 1964 471 in
1988 440 2052 478 via,
2073 440 2145 481 quis

1181 495 1293 519 eorum
1310 491 1392 520 esset
1408 488 1507 520 maior
1521 501 1551 520 n.
1575 489 1704 531 Propter
1729 491 1813 532 quod
1830 491 1957 524 Genesis
1974 493 2145 535 quadrage·-

1182 540 1261 572 simo
1292 541 1404 582 quinto
1427 540 1558 580 dicitur,
1583 542 1666 584 quod
1697 555 1711 570 α
1731 543 1838 585 loseph
1876 544 2026 577 tratribus
2051 546 2145 587 profi-

1182 595 1372 627 ciscentibus
1395 595 1455 627 ait:
1480 595 1523 627 Ne
1547 595 1722 628 irascamini
1750 597 1779 628 in
1805 598 1855 629 via
1871 612 1900 629 ».

1275 649 1325 680 10.
1351 648 1529 680 Secundum
1546 652 1652 681 autem
1669 649 1881 691 spiritualem
1898 651 2144 694 intelliqentt'am
2160 658 2239 689 Serum
2254 660 2298 686 arvi-

2183 692 2200 706 ri
2205 686 2275 707 luatis.

1183 701 1330 742 prohibet
1352 704 1462 743 optare
1487 702 1636 741 salutem,
1653 711 1735 744 quae
1751 707 1798 735 est
1814 704 1903 742 viae,
1923 713 1983 736 non
2000 705 2143 744 salutem,

1181 763 1263 796 quae
1299 758 1346 787 est
1376 755 1532 796 patriae‚·
1559 755 1642 797 quod
1677 760 1821 794 notatur,
1855 766 1925 789 cum
1962 758 2052 790 dicit:
2081 759 2145 790 Per

1181 807 1282 840 viam.
1308 808 1463 841 Omnibus
1485 808 1568 841 enim
1593 809 1678 842 salus
1701 812 1749 842 est
1764 811 1916 852 optanda,
1934 811 2016 843 sicut
2031 812 2146 844 dicitur

1182 861 1303 904 primae
1326 862 1364 894 ad
1390 862 1588 895 Timotheum
1606 863 1745 896 secundo
1759 864 1781 902 ⁷,
1806 864 1890 905 quod
1921 865 2021 897 «vult
2045 866 2146 905 Deus,

1182 924 1291 948 omnes
1316 915 1459 948 homines
1483 916 1586 949 salvos
1610 917 1677 950 sieri
1697 931 1727 956 ιο,
1752 921 1783 950 et
1809 918 1886 957 hoc,
1910 919 1985 960 qnia
2010 919 2074 961 ipsc
2099 923 2146 952 est

1180 968 1276 1000 salus
1300 972 1331 1001 et
1355 969 1501 1001 salvator.
1527 969 1585 1003 Sed
1610 971 1662 1002 illa
1676 969 1879 1004 salus-'debet
1896 973 2012 1013 optari,
2030 973 2068 1005 de
2085 982 2148 1015 qua

1182 1022 1213 1054 in
1240 1022 1404 1055 Psalmoss:
1435 1023 1556 1056 «Salus
1587 1028 1692 1056 autem
1727 1024 1883 1057 iustorum
1915 1035 1934 1057 a
1966 1026 2098 1058 Domino
2116 1040 2145 1058 n.

1182 1074 1265 1107 Hanc
1289 1083 1413 1116 semper
1445 1076 1595 1118 optabant
1628 1078 1777 1118 Apostoli,
1803 1082 1833 1110 et
1868 1078 1906 1111 de
1943 1079 2000 1111 hac
2031 1079 2147 1112 dicitur

1184 1127 1387 1160 Ecclesiastici
1423 1128 1574 1170 vigesimo
1605 1130 1760 1163 secundo:
1799 1131 1971 1164 «Amicum
2008 1133 2147 1165 salutare

1182 1190 1243 1213 non
1269 1181 1472 1214 confundaris
1488 1194 1518 1221 »;
1536 1186 1567 1215 et
1590 1182 1627 1215 ad
1655 1184 1806 1217 Romanos
1824 1185 1953 1217 ultimo:
1977 1199 1992 1213 α
2009 1186 2147 1218 Salutate

1182 1234 1314 1267 invicem
1340 1235 1371 1267 in
1401 1235 1510 1268 osculo
1545 1240 1652 1269 sancto
1670 1249 1699 1275 »;
1724 1241 1756 1269 et
1781 1237 1811 1270 in
1845 1238 1979 1271 Psalmo:
2011 1252 2026 1266 «
2043 1240 2089 1271 Tu
2114 1248 2148 1272 es

1182 1288 1249 1329 ipse
1273 1297 1332 1321 rex
1357 1297 1446 1321 meus
1470 1292 1501 1321 et
1536 1289 1620 1322 Deus
1656 1299 1762 1329 meus,
1787 1291 1841 1332 qui
1874 1291 2002 1324 mandas
2027 1293 2144 1325 salutes

1183 1341 1272 1374 Iacob
1289 1355 1318 1373 ».
1345 1342 1499 1375 —Aliter
1524 1347 1625 1384 potest
1650 1344 1785 1385 exponi,
1811 1348 1846 1376 ut
1870 1345 2010 1377 dicatur:
2037 1345 2146 1378 Nemi-

1182 1404 1255 1427 nem
1277 1405 1339 1437 per
1370 1395 1462 1427 viam
1492 1395 1740 1435 salutaveritis,
1777 1397 1806 1428 id
1837 1401 1902 1436 est,
1926 1398 1986 1430 iam
2023 1399 2144 1431 salvum

1181 1448 1302 1487 dicatis,
1315 1457 1387 1480 eum
1401 1448 1504 1481 adbuc
1520 1449 1662 1481 damnari
1681 1450 1788 1491 possit,
1806 1450 1957 1492 quamdiu
1971 1451 2060 1483 estin
2079 1451 2145 1490 via3

1184 1510 1256 1534 nam
1285 1502 1430 1535 Matthaei
1454 1502 1619 1535 decimo⁹z
1649 1516 1663 1531 α
1682 1503 1741 1544 Qui
1765 1505 2016 1545 perseveraverit
2045 1513 2146 1546 usque

1183 1556 1213 1588 in
1240 1555 1349 1595 finem,
1374 1556 1425 1589 hic
1450 1556 1556 1589 salvus
1580 1557 1641 1589 erit
1658 1570 1687 1588 n.
1715 1557 1794 1599 Ergo
1817 1557 1911 1589 salus
1935 1558 1965 1590 in
1984 1558 2046 1590 tine
2063 1558 2146 1597 viae,

1182 1619 1245 1642 non
1270 1610 1300 1642 in
1326 1609 1429 1642 medio
1452 1614 1507 1642 aut
1531 1610 1562 1642 in
1587 1610 1697 1652 capite.
1715 1629 1759 1633 —
1776 1610 1831 1643 Vel
1847 1611 1954 1644 aliter:
1977 1611 2146 1644 Neminem

1182 1672 1242 1704 per
1265 1663 1355 1695 viam
1392 1662 1639 1702 salutaveritis,
1665 1663 1695 1695 id
1727 1667 1774 1696 est
1798 1668 1928 1706 propter
1952 1664 2146 1696 consortium

1182 1716 1271 1755 viae,
1297 1716 1350 1749 sed
1376 1720 1505 1758 propter
1529 1717 1723 1749 consortium
1748 1717 1843 1749 vitae.
1863 1717 1909 1749 Ex
1926 1727 1989 1760 qno
2006 1721 2146 1759 apparet,

1168 1769 1267 1811 -quod
1291 1779 1352 1802 non
1385 1773 1433 1802 est
1464 1770 1551 1803 salus
1586 1771 1766 1803 hominibus
1799 1775 1928 1813 propter
1961 1772 2147 1804 Sanctorum

1182 1823 1440 1862 collocutionem,
1481 1824 1534 1856 sed
1574 1828 1703 1866 propter
1742 1825 1883 1866 ipsorum
1924 1825 2146 1863 imitationem;

1182 1876 1266 1908 unde
1282 1877 1427 1909 Matthaei
1445 1877 1578 1918 septimo
1593 1878 1637 1909 ¹⁰:
1661 1891 1676 1906 α
1689 1878 1754 1910 Non
1772 1879 1883 1917 omnis,
1897 1879 1950 1920 qui
1966 1878 2040 1911 dicit
2056 1878 2146 1911 mihis

1181 1929 1328 1968 Domine,
1354 1929 1500 1968 Domine,
1526 1931 1655 1963 intrabit
1679 1932 1709 1963 in
1735 1941 1869 1974 regnum
1886 1932 2064 1970 caelorum,
2093 1932 2147 1965 sed

1181 1982 1236 2024 qui
1260 1982 1334 2015 facit
1357 1983 1549 2016 voluntatem
1575 1984 1675 2017 Patris
1700 1985 1777 2024 mei,
1802 1985 1856 2027 qui
1881 1986 1912 2018 in
1934 1986 2027 2018 caelis
2051 1990 2145 2018 est».

1274 2037 1323 2067 11.
1354 2036 1455 2076 (Vers.
1494 2037 1547 2077 5.).
1586 2037 1690 2070 Tertio
1725 2042 1880 2080 quantum
1915 2038 1953 2071 ad
1989 2037 2147 2071 humani-

1181 2091 1280 2120 tatem
1303 2087 1520 2120 exltibendam
1552 2089 1710 2131 adiungit:
1743 2091 1780 2122 Et
1794 2091 1820 2109 ¹¹
1844 2091 1880 2122 in
1903 2100 2147 2134 quamcumque

1181 2141 1317 2173 domum
1341 2142 1568 2180 intraveritis,
1589 2142 1743 2184 primum
1767 2143 1881 2176 dicite:
1900 2144 1977 2176 Pax
1995 2143 2073 2177 huic
2088 2145 2145 2177 do-

1181 2195 1273 2233 mui;
1298 2199 1333 2227 ut
1356 2199 1523 2237 appareat,
1549 2205 1604 2229 vos
1628 2205 1696 2229 esse
1720 2196 1805 2230 viros
1828 2197 1913 2239 pacis
1937 2201 2094 2231 amatores
2114 2202 2145 2231 et

1181 2249 1434 2288 annuntiatores,
1460 2249 1633 2282 secundum
1658 2249 1736 2283 illud
1761 2250 1855 2283 Isaiae
1882 2251 2145 2294 quinquagesimo

227 2428 236 2443 ¹
257 2428 340 2455 Codd.
354 2428 372 2455 C
383 2429 405 2454 D
417 2436 502 2463 neque
520 2428 679 2461 saeculum·
699 2429 744 2454 ct'r.
759 2435 840 2460 supra
855 2435 915 2460 pag.
936 2427 996 2460 252,
1011 2431 1070 2453 nota
1092 2428 1116 2452 6.

156 2487 190 2493 -
210 2473 328 2500 Subinde
346 2474 472 2506 allegatur
490 2474 566 2499 Prov.
586 2473 619 2505 7,
639 2474 681 2499 20.
700 2487 735 2493 -—
756 2473 862 2499 interius
887 2480 935 2505 pro
955 2471 1039 2499 bursa
1060 2473 1116 2498 Vat.

156 2524 296 2544 crumena.

227 2560 237 2576 ⁵
260 2563 330 2588 Vers.
352 2562 393 2588 31.
415 2576 448 2580 --
468 2562 590 2595 Sequitur
610 2562 686 2588 Mare.
707 2562 737 2593 6,
757 2562 780 2587 9.

227 2603 238 2619 ⁸
258 2605 309 2632 Csr.
328 2606 406 2638 Epist.
428 2606 475 2638 ⁴7,
494 2605 540 2631 ubi
558 2606 684 2638 ostendit,
706 2610 901 2638 paupertatem,
916 2607 974 2632 licet
987 2606 1117 2636 timeatur,

156 2657 213 2676 esse
232 2650 341 2676 bonum.
362 2651 440 2682 Epist.
461 2651 504 2676 80.
524 2651 580 2683 ipse
599 2651 689 2682 docet,
716 2652 741 2677 in
770 2655 924 2684 paupertate
952 2651 1014 2676 nihil
1044 2651 1117 2682 mali,

156 2695 204 2721 sed
223 2695 303 2721 multa
322 2695 462 2721 commoda
482 2702 548 2721 esse.
567 2695 646 2728 Epist.
668 2696 727 2722 123.
748 2695 821 2729 (alies
842 2695 912 2729 424.)
939 2695 1015 2726 dicit,
1038 2705 1051 2717 «ι
1064 2695 1118 2720 duo

156 2746 214 2765 esse
233 2746 329 2771 genera
348 2746 450 2770 rerum,
470 2747 539 2772 quae
558 2747 605 2766 nos
624 2743 669 2766 aut
689 2741 812 2771 invitent,
832 2743 877 2766 aut
890 2742 987 2772 sugent.
1008 2739 1119 2765 lnvitant

157 2783 290 2809 divitiae...
311 2785 384 2816 rugat
402 2783 502 2809 labor...
520 2784 606 2810 victus
625 2785 782 2810 adstrictior.
802 2784 935 2810 Debemus
948 2784 1037 2817 itaque
1049 2791 1119 2809 exer-

157 2827 219 2858 ceri,
238 2834 271 2853 ne
298 2829 362 2853 haec
388 2828 542 2861 timeamus,
565 2836 599 2854 ne
624 2829 666 2854 illa
693 2829 858 2861 cupiamus...
885 2829 1031 2861 Paupertas
1056 2828 1118 2854 nulli

158 2872 256 2897 malum
275 2875 314 2897 est
331 2872 381 2897 nisi
400 2873 593 2904 repugnanti».
613 2874 680 2899 Vide
699 2874 776 2900 etium
796 2881 889 2906 opusc.
911 2874 945 2899 de
964 2874 1120 2905 Paupertate

159 2916 235 2950 (inter
254 2923 334 2949 opera
354 2918 489 2950 Senecae).
509 2917 586 2944 Card.
606 2919 696 2951 Hugo,
717 2919 742 2943 in
763 2919 803 2944 Ps.
823 2919 853 2951 9,
870 2919 917 2951 13,
931 2920 998 2944 lianc
1018 2922 1120 2944 senten-

158 2960 220 2986 tiam
240 2959 330 2986 tribuit
355 2960 525 2995 Philosopho.
553 2962 669 2994 Aristot„
695 2963 823 2989 Problem.
850 2966 912 2988 sect.
941 2964 982 2988 29.
1002 2970 1029 2988 n.
1049 2963 1074 2988 4.
1093 2962 1118 2987 in

158 3004 286 3030 solutione
310 3005 483 3038 quaestionis:
511 3006 590 3033 «Cur
614 3011 756 3039 paupertas
787 3007 859 3039 apud
888 3007 1007 3033 homines
1036 3006 1120 3033 bonos

158 3048 246 3081 potius
264 3055 322 3075 esse
341 3056 422 3082 quam
449 3051 522 3082 apud
547 3058 645 3083 pravos
669 3052 777 3077 soleat»
800 3052 847 3077 lias
865 3052 973 3077 adducit
990 3052 1118 3078 rationes:

158 3094 198 3119 An
217 3092 278 3125 quia
297 3092 331 3119 ab
350 3093 474 3121 omnibus
493 3094 553 3122 odio
574 3095 685 3122 habetur
704 3099 784 3129 atque
803 3096 947 3128 expellitur,
967 3096 1000 3122 ad
1021 3096 1119 3128 probos

158 3137 299 3169 perfugit...
319 3137 357 3163 An
370 3138 432 3171 quia
446 3140 565 3166 homines
584 3140 683 3172 probos
696 3141 794 3172 optime
808 3147 836 3166 se
850 3147 945 3166 usuros
964 3141 1120 3167 existimat...

158 3181 197 3207 An
215 3180 325 3208 libenter
344 3189 372 3208 se
391 3183 424 3209 ad
443 3183 515 3210 viros
532 3185 647 3217 optimos
660 3186 773 3216 confert,
793 3185 854 3218 quia
869 3185 964 3211 semina
978 3189 1017 3211 est
1035 3186 1120 3217 inops-

159 3232 238 3258 que...
265 3226 304 3252 An
332 3227 393 3260 quia
419 3229 486 3254 mala
506 3232 559 3260 est,
579 3236 713 3262 nunquam
741 3236 770 3255 se
799 3229 873 3254 malis
901 3230 1010 3261 iungere
1038 3230 1119 3256 veliti

159 3277 221 3296 nam
240 3270 262 3295 si
281 3270 313 3296 ita
336 3272 467 3303 maluerit,
487 3273 593 3299 omnino
613 3274 711 3299 maium
735 3273 931 3300 irremediabile
951 3274 1006 3306 ipsa
1026 3274 1120 3300 redde-

159 3317 209 3340 tur.
228 3327 263 3333 —
276 3313 393 3341 Subinde
406 3316 531 3348 allegatur
550 3317 637 3343 Matth.
656 3317 686 3349 5,
707 3317 730 3342 3.

230 3357 241 3372 ⁴
261 3359 362 3385 Scilicet
380 3359 523 3387 ordinaria
543 3361 583 3395 (ex
612 3361 743 3394 Ambros,
769 3362 820 3388 Vll.
840 3362 866 3387 in
886 3363 948 3388 Luc.
973 3370 999 3389 n.
1020 3363 1074 3396 63.)
1094 3363 1119 3389 in

160 3403 221 3429 Luc.
246 3404 293 3434 10,
314 3403 343 3436 4,
363 3403 388 3429 in
417 3405 492 3432 cuius
520 3406 571 3432 tine
596 3406 618 3432 H
638 3413 698 3432 cum
718 3409 786 3433 textu
806 3406 925 3438 originali
943 3407 1125 3446 reflectantur·⁴

1181 2427 1215 2454 ab
1234 2427 1353 2455 iniuncto
1374 2428 1475 2455 itinere.
1495 2429 1625 2461 Ambros,
1646 2430 1756 2462 allegato
1777 2432 1896 2463 exemplo
1916 2431 2006 2462 Elisei‚
2026 2431 2070 2464 qui
2091 2438 2145 2456 ser—

1182 2479 1246 2498 vum
1266 2480 1343 2498 suum
1370 2473 1440 2499 Giezi
1467 2474 1536 2499 misit
1564 2475 1643 2507 eique
1662 2475 1736 2500 dixit:
1758 2475 1789 2502 Si
1808 2475 1958 2502 occurrerit
1984 2475 2031 2501 tibi
2048 2475 2141 2508 homo,

1181 2524 1237 2543 non
1255 2517 1356 2544 salutes
1376 2525 1438 2544 eum
1457 2522 1504 2544 etc.
1520 2519 1572 2551 (lV.
1585 2519 1648 2550 neg.
1665 2519 1692 2551 4,
1707 2520 1770 2552 29.)‚
1791 2520 1866 2551 legit:
1887 2520 2059 2545 Festinantem
2074 2520 2143 2545 enim

1182 2569 1243 2587 eum
1264 2561 1372 2587 iubebat
1391 2570 1528 2594 pergere...
1550 2570 1583 2589 ne
1607 2563 1817 2589 contabulatione
1836 2564 1947 2589 alicuius
1966 2564 2052 2595 obvii,
2073 2571 2144 2590 man-

1181 2606 1243 2631 dato
1262 2607 1439 2632 reflecteretur
1458 2614 1472 2632 a
1493 2614 1610 2633 inuuere.
1631 2608 1699 2639 Ergo
1720 2608 1761 2633 liic.
1775 2615 1827 2633 non
1842 2608 2003 2633 salutationis
2022 2608 2145 2634 sedulitas

1182 2652 1311 2681 aufertur,
1332 2651 1379 2676 sed
1398 2651 1563 2677 obstaculum
1585 2652 1769 2684 impediendae
1787 2652 1935 2678 devotionis
1949 2652 2081 2683 aboletur,
2102 2657 2143 2683 ut,

1182 2695 1288 2728 quando
1301 2695 1390 2721 divina
1405 2696 1578 2729 mandantur,
1598 2697 1732 2729 paulisper
1750 2700 1947 2730 sequestrentur
1961 2698 2075 2722 humana
2096 2701 2144 2722 etc.

1254 2738 1265 2753 ⁶
1285 2740 1359 2765 Vers.
1382 2740 1427 2771 49,
1448 2741 1472 2766 in
1493 2748 1546 2774 quo
1566 2749 1614 2774 pro
1633 2741 1717 2768 deerit
1736 2743 1755 2767 Α
1768 2741 1850 2768 CDG
1869 2741 1948 2768 deest.
1968 2756 2001 2760 —
2022 2742 2145 2774 Sequitur

1184 2785 1262 2810 Eccli.
1284 2785 1328 2815 ⁴9,
1349 2784 1380 2816 5,
1400 2785 1445 2811 ubi
1465 2793 1514 2817 pro
1534 2786 1684 2819 eaestinquit
1701 2787 1720 2812 Α
1732 2786 1751 2812 C
1763 2787 1815 2812 DG
1835 2786 1898 2812 odit.

1254 2827 1265 2842 ⁶
1286 2829 1360 2855 Vers.
1380 2830 1422 2862 33,
1442 2834 1502 2862 post
1520 2838 1601 2863 quem
1620 2831 1683 2856 Gen.
1705 2831 1752 2862 55,
1773 2830 1814 2856 24.

1254 2871 1264 2887 ⁷
1284 2874 1360 2899 Vers.
1380 2874 1404 2900 4.
1430 2874 1481 2901 Csr.
1501 2882 1581 2908 supra
1602 2882 1664 2908 pag.
1684 2876 1731 2906 87,
1751 2879 1810 2901 nota
1830 2876 1855 2901 9.
1875 2876 1902 2900 in
1922 2875 1981 2901 flue.

1255 2916 1265 2931 ⁸
1286 2919 1378 2944 Psalm.
1400 2919 1448 2951 36,
1469 2920 1511 2945 39.
1532 2934 1567 2940 —
1587 2921 1653 2945 Tres
1677 2927 1750 2953 seqq.
1780 2920 1828 2946 loci
1848 2925 1907 2946 sunt
1936 2920 2011 2945 Eccli.
2033 2921 2081 2951 22,
2101 2920 2143 2951 3t,

1184 2963 1229 2989 ubi
1249 2970 1298 2995 pro
1317 2963 1496 2997 confimdaris
1516 2965 1561 2996 (ita
1587 2965 1665 2991 etiam
1691 2964 1768 2991 Card.
1794 2965 1871 2997 Hugo
1891 2967 1916 2990 et
1934 2964 2063 2997 Lyranus)
2084 2965 2144 2990 Vul-

1184 3011 1242 3040 gata
1263 3007 1438 3041 confundar‚·
1458 3009 1534 3034 Rom.
1556 3010 1603 3041 46,
1624 3010 1665 3034 46.
1686 3012 1712 3035 et
1730 3010 1769 3034 Ps.
1791 3009 1838 3040 43,
1858 3009 1881 3034 5.

1254 3050 1265 3066 ⁹
1285 3053 1360 3078 vers.
1380 3054 1422 3078 22.
1444 3068 1477 3071 -
1498 3054 1626 3085 Superius
1644 3056 1704 3085 post
1722 3053 1750 3079 id
1767 3054 1807 3079 est
1825 3043 1881 3079 vai.
1903 3053 2071 3086 prosequitur
2090 3060 2145 3079 non

1182 3097 1291 3124 salvum
1310 3096 1406 3123 dicatis
1419 3105 1496 3130 eum,
1512 3097 1560 3132 qm'
1572 3097 1661 3125 adhuc
1674 3097 1804 3124 damnari
1811 3099 1900 3131 potest
1912 3101 1970 3129 etc„
1984 3104 2053 3130 quae
2066 3098 2144 3123 etlam

1184 3142 1292 3168 inferius
1311 3145 1371 3173 post
1389 3141 1416 3167 in
1436 3142 1521 3176 capite
1541 3143 1614 3168 addit
1632 3144 1672 3169 est
1689 3141 1815 3175 optanda.

1256 3184 1278 3200 ¹⁰
1297 3186 1372 3211 Vers.
1401 3187 1444 3212 21.
1469 3200 1505 3206 -
1533 3187 1659 3219 Superius
1679 3193 1727 3218 pro
1755 3185 1958 3213 collocutionem
1987 3186 2008 3212 H
2038 3194 2145 3213 venera-

1183 3231 1289 3258 tionem.

1255 3274 1275 3289 ¹¹
1297 3275 1423 3307 Vulgata,
1437 3281 1517 3307 quam
1531 3278 1677 3308 sequuntur
1696 3274 1717 3299 H
1736 3276 1762 3299 et
1780 3274 1847 3305 Vnt,
1867 3274 1961 3300 omittit
1974 3274 2014 3301 Et.
2029 3290 2062 3294 —
2078 3274 2144 3300 Sub-

1184 3319 1244 3345 inde
1263 3318 1389 3350 allegatur
1408 3319 1463 3345 lsai.
1484 3319 1531 3349 52,
1561 3319 1587 3344 7.
1612 3319 1703 3344 Glossa
1731 3317 1916 3345 interlinearis
1942 3317 1983 3351 (ex
2012 3318 2143 3349 Ambros..

1183 3363 1236 3389 Vll.
1256 3363 1281 3388 in
1300 3362 1361 3388 Luc.
1381 3369 1408 3387 n.
1427 3362 1496 3395 640:
1515 3362 1641 3389 Primum
1660 3361 1751 3389 dicite:
1772 3362 1833 3389 Pax
1852 3366 1909 3393 ete,
1930 3363 2021 3389 offerte
2040 3369 2145 3395 pacem,

1184 3410 1212 3433 ut
1230 3407 1287 3438 ipse
1305 3407 1440 3438 ingressus
1456 3407 1528 3439 pacis
1548 3407 1730 3433 benedictione
1748 3406 1920 3433 celebretur.-

2165 1352 2242 1373 Aliter.

2166 1618 2243 1639 Aliter.

2165 2045 2271 2066 Tertium.
