<?xml version="1.0" encoding="UTF-8"?>
<!DOCTYPE html PUBLIC "-//W3C//DTD XHTML 1.0 Transitional//EN"
    "http://www.w3.org/TR/xhtml1/DTD/xhtml1-transitional.dtd">
<html xmlns="http://www.w3.org/1999/xhtml" xml:lang="en" lang="en">
 <head>
  <title>
</title>
<meta http-equiv="Content-Type" content="text/html;charset=utf-8" />
  <meta name='ocr-system' content='tesseract 3.04.00' />
  <meta name='ocr-capabilities' content='ocr_page ocr_carea ocr_par ocr_line ocrx_word'/>
</head>
<body>
  <div class='ocr_page' id='page_1' title='image "./doctorisseraphic07bona_0813.png"; bbox 0 0 2427 3872; ppageno 0'>
   <div class='ocr_carea' id='block_1_1' title="bbox 129 220 775 340">
    <p class='ocr_par' dir='ltr' id='par_1_1' title="bbox 129 220 775 340">
     <span class='ocr_line' id='line_1_1' title="bbox 414 220 480 246; baseline -0.015 0"><span class='ocrx_word' id='word_1_1' title='bbox 414 220 480 246; x_wconf 77' lang='lat' dir='ltr'><strong>MAL</strong></span> 
     </span>
     <span class='ocr_line' id='line_1_2' title="bbox 129 264 775 298; baseline 0 -8"><span class='ocrx_word' id='word_1_2' title='bbox 129 265 243 296; x_wconf 88' lang='lat' dir='ltr'><strong>malum,</strong></span> <span class='ocrx_word' id='word_1_3' title='bbox 258 267 318 291; x_wconf 89' lang='lat' dir='ltr'><strong>ante</strong></span> <span class='ocrx_word' id='word_1_4' title='bbox 330 264 403 298; x_wconf 90' lang='lat' dir='ltr'><strong>quod</strong></span> <span class='ocrx_word' id='word_1_5' title='bbox 416 271 467 290; x_wconf 89' lang='lat' dir='ltr'><strong>non</strong></span> <span class='ocrx_word' id='word_1_6' title='bbox 481 264 623 296; x_wconf 78' lang='lat' dir='ltr'>praecessit</span> <span class='ocrx_word' id='word_1_7' title='bbox 635 264 707 290; x_wconf 87' lang='lat' dir='ltr'><strong>aliud</strong></span> <span class='ocrx_word' id='word_1_8' title='bbox 721 271 775 290; x_wconf 89' lang='lat' dir='ltr'><strong>ma-</strong></span> 
     </span>
     <span class='ocr_line' id='line_1_3' title="bbox 130 308 775 340; baseline -0.002 -5"><span class='ocrx_word' id='word_1_9' title='bbox 130 310 185 335; x_wconf 89' lang='lat' dir='ltr'><strong>lum</strong></span> <span class='ocrx_word' id='word_1_10' title='bbox 205 308 238 336; x_wconf 87' lang='lat' dir='ltr'><strong>ib.</strong></span> <span class='ocrx_word' id='word_1_11' title='bbox 258 309 287 334; x_wconf 93' lang='grc'><strong>71</strong></span> <span class='ocrx_word' id='word_1_12' title='bbox 312 323 347 328; x_wconf 84' lang='lat'>—</span> <span class='ocrx_word' id='word_1_13' title='bbox 366 309 459 335; x_wconf 85' lang='lat' dir='ltr'><strong>Malitia</strong></span> <span class='ocrx_word' id='word_1_14' title='bbox 473 308 571 335; x_wconf 91' lang='lat' dir='ltr'><strong>diaboli</strong></span> <span class='ocrx_word' id='word_1_15' title='bbox 590 312 630 334; x_wconf 87' lang='lat' dir='ltr'><strong>est</strong></span> <span class='ocrx_word' id='word_1_16' title='bbox 648 309 723 340; x_wconf 84' lang='lat' dir='ltr'><strong>origo</strong></span> <span class='ocrx_word' id='word_1_17' title='bbox 737 315 775 334; x_wconf 84' lang='lat' dir='ltr'><strong>se—</strong></span> 
     </span>
    </p>
   </div>
   <div class='ocr_carea' id='block_1_2' title="bbox 120 353 774 3186">
    <p class='ocr_par' dir='ltr' id='par_1_2' title="bbox 129 353 774 430">
     <span class='ocr_line' id='line_1_4' title="bbox 130 353 774 387; baseline 0 -8"><span class='ocrx_word' id='word_1_18' title='bbox 130 353 268 387; x_wconf 88' lang='lat' dir='ltr'><strong>quentium</strong></span> <span class='ocrx_word' id='word_1_19' title='bbox 289 353 432 385; x_wconf 84' lang='lat' dir='ltr'><strong>malorum,</strong></span> <span class='ocrx_word' id='word_1_20' title='bbox 451 360 504 379; x_wconf 91' lang='lat' dir='ltr'><strong>non</strong></span> <span class='ocrx_word' id='word_1_21' title='bbox 523 360 630 385; x_wconf 86' lang='lat' dir='ltr'><strong>semper</strong></span> <span class='ocrx_word' id='word_1_22' title='bbox 642 353 774 384; x_wconf 75' lang='lat' dir='ltr'><strong>effective,</strong></span> 
     </span>
     <span class='ocr_line' id='line_1_5' title="bbox 129 397 691 430; baseline 0 -7"><span class='ocrx_word' id='word_1_23' title='bbox 129 398 177 424; x_wconf 91' lang='lat' dir='ltr'><strong>sed</strong></span> <span class='ocrx_word' id='word_1_24' title='bbox 197 398 393 424; x_wconf 89' lang='lat' dir='ltr'><strong>occasionaliter</strong></span> <span class='ocrx_word' id='word_1_25' title='bbox 412 400 437 424; x_wconf 90' lang='lat' dir='ltr'><strong>et</strong></span> <span class='ocrx_word' id='word_1_26' title='bbox 455 398 609 430; x_wconf 81' lang='lat' dir='ltr'><strong>suggestive</strong></span> <span class='ocrx_word' id='word_1_27' title='bbox 629 397 691 424; x_wconf 79' lang='lat' dir='ltr'><strong>ibid.</strong></span> 
     </span>
    </p>

    <p class='ocr_par' dir='ltr' id='par_1_3' title="bbox 128 442 773 868">
     <span class='ocr_line' id='line_1_6' title="bbox 183 442 772 475; baseline 0 -7"><span class='ocrx_word' id='word_1_28' title='bbox 183 455 219 461; x_wconf 94' lang='lat'>—</span> <span class='ocrx_word' id='word_1_29' title='bbox 237 442 265 468; x_wconf 93' lang='lat' dir='ltr'><strong>ln</strong></span> <span class='ocrx_word' id='word_1_30' title='bbox 285 442 416 474; x_wconf 75' lang='lat' dir='ltr'><strong>praesenti</strong></span> <span class='ocrx_word' id='word_1_31' title='bbox 437 443 511 474; x_wconf 86' lang='lat' dir='ltr'><strong>plura</strong></span> <span class='ocrx_word' id='word_1_32' title='bbox 529 445 590 468; x_wconf 90' lang='lat' dir='ltr'><strong>sunt</strong></span> <span class='ocrx_word' id='word_1_33' title='bbox 609 443 677 468; x_wconf 89' lang='lat' dir='ltr'><strong>mala</strong></span> <span class='ocrx_word' id='word_1_34' title='bbox 691 449 772 475; x_wconf 85' lang='lat' dir='ltr'><strong>quam</strong></span> 
     </span>
     <span class='ocr_line' id='line_1_7' title="bbox 130 485 772 520; baseline 0 -8"><span class='ocrx_word' id='word_1_35' title='bbox 130 485 199 512; x_wconf 87' lang='lat' dir='ltr'><strong>bona</strong></span> <span class='ocrx_word' id='word_1_36' title='bbox 219 487 253 513; x_wconf 95' lang='lat' dir='ltr'><strong>Vl</strong></span> <span class='ocrx_word' id='word_1_37' title='bbox 273 487 306 513; x_wconf 90' lang='lat'><strong>56</strong></span> <span class='ocrx_word' id='word_1_38' title='bbox 326 494 353 520; x_wconf 90' lang='lat' dir='ltr'><strong>q.</strong></span> <span class='ocrx_word' id='word_1_39' title='bbox 372 488 388 513; x_wconf 92' lang='grc'><strong>2</strong></span> <span class='ocrx_word' id='word_1_40' title='bbox 415 500 452 506; x_wconf 91' lang='lat'><strong>—-</strong></span> <span class='ocrx_word' id='word_1_41' title='bbox 479 490 518 513; x_wconf 89' lang='lat' dir='ltr'><strong>est</strong></span> <span class='ocrx_word' id='word_1_42' title='bbox 543 486 712 512; x_wconf 75' lang='lat' dir='ltr'><strong>omnifariam</strong></span> <span class='ocrx_word' id='word_1_43' title='bbox 740 487 772 512; x_wconf 86' lang='grc'><strong>19</strong></span> 
     </span>
     <span class='ocr_line' id='line_1_8' title="bbox 129 531 771 564; baseline -0.002 -7"><span class='ocrx_word' id='word_1_44' title='bbox 129 538 155 564; x_wconf 85' lang='lat' dir='ltr'><strong>q.</strong></span> <span class='ocrx_word' id='word_1_45' title='bbox 176 532 191 557; x_wconf 83' lang='lat'><strong>2</strong></span> <span class='ocrx_word' id='word_1_46' title='bbox 206 545 239 549; x_wconf 90' lang='lat'>—</span> <span class='ocrx_word' id='word_1_47' title='bbox 253 532 341 557; x_wconf 92' lang='lat' dir='ltr'><strong>omnia</strong></span> <span class='ocrx_word' id='word_1_48' title='bbox 361 532 524 557; x_wconf 84' lang='lat' dir='ltr'><strong>reducuntur</strong></span> <span class='ocrx_word' id='word_1_49' title='bbox 542 531 576 557; x_wconf 93' lang='lat' dir='ltr'><strong>ad</strong></span> <span class='ocrx_word' id='word_1_50' title='bbox 595 534 709 564; x_wconf 89' lang='lat' dir='ltr'><strong>quatuor</strong></span> <span class='ocrx_word' id='word_1_51' title='bbox 728 531 771 556; x_wconf 92' lang='lat' dir='ltr'><strong>Vll</strong></span> 
     </span>
     <span class='ocr_line' id='line_1_9' title="bbox 129 575 772 608; baseline -0.002 -7"><span class='ocrx_word' id='word_1_52' title='bbox 129 575 181 600; x_wconf 86' lang='grc'><strong>518</strong></span> <span class='ocrx_word' id='word_1_53' title='bbox 196 575 228 601; x_wconf 98' lang='grc'><strong>53</strong></span> <span class='ocrx_word' id='word_1_54' title='bbox 244 589 277 594; x_wconf 86' lang='grc'><strong>--</strong></span> <span class='ocrx_word' id='word_1_55' title='bbox 292 575 382 608; x_wconf 77' lang='lat' dir='ltr'>triplex</span> <span class='ocrx_word' id='word_1_56' title='bbox 397 576 494 608; x_wconf 79' lang='lat' dir='ltr'><strong>premit</strong></span> <span class='ocrx_word' id='word_1_57' title='bbox 511 576 646 601; x_wconf 92' lang='lat' dir='ltr'><strong>hominem</strong></span> <span class='ocrx_word' id='word_1_58' title='bbox 661 576 686 600; x_wconf 89' lang='lat' dir='ltr'><strong>in</strong></span> <span class='ocrx_word' id='word_1_59' title='bbox 700 581 772 607; x_wconf 87' lang='lat' dir='ltr'><strong>prae-</strong></span> 
     </span>
     <span class='ocr_line' id='line_1_10' title="bbox 129 620 772 646; baseline 0 -1"><span class='ocrx_word' id='word_1_60' title='bbox 129 620 196 645; x_wconf 86' lang='lat' dir='ltr'><strong>senti</strong></span> <span class='ocrx_word' id='word_1_61' title='bbox 224 620 278 645; x_wconf 88' lang='lat' dir='ltr'><strong>vita</strong></span> <span class='ocrx_word' id='word_1_62' title='bbox 307 620 338 646; x_wconf 88' lang='lat' dir='ltr'><strong>Vl</strong></span> <span class='ocrx_word' id='word_1_63' title='bbox 363 620 415 646; x_wconf 91' lang='grc'>602</span> <span class='ocrx_word' id='word_1_64' title='bbox 436 621 446 646; x_wconf 86' lang='grc'><strong>1</strong></span> <span class='ocrx_word' id='word_1_65' title='bbox 470 633 507 639; x_wconf 89' lang='grc'><strong>-</strong></span> <span class='ocrx_word' id='word_1_66' title='bbox 525 622 564 645; x_wconf 89' lang='grc' dir='ltr'><strong>εει</strong></span> <span class='ocrx_word' id='word_1_67' title='bbox 582 620 624 646; x_wconf 82' lang='grc' dir='ltr'><strong>νεΙ</strong></span> <span class='ocrx_word' id='word_1_68' title='bbox 643 620 772 646; x_wconf 87' lang='lat' dir='ltr'><strong>transiens</strong></span> 
     </span>
     <span class='ocr_line' id='line_1_11' title="bbox 129 664 773 697; baseline -0.002 -7"><span class='ocrx_word' id='word_1_69' title='bbox 129 664 171 690; x_wconf 91' lang='lat' dir='ltr'><strong>vel</strong></span> <span class='ocrx_word' id='word_1_70' title='bbox 190 671 349 696; x_wconf 86' lang='lat' dir='ltr'><strong>permanens</strong></span> <span class='ocrx_word' id='word_1_71' title='bbox 377 664 411 690; x_wconf 89' lang='lat'><strong>67</strong></span> <span class='ocrx_word' id='word_1_72' title='bbox 440 672 466 697; x_wconf 88' lang='lat' dir='ltr'><strong>q.</strong></span> <span class='ocrx_word' id='word_1_73' title='bbox 487 666 502 690; x_wconf 91' lang='grc'><strong>2</strong></span> <span class='ocrx_word' id='word_1_74' title='bbox 521 678 557 683; x_wconf 93' lang='grc'><strong>--</strong></span> <span class='ocrx_word' id='word_1_75' title='bbox 575 667 615 690; x_wconf 81' lang='lat' dir='ltr'><strong>est</strong></span> <span class='ocrx_word' id='word_1_76' title='bbox 633 665 675 690; x_wconf 90' lang='lat' dir='ltr'><strong>vel</strong></span> <span class='ocrx_word' id='word_1_77' title='bbox 702 664 773 689; x_wconf 92' lang='lat' dir='ltr'><strong>inna-</strong></span> 
     </span>
     <span class='ocr_line' id='line_1_12' title="bbox 128 708 770 741; baseline -0.002 -7"><span class='ocrx_word' id='word_1_78' title='bbox 128 711 198 741; x_wconf 83' lang='lat' dir='ltr'><strong>tum,</strong></span> <span class='ocrx_word' id='word_1_79' title='bbox 217 709 260 734; x_wconf 86' lang='lat' dir='ltr'><strong>vel</strong></span> <span class='ocrx_word' id='word_1_80' title='bbox 279 708 377 734; x_wconf 91' lang='lat' dir='ltr'><strong>illatum</strong></span> <span class='ocrx_word' id='word_1_81' title='bbox 397 708 431 734; x_wconf 86' lang='lat' dir='ltr'><strong>ab</strong></span> <span class='ocrx_word' id='word_1_82' title='bbox 450 708 569 740; x_wconf 83' lang='lat' dir='ltr'><strong>homine,</strong></span> <span class='ocrx_word' id='word_1_83' title='bbox 587 708 628 734; x_wconf 86' lang='lat' dir='ltr'><strong>vel</strong></span> <span class='ocrx_word' id='word_1_84' title='bbox 643 708 770 734; x_wconf 85' lang='lat' dir='ltr'><strong>inflictum</strong></span> 
     </span>
     <span class='ocr_line' id='line_1_13' title="bbox 129 753 771 779; baseline 0 -1"><span class='ocrx_word' id='word_1_85' title='bbox 129 760 143 778; x_wconf 88' lang='lat' dir='ltr'><strong>a</strong></span> <span class='ocrx_word' id='word_1_86' title='bbox 162 753 217 779; x_wconf 91' lang='lat' dir='ltr'><strong>Deo</strong></span> <span class='ocrx_word' id='word_1_87' title='bbox 237 753 288 778; x_wconf 88' lang='grc'><strong>219</strong></span> <span class='ocrx_word' id='word_1_88' title='bbox 308 760 334 778; x_wconf 92' lang='lat' dir='ltr'><strong>v.</strong></span> <span class='ocrx_word' id='word_1_89' title='bbox 355 753 388 778; x_wconf 91' lang='grc'><strong>10</strong></span> <span class='ocrx_word' id='word_1_90' title='bbox 407 767 442 772; x_wconf 90' lang='lat'><strong>-—</strong></span> <span class='ocrx_word' id='word_1_91' title='bbox 461 756 522 779; x_wconf 92' lang='lat' dir='ltr'><strong>sunt</strong></span> <span class='ocrx_word' id='word_1_92' title='bbox 540 753 711 779; x_wconf 74' lang='lat' dir='ltr'><strong>adversitates</strong></span> <span class='ocrx_word' id='word_1_93' title='bbox 737 753 771 778; x_wconf 98' lang='lat'>69</span> 
     </span>
     <span class='ocr_line' id='line_1_14' title="bbox 128 797 770 830; baseline 0 -7"><span class='ocrx_word' id='word_1_94' title='bbox 128 804 155 824; x_wconf 89' lang='lat' dir='ltr'><strong>v.</strong></span> <span class='ocrx_word' id='word_1_95' title='bbox 175 797 209 823; x_wconf 90' lang='grc'><strong>14</strong></span> <span class='ocrx_word' id='word_1_96' title='bbox 228 812 263 816; x_wconf 96' lang='lat'>—</span> <span class='ocrx_word' id='word_1_97' title='bbox 283 798 326 823; x_wconf 88' lang='lat' dir='ltr'><strong>Est</strong></span> <span class='ocrx_word' id='word_1_98' title='bbox 345 797 444 823; x_wconf 89' lang='lat' dir='ltr'><strong>malum</strong></span> <span class='ocrx_word' id='word_1_99' title='bbox 458 798 551 829; x_wconf 89' lang='lat' dir='ltr'><strong>culpae</strong></span> <span class='ocrx_word' id='word_1_100' title='bbox 570 800 596 823; x_wconf 93' lang='lat' dir='ltr'><strong>et</strong></span> <span class='ocrx_word' id='word_1_101' title='bbox 615 804 717 830; x_wconf 85' lang='lat' dir='ltr'><strong>poenae</strong></span> <span class='ocrx_word' id='word_1_102' title='bbox 736 797 770 823; x_wconf 93' lang='grc'><strong>27</strong></span> 
     </span>
     <span class='ocr_line' id='line_1_15' title="bbox 131 841 393 868; baseline -0.004 0"><span class='ocrx_word' id='word_1_103' title='bbox 131 849 158 868; x_wconf 90' lang='grc' dir='ltr'><strong>ν.</strong></span> <span class='ocrx_word' id='word_1_104' title='bbox 180 841 222 868; x_wconf 88' lang='grc'><strong>24.</strong></span> <span class='ocrx_word' id='word_1_105' title='bbox 243 842 285 868; x_wconf 88' lang='lat' dir='ltr'><strong>Vll</strong></span> <span class='ocrx_word' id='word_1_106' title='bbox 305 842 357 868; x_wconf 88' lang='grc'><strong>279</strong></span> <span class='ocrx_word' id='word_1_107' title='bbox 377 843 393 867; x_wconf 90' lang='lat'>8</span> 
     </span>
    </p>

    <p class='ocr_par' dir='ltr' id='par_1_4' title="bbox 126 886 771 1091">
     <span class='ocr_line' id='line_1_16' title="bbox 181 886 770 919; baseline 0.002 -7"><span class='ocrx_word' id='word_1_108' title='bbox 181 900 216 906; x_wconf 95' lang='lat'>—</span> <span class='ocrx_word' id='word_1_109' title='bbox 235 886 344 919; x_wconf 90' lang='lat' dir='ltr'><strong>Operari</strong></span> <span class='ocrx_word' id='word_1_110' title='bbox 373 887 471 912; x_wconf 88' lang='lat' dir='ltr'><strong>malum</strong></span> <span class='ocrx_word' id='word_1_111' title='bbox 500 889 539 912; x_wconf 87' lang='lat' dir='ltr'><strong>est</strong></span> <span class='ocrx_word' id='word_1_112' title='bbox 568 887 641 913; x_wconf 90' lang='lat' dir='ltr'><strong>facile</strong></span> <span class='ocrx_word' id='word_1_113' title='bbox 660 890 770 913; x_wconf 90' lang='lat' dir='ltr'><strong>naturae</strong></span> 
     </span>
     <span class='ocr_line' id='line_1_17' title="bbox 128 931 769 964; baseline 0.002 -7"><span class='ocrx_word' id='word_1_114' title='bbox 128 938 270 964; x_wconf 81' lang='lat' dir='ltr'><strong>perversae</strong></span> <span class='ocrx_word' id='word_1_115' title='bbox 284 931 315 957; x_wconf 96' lang='lat' dir='ltr'><strong>Vl</strong></span> <span class='ocrx_word' id='word_1_116' title='bbox 330 931 362 956; x_wconf 90' lang='grc'><strong>19</strong></span> <span class='ocrx_word' id='word_1_117' title='bbox 376 938 403 964; x_wconf 85' lang='lat' dir='ltr'><strong>q.</strong></span> <span class='ocrx_word' id='word_1_118' title='bbox 417 932 432 956; x_wconf 83' lang='lat'>2</span> <span class='ocrx_word' id='word_1_119' title='bbox 446 946 481 949; x_wconf 97' lang='lat'><strong>—</strong></span> <span class='ocrx_word' id='word_1_120' title='bbox 500 932 590 957; x_wconf 88' lang='lat' dir='ltr'><strong>Nullus</strong></span> <span class='ocrx_word' id='word_1_121' title='bbox 602 933 658 957; x_wconf 89' lang='lat' dir='ltr'><strong>vult</strong></span> <span class='ocrx_word' id='word_1_122' title='bbox 672 933 769 958; x_wconf 91' lang='lat' dir='ltr'><strong>malum</strong></span> 
     </span>
     <span class='ocr_line' id='line_1_18' title="bbox 127 975 771 1009; baseline 0.002 -7"><span class='ocrx_word' id='word_1_123' title='bbox 127 982 175 1008; x_wconf 86' lang='lat' dir='ltr'><strong>per</strong></span> <span class='ocrx_word' id='word_1_124' title='bbox 194 983 236 1007; x_wconf 90' lang='lat' dir='ltr'><strong>se,</strong></span> <span class='ocrx_word' id='word_1_125' title='bbox 255 976 301 1001; x_wconf 80' lang='lat' dir='ltr'><strong>sed</strong></span> <span class='ocrx_word' id='word_1_126' title='bbox 322 982 370 1008; x_wconf 89' lang='lat' dir='ltr'><strong>per</strong></span> <span class='ocrx_word' id='word_1_127' title='bbox 389 975 524 1008; x_wconf 85' lang='lat' dir='ltr'><strong>accidens,</strong></span> <span class='ocrx_word' id='word_1_128' title='bbox 539 976 565 1001; x_wconf 92' lang='lat' dir='ltr'><strong>in</strong></span> <span class='ocrx_word' id='word_1_129' title='bbox 578 979 707 1009; x_wconf 89' lang='lat' dir='ltr'><strong>quantum</strong></span> <span class='ocrx_word' id='word_1_130' title='bbox 724 977 771 1003; x_wconf 92' lang='lat' dir='ltr'><strong>sci-</strong></span> 
     </span>
     <span class='ocr_line' id='line_1_19' title="bbox 126 1019 769 1053; baseline 0.003 -7"><span class='ocrx_word' id='word_1_131' title='bbox 126 1021 186 1046; x_wconf 93' lang='lat' dir='ltr'><strong>licet</strong></span> <span class='ocrx_word' id='word_1_132' title='bbox 214 1023 253 1046; x_wconf 89' lang='lat' dir='ltr'><strong>est</strong></span> <span class='ocrx_word' id='word_1_133' title='bbox 280 1019 434 1046; x_wconf 88' lang='lat' dir='ltr'><strong>delectabile</strong></span> <span class='ocrx_word' id='word_1_134' title='bbox 462 1023 487 1046; x_wconf 92' lang='lat' dir='ltr'><strong>et</strong></span> <span class='ocrx_word' id='word_1_135' title='bbox 515 1027 646 1053; x_wconf 86' lang='lat' dir='ltr'><strong>apparens</strong></span> <span class='ocrx_word' id='word_1_136' title='bbox 670 1020 769 1048; x_wconf 93' lang='lat' dir='ltr'><strong>bonum</strong></span> 
     </span>
     <span class='ocr_line' id='line_1_20' title="bbox 129 1064 262 1091; baseline -0.008 0"><span class='ocrx_word' id='word_1_137' title='bbox 129 1065 179 1091; x_wconf 88' lang='grc'><strong>112</strong></span> <span class='ocrx_word' id='word_1_138' title='bbox 201 1072 226 1091; x_wconf 93' lang='grc' dir='ltr'><strong>ν.</strong></span> <span class='ocrx_word' id='word_1_139' title='bbox 247 1064 262 1090; x_wconf 88' lang='grc'><strong>4</strong></span> 
     </span>
    </p>

    <p class='ocr_par' dir='ltr' id='par_1_5' title="bbox 127 1109 770 1225">
     <span class='ocr_line' id='line_1_21' title="bbox 181 1109 770 1142; baseline 0.005 -8"><span class='ocrx_word' id='word_1_140' title='bbox 181 1124 215 1128; x_wconf 96' lang='grc'>-</span> <span class='ocrx_word' id='word_1_141' title='bbox 234 1109 261 1134; x_wconf 92' lang='lat' dir='ltr'><strong>in</strong></span> <span class='ocrx_word' id='word_1_142' title='bbox 280 1116 392 1141; x_wconf 80' lang='lat' dir='ltr'><strong>genere,</strong></span> <span class='ocrx_word' id='word_1_143' title='bbox 411 1117 481 1142; x_wconf 87' lang='lat' dir='ltr'><strong>quae</strong></span> <span class='ocrx_word' id='word_1_144' title='bbox 499 1117 552 1136; x_wconf 89' lang='lat' dir='ltr'><strong>non</strong></span> <span class='ocrx_word' id='word_1_145' title='bbox 572 1113 633 1136; x_wconf 91' lang='lat' dir='ltr'><strong>sunt</strong></span> <span class='ocrx_word' id='word_1_146' title='bbox 651 1111 719 1136; x_wconf 89' lang='lat' dir='ltr'><strong>mala</strong></span> <span class='ocrx_word' id='word_1_147' title='bbox 732 1118 770 1137; x_wconf 89' lang='lat' dir='ltr'><strong>se·</strong></span> 
     </span>
     <span class='ocr_line' id='line_1_22' title="bbox 127 1154 770 1187; baseline 0.003 -7"><span class='ocrx_word' id='word_1_148' title='bbox 127 1154 245 1180; x_wconf 90' lang='lat' dir='ltr'><strong>cundum</strong></span> <span class='ocrx_word' id='word_1_149' title='bbox 275 1161 317 1185; x_wconf 89' lang='lat' dir='ltr'><strong>se,</strong></span> <span class='ocrx_word' id='word_1_150' title='bbox 347 1154 415 1180; x_wconf 89' lang='lat' dir='ltr'><strong>bene</strong></span> <span class='ocrx_word' id='word_1_151' title='bbox 443 1158 554 1187; x_wconf 85' lang='lat' dir='ltr'><strong>possunt</strong></span> <span class='ocrx_word' id='word_1_152' title='bbox 573 1155 638 1186; x_wconf 84' lang='lat' dir='ltr'><strong>fieri,</strong></span> <span class='ocrx_word' id='word_1_153' title='bbox 662 1156 684 1181; x_wconf 91' lang='lat' dir='ltr'><strong>si</strong></span> <span class='ocrx_word' id='word_1_154' title='bbox 703 1156 770 1182; x_wconf 86' lang='lat' dir='ltr'><strong>adsit</strong></span> 
     </span>
     <span class='ocr_line' id='line_1_23' title="bbox 127 1199 494 1225; baseline 0.003 -1"><span class='ocrx_word' id='word_1_155' title='bbox 127 1205 206 1225; x_wconf 89' lang='lat' dir='ltr'><strong>causa</strong></span> <span class='ocrx_word' id='word_1_156' title='bbox 225 1201 251 1225; x_wconf 86' lang='lat' dir='ltr'><strong>et</strong></span> <span class='ocrx_word' id='word_1_157' title='bbox 269 1199 335 1225; x_wconf 91' lang='lat' dir='ltr'><strong>ordo</strong></span> <span class='ocrx_word' id='word_1_158' title='bbox 356 1199 388 1224; x_wconf 82' lang='lat' dir='ltr'><strong>Vl</strong></span> <span class='ocrx_word' id='word_1_159' title='bbox 408 1199 459 1224; x_wconf 84' lang='lat'><strong>457</strong></span> <span class='ocrx_word' id='word_1_160' title='bbox 479 1200 494 1225; x_wconf 82' lang='lat'>9</span> 
     </span>
    </p>

    <p class='ocr_par' dir='ltr' id='par_1_6' title="bbox 124 1243 769 1634">
     <span class='ocr_line' id='line_1_24' title="bbox 178 1243 769 1277; baseline 0.003 -9"><span class='ocrx_word' id='word_1_161' title='bbox 178 1257 215 1262; x_wconf 97' lang='lat'><strong>—</strong></span> <span class='ocrx_word' id='word_1_162' title='bbox 233 1243 321 1269; x_wconf 89' lang='lat' dir='ltr'><strong>omnia</strong></span> <span class='ocrx_word' id='word_1_163' title='bbox 340 1246 587 1277; x_wconf 86' lang='lat' dir='ltr'><strong>quantumcumque</strong></span> <span class='ocrx_word' id='word_1_164' title='bbox 600 1245 716 1276; x_wconf 85' lang='lat' dir='ltr'><strong>occulta,</strong></span> <span class='ocrx_word' id='word_1_165' title='bbox 730 1245 769 1270; x_wconf 91' lang='lat' dir='ltr'><strong>vi-</strong></span> 
     </span>
     <span class='ocr_line' id='line_1_25' title="bbox 126 1288 767 1314; baseline 0.002 -1"><span class='ocrx_word' id='word_1_166' title='bbox 126 1288 204 1314; x_wconf 88' lang='lat' dir='ltr'><strong>tanda</strong></span> <span class='ocrx_word' id='word_1_167' title='bbox 223 1290 284 1314; x_wconf 88' lang='lat' dir='ltr'><strong>sunt</strong></span> <span class='ocrx_word' id='word_1_168' title='bbox 298 1288 340 1314; x_wconf 96' lang='lat' dir='ltr'><strong>Vll</strong></span> <span class='ocrx_word' id='word_1_169' title='bbox 354 1288 400 1313; x_wconf 87' lang='grc'><strong>311</strong></span> <span class='ocrx_word' id='word_1_170' title='bbox 420 1288 434 1313; x_wconf 91' lang='grc'>6</span> <span class='ocrx_word' id='word_1_171' title='bbox 448 1302 484 1307; x_wconf 96' lang='grc'>-</span> <span class='ocrx_word' id='word_1_172' title='bbox 497 1289 517 1314; x_wconf 94' lang='grc' dir='ltr'>Α</span> <span class='ocrx_word' id='word_1_173' title='bbox 532 1289 601 1314; x_wconf 88' lang='lat' dir='ltr'><strong>malo</strong></span> <span class='ocrx_word' id='word_1_174' title='bbox 614 1289 767 1314; x_wconf 87' lang='lat' dir='ltr'><strong>declinanti-</strong></span> 
     </span>
     <span class='ocr_line' id='line_1_26' title="bbox 125 1331 768 1360; baseline 0.003 -2"><span class='ocrx_word' id='word_1_175' title='bbox 125 1332 176 1359; x_wconf 87' lang='lat' dir='ltr'><strong>bus</strong></span> <span class='ocrx_word' id='word_1_176' title='bbox 195 1333 244 1358; x_wconf 91' lang='lat' dir='ltr'><strong>erit</strong></span> <span class='ocrx_word' id='word_1_177' title='bbox 262 1331 363 1358; x_wconf 91' lang='lat' dir='ltr'><strong>bonum</strong></span> <span class='ocrx_word' id='word_1_178' title='bbox 385 1333 418 1358; x_wconf 96' lang='lat' dir='ltr'><strong>Vl</strong></span> <span class='ocrx_word' id='word_1_179' title='bbox 439 1333 472 1358; x_wconf 80' lang='grc'><strong>63</strong></span> <span class='ocrx_word' id='word_1_180' title='bbox 497 1340 522 1358; x_wconf 89' lang='grc' dir='ltr'><strong>ν.</strong></span> <span class='ocrx_word' id='word_1_181' title='bbox 553 1333 585 1359; x_wconf 90' lang='grc'><strong>-12</strong></span> <span class='ocrx_word' id='word_1_182' title='bbox 605 1347 640 1352; x_wconf 87' lang='lat'>—</span> <span class='ocrx_word' id='word_1_183' title='bbox 659 1334 680 1359; x_wconf 83' lang='lat' dir='ltr'>A</span> <span class='ocrx_word' id='word_1_184' title='bbox 700 1334 768 1360; x_wconf 92' lang='lat' dir='ltr'><strong>malo</strong></span> 
     </span>
     <span class='ocr_line' id='line_1_27' title="bbox 125 1376 768 1405; baseline 0.002 -2"><span class='ocrx_word' id='word_1_185' title='bbox 125 1377 268 1404; x_wconf 89' lang='lat' dir='ltr'><strong>declinatur</strong></span> <span class='ocrx_word' id='word_1_186' title='bbox 281 1377 375 1403; x_wconf 88' lang='lat' dir='ltr'><strong>timore</strong></span> <span class='ocrx_word' id='word_1_187' title='bbox 395 1377 497 1403; x_wconf 83' lang='lat' dir='ltr'>Domini</span> <span class='ocrx_word' id='word_1_188' title='bbox 517 1376 578 1403; x_wconf 83' lang='lat' dir='ltr'><strong>ibid.</strong></span> <span class='ocrx_word' id='word_1_189' title='bbox 598 1393 633 1396; x_wconf 97' lang='lat'><strong>—</strong></span> <span class='ocrx_word' id='word_1_190' title='bbox 653 1378 709 1404; x_wconf 91' lang='lat' dir='ltr'><strong>Mali</strong></span> <span class='ocrx_word' id='word_1_191' title='bbox 725 1379 768 1405; x_wconf 90' lang='lat' dir='ltr'><strong>de-</strong></span> 
     </span>
     <span class='ocr_line' id='line_1_28' title="bbox 124 1422 768 1454; baseline 0 -6"><span class='ocrx_word' id='word_1_192' title='bbox 124 1422 227 1449; x_wconf 92' lang='lat' dir='ltr'><strong>clinatio</strong></span> <span class='ocrx_word' id='word_1_193' title='bbox 246 1422 408 1454; x_wconf 84' lang='lat' dir='ltr'><strong>significatur</strong></span> <span class='ocrx_word' id='word_1_194' title='bbox 437 1422 463 1447; x_wconf 93' lang='lat' dir='ltr'><strong>in</strong></span> <span class='ocrx_word' id='word_1_195' title='bbox 491 1422 685 1454; x_wconf 79' lang='lat' dir='ltr'><strong>praecinctione</strong></span> <span class='ocrx_word' id='word_1_196' title='bbox 704 1423 768 1448; x_wconf 87' lang='lat' dir='ltr'><strong>lum-</strong></span> 
     </span>
     <span class='ocr_line' id='line_1_29' title="bbox 125 1466 768 1493; baseline -0.002 0"><span class='ocrx_word' id='word_1_197' title='bbox 125 1466 221 1493; x_wconf 82' lang='lat' dir='ltr'><strong>borum</strong></span> <span class='ocrx_word' id='word_1_198' title='bbox 250 1467 293 1492; x_wconf 92' lang='lat' dir='ltr'><strong>Vll</strong></span> <span class='ocrx_word' id='word_1_199' title='bbox 323 1467 375 1492; x_wconf 84' lang='grc'><strong>325</strong></span> <span class='ocrx_word' id='word_1_200' title='bbox 403 1466 437 1492; x_wconf 89' lang='grc'><strong>52</strong></span> <span class='ocrx_word' id='word_1_201' title='bbox 467 1480 503 1485; x_wconf 90' lang='grc'><strong>-</strong></span> <span class='ocrx_word' id='word_1_202' title='bbox 527 1467 576 1492; x_wconf 86' lang='lat' dir='ltr'><strong>Pro</strong></span> <span class='ocrx_word' id='word_1_203' title='bbox 595 1467 768 1493; x_wconf 83' lang='lat' dir='ltr'><strong>declinatione</strong></span> 
     </span>
     <span class='ocr_line' id='line_1_30' title="bbox 125 1511 766 1545; baseline 0.002 -8"><span class='ocrx_word' id='word_1_204' title='bbox 125 1512 186 1537; x_wconf 86' lang='lat' dir='ltr'><strong>mali</strong></span> <span class='ocrx_word' id='word_1_205' title='bbox 205 1511 346 1545; x_wconf 86' lang='lat' dir='ltr'><strong>requiritur</strong></span> <span class='ocrx_word' id='word_1_206' title='bbox 374 1511 466 1543; x_wconf 85' lang='lat' dir='ltr'><strong>triplex</strong></span> <span class='ocrx_word' id='word_1_207' title='bbox 495 1511 654 1543; x_wconf 85' lang='lat' dir='ltr'><strong>praecinctio</strong></span> <span class='ocrx_word' id='word_1_208' title='bbox 673 1511 707 1538; x_wconf 91' lang='lat' dir='ltr'><strong>ib.</strong></span> <span class='ocrx_word' id='word_1_209' title='bbox 733 1512 766 1537; x_wconf 88' lang='grc'><strong>53</strong></span> 
     </span>
     <span class='ocr_line' id='line_1_31' title="bbox 124 1556 766 1588; baseline 0 -6"><span class='ocrx_word' id='word_1_210' title='bbox 124 1570 160 1574; x_wconf 86' lang='grc'>-</span> <span class='ocrx_word' id='word_1_211' title='bbox 186 1556 316 1588; x_wconf 84' lang='lat' dir='ltr'><strong>Sapientia</strong></span> <span class='ocrx_word' id='word_1_212' title='bbox 344 1558 384 1582; x_wconf 88' lang='lat' dir='ltr'><strong>est</strong></span> <span class='ocrx_word' id='word_1_213' title='bbox 412 1556 480 1582; x_wconf 85' lang='lat' dir='ltr'><strong>utilis</strong></span> <span class='ocrx_word' id='word_1_214' title='bbox 508 1556 542 1581; x_wconf 89' lang='lat' dir='ltr'><strong>ad</strong></span> <span class='ocrx_word' id='word_1_215' title='bbox 566 1556 766 1582; x_wconf 84' lang='lat' dir='ltr'><strong>declinationem</strong></span> 
     </span>
     <span class='ocr_line' id='line_1_32' title="bbox 125 1601 373 1634; baseline 0 -8"><span class='ocrx_word' id='word_1_216' title='bbox 125 1601 185 1627; x_wconf 91' lang='lat' dir='ltr'><strong>rnali</strong></span> <span class='ocrx_word' id='word_1_217' title='bbox 205 1601 239 1627; x_wconf 93' lang='lat' dir='ltr'><strong>Vl</strong></span> <span class='ocrx_word' id='word_1_218' title='bbox 259 1601 292 1626; x_wconf 89' lang='grc'><strong>26</strong></span> <span class='ocrx_word' id='word_1_219' title='bbox 312 1608 339 1634; x_wconf 85' lang='lat' dir='ltr'><strong>q.</strong></span> <span class='ocrx_word' id='word_1_220' title='bbox 358 1602 373 1626; x_wconf 90' lang='grc'><strong>2</strong></span> 
     </span>
    </p>

    <p class='ocr_par' dir='ltr' id='par_1_7' title="bbox 124 1645 768 2034">
     <span class='ocr_line' id='line_1_33' title="bbox 179 1645 767 1671; baseline 0.002 -1"><span class='ocrx_word' id='word_1_221' title='bbox 179 1659 212 1664; x_wconf 83' lang='lat'>—</span> <span class='ocrx_word' id='word_1_222' title='bbox 232 1652 284 1670; x_wconf 91' lang='lat' dir='ltr'><strong>non</strong></span> <span class='ocrx_word' id='word_1_223' title='bbox 303 1648 364 1671; x_wconf 88' lang='lat' dir='ltr'><strong>sunt</strong></span> <span class='ocrx_word' id='word_1_224' title='bbox 381 1645 587 1671; x_wconf 87' lang='lat' dir='ltr'><strong>nuntianda-Vll</strong></span> <span class='ocrx_word' id='word_1_225' title='bbox 608 1646 659 1671; x_wconf 93' lang='grc'><strong>206</strong></span> <span class='ocrx_word' id='word_1_226' title='bbox 680 1646 714 1671; x_wconf 92' lang='grc'>60</span> <span class='ocrx_word' id='word_1_227' title='bbox 733 1656 767 1664; x_wconf 53' lang='lat'><strong>»—</strong></span> 
     </span>
     <span class='ocr_line' id='line_1_34' title="bbox 124 1690 768 1723; baseline 0 -8"><span class='ocrx_word' id='word_1_228' title='bbox 124 1690 203 1716; x_wconf 86' lang='lat' dir='ltr'><strong>Fama</strong></span> <span class='ocrx_word' id='word_1_229' title='bbox 223 1690 291 1715; x_wconf 87' lang='lat' dir='ltr'><strong>mala</strong></span> <span class='ocrx_word' id='word_1_230' title='bbox 310 1690 404 1715; x_wconf 82' lang='lat' dir='ltr'><strong>excitat</strong></span> <span class='ocrx_word' id='word_1_231' title='bbox 421 1690 455 1715; x_wconf 90' lang='lat' dir='ltr'><strong>ad</strong></span> <span class='ocrx_word' id='word_1_232' title='bbox 475 1691 572 1715; x_wconf 91' lang='lat' dir='ltr'><strong>malum</strong></span> <span class='ocrx_word' id='word_1_233' title='bbox 594 1691 626 1716; x_wconf 95' lang='lat' dir='ltr'><strong>Vl</strong></span> <span class='ocrx_word' id='word_1_234' title='bbox 647 1690 679 1715; x_wconf 85' lang='lat'><strong>84</strong></span> <span class='ocrx_word' id='word_1_235' title='bbox 693 1698 720 1723; x_wconf 90' lang='lat' dir='ltr'><strong>q.</strong></span> <span class='ocrx_word' id='word_1_236' title='bbox 733 1705 768 1710; x_wconf 96' lang='lat'><strong>—</strong></span> 
     </span>
     <span class='ocr_line' id='line_1_35' title="bbox 126 1734 768 1767; baseline 0.002 -7"><span class='ocrx_word' id='word_1_237' title='bbox 126 1734 176 1767; x_wconf 87' lang='lat' dir='ltr'><strong>Qui</strong></span> <span class='ocrx_word' id='word_1_238' title='bbox 195 1734 259 1760; x_wconf 87' lang='lat' dir='ltr'><strong>dicit</strong></span> <span class='ocrx_word' id='word_1_239' title='bbox 277 1735 377 1760; x_wconf 89' lang='lat' dir='ltr'><strong>malum</strong></span> <span class='ocrx_word' id='word_1_240' title='bbox 396 1735 431 1760; x_wconf 89' lang='lat' dir='ltr'><strong>de</strong></span> <span class='ocrx_word' id='word_1_241' title='bbox 448 1735 499 1760; x_wconf 87' lang='lat' dir='ltr'><strong>alio</strong></span> <span class='ocrx_word' id='word_1_242' title='bbox 519 1738 563 1760; x_wconf 87' lang='lat' dir='ltr'><strong>aut</strong></span> <span class='ocrx_word' id='word_1_243' title='bbox 582 1734 645 1761; x_wconf 90' lang='lat' dir='ltr'><strong>dicit</strong></span> <span class='ocrx_word' id='word_1_244' title='bbox 658 1736 768 1761; x_wconf 87' lang='lat' dir='ltr'><strong>necessi-</strong></span> 
     </span>
     <span class='ocr_line' id='line_1_36' title="bbox 126 1779 768 1811; baseline 0.003 -7"><span class='ocrx_word' id='word_1_245' title='bbox 126 1779 178 1805; x_wconf 84' lang='lat' dir='ltr'><strong>tate</strong></span> <span class='ocrx_word' id='word_1_246' title='bbox 197 1779 364 1811; x_wconf 89' lang='lat' dir='ltr'><strong>compulsus,</strong></span> <span class='ocrx_word' id='word_1_247' title='bbox 383 1784 428 1804; x_wconf 89' lang='lat' dir='ltr'><strong>aut</strong></span> <span class='ocrx_word' id='word_1_248' title='bbox 446 1779 570 1805; x_wconf 86' lang='lat' dir='ltr'><strong>inductus</strong></span> <span class='ocrx_word' id='word_1_249' title='bbox 589 1780 704 1811; x_wconf 83' lang='lat' dir='ltr'><strong>utilitate,</strong></span> <span class='ocrx_word' id='word_1_250' title='bbox 723 1783 768 1806; x_wconf 87' lang='lat' dir='ltr'><strong>aut</strong></span> 
     </span>
     <span class='ocr_line' id='line_1_37' title="bbox 127 1823 767 1858; baseline 0.005 -10"><span class='ocrx_word' id='word_1_251' title='bbox 127 1823 272 1856; x_wconf 85' lang='lat' dir='ltr'><strong>exagitatus</strong></span> <span class='ocrx_word' id='word_1_252' title='bbox 291 1824 446 1849; x_wconf 86' lang='lat' dir='ltr'><strong>detrahendi</strong></span> <span class='ocrx_word' id='word_1_253' title='bbox 466 1823 575 1849; x_wconf 89' lang='lat' dir='ltr'><strong>libidine</strong></span> <span class='ocrx_word' id='word_1_254' title='bbox 594 1823 656 1851; x_wconf 81' lang='lat' dir='ltr'><strong>ibid.</strong></span> <span class='ocrx_word' id='word_1_255' title='bbox 668 1838 705 1844; x_wconf 95' lang='lat'><strong>—</strong></span> <span class='ocrx_word' id='word_1_256' title='bbox 717 1825 767 1858; x_wconf 89' lang='lat' dir='ltr'><strong>Qui</strong></span> 
     </span>
     <span class='ocr_line' id='line_1_38' title="bbox 125 1867 768 1895; baseline 0.003 -2"><span class='ocrx_word' id='word_1_257' title='bbox 125 1867 189 1894; x_wconf 87' lang='lat' dir='ltr'><strong>dicit</strong></span> <span class='ocrx_word' id='word_1_258' title='bbox 207 1868 305 1894; x_wconf 92' lang='lat' dir='ltr'><strong>malum</strong></span> <span class='ocrx_word' id='word_1_259' title='bbox 326 1868 360 1894; x_wconf 90' lang='lat' dir='ltr'><strong>de</strong></span> <span class='ocrx_word' id='word_1_260' title='bbox 378 1868 428 1893; x_wconf 90' lang='lat' dir='ltr'><strong>alio</strong></span> <span class='ocrx_word' id='word_1_261' title='bbox 456 1869 540 1894; x_wconf 81' lang='lat' dir='ltr'><strong>aufert</strong></span> <span class='ocrx_word' id='word_1_262' title='bbox 558 1869 581 1894; x_wconf 91' lang='lat' dir='ltr'><strong>ei</strong></span> <span class='ocrx_word' id='word_1_263' title='bbox 601 1868 700 1895; x_wconf 90' lang='lat' dir='ltr'><strong>bonum</strong></span> <span class='ocrx_word' id='word_1_264' title='bbox 723 1877 768 1895; x_wconf 89' lang='lat' dir='ltr'><strong>no-</strong></span> 
     </span>
     <span class='ocr_line' id='line_1_39' title="bbox 126 1911 767 1947; baseline 0.003 -9"><span class='ocrx_word' id='word_1_265' title='bbox 126 1919 187 1938; x_wconf 92' lang='lat' dir='ltr'><strong>men</strong></span> <span class='ocrx_word' id='word_1_266' title='bbox 209 1911 272 1938; x_wconf 83' lang='lat' dir='ltr'><strong>ibid.</strong></span> <span class='ocrx_word' id='word_1_267' title='bbox 291 1926 328 1931; x_wconf 97' lang='lat'><strong>—</strong></span> <span class='ocrx_word' id='word_1_268' title='bbox 346 1912 462 1938; x_wconf 89' lang='lat' dir='ltr'><strong>Dicendo</strong></span> <span class='ocrx_word' id='word_1_269' title='bbox 491 1913 589 1938; x_wconf 90' lang='lat' dir='ltr'><strong>malum</strong></span> <span class='ocrx_word' id='word_1_270' title='bbox 619 1914 652 1939; x_wconf 93' lang='lat' dir='ltr'><strong>de</strong></span> <span class='ocrx_word' id='word_1_271' title='bbox 671 1914 767 1947; x_wconf 87' lang='lat' dir='ltr'><strong>aliquo,</strong></span> 
     </span>
     <span class='ocr_line' id='line_1_40' title="bbox 127 1956 766 1984; baseline 0.003 -2"><span class='ocrx_word' id='word_1_272' title='bbox 127 1956 252 1982; x_wconf 92' lang='lat' dir='ltr'><strong>minuitur</strong></span> <span class='ocrx_word' id='word_1_273' title='bbox 272 1958 340 1982; x_wconf 88' lang='lat' dir='ltr'><strong>fama</strong></span> <span class='ocrx_word' id='word_1_274' title='bbox 361 1958 394 1982; x_wconf 83' lang='lat'>86</span> <span class='ocrx_word' id='word_1_275' title='bbox 414 1964 439 1982; x_wconf 88' lang='lat' dir='ltr'><strong>v.</strong></span> <span class='ocrx_word' id='word_1_276' title='bbox 460 1958 494 1983; x_wconf 87' lang='grc'><strong>20</strong></span> <span class='ocrx_word' id='word_1_277' title='bbox 508 1972 540 1976; x_wconf 94' lang='grc'><strong>-</strong></span> <span class='ocrx_word' id='word_1_278' title='bbox 556 1958 651 1983; x_wconf 90' lang='lat' dir='ltr'><strong>Malum</strong></span> <span class='ocrx_word' id='word_1_279' title='bbox 665 1958 766 1984; x_wconf 90' lang='lat' dir='ltr'><strong>homini</strong></span> 
     </span>
     <span class='ocr_line' id='line_1_41' title="bbox 125 2001 765 2034; baseline 0.005 -8"><span class='ocrx_word' id='word_1_280' title='bbox 125 2001 319 2034; x_wconf 82' lang='lat' dir='ltr'><strong>imprecamur,</strong></span> <span class='ocrx_word' id='word_1_281' title='bbox 338 2002 455 2033; x_wconf 89' lang='lat' dir='ltr'><strong>optando</strong></span> <span class='ocrx_word' id='word_1_282' title='bbox 474 2002 531 2027; x_wconf 92' lang='lat' dir='ltr'><strong>eius</strong></span> <span class='ocrx_word' id='word_1_283' title='bbox 550 2002 684 2029; x_wconf 83' lang='lat' dir='ltr'><strong>miseriam</strong></span> <span class='ocrx_word' id='word_1_284' title='bbox 704 2002 765 2029; x_wconf 83' lang='lat' dir='ltr'><strong>ibid.</strong></span> 
     </span>
    </p>

    <p class='ocr_par' dir='ltr' id='par_1_8' title="bbox 123 2046 767 2205">
     <span class='ocr_line' id='line_1_42' title="bbox 178 2046 766 2078; baseline 0.003 -7"><span class='ocrx_word' id='word_1_285' title='bbox 178 2060 212 2064; x_wconf 92' lang='lat'>—</span> <span class='ocrx_word' id='word_1_286' title='bbox 232 2046 385 2072; x_wconf 88' lang='lat' dir='ltr'><strong>Secundum</strong></span> <span class='ocrx_word' id='word_1_287' title='bbox 414 2047 500 2078; x_wconf 86' lang='lat' dir='ltr'><strong>legem</strong></span> <span class='ocrx_word' id='word_1_288' title='bbox 530 2047 675 2072; x_wconf 82' lang='lat' dir='ltr'><strong>naturalem</strong></span> <span class='ocrx_word' id='word_1_289' title='bbox 705 2048 766 2073; x_wconf 91' lang='lat' dir='ltr'><strong>nulli</strong></span> 
     </span>
     <span class='ocr_line' id='line_1_43' title="bbox 123 2090 766 2118; baseline 0.003 -2"><span class='ocrx_word' id='word_1_290' title='bbox 123 2090 222 2116; x_wconf 89' lang='lat' dir='ltr'><strong>malum</strong></span> <span class='ocrx_word' id='word_1_291' title='bbox 249 2090 397 2116; x_wconf 87' lang='lat' dir='ltr'><strong>faciendum</strong></span> <span class='ocrx_word' id='word_1_292' title='bbox 428 2091 469 2117; x_wconf 95' lang='lat' dir='ltr'><strong>Vll</strong></span> <span class='ocrx_word' id='word_1_293' title='bbox 497 2091 548 2116; x_wconf 93' lang='grc'><strong>156</strong></span> <span class='ocrx_word' id='word_1_294' title='bbox 576 2091 610 2116; x_wconf 88' lang='grc'><strong>76</strong></span> <span class='ocrx_word' id='word_1_295' title='bbox 632 2106 665 2110; x_wconf 88' lang='lat'>—</span> <span class='ocrx_word' id='word_1_296' title='bbox 685 2092 766 2118; x_wconf 91' lang='lat' dir='ltr'><strong>Nemo</strong></span> 
     </span>
     <span class='ocr_line' id='line_1_44' title="bbox 124 2128 767 2167; baseline 0.003 -7"><span class='ocrx_word' id='word_1_297' title='bbox 124 2128 210 2160; x_wconf 86' lang='lat' dir='ltr'><strong>bonus</strong></span> <span class='ocrx_word' id='word_1_298' title='bbox 229 2137 315 2167; x_wconf 89' lang='lat' dir='ltr'><strong>potest</strong></span> <span class='ocrx_word' id='word_1_299' title='bbox 334 2135 400 2160; x_wconf 90' lang='lat' dir='ltr'><strong>mala</strong></span> <span class='ocrx_word' id='word_1_300' title='bbox 421 2135 611 2161; x_wconf 88' lang='lat' dir='ltr'><strong>calumniarum</strong></span> <span class='ocrx_word' id='word_1_301' title='bbox 631 2136 723 2162; x_wconf 90' lang='lat' dir='ltr'><strong>videre</strong></span> <span class='ocrx_word' id='word_1_302' title='bbox 741 2139 767 2162; x_wconf 94' lang='lat' dir='ltr'><strong>et</strong></span> 
     </span>
     <span class='ocr_line' id='line_1_45' title="bbox 123 2179 472 2205; baseline 0.003 -1"><span class='ocrx_word' id='word_1_303' title='bbox 123 2186 175 2205; x_wconf 92' lang='lat' dir='ltr'><strong>non</strong></span> <span class='ocrx_word' id='word_1_304' title='bbox 195 2179 285 2205; x_wconf 91' lang='lat' dir='ltr'><strong>dolere</strong></span> <span class='ocrx_word' id='word_1_305' title='bbox 306 2179 337 2205; x_wconf 94' lang='lat' dir='ltr'><strong>Vl</strong></span> <span class='ocrx_word' id='word_1_306' title='bbox 357 2179 390 2205; x_wconf 87' lang='lat'>37</span> <span class='ocrx_word' id='word_1_307' title='bbox 410 2186 437 2205; x_wconf 91' lang='lat' dir='ltr'><strong>v.</strong></span> <span class='ocrx_word' id='word_1_308' title='bbox 457 2181 472 2205; x_wconf 88' lang='grc'><strong>2</strong></span> 
     </span>
    </p>

    <p class='ocr_par' dir='ltr' id='par_1_9' title="bbox 122 2223 765 2471">
     <span class='ocr_line' id='line_1_46' title="bbox 175 2223 765 2257; baseline 0.003 -8"><span class='ocrx_word' id='word_1_309' title='bbox 175 2237 211 2242; x_wconf 94' lang='grc'>-</span> <span class='ocrx_word' id='word_1_310' title='bbox 230 2224 257 2249; x_wconf 92' lang='lat' dir='ltr'><strong>ln</strong></span> <span class='ocrx_word' id='word_1_311' title='bbox 273 2224 343 2249; x_wconf 89' lang='lat' dir='ltr'><strong>malo</strong></span> <span class='ocrx_word' id='word_1_312' title='bbox 356 2231 408 2250; x_wconf 92' lang='lat' dir='ltr'><strong>non</strong></span> <span class='ocrx_word' id='word_1_313' title='bbox 423 2223 501 2250; x_wconf 83' lang='lat' dir='ltr'><strong>debet</strong></span> <span class='ocrx_word' id='word_1_314' title='bbox 514 2225 594 2250; x_wconf 89' lang='lat' dir='ltr'><strong>homo</strong></span> <span class='ocrx_word' id='word_1_315' title='bbox 608 2232 765 2257; x_wconf 87' lang='lat' dir='ltr'><strong>permanere</strong></span> 
     </span>
     <span class='ocr_line' id='line_1_47' title="bbox 124 2267 765 2296; baseline 0.005 -3"><span class='ocrx_word' id='word_1_316' title='bbox 124 2267 157 2293; x_wconf 93' lang='lat' dir='ltr'><strong>Vl</strong></span> <span class='ocrx_word' id='word_1_317' title='bbox 177 2268 211 2294; x_wconf 92' lang='lat'><strong>65</strong></span> <span class='ocrx_word' id='word_1_318' title='bbox 230 2275 256 2294; x_wconf 92' lang='lat' dir='ltr'><strong>v.</strong></span> <span class='ocrx_word' id='word_1_319' title='bbox 276 2268 291 2293; x_wconf 97' lang='lat'><strong>4</strong></span> <span class='ocrx_word' id='word_1_320' title='bbox 311 2283 346 2286; x_wconf 97' lang='lat'><strong>—</strong></span> <span class='ocrx_word' id='word_1_321' title='bbox 366 2268 464 2294; x_wconf 89' lang='lat' dir='ltr'><strong>Volens</strong></span> <span class='ocrx_word' id='word_1_322' title='bbox 487 2269 566 2295; x_wconf 86' lang='lat' dir='ltr'><strong>latere</strong></span> <span class='ocrx_word' id='word_1_323' title='bbox 586 2269 612 2294; x_wconf 92' lang='lat' dir='ltr'><strong>in</strong></span> <span class='ocrx_word' id='word_1_324' title='bbox 632 2271 701 2295; x_wconf 90' lang='lat' dir='ltr'><strong>malo</strong></span> <span class='ocrx_word' id='word_1_325' title='bbox 727 2277 765 2296; x_wconf 87' lang='lat' dir='ltr'><strong>re-</strong></span> 
     </span>
     <span class='ocr_line' id='line_1_48' title="bbox 124 2312 764 2340; baseline 0.003 -2"><span class='ocrx_word' id='word_1_326' title='bbox 124 2312 193 2338; x_wconf 85' lang='lat' dir='ltr'><strong>cedit</strong></span> <span class='ocrx_word' id='word_1_327' title='bbox 211 2319 225 2338; x_wconf 90' lang='lat' dir='ltr'><strong>a</strong></span> <span class='ocrx_word' id='word_1_328' title='bbox 246 2313 311 2338; x_wconf 88' lang='lat' dir='ltr'><strong>facie</strong></span> <span class='ocrx_word' id='word_1_329' title='bbox 331 2313 376 2338; x_wconf 88' lang='lat' dir='ltr'><strong>Dei</strong></span> <span class='ocrx_word' id='word_1_330' title='bbox 396 2312 429 2339; x_wconf 82' lang='lat' dir='ltr'><strong>ib.</strong></span> <span class='ocrx_word' id='word_1_331' title='bbox 450 2320 476 2339; x_wconf 87' lang='lat' dir='ltr'><strong>v.</strong></span> <span class='ocrx_word' id='word_1_332' title='bbox 496 2314 510 2339; x_wconf 91' lang='lat'><strong>3</strong></span> <span class='ocrx_word' id='word_1_333' title='bbox 530 2328 566 2333; x_wconf 95' lang='lat'>—</span> <span class='ocrx_word' id='word_1_334' title='bbox 584 2313 703 2340; x_wconf 87' lang='lat' dir='ltr'><strong>Christus</strong></span> <span class='ocrx_word' id='word_1_335' title='bbox 718 2315 764 2340; x_wconf 88' lang='lat' dir='ltr'><strong>sal-</strong></span> 
     </span>
     <span class='ocr_line' id='line_1_49' title="bbox 123 2357 764 2390; baseline 0.003 -8"><span class='ocrx_word' id='word_1_336' title='bbox 123 2359 169 2382; x_wconf 91' lang='lat' dir='ltr'><strong>vat</strong></span> <span class='ocrx_word' id='word_1_337' title='bbox 187 2364 201 2382; x_wconf 94' lang='lat' dir='ltr'><strong>a</strong></span> <span class='ocrx_word' id='word_1_338' title='bbox 221 2357 290 2383; x_wconf 91' lang='lat' dir='ltr'><strong>malo</strong></span> <span class='ocrx_word' id='word_1_339' title='bbox 309 2358 415 2390; x_wconf 88' lang='lat' dir='ltr'><strong>culpae,</strong></span> <span class='ocrx_word' id='word_1_340' title='bbox 428 2364 442 2383; x_wconf 90' lang='lat' dir='ltr'><strong>a</strong></span> <span class='ocrx_word' id='word_1_341' title='bbox 458 2358 528 2384; x_wconf 91' lang='lat' dir='ltr'><strong>malo</strong></span> <span class='ocrx_word' id='word_1_342' title='bbox 547 2359 696 2385; x_wconf 86' lang='lat' dir='ltr'><strong>tentationis</strong></span> <span class='ocrx_word' id='word_1_343' title='bbox 708 2359 764 2384; x_wconf 90' lang='lat' dir='ltr'><strong>sive</strong></span> 
     </span>
     <span class='ocr_line' id='line_1_50' title="bbox 123 2402 760 2434; baseline 0.002 -7"><span class='ocrx_word' id='word_1_344' title='bbox 123 2408 244 2434; x_wconf 85' lang='lat' dir='ltr'><strong>pugnae,</strong></span> <span class='ocrx_word' id='word_1_345' title='bbox 264 2408 278 2426; x_wconf 89' lang='lat' dir='ltr'><strong>a</strong></span> <span class='ocrx_word' id='word_1_346' title='bbox 297 2402 366 2427; x_wconf 91' lang='lat' dir='ltr'><strong>malo</strong></span> <span class='ocrx_word' id='word_1_347' title='bbox 385 2409 487 2433; x_wconf 90' lang='lat' dir='ltr'><strong>poenae</strong></span> <span class='ocrx_word' id='word_1_348' title='bbox 506 2402 563 2428; x_wconf 83' lang='lat' dir='ltr'><strong>sive</strong></span> <span class='ocrx_word' id='word_1_349' title='bbox 577 2403 696 2428; x_wconf 86' lang='lat' dir='ltr'><strong>miseriae</strong></span> <span class='ocrx_word' id='word_1_350' title='bbox 709 2403 760 2429; x_wconf 83' lang='lat'><strong>557</strong></span> 
     </span>
     <span class='ocr_line' id='line_1_51' title="bbox 122 2445 202 2471; baseline 0 -1"><span class='ocrx_word' id='word_1_351' title='bbox 122 2452 149 2471; x_wconf 87' lang='grc' dir='ltr'><strong>ν.</strong></span> <span class='ocrx_word' id='word_1_352' title='bbox 170 2445 202 2470; x_wconf 91' lang='grc'><strong>42</strong></span> 
     </span>
    </p>

    <p class='ocr_par' dir='ltr' id='par_1_10' title="bbox 122 2490 764 2695">
     <span class='ocr_line' id='line_1_52' title="bbox 176 2490 764 2524; baseline 0.003 -9"><span class='ocrx_word' id='word_1_353' title='bbox 176 2504 210 2508; x_wconf 93' lang='lat'><strong>—-</strong></span> <span class='ocrx_word' id='word_1_354' title='bbox 231 2490 300 2515; x_wconf 90' lang='lat' dir='ltr'><strong>Deus</strong></span> <span class='ocrx_word' id='word_1_355' title='bbox 324 2490 358 2516; x_wconf 90' lang='lat' dir='ltr'><strong>de</strong></span> <span class='ocrx_word' id='word_1_356' title='bbox 383 2490 507 2516; x_wconf 90' lang='lat' dir='ltr'><strong>omnibus</strong></span> <span class='ocrx_word' id='word_1_357' title='bbox 526 2491 601 2517; x_wconf 89' lang='lat' dir='ltr'><strong>malis</strong></span> <span class='ocrx_word' id='word_1_358' title='bbox 620 2492 707 2524; x_wconf 78' lang='lat' dir='ltr'><strong>exiget</strong></span> <span class='ocrx_word' id='word_1_359' title='bbox 725 2499 764 2517; x_wconf 87' lang='lat' dir='ltr'><strong>ra-</strong></span> 
     </span>
     <span class='ocr_line' id='line_1_53' title="bbox 122 2533 764 2562; baseline 0.005 -3"><span class='ocrx_word' id='word_1_360' title='bbox 122 2533 218 2560; x_wconf 89' lang='lat' dir='ltr'><strong>tionem</strong></span> <span class='ocrx_word' id='word_1_361' title='bbox 239 2535 272 2560; x_wconf 97' lang='lat' dir='ltr'><strong>Vl</strong></span> <span class='ocrx_word' id='word_1_362' title='bbox 291 2535 325 2560; x_wconf 88' lang='lat'><strong>99</strong></span> <span class='ocrx_word' id='word_1_363' title='bbox 346 2542 372 2560; x_wconf 89' lang='grc' dir='ltr'><strong>ν.</strong></span> <span class='ocrx_word' id='word_1_364' title='bbox 392 2535 425 2560; x_wconf 89' lang='grc'><strong>14</strong></span> <span class='ocrx_word' id='word_1_365' title='bbox 445 2550 480 2553; x_wconf 92' lang='grc'>-</span> <span class='ocrx_word' id='word_1_366' title='bbox 498 2535 569 2561; x_wconf 88' lang='lat' dir='ltr'><strong>Deus</strong></span> <span class='ocrx_word' id='word_1_367' title='bbox 596 2543 701 2562; x_wconf 89' lang='lat' dir='ltr'><strong>summe</strong></span> <span class='ocrx_word' id='word_1_368' title='bbox 725 2537 764 2562; x_wconf 91' lang='lat' dir='ltr'><strong>iu-</strong></span> 
     </span>
     <span class='ocr_line' id='line_1_54' title="bbox 122 2579 764 2613; baseline 0.005 -9"><span class='ocrx_word' id='word_1_369' title='bbox 122 2581 178 2604; x_wconf 91' lang='lat' dir='ltr'><strong>stus</strong></span> <span class='ocrx_word' id='word_1_370' title='bbox 197 2579 314 2605; x_wconf 90' lang='lat' dir='ltr'><strong>vindicat</strong></span> <span class='ocrx_word' id='word_1_371' title='bbox 332 2580 399 2605; x_wconf 89' lang='lat' dir='ltr'><strong>mala</strong></span> <span class='ocrx_word' id='word_1_372' title='bbox 429 2579 462 2606; x_wconf 79' lang='lat'><strong>45</strong></span> <span class='ocrx_word' id='word_1_373' title='bbox 487 2587 513 2613; x_wconf 85' lang='lat' dir='ltr'><strong>q.</strong></span> <span class='ocrx_word' id='word_1_374' title='bbox 538 2581 553 2606; x_wconf 87' lang='grc'><strong>3</strong></span> <span class='ocrx_word' id='word_1_375' title='bbox 572 2594 608 2599; x_wconf 88' lang='grc'><strong>-</strong></span> <span class='ocrx_word' id='word_1_376' title='bbox 627 2581 698 2607; x_wconf 88' lang='lat' dir='ltr'><strong>Deus</strong></span> <span class='ocrx_word' id='word_1_377' title='bbox 715 2581 764 2607; x_wconf 87' lang='lat' dir='ltr'><strong>scit</strong></span> 
     </span>
     <span class='ocr_line' id='line_1_55' title="bbox 122 2622 762 2651; baseline 0.005 -3"><span class='ocrx_word' id='word_1_378' title='bbox 122 2623 196 2649; x_wconf 91' lang='lat' dir='ltr'><strong>malis</strong></span> <span class='ocrx_word' id='word_1_379' title='bbox 215 2622 283 2649; x_wconf 88' lang='lat' dir='ltr'><strong>bene</strong></span> <span class='ocrx_word' id='word_1_380' title='bbox 302 2624 339 2650; x_wconf 91' lang='lat' dir='ltr'><strong>uti</strong></span> <span class='ocrx_word' id='word_1_381' title='bbox 360 2624 393 2650; x_wconf 87' lang='lat'><strong>44</strong></span> <span class='ocrx_word' id='word_1_382' title='bbox 412 2632 439 2650; x_wconf 88' lang='grc' dir='ltr'><strong>ν.</strong></span> <span class='ocrx_word' id='word_1_383' title='bbox 459 2625 474 2650; x_wconf 87' lang='grc'>8</span> <span class='ocrx_word' id='word_1_384' title='bbox 494 2639 528 2643; x_wconf 73' lang='lat'>—</span> <span class='ocrx_word' id='word_1_385' title='bbox 547 2625 675 2651; x_wconf 88' lang='lat' dir='ltr'><strong>Dominus</strong></span> <span class='ocrx_word' id='word_1_386' title='bbox 695 2626 762 2651; x_wconf 89' lang='lat' dir='ltr'><strong>mala</strong></span> 
     </span>
     <span class='ocr_line' id='line_1_56' title="bbox 123 2668 548 2695; baseline 0.002 -2"><span class='ocrx_word' id='word_1_387' title='bbox 123 2668 184 2693; x_wconf 88' lang='lat' dir='ltr'><strong>facit</strong></span> <span class='ocrx_word' id='word_1_388' title='bbox 202 2670 291 2694; x_wconf 91' lang='lat' dir='ltr'><strong>contra</strong></span> <span class='ocrx_word' id='word_1_389' title='bbox 312 2669 395 2695; x_wconf 89' lang='lat' dir='ltr'><strong>malos</strong></span> <span class='ocrx_word' id='word_1_390' title='bbox 414 2669 447 2695; x_wconf 85' lang='lat'><strong>58</strong></span> <span class='ocrx_word' id='word_1_391' title='bbox 468 2677 494 2695; x_wconf 88' lang='lat' dir='ltr'><strong>v.</strong></span> <span class='ocrx_word' id='word_1_392' title='bbox 515 2669 548 2694; x_wconf 91' lang='grc'><strong>15</strong></span> 
     </span>
    </p>

    <p class='ocr_par' dir='ltr' id='par_1_11' title="bbox 120 2713 762 3186">
     <span class='ocr_line' id='line_1_57' title="bbox 174 2713 761 2745; baseline 0.005 -8"><span class='ocrx_word' id='word_1_393' title='bbox 174 2726 210 2730; x_wconf 84' lang='lat'>—</span> <span class='ocrx_word' id='word_1_394' title='bbox 228 2713 382 2745; x_wconf 87' lang='lat' dir='ltr'><strong>accipienda</strong></span> <span class='ocrx_word' id='word_1_395' title='bbox 401 2716 462 2739; x_wconf 91' lang='lat' dir='ltr'><strong>sunt</strong></span> <span class='ocrx_word' id='word_1_396' title='bbox 481 2713 507 2739; x_wconf 92' lang='lat' dir='ltr'><strong>in</strong></span> <span class='ocrx_word' id='word_1_397' title='bbox 536 2714 588 2739; x_wconf 81' lang='lat' dir='ltr'><strong>vita</strong></span> <span class='ocrx_word' id='word_1_398' title='bbox 610 2717 705 2745; x_wconf 85' lang='lat' dir='ltr'><strong>nostra,</strong></span> <span class='ocrx_word' id='word_1_399' title='bbox 733 2717 761 2740; x_wconf 91' lang='lat' dir='ltr'><strong>ut</strong></span> 
     </span>
     <span class='ocr_line' id='line_1_58' title="bbox 122 2757 762 2789; baseline 0.003 -7"><span class='ocrx_word' id='word_1_400' title='bbox 122 2760 182 2789; x_wconf 88' lang='lat' dir='ltr'><strong>post</strong></span> <span class='ocrx_word' id='word_1_401' title='bbox 200 2757 361 2789; x_wconf 83' lang='lat' dir='ltr'><strong>accipiamus</strong></span> <span class='ocrx_word' id='word_1_402' title='bbox 386 2757 454 2783; x_wconf 90' lang='lat' dir='ltr'><strong>bona</strong></span> <span class='ocrx_word' id='word_1_403' title='bbox 475 2758 518 2783; x_wconf 84' lang='lat' dir='ltr'><strong>Vll</strong></span> <span class='ocrx_word' id='word_1_404' title='bbox 539 2758 589 2784; x_wconf 87' lang='grc'><strong>422</strong></span> <span class='ocrx_word' id='word_1_405' title='bbox 610 2758 643 2783; x_wconf 85' lang='grc'><strong>55</strong></span> <span class='ocrx_word' id='word_1_406' title='bbox 662 2772 698 2778; x_wconf 86' lang='lat'><strong>——</strong></span> <span class='ocrx_word' id='word_1_407' title='bbox 716 2759 762 2784; x_wconf 91' lang='lat' dir='ltr'><strong>Bo-</strong></span> 
     </span>
     <span class='ocr_line' id='line_1_59' title="bbox 121 2801 761 2836; baseline 0.005 -10"><span class='ocrx_word' id='word_1_408' title='bbox 121 2801 163 2826; x_wconf 86' lang='lat' dir='ltr'><strong>nis</strong></span> <span class='ocrx_word' id='word_1_409' title='bbox 182 2801 248 2826; x_wconf 92' lang='lat' dir='ltr'><strong>mala</strong></span> <span class='ocrx_word' id='word_1_410' title='bbox 268 2802 413 2828; x_wconf 90' lang='lat' dir='ltr'><strong>succedunt</strong></span> <span class='ocrx_word' id='word_1_411' title='bbox 432 2802 465 2827; x_wconf 88' lang='lat' dir='ltr'><strong>Vl</strong></span> <span class='ocrx_word' id='word_1_412' title='bbox 485 2802 518 2827; x_wconf 87' lang='lat'>69</span> <span class='ocrx_word' id='word_1_413' title='bbox 536 2810 562 2828; x_wconf 87' lang='lat' dir='ltr'><strong>v.</strong></span> <span class='ocrx_word' id='word_1_414' title='bbox 583 2802 615 2828; x_wconf 86' lang='grc'><strong>14</strong></span> <span class='ocrx_word' id='word_1_415' title='bbox 629 2817 664 2822; x_wconf 90' lang='grc'><strong>-</strong></span> <span class='ocrx_word' id='word_1_416' title='bbox 677 2810 761 2836; x_wconf 89' lang='lat' dir='ltr'><strong>aeque</strong></span> 
     </span>
     <span class='ocr_line' id='line_1_60' title="bbox 121 2845 759 2880; baseline 0.006 -10"><span class='ocrx_word' id='word_1_417' title='bbox 121 2845 246 2871; x_wconf 85' lang='lat' dir='ltr'><strong>eveniunt</strong></span> <span class='ocrx_word' id='word_1_418' title='bbox 264 2845 333 2871; x_wconf 90' lang='lat' dir='ltr'><strong>iusto</strong></span> <span class='ocrx_word' id='word_1_419' title='bbox 352 2849 378 2871; x_wconf 91' lang='lat' dir='ltr'><strong>et</strong></span> <span class='ocrx_word' id='word_1_420' title='bbox 391 2846 472 2878; x_wconf 88' lang='lat' dir='ltr'><strong>impio</strong></span> <span class='ocrx_word' id='word_1_421' title='bbox 485 2846 514 2871; x_wconf 90' lang='grc'><strong>71</strong></span> <span class='ocrx_word' id='word_1_422' title='bbox 534 2854 559 2871; x_wconf 90' lang='lat' dir='ltr'><strong>v.</strong></span> <span class='ocrx_word' id='word_1_423' title='bbox 574 2848 600 2872; x_wconf 90' lang='grc'><strong>2.</strong></span> <span class='ocrx_word' id='word_1_424' title='bbox 612 2846 646 2872; x_wconf 88' lang='grc'><strong>73</strong></span> <span class='ocrx_word' id='word_1_425' title='bbox 660 2855 686 2880; x_wconf 84' lang='lat'><strong>(1.</strong></span> <span class='ocrx_word' id='word_1_426' title='bbox 701 2849 716 2873; x_wconf 94' lang='grc'><strong>2</strong></span> <span class='ocrx_word' id='word_1_427' title='bbox 731 2848 759 2874; x_wconf 79' lang='lat'><strong>3*</strong></span> 
     </span>
     <span class='ocr_line' id='line_1_61' title="bbox 122 2889 760 2926; baseline 0.008 -13"><span class='ocrx_word' id='word_1_428' title='bbox 122 2903 155 2907; x_wconf 90' lang='lat'>—</span> <span class='ocrx_word' id='word_1_429' title='bbox 175 2890 200 2926; x_wconf 84' lang='lat' dir='ltr'><strong>ln</strong></span> <span class='ocrx_word' id='word_1_430' title='bbox 221 2889 352 2921; x_wconf 84' lang='lat' dir='ltr'><strong>praesenti</strong></span> <span class='ocrx_word' id='word_1_431' title='bbox 372 2890 439 2915; x_wconf 90' lang='lat' dir='ltr'><strong>mala</strong></span> <span class='ocrx_word' id='word_1_432' title='bbox 459 2889 535 2916; x_wconf 88' lang='lat' dir='ltr'><strong>bonis</strong></span> <span class='ocrx_word' id='word_1_433' title='bbox 553 2893 579 2916; x_wconf 85' lang='lat' dir='ltr'><strong>et</strong></span> <span class='ocrx_word' id='word_1_434' title='bbox 598 2890 665 2916; x_wconf 89' lang='lat' dir='ltr'><strong>bona</strong></span> <span class='ocrx_word' id='word_1_435' title='bbox 686 2892 760 2918; x_wconf 90' lang='lat' dir='ltr'><strong>malis</strong></span> 
     </span>
     <span class='ocr_line' id='line_1_62' title="bbox 121 2933 760 2967; baseline 0.006 -9"><span class='ocrx_word' id='word_1_436' title='bbox 121 2933 278 2965; x_wconf 86' lang='lat' dir='ltr'><strong>contingunt</strong></span> <span class='ocrx_word' id='word_1_437' title='bbox 307 2934 340 2959; x_wconf 84' lang='lat'>36</span> <span class='ocrx_word' id='word_1_438' title='bbox 361 2941 386 2966; x_wconf 82' lang='lat' dir='ltr'><strong>q.</strong></span> <span class='ocrx_word' id='word_1_439' title='bbox 407 2935 422 2959; x_wconf 94' lang='grc'><strong>2</strong></span> <span class='ocrx_word' id='word_1_440' title='bbox 444 2948 477 2952; x_wconf 83' lang='grc'>-</span> <span class='ocrx_word' id='word_1_441' title='bbox 496 2934 572 2967; x_wconf 85' lang='lat' dir='ltr'><strong>Quod</strong></span> <span class='ocrx_word' id='word_1_442' title='bbox 592 2935 668 2960; x_wconf 88' lang='lat' dir='ltr'><strong>bonis</strong></span> <span class='ocrx_word' id='word_1_443' title='bbox 692 2937 760 2962; x_wconf 90' lang='lat' dir='ltr'><strong>mala</strong></span> 
     </span>
     <span class='ocr_line' id='line_1_63' title="bbox 121 2978 760 3013; baseline 0.003 -10"><span class='ocrx_word' id='word_1_444' title='bbox 121 2978 247 3003; x_wconf 89' lang='lat' dir='ltr'><strong>eveniunt</strong></span> <span class='ocrx_word' id='word_1_445' title='bbox 266 2978 289 3003; x_wconf 92' lang='lat' dir='ltr'><strong>in</strong></span> <span class='ocrx_word' id='word_1_446' title='bbox 304 2978 448 3010; x_wconf 86' lang='lat' dir='ltr'><strong>praesenti,</strong></span> <span class='ocrx_word' id='word_1_447' title='bbox 461 2981 500 3004; x_wconf 89' lang='lat' dir='ltr'><strong>est</strong></span> <span class='ocrx_word' id='word_1_448' title='bbox 512 2979 613 3004; x_wconf 88' lang='lat' dir='ltr'><strong>donum</strong></span> <span class='ocrx_word' id='word_1_449' title='bbox 628 2979 673 3004; x_wconf 91' lang='lat' dir='ltr'><strong>Dei</strong></span> <span class='ocrx_word' id='word_1_450' title='bbox 687 2979 721 3005; x_wconf 91' lang='lat'>70</span> <span class='ocrx_word' id='word_1_451' title='bbox 734 2987 760 3013; x_wconf 85' lang='lat' dir='ltr'><strong>q.</strong></span> 
     </span>
     <span class='ocr_line' id='line_1_64' title="bbox 120 3022 761 3055; baseline 0.003 -8"><span class='ocrx_word' id='word_1_452' title='bbox 120 3035 155 3041; x_wconf 91' lang='lat'><strong>-—</strong></span> <span class='ocrx_word' id='word_1_453' title='bbox 174 3022 252 3047; x_wconf 90' lang='lat' dir='ltr'><strong>Bonis</strong></span> <span class='ocrx_word' id='word_1_454' title='bbox 272 3022 338 3047; x_wconf 90' lang='lat' dir='ltr'><strong>mala</strong></span> <span class='ocrx_word' id='word_1_455' title='bbox 358 3023 496 3053; x_wconf 84' lang='lat' dir='ltr'><strong>eveniunt,</strong></span> <span class='ocrx_word' id='word_1_456' title='bbox 517 3026 544 3048; x_wconf 88' lang='lat' dir='ltr'><strong>ut</strong></span> <span class='ocrx_word' id='word_1_457' title='bbox 557 3023 599 3048; x_wconf 90' lang='lat' dir='ltr'><strong>hic</strong></span> <span class='ocrx_word' id='word_1_458' title='bbox 616 3027 761 3055; x_wconf 77' lang='lat' dir='ltr'><strong>purgentur</strong></span> 
     </span>
     <span class='ocr_line' id='line_1_65' title="bbox 120 3066 761 3100; baseline 0.002 -9"><span class='ocrx_word' id='word_1_459' title='bbox 120 3069 145 3091; x_wconf 80' lang='lat' dir='ltr'><strong>et</strong></span> <span class='ocrx_word' id='word_1_460' title='bbox 164 3066 327 3092; x_wconf 85' lang='lat' dir='ltr'><strong>aeternaliter</strong></span> <span class='ocrx_word' id='word_1_461' title='bbox 346 3066 525 3098; x_wconf 89' lang='lat' dir='ltr'><strong>praemientur</strong></span> <span class='ocrx_word' id='word_1_462' title='bbox 545 3067 577 3092; x_wconf 89' lang='grc'><strong>46</strong></span> <span class='ocrx_word' id='word_1_463' title='bbox 597 3074 624 3100; x_wconf 79' lang='lat' dir='ltr'><strong>q.</strong></span> <span class='ocrx_word' id='word_1_464' title='bbox 644 3066 659 3092; x_wconf 89' lang='grc'><strong><em>4</em></strong></span> <span class='ocrx_word' id='word_1_465' title='bbox 679 3067 707 3085; x_wconf 73' lang='lat'><strong>‘³&#39;</strong></span> <span class='ocrx_word' id='word_1_466' title='bbox 725 3082 761 3086; x_wconf 78' lang='lat'>—</span> 
     </span>
     <span class='ocr_line' id='line_1_66' title="bbox 121 3110 761 3143; baseline 0.003 -8"><span class='ocrx_word' id='word_1_467' title='bbox 121 3110 209 3141; x_wconf 88' lang='lat' dir='ltr'><strong>impiis</strong></span> <span class='ocrx_word' id='word_1_468' title='bbox 228 3110 412 3141; x_wconf 88' lang='lat' dir='ltr'><strong>peccatoribus</strong></span> <span class='ocrx_word' id='word_1_469' title='bbox 430 3114 456 3136; x_wconf 87' lang='lat' dir='ltr'><strong>et</strong></span> <span class='ocrx_word' id='word_1_470' title='bbox 476 3110 659 3143; x_wconf 85' lang='lat' dir='ltr'><strong>insipientibus</strong></span> <span class='ocrx_word' id='word_1_471' title='bbox 672 3112 761 3137; x_wconf 89' lang='lat' dir='ltr'><strong>omnia</strong></span> 
     </span>
     <span class='ocr_line' id='line_1_67' title="bbox 120 3154 760 3186; baseline 0.005 -8"><span class='ocrx_word' id='word_1_472' title='bbox 120 3156 309 3179; x_wconf 89' lang='lat' dir='ltr'><strong>convertuntur</strong></span> <span class='ocrx_word' id='word_1_473' title='bbox 339 3154 363 3180; x_wconf 91' lang='lat' dir='ltr'><strong>in</strong></span> <span class='ocrx_word' id='word_1_474' title='bbox 389 3155 455 3180; x_wconf 87' lang='lat' dir='ltr'><strong>mala</strong></span> <span class='ocrx_word' id='word_1_475' title='bbox 476 3161 523 3186; x_wconf 92' lang='lat' dir='ltr'><strong>per</strong></span> <span class='ocrx_word' id='word_1_476' title='bbox 543 3155 707 3181; x_wconf 84' lang='lat' dir='ltr'><strong>occasionem</strong></span> <span class='ocrx_word' id='word_1_477' title='bbox 727 3156 760 3181; x_wconf 89' lang='grc'><strong>26</strong></span> 
     </span>
    </p>
   </div>
   <div class='ocr_carea' id='block_1_3' title="bbox 120 3197 185 3230">
    <p class='ocr_par' dir='ltr' id='par_1_12' title="bbox 120 3197 185 3230">
     <span class='ocr_line' id='line_1_68' title="bbox 120 3197 185 3230; baseline 0 -7"><span class='ocrx_word' id='word_1_478' title='bbox 120 3197 185 3230; x_wconf 89' lang='lat' dir='ltr'><strong>q.4</strong></span> 
     </span>
    </p>
   </div>
   <div class='ocr_carea' id='block_1_4' title="bbox 778 1842 787 3125">
    <p class='ocr_par' dir='ltr' id='par_1_13' title="bbox 778 1842 787 3125">
     <span class='ocr_line' id='line_1_69' title="bbox 778 1842 787 3125; baseline 0 0"><span class='ocrx_word' id='word_1_479' title='bbox 778 1842 787 3125; x_wconf 95' lang='lat' dir='ltr'><strong> </strong></span> 
     </span>
    </p>
   </div>
   <div class='ocr_carea' id='block_1_5' title="bbox 800 175 1458 210">
    <p class='ocr_par' dir='ltr' id='par_1_14' title="bbox 800 175 1458 210">
     <span class='ocr_line' id='line_1_70' title="bbox 800 175 1458 210; baseline 0.002 -2"><span class='ocrx_word' id='word_1_480' title='bbox 800 176 836 208; x_wconf 89' lang='grc' dir='ltr'><strong>ΙΝ</strong></span> <span class='ocrx_word' id='word_1_481' title='bbox 860 175 1154 209; x_wconf 78' lang='lat' dir='ltr'><strong>COMMENTARtOS</strong></span> <span class='ocrx_word' id='word_1_482' title='bbox 1177 177 1207 209; x_wconf 88' lang='lat' dir='ltr'><strong>S.</strong></span> <span class='ocrx_word' id='word_1_483' title='bbox 1231 177 1458 210; x_wconf 76' lang='lat' dir='ltr'><strong>SCRIPTURAE</strong></span> 
     </span>
    </p>
   </div>
   <div class='ocr_carea' id='block_1_6' title="bbox 797 264 1453 3236">
    <p class='ocr_par' dir='ltr' id='par_1_15' title="bbox 810 264 1453 429">
     <span class='ocr_line' id='line_1_71' title="bbox 812 264 1453 296; baseline 0.003 -7"><span class='ocrx_word' id='word_1_484' title='bbox 812 265 981 296; x_wconf 89' lang='lat' dir='ltr'><strong>perferuntur</strong></span> <span class='ocrx_word' id='word_1_485' title='bbox 1000 271 1060 290; x_wconf 89' lang='lat' dir='ltr'><strong>cum</strong></span> <span class='ocrx_word' id='word_1_486' title='bbox 1085 264 1213 290; x_wconf 87' lang='lat' dir='ltr'><strong>memoria</strong></span> <span class='ocrx_word' id='word_1_487' title='bbox 1242 264 1385 291; x_wconf 86' lang='lat' dir='ltr'><strong>verborum</strong></span> <span class='ocrx_word' id='word_1_488' title='bbox 1407 266 1453 291; x_wconf 87' lang='lat' dir='ltr'><strong>Dei</strong></span> 
     </span>
     <span class='ocr_line' id='line_1_72' title="bbox 813 307 1452 342; baseline 0.002 -8"><span class='ocrx_word' id='word_1_489' title='bbox 813 307 863 334; x_wconf 93' lang='grc'><strong>455</strong></span> <span class='ocrx_word' id='word_1_490' title='bbox 884 308 899 334; x_wconf 88' lang='grc'><strong><em>4</em></strong></span> <span class='ocrx_word' id='word_1_491' title='bbox 918 323 954 326; x_wconf 92' lang='grc'><strong>-</strong></span> <span class='ocrx_word' id='word_1_492' title='bbox 973 308 1066 334; x_wconf 91' lang='lat' dir='ltr'><strong>mundi</strong></span> <span class='ocrx_word' id='word_1_493' title='bbox 1085 307 1246 334; x_wconf 86' lang='lat' dir='ltr'><strong>tolerabilius</strong></span> <span class='ocrx_word' id='word_1_494' title='bbox 1261 309 1452 342; x_wconf 86' lang='lat' dir='ltr'><strong>suscipiuntur,</strong></span> 
     </span>
     <span class='ocr_line' id='line_1_73' title="bbox 810 352 1450 385; baseline 0.005 -8"><span class='ocrx_word' id='word_1_495' title='bbox 810 352 918 385; x_wconf 86' lang='lat' dir='ltr'><strong>quando</strong></span> <span class='ocrx_word' id='word_1_496' title='bbox 932 355 1193 384; x_wconf 86' lang='lat' dir='ltr'><strong>praecognoscuntur</strong></span> <span class='ocrx_word' id='word_1_497' title='bbox 1204 353 1246 379; x_wconf 95' lang='lat' dir='ltr'><strong>Vll</strong></span> <span class='ocrx_word' id='word_1_498' title='bbox 1258 353 1310 379; x_wconf 90' lang='grc'><strong>524</strong></span> <span class='ocrx_word' id='word_1_499' title='bbox 1323 354 1355 379; x_wconf 90' lang='grc'><strong>12</strong></span> <span class='ocrx_word' id='word_1_500' title='bbox 1368 369 1403 372; x_wconf 91' lang='grc'><strong>-</strong></span> <span class='ocrx_word' id='word_1_501' title='bbox 1418 354 1450 380; x_wconf 87' lang='lat' dir='ltr'><strong>ad</strong></span> 
     </span>
     <span class='ocr_line' id='line_1_74' title="bbox 811 397 1452 429; baseline 0.003 -7"><span class='ocrx_word' id='word_1_502' title='bbox 811 397 894 422; x_wconf 89' lang='lat' dir='ltr'><strong>Deum</strong></span> <span class='ocrx_word' id='word_1_503' title='bbox 909 397 946 422; x_wconf 86' lang='lat' dir='ltr'><strong>ire</strong></span> <span class='ocrx_word' id='word_1_504' title='bbox 960 397 1122 429; x_wconf 90' lang='lat' dir='ltr'><strong>compellunt</strong></span> <span class='ocrx_word' id='word_1_505' title='bbox 1133 397 1165 422; x_wconf 88' lang='lat' dir='ltr'><strong>Vl</strong></span> <span class='ocrx_word' id='word_1_506' title='bbox 1179 397 1230 423; x_wconf 90' lang='grc'><strong>294</strong></span> <span class='ocrx_word' id='word_1_507' title='bbox 1244 398 1285 423; x_wconf 91' lang='grc'><strong>29.</strong></span> <span class='ocrx_word' id='word_1_508' title='bbox 1300 398 1343 424; x_wconf 94' lang='lat' dir='ltr'><strong>Vll</strong></span> <span class='ocrx_word' id='word_1_509' title='bbox 1357 398 1406 424; x_wconf 88' lang='grc'><strong>146</strong></span> <span class='ocrx_word' id='word_1_510' title='bbox 1419 398 1452 424; x_wconf 90' lang='grc'><strong>45</strong></span> 
     </span>
    </p>

    <p class='ocr_par' dir='ltr' id='par_1_16' title="bbox 809 441 1452 556">
     <span class='ocr_line' id='line_1_75' title="bbox 863 441 1452 474; baseline 0.003 -8"><span class='ocrx_word' id='word_1_511' title='bbox 863 441 991 467; x_wconf 65' lang='lat' dir='ltr'><strong>Mannum</strong></span> <span class='ocrx_word' id='word_1_512' title='bbox 1019 454 1055 460; x_wconf 88' lang='lat'><strong>—-</strong></span> <span class='ocrx_word' id='word_1_513' title='bbox 1082 441 1170 473; x_wconf 82' lang='lat' dir='ltr'><strong>lingua</strong></span> <span class='ocrx_word' id='word_1_514' title='bbox 1199 442 1325 474; x_wconf 87' lang='lat' dir='ltr'><strong>Syrorum</strong></span> <span class='ocrx_word' id='word_1_515' title='bbox 1346 442 1452 469; x_wconf 88' lang='lat' dir='ltr'><strong>divitiae</strong></span> 
     </span>
     <span class='ocr_line' id='line_1_76' title="bbox 809 485 1452 518; baseline 0.005 -8"><span class='ocrx_word' id='word_1_516' title='bbox 809 485 934 511; x_wconf 81' lang='lat' dir='ltr'><strong>dleuntur</strong></span> <span class='ocrx_word' id='word_1_517' title='bbox 954 485 996 511; x_wconf 87' lang='lat' dir='ltr'><strong>Vll</strong></span> <span class='ocrx_word' id='word_1_518' title='bbox 1018 485 1068 511; x_wconf 85' lang='lat'><strong>408</strong></span> <span class='ocrx_word' id='word_1_519' title='bbox 1090 485 1123 511; x_wconf 88' lang='grc'><strong>14</strong></span> <span class='ocrx_word' id='word_1_520' title='bbox 1142 500 1178 504; x_wconf 85' lang='lat'><strong>——-</strong></span> <span class='ocrx_word' id='word_1_521' title='bbox 1197 486 1285 518; x_wconf 85' lang='lat' dir='ltr'><strong>lingna</strong></span> <span class='ocrx_word' id='word_1_522' title='bbox 1307 487 1401 513; x_wconf 76' lang='lat' dir='ltr'><strong>Punica</strong></span> <span class='ocrx_word' id='word_1_523' title='bbox 1415 488 1452 513; x_wconf 91' lang='lat' dir='ltr'><strong>di-</strong></span> 
     </span>
     <span class='ocr_line' id='line_1_77' title="bbox 809 529 1080 556; baseline 0 -1"><span class='ocrx_word' id='word_1_524' title='bbox 809 530 876 555; x_wconf 88' lang='lat' dir='ltr'><strong>citur</strong></span> <span class='ocrx_word' id='word_1_525' title='bbox 895 530 997 555; x_wconf 91' lang='lat' dir='ltr'><strong>lucrum</strong></span> <span class='ocrx_word' id='word_1_526' title='bbox 1017 529 1080 556; x_wconf 83' lang='lat' dir='ltr'><strong>ibid.</strong></span> 
     </span>
    </p>

    <p class='ocr_par' dir='ltr' id='par_1_17' title="bbox 808 574 1451 734">
     <span class='ocr_line' id='line_1_78' title="bbox 862 574 1451 607; baseline 0.005 -8"><span class='ocrx_word' id='word_1_527' title='bbox 862 574 986 600; x_wconf 75' lang='grc' dir='ltr'><strong>ΜΛΝοΛτΑ</strong></span> <span class='ocrx_word' id='word_1_528' title='bbox 1007 588 1040 592; x_wconf 94' lang='grc'>-</span> <span class='ocrx_word' id='word_1_529' title='bbox 1059 580 1090 599; x_wconf 88' lang='lat' dir='ltr'><strong>ex</strong></span> <span class='ocrx_word' id='word_1_530' title='bbox 1114 580 1161 600; x_wconf 92' lang='lat' dir='ltr'><strong>ore</strong></span> <span class='ocrx_word' id='word_1_531' title='bbox 1180 575 1226 600; x_wconf 89' lang='lat' dir='ltr'><strong>Dei</strong></span> <span class='ocrx_word' id='word_1_532' title='bbox 1252 575 1400 607; x_wconf 85' lang='lat' dir='ltr'><strong>procedunt</strong></span> <span class='ocrx_word' id='word_1_533' title='bbox 1419 577 1451 602; x_wconf 92' lang='lat' dir='ltr'><strong>Vl</strong></span> 
     </span>
     <span class='ocr_line' id='line_1_79' title="bbox 809 618 1450 646; baseline 0.005 -3"><span class='ocrx_word' id='word_1_534' title='bbox 809 618 843 643; x_wconf 87' lang='lat'><strong>65</strong></span> <span class='ocrx_word' id='word_1_535' title='bbox 862 625 888 644; x_wconf 93' lang='grc' dir='ltr'><strong>ν.</strong></span> <span class='ocrx_word' id='word_1_536' title='bbox 910 619 925 644; x_wconf 94' lang='grc'><strong>2</strong></span> <span class='ocrx_word' id='word_1_537' title='bbox 944 632 980 637; x_wconf 87' lang='grc'><strong>-</strong></span> <span class='ocrx_word' id='word_1_538' title='bbox 999 619 1045 644; x_wconf 85' lang='lat' dir='ltr'><strong>Dei</strong></span> <span class='ocrx_word' id='word_1_539' title='bbox 1064 621 1125 644; x_wconf 91' lang='lat' dir='ltr'><strong>sunt</strong></span> <span class='ocrx_word' id='word_1_540' title='bbox 1144 619 1219 645; x_wconf 89' lang='lat' dir='ltr'><strong>flrma</strong></span> <span class='ocrx_word' id='word_1_541' title='bbox 1245 623 1271 645; x_wconf 91' lang='lat' dir='ltr'><strong>et</strong></span> <span class='ocrx_word' id='word_1_542' title='bbox 1290 619 1450 646; x_wconf 86' lang='lat' dir='ltr'><strong>inviolabilia</strong></span> 
     </span>
     <span class='ocr_line' id='line_1_80' title="bbox 808 662 1451 696; baseline 0.003 -7"><span class='ocrx_word' id='word_1_543' title='bbox 808 662 872 689; x_wconf 81' lang='lat' dir='ltr'><strong>ibid.</strong></span> <span class='ocrx_word' id='word_1_544' title='bbox 893 677 928 682; x_wconf 98' lang='lat'><strong>—</strong></span> <span class='ocrx_word' id='word_1_545' title='bbox 941 663 987 689; x_wconf 91' lang='lat' dir='ltr'><strong>Dei</strong></span> <span class='ocrx_word' id='word_1_546' title='bbox 1001 670 1061 689; x_wconf 91' lang='lat' dir='ltr'><strong>cum</strong></span> <span class='ocrx_word' id='word_1_547' title='bbox 1076 667 1153 696; x_wconf 89' lang='lat' dir='ltr'><strong>pacto</strong></span> <span class='ocrx_word' id='word_1_548' title='bbox 1170 666 1195 689; x_wconf 91' lang='lat' dir='ltr'><strong>et</strong></span> <span class='ocrx_word' id='word_1_549' title='bbox 1209 664 1378 691; x_wconf 89' lang='lat' dir='ltr'><strong>iureiurando</strong></span> <span class='ocrx_word' id='word_1_550' title='bbox 1390 665 1451 691; x_wconf 84' lang='lat' dir='ltr'><strong>data</strong></span> 
     </span>
     <span class='ocr_line' id='line_1_81' title="bbox 808 707 951 734; baseline 0 -1"><span class='ocrx_word' id='word_1_551' title='bbox 808 711 870 733; x_wconf 88' lang='lat' dir='ltr'><strong>sunt</strong></span> <span class='ocrx_word' id='word_1_552' title='bbox 889 707 951 734; x_wconf 86' lang='lat' dir='ltr'><strong>ibid.</strong></span> 
     </span>
    </p>

    <p class='ocr_par' dir='ltr' id='par_1_18' title="bbox 807 752 1452 1002">
     <span class='ocr_line' id='line_1_82' title="bbox 862 752 1451 786; baseline 0.003 -9"><span class='ocrx_word' id='word_1_553' title='bbox 862 766 898 771; x_wconf 98' lang='lat'><strong>—</strong></span> <span class='ocrx_word' id='word_1_554' title='bbox 917 752 998 778; x_wconf 90' lang='lat' dir='ltr'><strong>multa</strong></span> <span class='ocrx_word' id='word_1_555' title='bbox 1017 754 1078 778; x_wconf 91' lang='lat' dir='ltr'><strong>sunt</strong></span> <span class='ocrx_word' id='word_1_556' title='bbox 1097 759 1144 784; x_wconf 90' lang='lat' dir='ltr'><strong>per</strong></span> <span class='ocrx_word' id='word_1_557' title='bbox 1163 752 1342 779; x_wconf 83' lang='lat' dir='ltr'><strong>diversitatem</strong></span> <span class='ocrx_word' id='word_1_558' title='bbox 1362 754 1451 786; x_wconf 83' lang='lat' dir='ltr'><strong>operis</strong></span> 
     </span>
     <span class='ocr_line' id='line_1_83' title="bbox 809 796 1451 829; baseline 0.002 -7"><span class='ocrx_word' id='word_1_559' title='bbox 809 797 842 822; x_wconf 97' lang='lat' dir='ltr'><strong>Vl</strong></span> <span class='ocrx_word' id='word_1_560' title='bbox 861 796 895 822; x_wconf 88' lang='grc'><strong>67</strong></span> <span class='ocrx_word' id='word_1_561' title='bbox 915 803 941 829; x_wconf 85' lang='lat' dir='ltr'><strong>q.</strong></span> <span class='ocrx_word' id='word_1_562' title='bbox 963 797 978 822; x_wconf 89' lang='grc'>3</span> <span class='ocrx_word' id='word_1_563' title='bbox 991 810 1027 816; x_wconf 89' lang='lat'><strong>—-</strong></span> <span class='ocrx_word' id='word_1_564' title='bbox 1041 796 1139 822; x_wconf 89' lang='lat' dir='ltr'><strong>habent</strong></span> <span class='ocrx_word' id='word_1_565' title='bbox 1152 797 1278 823; x_wconf 90' lang='lat' dir='ltr'><strong>unitatem</strong></span> <span class='ocrx_word' id='word_1_566' title='bbox 1298 801 1324 823; x_wconf 88' lang='lat' dir='ltr'><strong>et</strong></span> <span class='ocrx_word' id='word_1_567' title='bbox 1343 798 1368 823; x_wconf 93' lang='lat' dir='ltr'><strong>in</strong></span> <span class='ocrx_word' id='word_1_568' title='bbox 1381 804 1451 824; x_wconf 90' lang='lat' dir='ltr'><strong>com-</strong></span> 
     </span>
     <span class='ocr_line' id='line_1_84' title="bbox 809 841 1452 875; baseline 0.003 -9"><span class='ocrx_word' id='word_1_569' title='bbox 809 841 944 873; x_wconf 90' lang='lat' dir='ltr'><strong>paratione</strong></span> <span class='ocrx_word' id='word_1_570' title='bbox 963 842 997 867; x_wconf 80' lang='lat' dir='ltr'><strong>ad</strong></span> <span class='ocrx_word' id='word_1_571' title='bbox 1017 841 1201 875; x_wconf 78' lang='lat' dir='ltr'><strong>mandantem,</strong></span> <span class='ocrx_word' id='word_1_572' title='bbox 1219 841 1406 868; x_wconf 81' lang='lat' dir='ltr'><strong>observantem</strong></span> <span class='ocrx_word' id='word_1_573' title='bbox 1426 846 1452 869; x_wconf 91' lang='lat' dir='ltr'><strong>et</strong></span> 
     </span>
     <span class='ocr_line' id='line_1_85' title="bbox 808 885 1449 919; baseline 0.003 -8"><span class='ocrx_word' id='word_1_574' title='bbox 808 886 888 911; x_wconf 89' lang='lat' dir='ltr'><strong>finem</strong></span> <span class='ocrx_word' id='word_1_575' title='bbox 917 885 981 912; x_wconf 88' lang='lat' dir='ltr'><strong>ibid.</strong></span> <span class='ocrx_word' id='word_1_576' title='bbox 1008 900 1044 905; x_wconf 97' lang='lat'><strong>—</strong></span> <span class='ocrx_word' id='word_1_577' title='bbox 1072 886 1122 918; x_wconf 82' lang='lat' dir='ltr'><strong>Qui</strong></span> <span class='ocrx_word' id='word_1_578' title='bbox 1151 887 1342 919; x_wconf 84' lang='lat' dir='ltr'><strong>transgreditur</strong></span> <span class='ocrx_word' id='word_1_579' title='bbox 1367 895 1449 913; x_wconf 87' lang='lat' dir='ltr'><strong>unum</strong></span> 
     </span>
     <span class='ocr_line' id='line_1_86' title="bbox 808 931 1451 963; baseline 0.003 -7"><span class='ocrx_word' id='word_1_580' title='bbox 808 931 962 956; x_wconf 88' lang='lat' dir='ltr'><strong>mandatum</strong></span> <span class='ocrx_word' id='word_1_581' title='bbox 982 938 1035 956; x_wconf 76' lang='lat' dir='ltr'><strong>nor.</strong></span> <span class='ocrx_word' id='word_1_582' title='bbox 1055 933 1142 963; x_wconf 86' lang='lat' dir='ltr'><strong>potest</strong></span> <span class='ocrx_word' id='word_1_583' title='bbox 1160 938 1218 957; x_wconf 85' lang='lat' dir='ltr'><strong>esse</strong></span> <span class='ocrx_word' id='word_1_584' title='bbox 1237 931 1365 958; x_wconf 84' lang='lat' dir='ltr'><strong>obediens</strong></span> <span class='ocrx_word' id='word_1_585' title='bbox 1378 939 1451 958; x_wconf 90' lang='lat' dir='ltr'><strong>man-</strong></span> 
     </span>
     <span class='ocr_line' id='line_1_87' title="bbox 807 974 962 1002; baseline -0.006 -1"><span class='ocrx_word' id='word_1_586' title='bbox 807 975 880 1001; x_wconf 88' lang='lat' dir='ltr'><strong>danti</strong></span> <span class='ocrx_word' id='word_1_587' title='bbox 900 974 962 1002; x_wconf 84' lang='lat' dir='ltr'><strong>ibid.</strong></span> 
     </span>
    </p>

    <p class='ocr_par' dir='ltr' id='par_1_19' title="bbox 805 1020 1450 1453">
     <span class='ocr_line' id='line_1_88' title="bbox 861 1020 1450 1053; baseline 0.003 -7"><span class='ocrx_word' id='word_1_588' title='bbox 861 1035 896 1039; x_wconf 97' lang='lat'>—</span> <span class='ocrx_word' id='word_1_589' title='bbox 921 1020 1088 1047; x_wconf 89' lang='lat' dir='ltr'><strong>observanda</strong></span> <span class='ocrx_word' id='word_1_590' title='bbox 1113 1024 1174 1047; x_wconf 90' lang='lat' dir='ltr'><strong>sunt</strong></span> <span class='ocrx_word' id='word_1_591' title='bbox 1199 1021 1232 1047; x_wconf 92' lang='lat' dir='ltr'><strong>Vl</strong></span> <span class='ocrx_word' id='word_1_592' title='bbox 1259 1022 1292 1048; x_wconf 87' lang='lat'>65</span> <span class='ocrx_word' id='word_1_593' title='bbox 1318 1029 1344 1048; x_wconf 91' lang='grc' dir='ltr'><strong>ν.</strong></span> <span class='ocrx_word' id='word_1_594' title='bbox 1370 1023 1400 1053; x_wconf 81' lang='grc'><strong>2,</strong></span> <span class='ocrx_word' id='word_1_595' title='bbox 1425 1022 1450 1048; x_wconf 88' lang='grc'><strong>5.</strong></span> 
     </span>
     <span class='ocr_line' id='line_1_89' title="bbox 809 1064 1449 1093; baseline 0.005 -3"><span class='ocrx_word' id='word_1_596' title='bbox 809 1064 859 1091; x_wconf 89' lang='grc'><strong>440</strong></span> <span class='ocrx_word' id='word_1_597' title='bbox 879 1065 912 1090; x_wconf 89' lang='grc'><strong>24</strong></span> <span class='ocrx_word' id='word_1_598' title='bbox 931 1079 967 1084; x_wconf 94' lang='grc'>-</span> <span class='ocrx_word' id='word_1_599' title='bbox 986 1065 1032 1091; x_wconf 87' lang='lat' dir='ltr'><strong>Dei</strong></span> <span class='ocrx_word' id='word_1_600' title='bbox 1051 1065 1180 1091; x_wconf 90' lang='lat' dir='ltr'><strong>servanda</strong></span> <span class='ocrx_word' id='word_1_601' title='bbox 1194 1068 1255 1092; x_wconf 92' lang='lat' dir='ltr'><strong>sunt</strong></span> <span class='ocrx_word' id='word_1_602' title='bbox 1274 1066 1300 1092; x_wconf 91' lang='lat' dir='ltr'><strong>in</strong></span> <span class='ocrx_word' id='word_1_603' title='bbox 1319 1067 1449 1093; x_wconf 88' lang='lat' dir='ltr'><strong>intellectu</strong></span> 
     </span>
     <span class='ocr_line' id='line_1_90' title="bbox 807 1110 1448 1144; baseline 0.003 -9"><span class='ocrx_word' id='word_1_604' title='bbox 807 1116 854 1142; x_wconf 89' lang='lat' dir='ltr'><strong>per</strong></span> <span class='ocrx_word' id='word_1_605' title='bbox 874 1110 1045 1142; x_wconf 82' lang='lat' dir='ltr'><strong>memoriam,</strong></span> <span class='ocrx_word' id='word_1_606' title='bbox 1060 1110 1084 1135; x_wconf 95' lang='lat' dir='ltr'><strong>in</strong></span> <span class='ocrx_word' id='word_1_607' title='bbox 1097 1111 1192 1136; x_wconf 80' lang='lat' dir='ltr'><strong>affectu</strong></span> <span class='ocrx_word' id='word_1_608' title='bbox 1206 1117 1254 1143; x_wconf 88' lang='lat' dir='ltr'><strong>per</strong></span> <span class='ocrx_word' id='word_1_609' title='bbox 1267 1110 1448 1144; x_wconf 85' lang='lat' dir='ltr'><strong>dilectionem,</strong></span> 
     </span>
     <span class='ocr_line' id='line_1_91' title="bbox 807 1154 1448 1186; baseline 0.003 -7"><span class='ocrx_word' id='word_1_610' title='bbox 807 1155 833 1180; x_wconf 92' lang='lat' dir='ltr'><strong>in</strong></span> <span class='ocrx_word' id='word_1_611' title='bbox 853 1155 946 1180; x_wconf 79' lang='lat' dir='ltr'><strong>effectu</strong></span> <span class='ocrx_word' id='word_1_612' title='bbox 966 1161 1014 1186; x_wconf 88' lang='lat' dir='ltr'><strong>per</strong></span> <span class='ocrx_word' id='word_1_613' title='bbox 1027 1154 1221 1180; x_wconf 88' lang='lat' dir='ltr'><strong>exsecutionem</strong></span> <span class='ocrx_word' id='word_1_614' title='bbox 1242 1156 1293 1181; x_wconf 90' lang='grc'><strong>613</strong></span> <span class='ocrx_word' id='word_1_615' title='bbox 1313 1163 1339 1181; x_wconf 84' lang='grc' dir='ltr'><strong>ν.</strong></span> <span class='ocrx_word' id='word_1_616' title='bbox 1360 1156 1393 1181; x_wconf 94' lang='grc'><strong>23</strong></span> <span class='ocrx_word' id='word_1_617' title='bbox 1413 1171 1448 1174; x_wconf 91' lang='grc'>-</span> 
     </span>
     <span class='ocr_line' id='line_1_92' title="bbox 806 1198 1449 1226; baseline 0.003 -2"><span class='ocrx_word' id='word_1_618' title='bbox 806 1202 866 1225; x_wconf 90' lang='lat' dir='ltr'><strong>sunt</strong></span> <span class='ocrx_word' id='word_1_619' title='bbox 884 1198 1051 1225; x_wconf 90' lang='lat' dir='ltr'><strong>observanda</strong></span> <span class='ocrx_word' id='word_1_620' title='bbox 1070 1199 1104 1225; x_wconf 88' lang='lat' dir='ltr'><strong>ad</strong></span> <span class='ocrx_word' id='word_1_621' title='bbox 1130 1199 1211 1225; x_wconf 79' lang='lat' dir='ltr'><strong>vitam</strong></span> <span class='ocrx_word' id='word_1_622' title='bbox 1231 1202 1364 1225; x_wconf 87' lang='lat' dir='ltr'><strong>aeternam</strong></span> <span class='ocrx_word' id='word_1_623' title='bbox 1385 1207 1449 1226; x_wconf 91' lang='lat' dir='ltr'><strong>con-</strong></span> 
     </span>
     <span class='ocr_line' id='line_1_93' title="bbox 805 1243 1446 1276; baseline 0.002 -7"><span class='ocrx_word' id='word_1_624' title='bbox 805 1243 969 1276; x_wconf 88' lang='lat' dir='ltr'><strong>sequendam</strong></span> <span class='ocrx_word' id='word_1_625' title='bbox 990 1243 1033 1269; x_wconf 93' lang='lat' dir='ltr'><strong>Vll</strong></span> <span class='ocrx_word' id='word_1_626' title='bbox 1054 1243 1104 1269; x_wconf 90' lang='grc'><strong>462</strong></span> <span class='ocrx_word' id='word_1_627' title='bbox 1124 1244 1158 1269; x_wconf 89' lang='grc'><strong>38</strong></span> <span class='ocrx_word' id='word_1_628' title='bbox 1173 1258 1206 1262; x_wconf 91' lang='lat'><em>-</em></span> <span class='ocrx_word' id='word_1_629' title='bbox 1222 1244 1250 1269; x_wconf 92' lang='lat' dir='ltr'><strong>in</strong></span> <span class='ocrx_word' id='word_1_630' title='bbox 1269 1245 1340 1276; x_wconf 82' lang='lat' dir='ltr'><strong>Lege</strong></span> <span class='ocrx_word' id='word_1_631' title='bbox 1359 1251 1446 1270; x_wconf 87' lang='lat' dir='ltr'><strong>serva-</strong></span> 
     </span>
     <span class='ocr_line' id='line_1_94' title="bbox 805 1287 1446 1319; baseline 0.003 -6"><span class='ocrx_word' id='word_1_632' title='bbox 805 1287 901 1314; x_wconf 88' lang='lat' dir='ltr'><strong>bantur</strong></span> <span class='ocrx_word' id='word_1_633' title='bbox 920 1294 950 1314; x_wconf 87' lang='lat' dir='ltr'><strong>ex</strong></span> <span class='ocrx_word' id='word_1_634' title='bbox 976 1288 1082 1319; x_wconf 90' lang='lat' dir='ltr'><strong>timore,</strong></span> <span class='ocrx_word' id='word_1_635' title='bbox 1102 1288 1149 1313; x_wconf 84' lang='lat' dir='ltr'><strong>sed</strong></span> <span class='ocrx_word' id='word_1_636' title='bbox 1175 1287 1294 1314; x_wconf 88' lang='lat' dir='ltr'><strong>Christus</strong></span> <span class='ocrx_word' id='word_1_637' title='bbox 1319 1289 1376 1314; x_wconf 93' lang='lat' dir='ltr'><strong>vult</strong></span> <span class='ocrx_word' id='word_1_638' title='bbox 1394 1296 1446 1315; x_wconf 88' lang='lat' dir='ltr'><strong>ser—</strong></span> 
     </span>
     <span class='ocr_line' id='line_1_95' title="bbox 805 1332 1447 1359; baseline 0.003 -2"><span class='ocrx_word' id='word_1_639' title='bbox 805 1332 862 1358; x_wconf 92' lang='lat' dir='ltr'><strong>vari</strong></span> <span class='ocrx_word' id='word_1_640' title='bbox 881 1339 972 1357; x_wconf 86' lang='lat' dir='ltr'><strong>amore</strong></span> <span class='ocrx_word' id='word_1_641' title='bbox 991 1333 1032 1358; x_wconf 90' lang='lat' dir='ltr'><strong>sui</strong></span> <span class='ocrx_word' id='word_1_642' title='bbox 1052 1333 1084 1358; x_wconf 95' lang='lat' dir='ltr'><strong>Vl</strong></span> <span class='ocrx_word' id='word_1_643' title='bbox 1099 1332 1150 1358; x_wconf 89' lang='grc'><strong>440</strong></span> <span class='ocrx_word' id='word_1_644' title='bbox 1170 1332 1212 1358; x_wconf 86' lang='grc'><strong>24.</strong></span> <span class='ocrx_word' id='word_1_645' title='bbox 1234 1332 1285 1358; x_wconf 88' lang='grc'>452</span> <span class='ocrx_word' id='word_1_646' title='bbox 1306 1333 1340 1358; x_wconf 89' lang='grc'><strong>28</strong></span> <span class='ocrx_word' id='word_1_647' title='bbox 1355 1347 1388 1351; x_wconf 87' lang='lat'><strong>-—</strong></span> <span class='ocrx_word' id='word_1_648' title='bbox 1401 1340 1447 1359; x_wconf 93' lang='lat' dir='ltr'><strong>no-</strong></span> 
     </span>
     <span class='ocr_line' id='line_1_96' title="bbox 805 1377 1447 1409; baseline 0.003 -7"><span class='ocrx_word' id='word_1_649' title='bbox 805 1384 870 1402; x_wconf 90' lang='lat' dir='ltr'><strong>vum</strong></span> <span class='ocrx_word' id='word_1_650' title='bbox 889 1379 942 1409; x_wconf 85' lang='lat' dir='ltr'><strong>est,</strong></span> <span class='ocrx_word' id='word_1_651' title='bbox 960 1377 1032 1409; x_wconf 84' lang='lat' dir='ltr'><strong>quod</strong></span> <span class='ocrx_word' id='word_1_652' title='bbox 1053 1381 1141 1402; x_wconf 87' lang='lat' dir='ltr'><strong>vetera</strong></span> <span class='ocrx_word' id='word_1_653' title='bbox 1160 1381 1272 1403; x_wconf 87' lang='lat' dir='ltr'><strong>evacuat</strong></span> <span class='ocrx_word' id='word_1_654' title='bbox 1291 1380 1317 1403; x_wconf 92' lang='lat' dir='ltr'><strong>et</strong></span> <span class='ocrx_word' id='word_1_655' title='bbox 1337 1378 1396 1403; x_wconf 90' lang='lat' dir='ltr'><strong>facit</strong></span> <span class='ocrx_word' id='word_1_656' title='bbox 1409 1385 1447 1404; x_wconf 88' lang='lat' dir='ltr'><strong>sa-</strong></span> 
     </span>
     <span class='ocr_line' id='line_1_97' title="bbox 805 1421 1143 1453; baseline -0.003 -6"><span class='ocrx_word' id='word_1_657' title='bbox 805 1428 867 1453; x_wconf 86' lang='lat' dir='ltr'><strong>pere</strong></span> <span class='ocrx_word' id='word_1_658' title='bbox 887 1428 954 1447; x_wconf 80' lang='lat' dir='ltr'><strong>nova</strong></span> <span class='ocrx_word' id='word_1_659' title='bbox 975 1421 1017 1446; x_wconf 94' lang='lat' dir='ltr'><strong>Vll</strong></span> <span class='ocrx_word' id='word_1_660' title='bbox 1040 1421 1090 1447; x_wconf 88' lang='grc'><strong>134</strong></span> <span class='ocrx_word' id='word_1_661' title='bbox 1110 1421 1143 1446; x_wconf 90' lang='grc'><strong>85</strong></span> 
     </span>
    </p>

    <p class='ocr_par' dir='ltr' id='par_1_20' title="bbox 804 1465 1447 1587">
     <span class='ocr_line' id='line_1_98' title="bbox 857 1465 1445 1498; baseline 0.003 -8"><span class='ocrx_word' id='word_1_662' title='bbox 857 1480 892 1484; x_wconf 90' lang='lat'>—</span> <span class='ocrx_word' id='word_1_663' title='bbox 905 1468 966 1491; x_wconf 91' lang='lat' dir='ltr'><strong>sunt</strong></span> <span class='ocrx_word' id='word_1_664' title='bbox 979 1466 1021 1491; x_wconf 92' lang='lat' dir='ltr'><strong>via</strong></span> <span class='ocrx_word' id='word_1_665' title='bbox 1035 1466 1208 1498; x_wconf 85' lang='lat' dir='ltr'><strong>perveniendi</strong></span> <span class='ocrx_word' id='word_1_666' title='bbox 1221 1466 1255 1492; x_wconf 90' lang='lat' dir='ltr'><strong>ad</strong></span> <span class='ocrx_word' id='word_1_667' title='bbox 1267 1465 1399 1492; x_wconf 85' lang='lat' dir='ltr'><strong>Christum</strong></span> <span class='ocrx_word' id='word_1_668' title='bbox 1414 1467 1445 1493; x_wconf 84' lang='lat' dir='ltr'><strong>Vt</strong></span> 
     </span>
     <span class='ocr_line' id='line_1_99' title="bbox 804 1510 1447 1537; baseline 0.003 -2"><span class='ocrx_word' id='word_1_669' title='bbox 804 1510 855 1536; x_wconf 88' lang='grc'><strong>563</strong></span> <span class='ocrx_word' id='word_1_670' title='bbox 870 1517 895 1535; x_wconf 93' lang='grc' dir='ltr'><strong>ν.</strong></span> <span class='ocrx_word' id='word_1_671' title='bbox 911 1510 944 1535; x_wconf 89' lang='grc'><strong>40</strong></span> <span class='ocrx_word' id='word_1_672' title='bbox 957 1524 993 1529; x_wconf 95' lang='grc'>-</span> <span class='ocrx_word' id='word_1_673' title='bbox 1006 1510 1186 1536; x_wconf 86' lang='lat' dir='ltr'><strong>Mandatorum</strong></span> <span class='ocrx_word' id='word_1_674' title='bbox 1206 1510 1373 1536; x_wconf 90' lang='lat' dir='ltr'><strong>observantia</strong></span> <span class='ocrx_word' id='word_1_675' title='bbox 1386 1511 1447 1537; x_wconf 91' lang='lat' dir='ltr'><strong>diri-</strong></span> 
     </span>
     <span class='ocr_line' id='line_1_100' title="bbox 804 1555 1298 1587; baseline 0.002 -7"><span class='ocrx_word' id='word_1_676' title='bbox 804 1555 842 1587; x_wconf 85' lang='lat' dir='ltr'><strong>git</strong></span> <span class='ocrx_word' id='word_1_677' title='bbox 861 1555 931 1580; x_wconf 90' lang='lat' dir='ltr'><strong>viam</strong></span> <span class='ocrx_word' id='word_1_678' title='bbox 953 1555 1055 1581; x_wconf 90' lang='lat' dir='ltr'><strong>Domini</strong></span> <span class='ocrx_word' id='word_1_679' title='bbox 1075 1555 1108 1581; x_wconf 90' lang='lat' dir='ltr'><strong>ad</strong></span> <span class='ocrx_word' id='word_1_680' title='bbox 1129 1562 1175 1581; x_wconf 87' lang='lat' dir='ltr'><strong>cor</strong></span> <span class='ocrx_word' id='word_1_681' title='bbox 1194 1555 1245 1581; x_wconf 89' lang='grc'><strong>257</strong></span> <span class='ocrx_word' id='word_1_682' title='bbox 1265 1555 1298 1581; x_wconf 92' lang='grc'><strong>49</strong></span> 
     </span>
    </p>

    <p class='ocr_par' dir='ltr' id='par_1_21' title="bbox 803 1599 1448 1894">
     <span class='ocr_line' id='line_1_101' title="bbox 857 1599 1447 1626; baseline 0.002 -1"><span class='ocrx_word' id='word_1_683' title='bbox 857 1614 892 1619; x_wconf 93' lang='grc'>-</span> <span class='ocrx_word' id='word_1_684' title='bbox 920 1600 1044 1626; x_wconf 89' lang='lat' dir='ltr'><strong>Omnium</strong></span> <span class='ocrx_word' id='word_1_685' title='bbox 1071 1600 1254 1626; x_wconf 89' lang='lat' dir='ltr'><strong>mandatorum</strong></span> <span class='ocrx_word' id='word_1_686' title='bbox 1280 1599 1447 1626; x_wconf 88' lang='lat' dir='ltr'><strong>observantia</strong></span> 
     </span>
     <span class='ocr_line' id='line_1_102' title="bbox 804 1644 1447 1678; baseline 0.002 -8"><span class='ocrx_word' id='word_1_687' title='bbox 804 1644 902 1676; x_wconf 87' lang='lat' dir='ltr'><strong>pendet</strong></span> <span class='ocrx_word' id='word_1_688' title='bbox 915 1651 945 1670; x_wconf 89' lang='lat' dir='ltr'><strong>ex</strong></span> <span class='ocrx_word' id='word_1_689' title='bbox 956 1645 1094 1670; x_wconf 86' lang='lat' dir='ltr'><strong>dilectione</strong></span> <span class='ocrx_word' id='word_1_690' title='bbox 1105 1645 1151 1670; x_wconf 90' lang='lat' dir='ltr'><strong>Dei</strong></span> <span class='ocrx_word' id='word_1_691' title='bbox 1161 1645 1195 1670; x_wconf 93' lang='lat' dir='ltr'><strong>Vl</strong></span> <span class='ocrx_word' id='word_1_692' title='bbox 1206 1645 1256 1670; x_wconf 86' lang='grc'><strong>308</strong></span> <span class='ocrx_word' id='word_1_693' title='bbox 1271 1646 1299 1671; x_wconf 86' lang='grc'><strong>31</strong></span> <span class='ocrx_word' id='word_1_694' title='bbox 1313 1644 1342 1671; x_wconf 71' lang='grc'><strong>2*</strong></span> <span class='ocrx_word' id='word_1_695' title='bbox 1351 1659 1386 1665; x_wconf 89' lang='lat'><strong>—-</strong></span> <span class='ocrx_word' id='word_1_696' title='bbox 1397 1646 1447 1678; x_wconf 86' lang='lat' dir='ltr'><strong>Qui</strong></span> 
     </span>
     <span class='ocr_line' id='line_1_103' title="bbox 804 1689 1447 1723; baseline 0.002 -9"><span class='ocrx_word' id='word_1_697' title='bbox 804 1692 892 1714; x_wconf 88' lang='lat' dir='ltr'><strong>servat</strong></span> <span class='ocrx_word' id='word_1_698' title='bbox 911 1689 1033 1715; x_wconf 89' lang='lat' dir='ltr'><strong>mandata</strong></span> <span class='ocrx_word' id='word_1_699' title='bbox 1053 1696 1116 1715; x_wconf 86' lang='lat' dir='ltr'><strong>vere</strong></span> <span class='ocrx_word' id='word_1_700' title='bbox 1134 1689 1219 1721; x_wconf 82' lang='lat' dir='ltr'><strong>diligit</strong></span> <span class='ocrx_word' id='word_1_701' title='bbox 1236 1689 1282 1715; x_wconf 88' lang='grc'><strong>441</strong></span> <span class='ocrx_word' id='word_1_702' title='bbox 1301 1690 1335 1715; x_wconf 87' lang='grc'><strong>30</strong></span> <span class='ocrx_word' id='word_1_703' title='bbox 1348 1704 1384 1709; x_wconf 94' lang='grc'>-</span> <span class='ocrx_word' id='word_1_704' title='bbox 1397 1690 1447 1723; x_wconf 87' lang='lat' dir='ltr'><strong>Qui</strong></span> 
     </span>
     <span class='ocr_line' id='line_1_104' title="bbox 805 1734 1447 1766; baseline 0.003 -7"><span class='ocrx_word' id='word_1_705' title='bbox 805 1737 893 1759; x_wconf 70' lang='lat' dir='ltr'><strong>servat</strong></span> <span class='ocrx_word' id='word_1_706' title='bbox 906 1734 1029 1760; x_wconf 88' lang='lat' dir='ltr'><strong>mandata</strong></span> <span class='ocrx_word' id='word_1_707' title='bbox 1048 1734 1166 1766; x_wconf 84' lang='lat' dir='ltr'><strong>diligitur</strong></span> <span class='ocrx_word' id='word_1_708' title='bbox 1179 1742 1193 1760; x_wconf 89' lang='lat' dir='ltr'><strong>a</strong></span> <span class='ocrx_word' id='word_1_709' title='bbox 1208 1734 1329 1766; x_wconf 89' lang='lat' dir='ltr'><strong>Domino,</strong></span> <span class='ocrx_word' id='word_1_710' title='bbox 1342 1738 1368 1761; x_wconf 85' lang='lat' dir='ltr'><strong>et</strong></span> <span class='ocrx_word' id='word_1_711' title='bbox 1387 1735 1447 1761; x_wconf 88' lang='lat' dir='ltr'><strong>ideo</strong></span> 
     </span>
     <span class='ocr_line' id='line_1_105' title="bbox 804 1777 1446 1812; baseline 0.002 -8"><span class='ocrx_word' id='word_1_712' title='bbox 804 1777 967 1805; x_wconf 78' lang='lat' dir='ltr'><strong>beatificatur</strong></span> <span class='ocrx_word' id='word_1_713' title='bbox 986 1782 1012 1804; x_wconf 92' lang='lat' dir='ltr'><strong>et</strong></span> <span class='ocrx_word' id='word_1_714' title='bbox 1031 1779 1191 1810; x_wconf 74' lang='lat' dir='ltr'><strong>glorificatur</strong></span> <span class='ocrx_word' id='word_1_715' title='bbox 1211 1779 1235 1805; x_wconf 91' lang='lat' dir='ltr'><strong>in</strong></span> <span class='ocrx_word' id='word_1_716' title='bbox 1252 1780 1371 1812; x_wconf 88' lang='lat' dir='ltr'><strong>praemio</strong></span> <span class='ocrx_word' id='word_1_717' title='bbox 1384 1779 1446 1806; x_wconf 84' lang='lat' dir='ltr'><strong>ibid.</strong></span> 
     </span>
     <span class='ocr_line' id='line_1_106' title="bbox 803 1824 1448 1850; baseline 0 -1"><span class='ocrx_word' id='word_1_718' title='bbox 803 1837 839 1842; x_wconf 96' lang='lat'><strong>—</strong></span> <span class='ocrx_word' id='word_1_719' title='bbox 858 1824 998 1849; x_wconf 86' lang='lat' dir='ltr'><strong>Servantes</strong></span> <span class='ocrx_word' id='word_1_720' title='bbox 1012 1824 1134 1849; x_wconf 89' lang='lat' dir='ltr'><strong>mandata</strong></span> <span class='ocrx_word' id='word_1_721' title='bbox 1148 1827 1254 1849; x_wconf 87' lang='lat' dir='ltr'><strong>manent</strong></span> <span class='ocrx_word' id='word_1_722' title='bbox 1270 1824 1297 1849; x_wconf 89' lang='lat' dir='ltr'><strong>in</strong></span> <span class='ocrx_word' id='word_1_723' title='bbox 1310 1824 1448 1850; x_wconf 88' lang='lat' dir='ltr'><strong>dilectione</strong></span> 
     </span>
     <span class='ocr_line' id='line_1_107' title="bbox 805 1868 905 1894; baseline 0 -1"><span class='ocrx_word' id='word_1_724' title='bbox 805 1868 855 1894; x_wconf 82' lang='grc'><strong>448</strong></span> <span class='ocrx_word' id='word_1_725' title='bbox 877 1868 905 1893; x_wconf 97' lang='grc'><strong>11</strong></span> 
     </span>
    </p>

    <p class='ocr_par' dir='ltr' id='par_1_22' title="bbox 803 1911 1446 2346">
     <span class='ocr_line' id='line_1_108' title="bbox 857 1911 1446 1944; baseline 0 -6"><span class='ocrx_word' id='word_1_726' title='bbox 857 1926 892 1932; x_wconf 88' lang='grc'><strong>--</strong></span> <span class='ocrx_word' id='word_1_727' title='bbox 903 1913 1007 1944; x_wconf 89' lang='lat' dir='ltr'><strong>Triplex</strong></span> <span class='ocrx_word' id='word_1_728' title='bbox 1017 1915 1057 1938; x_wconf 87' lang='lat' dir='ltr'><strong>est</strong></span> <span class='ocrx_word' id='word_1_729' title='bbox 1069 1913 1168 1938; x_wconf 89' lang='lat' dir='ltr'><strong>fructus</strong></span> <span class='ocrx_word' id='word_1_730' title='bbox 1180 1911 1363 1939; x_wconf 86' lang='lat' dir='ltr'><strong>observantiae</strong></span> <span class='ocrx_word' id='word_1_731' title='bbox 1376 1920 1446 1939; x_wconf 88' lang='lat' dir='ltr'><strong>man-</strong></span> 
     </span>
     <span class='ocr_line' id='line_1_109' title="bbox 804 1957 1445 1990; baseline 0.002 -8"><span class='ocrx_word' id='word_1_732' title='bbox 804 1957 927 1983; x_wconf 87' lang='lat' dir='ltr'><strong>datorum</strong></span> <span class='ocrx_word' id='word_1_733' title='bbox 948 1957 980 1983; x_wconf 90' lang='lat' dir='ltr'><strong>Vl</strong></span> <span class='ocrx_word' id='word_1_734' title='bbox 1001 1957 1052 1982; x_wconf 87' lang='grc'><strong>603</strong></span> <span class='ocrx_word' id='word_1_735' title='bbox 1073 1965 1098 1982; x_wconf 93' lang='lat' dir='ltr'><strong>v.</strong></span> <span class='ocrx_word' id='word_1_736' title='bbox 1123 1958 1156 1983; x_wconf 88' lang='grc'><strong>23</strong></span> <span class='ocrx_word' id='word_1_737' title='bbox 1176 1971 1212 1976; x_wconf 95' lang='grc'><strong>-</strong></span> <span class='ocrx_word' id='word_1_738' title='bbox 1231 1958 1325 1990; x_wconf 84' lang='lat' dir='ltr'><strong>Magna</strong></span> <span class='ocrx_word' id='word_1_739' title='bbox 1351 1958 1445 1984; x_wconf 90' lang='lat' dir='ltr'><strong>utilitas</strong></span> 
     </span>
     <span class='ocr_line' id='line_1_110' title="bbox 804 2001 1445 2028; baseline 0.002 -1"><span class='ocrx_word' id='word_1_740' title='bbox 804 2004 843 2027; x_wconf 91' lang='lat' dir='ltr'><strong>est</strong></span> <span class='ocrx_word' id='word_1_741' title='bbox 863 2002 984 2027; x_wconf 87' lang='lat' dir='ltr'><strong>mandata</strong></span> <span class='ocrx_word' id='word_1_742' title='bbox 1005 2001 1052 2027; x_wconf 90' lang='lat' dir='ltr'><strong>Dei</strong></span> <span class='ocrx_word' id='word_1_743' title='bbox 1075 2008 1183 2027; x_wconf 88' lang='lat' dir='ltr'><strong>servare</strong></span> <span class='ocrx_word' id='word_1_744' title='bbox 1202 2002 1236 2028; x_wconf 88' lang='lat'><strong>65</strong></span> <span class='ocrx_word' id='word_1_745' title='bbox 1261 2010 1288 2028; x_wconf 85' lang='lat' dir='ltr'><strong>v.</strong></span> <span class='ocrx_word' id='word_1_746' title='bbox 1308 2003 1324 2028; x_wconf 86' lang='lat'><strong>5</strong></span> <span class='ocrx_word' id='word_1_747' title='bbox 1342 2016 1377 2022; x_wconf 93' lang='lat'>—</span> <span class='ocrx_word' id='word_1_748' title='bbox 1396 2002 1445 2028; x_wconf 91' lang='lat' dir='ltr'><strong>Cu-</strong></span> 
     </span>
     <span class='ocr_line' id='line_1_111' title="bbox 805 2046 1444 2073; baseline 0.002 -2"><span class='ocrx_word' id='word_1_749' title='bbox 805 2046 921 2071; x_wconf 89' lang='lat' dir='ltr'><strong>stodiens</strong></span> <span class='ocrx_word' id='word_1_750' title='bbox 939 2046 1061 2072; x_wconf 90' lang='lat' dir='ltr'><strong>mandata</strong></span> <span class='ocrx_word' id='word_1_751' title='bbox 1082 2046 1127 2072; x_wconf 91' lang='lat' dir='ltr'><strong>Dei</strong></span> <span class='ocrx_word' id='word_1_752' title='bbox 1147 2046 1228 2072; x_wconf 90' lang='lat' dir='ltr'><strong>multa</strong></span> <span class='ocrx_word' id='word_1_753' title='bbox 1248 2046 1356 2073; x_wconf 84' lang='lat' dir='ltr'><strong>habebit</strong></span> <span class='ocrx_word' id='word_1_754' title='bbox 1374 2046 1444 2072; x_wconf 90' lang='lat' dir='ltr'><strong>hona</strong></span> 
     </span>
     <span class='ocr_line' id='line_1_112' title="bbox 804 2089 1444 2117; baseline 0 -1"><span class='ocrx_word' id='word_1_755' title='bbox 804 2089 866 2117; x_wconf 81' lang='lat' dir='ltr'><strong>ibid.</strong></span> <span class='ocrx_word' id='word_1_756' title='bbox 887 2105 919 2109; x_wconf 92' lang='lat'><strong>——</strong></span> <span class='ocrx_word' id='word_1_757' title='bbox 933 2091 980 2117; x_wconf 81' lang='lat' dir='ltr'><strong>Per</strong></span> <span class='ocrx_word' id='word_1_758' title='bbox 993 2090 1187 2117; x_wconf 85' lang='lat' dir='ltr'><strong>observantiam</strong></span> <span class='ocrx_word' id='word_1_759' title='bbox 1206 2091 1389 2117; x_wconf 87' lang='lat' dir='ltr'><strong>mandatorum</strong></span> <span class='ocrx_word' id='word_1_760' title='bbox 1405 2092 1444 2116; x_wconf 92' lang='lat' dir='ltr'><strong>in-</strong></span> 
     </span>
     <span class='ocr_line' id='line_1_113' title="bbox 804 2135 1443 2167; baseline 0.002 -6"><span class='ocrx_word' id='word_1_761' title='bbox 804 2136 941 2167; x_wconf 91' lang='lat' dir='ltr'><strong>gredimur</strong></span> <span class='ocrx_word' id='word_1_762' title='bbox 959 2136 993 2162; x_wconf 89' lang='lat' dir='ltr'><strong>ad</strong></span> <span class='ocrx_word' id='word_1_763' title='bbox 1013 2136 1093 2161; x_wconf 89' lang='lat' dir='ltr'><strong>vitam</strong></span> <span class='ocrx_word' id='word_1_764' title='bbox 1119 2135 1180 2162; x_wconf 80' lang='lat' dir='ltr'><strong>ibid.</strong></span> <span class='ocrx_word' id='word_1_765' title='bbox 1200 2150 1235 2155; x_wconf 91' lang='lat'>—</span> <span class='ocrx_word' id='word_1_766' title='bbox 1254 2136 1302 2161; x_wconf 86' lang='lat' dir='ltr'><strong>Dei</strong></span> <span class='ocrx_word' id='word_1_767' title='bbox 1325 2140 1365 2162; x_wconf 84' lang='lat' dir='ltr'><strong>est</strong></span> <span class='ocrx_word' id='word_1_768' title='bbox 1390 2137 1443 2162; x_wconf 91' lang='lat' dir='ltr'><strong>vita</strong></span> 
     </span>
     <span class='ocr_line' id='line_1_114' title="bbox 803 2180 1443 2213; baseline 0.002 -8"><span class='ocrx_word' id='word_1_769' title='bbox 803 2183 906 2206; x_wconf 88' lang='lat' dir='ltr'><strong>aeterna</strong></span> <span class='ocrx_word' id='word_1_770' title='bbox 933 2180 983 2206; x_wconf 87' lang='grc'><strong>423</strong></span> <span class='ocrx_word' id='word_1_771' title='bbox 1013 2180 1047 2205; x_wconf 91' lang='grc'><strong>69</strong></span> <span class='ocrx_word' id='word_1_772' title='bbox 1068 2193 1104 2199; x_wconf 92' lang='grc'><strong>-</strong></span> <span class='ocrx_word' id='word_1_773' title='bbox 1123 2181 1299 2213; x_wconf 87' lang='lat' dir='ltr'><strong>Exsequentes</strong></span> <span class='ocrx_word' id='word_1_774' title='bbox 1319 2181 1443 2206; x_wconf 88' lang='lat' dir='ltr'><strong>mandata</strong></span> 
     </span>
     <span class='ocr_line' id='line_1_115' title="bbox 804 2225 1442 2257; baseline 0.002 -7"><span class='ocrx_word' id='word_1_775' title='bbox 804 2228 937 2250; x_wconf 89' lang='lat' dir='ltr'><strong>merentur</strong></span> <span class='ocrx_word' id='word_1_776' title='bbox 960 2225 1095 2257; x_wconf 89' lang='lat' dir='ltr'><strong>possidere</strong></span> <span class='ocrx_word' id='word_1_777' title='bbox 1118 2232 1229 2257; x_wconf 86' lang='lat' dir='ltr'><strong>regnum</strong></span> <span class='ocrx_word' id='word_1_778' title='bbox 1255 2226 1367 2251; x_wconf 86' lang='lat' dir='ltr'><strong>caeleste</strong></span> <span class='ocrx_word' id='word_1_779' title='bbox 1390 2226 1442 2251; x_wconf 92' lang='grc'><strong>615</strong></span> 
     </span>
     <span class='ocr_line' id='line_1_116' title="bbox 803 2269 1442 2295; baseline 0.002 -1"><span class='ocrx_word' id='word_1_780' title='bbox 803 2276 828 2294; x_wconf 91' lang='lat' dir='ltr'><strong>v.</strong></span> <span class='ocrx_word' id='word_1_781' title='bbox 849 2269 883 2294; x_wconf 89' lang='grc'><strong>36</strong></span> <span class='ocrx_word' id='word_1_782' title='bbox 896 2284 931 2287; x_wconf 92' lang='grc'><strong>-</strong></span> <span class='ocrx_word' id='word_1_783' title='bbox 945 2269 1125 2295; x_wconf 88' lang='lat' dir='ltr'><strong>Mandatorum</strong></span> <span class='ocrx_word' id='word_1_784' title='bbox 1139 2269 1289 2295; x_wconf 86' lang='lat' dir='ltr'><strong>observatio</strong></span> <span class='ocrx_word' id='word_1_785' title='bbox 1309 2269 1392 2295; x_wconf 91' lang='lat' dir='ltr'><strong>bonos</strong></span> <span class='ocrx_word' id='word_1_786' title='bbox 1406 2271 1442 2295; x_wconf 88' lang='lat' dir='ltr'><strong>fa-</strong></span> 
     </span>
     <span class='ocr_line' id='line_1_117' title="bbox 803 2313 1370 2346; baseline 0.002 -7"><span class='ocrx_word' id='word_1_787' title='bbox 803 2313 837 2339; x_wconf 87' lang='lat' dir='ltr'><strong>cit</strong></span> <span class='ocrx_word' id='word_1_788' title='bbox 855 2317 880 2339; x_wconf 91' lang='lat' dir='ltr'><strong>et</strong></span> <span class='ocrx_word' id='word_1_789' title='bbox 899 2314 1071 2345; x_wconf 81' lang='lat' dir='ltr'><strong>transgressio</strong></span> <span class='ocrx_word' id='word_1_790' title='bbox 1084 2317 1236 2346; x_wconf 87' lang='lat' dir='ltr'><strong>peccatores</strong></span> <span class='ocrx_word' id='word_1_791' title='bbox 1254 2314 1288 2339; x_wconf 82' lang='grc'><strong>72</strong></span> <span class='ocrx_word' id='word_1_792' title='bbox 1308 2321 1334 2340; x_wconf 87' lang='grc' dir='ltr'><strong>ν.</strong></span> <span class='ocrx_word' id='word_1_793' title='bbox 1355 2315 1370 2340; x_wconf 90' lang='grc'><strong>2</strong></span> 
     </span>
    </p>

    <p class='ocr_par' dir='ltr' id='par_1_23' title="bbox 801 2358 1442 2562">
     <span class='ocr_line' id='line_1_118' title="bbox 855 2358 1442 2391; baseline 0.002 -8"><span class='ocrx_word' id='word_1_794' title='bbox 855 2371 890 2377; x_wconf 91' lang='grc'>-</span> <span class='ocrx_word' id='word_1_795' title='bbox 910 2358 1050 2384; x_wconf 84' lang='lat' dir='ltr'><strong>Servantes</strong></span> <span class='ocrx_word' id='word_1_796' title='bbox 1063 2359 1186 2384; x_wconf 88' lang='lat' dir='ltr'><strong>mandata</strong></span> <span class='ocrx_word' id='word_1_797' title='bbox 1201 2365 1265 2384; x_wconf 86' lang='lat' dir='ltr'><strong>vere</strong></span> <span class='ocrx_word' id='word_1_798' title='bbox 1278 2362 1442 2391; x_wconf 87' lang='lat' dir='ltr'><strong>cognoscunt</strong></span> 
     </span>
     <span class='ocr_line' id='line_1_119' title="bbox 802 2402 1441 2435; baseline 0.003 -8"><span class='ocrx_word' id='word_1_799' title='bbox 802 2403 885 2428; x_wconf 89' lang='lat' dir='ltr'><strong>Deum</strong></span> <span class='ocrx_word' id='word_1_800' title='bbox 906 2402 939 2427; x_wconf 69' lang='lat' dir='ltr'><strong>Vl</strong></span> <span class='ocrx_word' id='word_1_801' title='bbox 959 2402 1011 2428; x_wconf 87' lang='grc'><strong>370</strong></span> <span class='ocrx_word' id='word_1_802' title='bbox 1030 2403 1064 2428; x_wconf 88' lang='lat'><strong>79</strong></span> <span class='ocrx_word' id='word_1_803' title='bbox 1083 2416 1119 2421; x_wconf 93' lang='lat'>—</span> <span class='ocrx_word' id='word_1_804' title='bbox 1138 2403 1188 2435; x_wconf 89' lang='lat' dir='ltr'><strong>Qui</strong></span> <span class='ocrx_word' id='word_1_805' title='bbox 1207 2406 1296 2429; x_wconf 89' lang='lat' dir='ltr'><strong>servat</strong></span> <span class='ocrx_word' id='word_1_806' title='bbox 1319 2403 1441 2429; x_wconf 90' lang='lat' dir='ltr'><strong>mandata</strong></span> 
     </span>
     <span class='ocr_line' id='line_1_120' title="bbox 802 2447 1441 2479; baseline 0.003 -7"><span class='ocrx_word' id='word_1_807' title='bbox 802 2450 917 2472; x_wconf 89' lang='lat' dir='ltr'><strong>meretur</strong></span> <span class='ocrx_word' id='word_1_808' title='bbox 935 2447 1026 2472; x_wconf 89' lang='lat' dir='ltr'><strong>videre</strong></span> <span class='ocrx_word' id='word_1_809' title='bbox 1045 2447 1128 2473; x_wconf 88' lang='lat' dir='ltr'><strong>Deum</strong></span> <span class='ocrx_word' id='word_1_810' title='bbox 1149 2447 1200 2472; x_wconf 89' lang='grc'><strong>442</strong></span> <span class='ocrx_word' id='word_1_811' title='bbox 1220 2448 1263 2479; x_wconf 88' lang='grc'><strong>31,</strong></span> <span class='ocrx_word' id='word_1_812' title='bbox 1283 2448 1316 2473; x_wconf 87' lang='grc'><strong>32</strong></span> <span class='ocrx_word' id='word_1_813' title='bbox 1336 2462 1371 2467; x_wconf 90' lang='grc'>-</span> <span class='ocrx_word' id='word_1_814' title='bbox 1391 2448 1441 2474; x_wconf 89' lang='lat' dir='ltr'><strong>Ob-</strong></span> 
     </span>
     <span class='ocr_line' id='line_1_121' title="bbox 801 2490 1439 2524; baseline 0.003 -8"><span class='ocrx_word' id='word_1_815' title='bbox 801 2490 967 2517; x_wconf 76' lang='lat' dir='ltr'><strong>sei-vantibus</strong></span> <span class='ocrx_word' id='word_1_816' title='bbox 992 2491 1114 2517; x_wconf 86' lang='lat' dir='ltr'><strong>mandata</strong></span> <span class='ocrx_word' id='word_1_817' title='bbox 1132 2491 1250 2518; x_wconf 87' lang='lat' dir='ltr'><strong>Christus</strong></span> <span class='ocrx_word' id='word_1_818' title='bbox 1274 2493 1320 2518; x_wconf 88' lang='lat' dir='ltr'><strong>dat</strong></span> <span class='ocrx_word' id='word_1_819' title='bbox 1345 2499 1439 2524; x_wconf 89' lang='lat' dir='ltr'><strong>pacem</strong></span> 
     </span>
     <span class='ocr_line' id='line_1_122' title="bbox 802 2536 900 2562; baseline -0.01 0"><span class='ocrx_word' id='word_1_820' title='bbox 802 2536 853 2562; x_wconf 78' lang='grc'><strong>444</strong></span> <span class='ocrx_word' id='word_1_821' title='bbox 873 2536 900 2561; x_wconf 87' lang='grc'><strong>41</strong></span> 
     </span>
    </p>

    <p class='ocr_par' dir='ltr' id='par_1_24' title="bbox 799 2580 1441 2876">
     <span class='ocr_line' id='line_1_123' title="bbox 853 2580 1439 2608; baseline 0.003 -2"><span class='ocrx_word' id='word_1_822' title='bbox 853 2595 888 2600; x_wconf 94' lang='grc'>-</span> <span class='ocrx_word' id='word_1_823' title='bbox 906 2580 1061 2607; x_wconf 84' lang='lat' dir='ltr'><strong>Observatio</strong></span> <span class='ocrx_word' id='word_1_824' title='bbox 1080 2581 1231 2607; x_wconf 87' lang='lat' dir='ltr'><strong>divinorum</strong></span> <span class='ocrx_word' id='word_1_825' title='bbox 1256 2582 1439 2608; x_wconf 89' lang='lat' dir='ltr'><strong>mandatorum</strong></span> 
     </span>
     <span class='ocr_line' id='line_1_124' title="bbox 801 2625 1440 2658; baseline 0.002 -7"><span class='ocrx_word' id='word_1_826' title='bbox 801 2626 887 2651; x_wconf 86' lang='lat' dir='ltr'><strong>flrmat</strong></span> <span class='ocrx_word' id='word_1_827' title='bbox 914 2628 1005 2651; x_wconf 88' lang='lat' dir='ltr'><strong>contra</strong></span> <span class='ocrx_word' id='word_1_828' title='bbox 1030 2625 1174 2658; x_wconf 88' lang='lat' dir='ltr'><strong>impulsum</strong></span> <span class='ocrx_word' id='word_1_829' title='bbox 1201 2626 1372 2652; x_wconf 87' lang='lat' dir='ltr'><strong>tentationum</strong></span> <span class='ocrx_word' id='word_1_830' title='bbox 1397 2627 1440 2652; x_wconf 92' lang='lat' dir='ltr'><strong>Vll</strong></span> 
     </span>
     <span class='ocr_line' id='line_1_125' title="bbox 801 2670 1441 2697; baseline 0.002 -1"><span class='ocrx_word' id='word_1_831' title='bbox 801 2670 852 2696; x_wconf 88' lang='grc'><strong>164</strong></span> <span class='ocrx_word' id='word_1_832' title='bbox 872 2671 922 2696; x_wconf 86' lang='grc'><strong>108</strong></span> <span class='ocrx_word' id='word_1_833' title='bbox 942 2684 977 2690; x_wconf 88' lang='lat'><strong>——·</strong></span> <span class='ocrx_word' id='word_1_834' title='bbox 1001 2670 1156 2696; x_wconf 87' lang='lat' dir='ltr'><strong>Recordatio</strong></span> <span class='ocrx_word' id='word_1_835' title='bbox 1182 2671 1368 2697; x_wconf 90' lang='lat' dir='ltr'><strong>mandatorum</strong></span> <span class='ocrx_word' id='word_1_836' title='bbox 1394 2672 1441 2697; x_wconf 91' lang='lat' dir='ltr'><strong>Dei</strong></span> 
     </span>
     <span class='ocr_line' id='line_1_126' title="bbox 799 2715 1440 2748; baseline 0.003 -8"><span class='ocrx_word' id='word_1_837' title='bbox 799 2715 868 2740; x_wconf 89' lang='lat' dir='ltr'><strong>valet</strong></span> <span class='ocrx_word' id='word_1_838' title='bbox 881 2715 915 2741; x_wconf 91' lang='lat' dir='ltr'><strong>ad</strong></span> <span class='ocrx_word' id='word_1_839' title='bbox 934 2715 1155 2748; x_wconf 84' lang='lat' dir='ltr'><strong>convertendum,</strong></span> <span class='ocrx_word' id='word_1_840' title='bbox 1172 2715 1207 2741; x_wconf 88' lang='lat' dir='ltr'><strong>ad</strong></span> <span class='ocrx_word' id='word_1_841' title='bbox 1227 2717 1440 2748; x_wconf 87' lang='lat' dir='ltr'><strong>promovendum</strong></span> 
     </span>
     <span class='ocr_line' id='line_1_127' title="bbox 800 2759 1440 2793; baseline 0.005 -9"><span class='ocrx_word' id='word_1_842' title='bbox 800 2759 826 2784; x_wconf 92' lang='lat' dir='ltr'><strong>in</strong></span> <span class='ocrx_word' id='word_1_843' title='bbox 846 2759 931 2790; x_wconf 87' lang='lat' dir='ltr'><strong>bono,</strong></span> <span class='ocrx_word' id='word_1_844' title='bbox 956 2759 989 2784; x_wconf 90' lang='lat' dir='ltr'><strong>ad</strong></span> <span class='ocrx_word' id='word_1_845' title='bbox 1018 2760 1246 2792; x_wconf 88' lang='lat' dir='ltr'><strong>praeservandum</strong></span> <span class='ocrx_word' id='word_1_846' title='bbox 1267 2761 1291 2786; x_wconf 92' lang='lat' dir='ltr'><strong>in</strong></span> <span class='ocrx_word' id='word_1_847' title='bbox 1320 2761 1440 2793; x_wconf 90' lang='lat' dir='ltr'><strong>periculo</strong></span> 
     </span>
     <span class='ocr_line' id='line_1_128' title="bbox 801 2804 1441 2837; baseline 0.003 -8"><span class='ocrx_word' id='word_1_848' title='bbox 801 2805 831 2829; x_wconf 92' lang='lat' dir='ltr'><strong>Vl</strong></span> <span class='ocrx_word' id='word_1_849' title='bbox 853 2804 904 2829; x_wconf 88' lang='lat'><strong>605</strong></span> <span class='ocrx_word' id='word_1_850' title='bbox 918 2811 943 2829; x_wconf 81' lang='grc' dir='ltr'><strong>ν.</strong></span> <span class='ocrx_word' id='word_1_851' title='bbox 958 2804 973 2829; x_wconf 91' lang='grc'><strong>4</strong></span> <span class='ocrx_word' id='word_1_852' title='bbox 995 2818 1027 2822; x_wconf 85' lang='grc'><strong>-</strong></span> <span class='ocrx_word' id='word_1_853' title='bbox 1042 2804 1156 2837; x_wconf 88' lang='lat' dir='ltr'><strong>Quilibet</strong></span> <span class='ocrx_word' id='word_1_854' title='bbox 1169 2811 1226 2830; x_wconf 91' lang='lat' dir='ltr'><strong>esse</strong></span> <span class='ocrx_word' id='word_1_855' title='bbox 1240 2804 1319 2831; x_wconf 93' lang='lat' dir='ltr'><strong>debet</strong></span> <span class='ocrx_word' id='word_1_856' title='bbox 1338 2812 1441 2832; x_wconf 85' lang='lat' dir='ltr'><strong>memor</strong></span> 
     </span>
     <span class='ocr_line' id='line_1_129' title="bbox 804 2849 1439 2876; baseline 0.003 -2"><span class='ocrx_word' id='word_1_857' title='bbox 804 2849 987 2874; x_wconf 88' lang='lat' dir='ltr'><strong>mandatorum</strong></span> <span class='ocrx_word' id='word_1_858' title='bbox 1003 2849 1047 2874; x_wconf 88' lang='lat' dir='ltr'><strong>Dei</strong></span> <span class='ocrx_word' id='word_1_859' title='bbox 1061 2849 1094 2874; x_wconf 91' lang='lat' dir='ltr'><strong>ad</strong></span> <span class='ocrx_word' id='word_1_860' title='bbox 1115 2849 1263 2875; x_wconf 90' lang='lat' dir='ltr'><strong>faciendum</strong></span> <span class='ocrx_word' id='word_1_861' title='bbox 1284 2850 1325 2875; x_wconf 96' lang='lat' dir='ltr'><strong>Vll</strong></span> <span class='ocrx_word' id='word_1_862' title='bbox 1340 2851 1373 2876; x_wconf 84' lang='lat'>36</span> <span class='ocrx_word' id='word_1_863' title='bbox 1389 2850 1439 2876; x_wconf 87' lang='grc'><strong>114</strong></span> 
     </span>
    </p>

    <p class='ocr_par' dir='ltr' id='par_1_25' title="bbox 797 2893 1440 3236">
     <span class='ocr_line' id='line_1_130' title="bbox 851 2893 1438 2927; baseline 0.003 -9"><span class='ocrx_word' id='word_1_864' title='bbox 851 2907 887 2912; x_wconf 94' lang='grc'>-</span> <span class='ocrx_word' id='word_1_865' title='bbox 905 2900 957 2918; x_wconf 92' lang='lat' dir='ltr'><strong>non</strong></span> <span class='ocrx_word' id='word_1_866' title='bbox 978 2896 1087 2925; x_wconf 85' lang='lat' dir='ltr'><strong>possunt</strong></span> <span class='ocrx_word' id='word_1_867' title='bbox 1107 2893 1243 2920; x_wconf 79' lang='lat' dir='ltr'><strong>observari</strong></span> <span class='ocrx_word' id='word_1_868' title='bbox 1262 2894 1318 2920; x_wconf 86' lang='lat' dir='ltr'><strong>sine</strong></span> <span class='ocrx_word' id='word_1_869' title='bbox 1342 2895 1438 2927; x_wconf 84' lang='lat' dir='ltr'><strong>Spiritu</strong></span> 
     </span>
     <span class='ocr_line' id='line_1_131' title="bbox 798 2937 1439 2970; baseline 0.005 -8"><span class='ocrx_word' id='word_1_870' title='bbox 798 2940 888 2962; x_wconf 90' lang='lat' dir='ltr'><strong>sancto</strong></span> <span class='ocrx_word' id='word_1_871' title='bbox 909 2938 941 2962; x_wconf 93' lang='lat' dir='ltr'><strong>Vl</strong></span> <span class='ocrx_word' id='word_1_872' title='bbox 961 2937 1012 2962; x_wconf 88' lang='grc'><strong>442</strong></span> <span class='ocrx_word' id='word_1_873' title='bbox 1033 2937 1066 2963; x_wconf 88' lang='grc'><strong>34</strong></span> <span class='ocrx_word' id='word_1_874' title='bbox 1086 2953 1120 2956; x_wconf 90' lang='grc'><strong>-</strong></span> <span class='ocrx_word' id='word_1_875' title='bbox 1140 2938 1222 2970; x_wconf 86' lang='lat' dir='ltr'><strong>gratia</strong></span> <span class='ocrx_word' id='word_1_876' title='bbox 1246 2939 1380 2965; x_wconf 77' lang='lat' dir='ltr'><strong>sufficiens</strong></span> <span class='ocrx_word' id='word_1_877' title='bbox 1405 2939 1439 2965; x_wconf 90' lang='lat' dir='ltr'><strong>ad</strong></span> 
     </span>
     <span class='ocr_line' id='line_1_132' title="bbox 798 2981 1440 3015; baseline 0.006 -10"><span class='ocrx_word' id='word_1_878' title='bbox 798 2984 938 3013; x_wconf 84' lang='lat' dir='ltr'><strong>praecepta</strong></span> <span class='ocrx_word' id='word_1_879' title='bbox 958 2981 1137 3015; x_wconf 81' lang='lat' dir='ltr'><strong>intelligenda,</strong></span> <span class='ocrx_word' id='word_1_880' title='bbox 1163 2983 1293 3015; x_wconf 88' lang='lat' dir='ltr'><strong>implenda</strong></span> <span class='ocrx_word' id='word_1_881' title='bbox 1320 2987 1345 3008; x_wconf 88' lang='lat' dir='ltr'><strong>et</strong></span> <span class='ocrx_word' id='word_1_882' title='bbox 1364 2990 1440 3015; x_wconf 87' lang='lat' dir='ltr'><strong>prae-</strong></span> 
     </span>
     <span class='ocr_line' id='line_1_133' title="bbox 798 3025 1437 3058; baseline 0.005 -8"><span class='ocrx_word' id='word_1_883' title='bbox 798 3025 909 3051; x_wconf 83' lang='lat' dir='ltr'><strong>dicanda</strong></span> <span class='ocrx_word' id='word_1_884' title='bbox 925 3026 1053 3058; x_wconf 80' lang='lat' dir='ltr'><strong>figuratur</strong></span> <span class='ocrx_word' id='word_1_885' title='bbox 1072 3034 1119 3058; x_wconf 87' lang='lat' dir='ltr'><strong>per</strong></span> <span class='ocrx_word' id='word_1_886' title='bbox 1132 3027 1223 3052; x_wconf 82' lang='lat' dir='ltr'><strong>decern</strong></span> <span class='ocrx_word' id='word_1_887' title='bbox 1240 3034 1314 3053; x_wconf 89' lang='lat' dir='ltr'><strong>mnas</strong></span> <span class='ocrx_word' id='word_1_888' title='bbox 1329 3028 1372 3053; x_wconf 86' lang='lat' dir='ltr'><strong>Vll</strong></span> <span class='ocrx_word' id='word_1_889' title='bbox 1387 3027 1437 3053; x_wconf 87' lang='lat'><strong>479</strong></span> 
     </span>
     <span class='ocr_line' id='line_1_134' title="bbox 800 3069 1439 3104; baseline 0.005 -10"><span class='ocrx_word' id='word_1_890' title='bbox 800 3069 832 3094; x_wconf 87' lang='grc'><strong>19</strong></span> <span class='ocrx_word' id='word_1_891' title='bbox 851 3084 886 3088; x_wconf 87' lang='grc'><strong>-</strong></span> <span class='ocrx_word' id='word_1_892' title='bbox 906 3070 1087 3096; x_wconf 78' lang='lat' dir='ltr'><strong>illaudatorum</strong></span> <span class='ocrx_word' id='word_1_893' title='bbox 1112 3071 1274 3103; x_wconf 89' lang='lat' dir='ltr'><strong>spiritualem</strong></span> <span class='ocrx_word' id='word_1_894' title='bbox 1294 3072 1439 3104; x_wconf 87' lang='lat' dir='ltr'><strong>intelligen-</strong></span> 
     </span>
     <span class='ocr_line' id='line_1_135' title="bbox 798 3113 1439 3147; baseline 0.006 -9"><span class='ocrx_word' id='word_1_895' title='bbox 798 3113 860 3138; x_wconf 87' lang='lat' dir='ltr'><strong>tiam</strong></span> <span class='ocrx_word' id='word_1_896' title='bbox 873 3117 899 3139; x_wconf 92' lang='lat' dir='ltr'><strong>et</strong></span> <span class='ocrx_word' id='word_1_897' title='bbox 911 3113 1106 3140; x_wconf 89' lang='lat' dir='ltr'><strong>observantiam</strong></span> <span class='ocrx_word' id='word_1_898' title='bbox 1126 3117 1268 3147; x_wconf 85' lang='lat' dir='ltr'><strong>perfectam</strong></span> <span class='ocrx_word' id='word_1_899' title='bbox 1289 3123 1339 3142; x_wconf 92' lang='lat' dir='ltr'><strong>non</strong></span> <span class='ocrx_word' id='word_1_900' title='bbox 1360 3115 1439 3142; x_wconf 89' lang='lat' dir='ltr'><strong>habe-</strong></span> 
     </span>
     <span class='ocr_line' id='line_1_136' title="bbox 799 3158 1439 3192; baseline 0.006 -10"><span class='ocrx_word' id='word_1_901' title='bbox 799 3164 858 3183; x_wconf 91' lang='lat' dir='ltr'><strong>mus</strong></span> <span class='ocrx_word' id='word_1_902' title='bbox 870 3158 918 3183; x_wconf 90' lang='lat' dir='ltr'><strong>nisi</strong></span> <span class='ocrx_word' id='word_1_903' title='bbox 939 3165 986 3190; x_wconf 91' lang='lat' dir='ltr'><strong>per</strong></span> <span class='ocrx_word' id='word_1_904' title='bbox 1000 3159 1110 3191; x_wconf 87' lang='lat' dir='ltr'><strong>gratiam</strong></span> <span class='ocrx_word' id='word_1_905' title='bbox 1124 3159 1185 3186; x_wconf 83' lang='lat' dir='ltr'><strong>ibid.</strong></span> <span class='ocrx_word' id='word_1_906' title='bbox 1199 3174 1234 3179; x_wconf 91' lang='lat'><strong>—</strong></span> <span class='ocrx_word' id='word_1_907' title='bbox 1246 3160 1294 3185; x_wconf 92' lang='lat' dir='ltr'><strong>Dei</strong></span> <span class='ocrx_word' id='word_1_908' title='bbox 1307 3167 1354 3192; x_wconf 86' lang='lat' dir='ltr'><strong>per</strong></span> <span class='ocrx_word' id='word_1_909' title='bbox 1366 3167 1439 3186; x_wconf 84' lang='lat' dir='ltr'><strong>occa-</strong></span> 
     </span>
     <span class='ocr_line' id='line_1_137' title="bbox 797 3201 1440 3236; baseline 0.005 -9"><span class='ocrx_word' id='word_1_910' title='bbox 797 3201 898 3227; x_wconf 88' lang='lat' dir='ltr'><strong>sionem</strong></span> <span class='ocrx_word' id='word_1_911' title='bbox 924 3203 971 3228; x_wconf 87' lang='lat' dir='ltr'><strong>fuit</strong></span> <span class='ocrx_word' id='word_1_912' title='bbox 995 3210 1046 3229; x_wconf 91' lang='lat' dir='ltr'><strong>non</strong></span> <span class='ocrx_word' id='word_1_913' title='bbox 1066 3203 1223 3230; x_wconf 84' lang='lat' dir='ltr'><strong>habentibus</strong></span> <span class='ocrx_word' id='word_1_914' title='bbox 1241 3205 1351 3236; x_wconf 84' lang='lat' dir='ltr'><strong>gratiam</strong></span> <span class='ocrx_word' id='word_1_915' title='bbox 1373 3211 1440 3230; x_wconf 87' lang='lat' dir='ltr'><strong>mor·</strong></span> 
     </span>
    </p>
   </div>
   <div class='ocr_carea' id='block_1_7' title="bbox 174 3242 1090 3280">
    <p class='ocr_par' dir='ltr' id='par_1_26' title="bbox 174 3242 1090 3280">
     <span class='ocr_line' id='line_1_138' title="bbox 174 3242 1090 3280; baseline 0.007 -13"><span class='ocrx_word' id='word_1_916' title='bbox 174 3256 208 3260; x_wconf 89' lang='lat'><strong>—</strong></span> <span class='ocrx_word' id='word_1_917' title='bbox 228 3242 326 3268; x_wconf 88' lang='lat' dir='ltr'><strong>Videre</strong></span> <span class='ocrx_word' id='word_1_918' title='bbox 351 3243 418 3269; x_wconf 86' lang='lat' dir='ltr'><strong>mala</strong></span> <span class='ocrx_word' id='word_1_919' title='bbox 444 3244 522 3269; x_wconf 86' lang='lat' dir='ltr'><strong>huius</strong></span> <span class='ocrx_word' id='word_1_920' title='bbox 550 3243 641 3269; x_wconf 90' lang='lat' dir='ltr'><strong>mundi</strong></span> <span class='ocrx_word' id='word_1_921' title='bbox 664 3251 760 3275; x_wconf 85' lang='lat' dir='ltr'><strong>magna</strong></span> <span class='ocrx_word' id='word_1_922' title='bbox 798 3245 901 3271; x_wconf 87' lang='lat' dir='ltr'><strong>tiferum</strong></span> <span class='ocrx_word' id='word_1_923' title='bbox 922 3246 954 3272; x_wconf 96' lang='lat' dir='ltr'><strong>Vl</strong></span> <span class='ocrx_word' id='word_1_924' title='bbox 975 3247 1008 3272; x_wconf 83' lang='lat'>26</span> <span class='ocrx_word' id='word_1_925' title='bbox 1028 3254 1053 3280; x_wconf 83' lang='lat' dir='ltr'><strong>q.</strong></span> <span class='ocrx_word' id='word_1_926' title='bbox 1075 3247 1090 3272; x_wconf 85' lang='lat'><strong>4</strong></span> 
     </span>
    </p>
   </div>
   <div class='ocr_carea' id='block_1_8' title="bbox 121 3286 761 3314">
    <p class='ocr_par' dir='ltr' id='par_1_27' title="bbox 121 3286 761 3314">
     <span class='ocr_line' id='line_1_139' title="bbox 121 3286 761 3314; baseline 0.005 -3"><span class='ocrx_word' id='word_1_927' title='bbox 121 3288 161 3311; x_wconf 88' lang='lat' dir='ltr'><strong>est</strong></span> <span class='ocrx_word' id='word_1_928' title='bbox 179 3286 284 3312; x_wconf 89' lang='lat' dir='ltr'><strong>miseria</strong></span> <span class='ocrx_word' id='word_1_929' title='bbox 312 3287 347 3313; x_wconf 87' lang='lat' dir='ltr'><strong>Vl</strong></span> <span class='ocrx_word' id='word_1_930' title='bbox 375 3287 409 3313; x_wconf 88' lang='grc'><strong>37</strong></span> <span class='ocrx_word' id='word_1_931' title='bbox 438 3295 464 3313; x_wconf 89' lang='grc' dir='ltr'><strong>ν.</strong></span> <span class='ocrx_word' id='word_1_932' title='bbox 484 3288 499 3313; x_wconf 90' lang='grc'>3</span> <span class='ocrx_word' id='word_1_933' title='bbox 519 3302 554 3305; x_wconf 91' lang='grc'>-</span> <span class='ocrx_word' id='word_1_934' title='bbox 573 3294 624 3313; x_wconf 92' lang='lat' dir='ltr'><strong>non</strong></span> <span class='ocrx_word' id='word_1_935' title='bbox 650 3291 710 3314; x_wconf 91' lang='lat' dir='ltr'><strong>sunt</strong></span> <span class='ocrx_word' id='word_1_936' title='bbox 734 3289 761 3314; x_wconf 91' lang='lat' dir='ltr'><strong>ti-</strong></span> 
     </span>
    </p>
   </div>
   <div class='ocr_carea' id='block_1_9' title="bbox 851 3291 1438 3323">
    <p class='ocr_par' dir='ltr' id='par_1_28' title="bbox 851 3291 1438 3323">
     <span class='ocr_line' id='line_1_140' title="bbox 851 3291 1438 3323; baseline 0.005 -8"><span class='ocrx_word' id='word_1_937' title='bbox 851 3303 887 3309; x_wconf 95' lang='lat'>—</span> <span class='ocrx_word' id='word_1_938' title='bbox 906 3291 933 3316; x_wconf 93' lang='lat' dir='ltr'><strong>ln</strong></span> <span class='ocrx_word' id='word_1_939' title='bbox 953 3291 1083 3317; x_wconf 85' lang='lat' dir='ltr'><strong>mandatis</strong></span> <span class='ocrx_word' id='word_1_940' title='bbox 1111 3291 1184 3323; x_wconf 89' lang='lat' dir='ltr'><strong>prius</strong></span> <span class='ocrx_word' id='word_1_941' title='bbox 1212 3295 1251 3318; x_wconf 88' lang='lat' dir='ltr'><strong>est</strong></span> <span class='ocrx_word' id='word_1_942' title='bbox 1274 3293 1405 3319; x_wconf 81' lang='lat' dir='ltr'><strong>declinare</strong></span> <span class='ocrx_word' id='word_1_943' title='bbox 1424 3300 1438 3318; x_wconf 85' lang='lat' dir='ltr'><strong>a</strong></span> 
     </span>
    </p>
   </div>
   <div class='ocr_carea' id='block_1_10' title="bbox 119 3330 1439 3367">
    <p class='ocr_par' dir='ltr' id='par_1_29' title="bbox 119 3330 1439 3367">
     <span class='ocr_line' id='line_1_141' title="bbox 119 3330 1439 3367; baseline 0.005 -12"><span class='ocrx_word' id='word_1_944' title='bbox 119 3330 215 3356; x_wconf 87' lang='lat' dir='ltr'><strong>menda</strong></span> <span class='ocrx_word' id='word_1_945' title='bbox 234 3331 356 3363; x_wconf 87' lang='lat' dir='ltr'><strong>exemplo</strong></span> <span class='ocrx_word' id='word_1_946' title='bbox 375 3331 469 3358; x_wconf 87' lang='lat' dir='ltr'><strong>Christi</strong></span> <span class='ocrx_word' id='word_1_947' title='bbox 489 3332 540 3358; x_wconf 88' lang='grc'><strong>322</strong></span> <span class='ocrx_word' id='word_1_948' title='bbox 555 3332 589 3357; x_wconf 85' lang='grc'><strong>25</strong></span> <span class='ocrx_word' id='word_1_949' title='bbox 607 3346 642 3351; x_wconf 89' lang='lat'>—</span> <span class='ocrx_word' id='word_1_950' title='bbox 662 3332 761 3359; x_wconf 86' lang='lat' dir='ltr'><strong>facilius</strong></span> <span class='ocrx_word' id='word_1_951' title='bbox 799 3334 868 3360; x_wconf 90' lang='lat' dir='ltr'><strong>malo</strong></span> <span class='ocrx_word' id='word_1_952' title='bbox 887 3341 968 3367; x_wconf 85' lang='lat' dir='ltr'><strong>quam</strong></span> <span class='ocrx_word' id='word_1_953' title='bbox 989 3336 1072 3361; x_wconf 88' lang='lat' dir='ltr'><strong>faeere</strong></span> <span class='ocrx_word' id='word_1_954' title='bbox 1092 3334 1191 3361; x_wconf 88' lang='lat' dir='ltr'><strong>bonum</strong></span> <span class='ocrx_word' id='word_1_955' title='bbox 1218 3336 1259 3362; x_wconf 94' lang='lat' dir='ltr'><strong>Vll</strong></span> <span class='ocrx_word' id='word_1_956' title='bbox 1281 3336 1331 3362; x_wconf 82' lang='grc'><strong>462</strong></span> <span class='ocrx_word' id='word_1_957' title='bbox 1351 3337 1384 3362; x_wconf 90' lang='grc'><strong>39</strong></span> <span class='ocrx_word' id='word_1_958' title='bbox 1404 3350 1439 3356; x_wconf 92' lang='lat'>—</span> 
     </span>
    </p>
   </div>
   <div class='ocr_carea' id='block_1_11' title="bbox 1467 630 1472 1221">
    <p class='ocr_par' dir='ltr' id='par_1_30' title="bbox 1467 630 1472 1221">
     <span class='ocr_line' id='line_1_142' title="bbox 1467 630 1472 1221; baseline 0 0"><span class='ocrx_word' id='word_1_959' title='bbox 1467 630 1472 1221; x_wconf 95' lang='lat' dir='ltr'><strong> </strong></span> 
     </span>
    </p>
   </div>
   <div class='ocr_carea' id='block_1_12' title="bbox 1779 184 2128 249">
    <p class='ocr_par' dir='ltr' id='par_1_31' title="bbox 1779 184 2128 249">
     <span class='ocr_line' id='line_1_143' title="bbox 2065 184 2128 215; baseline 0 -1"><span class='ocrx_word' id='word_1_960' title='bbox 2065 184 2128 215; x_wconf 87' lang='lat'><strong>787</strong></span> 
     </span>
     <span class='ocr_line' id='line_1_144' title="bbox 1779 225 1846 249; baseline 0 0"><span class='ocrx_word' id='word_1_961' title='bbox 1779 225 1846 249; x_wconf 77' lang='grc' dir='ltr'><strong>ΜΛΝ</strong></span> 
     </span>
    </p>
   </div>
   <div class='ocr_carea' id='block_1_13' title="bbox 1475 266 2130 3364">
    <p class='ocr_par' dir='ltr' id='par_1_32' title="bbox 1491 266 2129 344">
     <span class='ocr_line' id='line_1_145' title="bbox 1491 266 2129 303; baseline 0.008 -12"><span class='ocrx_word' id='word_1_962' title='bbox 1491 273 1545 291; x_wconf 92' lang='lat' dir='ltr'><strong>non</strong></span> <span class='ocrx_word' id='word_1_963' title='bbox 1565 266 1703 293; x_wconf 87' lang='lat' dir='ltr'><strong>iustisscant</strong></span> <span class='ocrx_word' id='word_1_964' title='bbox 1723 275 1769 300; x_wconf 92' lang='lat' dir='ltr'><strong>per</strong></span> <span class='ocrx_word' id='word_1_965' title='bbox 1784 269 1929 300; x_wconf 85' lang='lat' dir='ltr'><strong>simplicem</strong></span> <span class='ocrx_word' id='word_1_966' title='bbox 1943 270 2069 303; x_wconf 85' lang='lat' dir='ltr'><strong>notitiam,</strong></span> <span class='ocrx_word' id='word_1_967' title='bbox 2083 271 2129 297; x_wconf 69' lang='lat' dir='ltr'><strong>sed</strong></span> 
     </span>
     <span class='ocr_line' id='line_1_146' title="bbox 1492 312 2129 344; baseline 0.006 -8"><span class='ocrx_word' id='word_1_968' title='bbox 1492 317 1538 342; x_wconf 87' lang='lat' dir='ltr'><strong>per</strong></span> <span class='ocrx_word' id='word_1_969' title='bbox 1563 312 1794 344; x_wconf 83' lang='lat' dir='ltr'><strong>experimentalem</strong></span> <span class='ocrx_word' id='word_1_970' title='bbox 1821 313 2015 340; x_wconf 79' lang='lat' dir='ltr'><strong>observantiam</strong></span> <span class='ocrx_word' id='word_1_971' title='bbox 2043 314 2074 340; x_wconf 87' lang='lat' dir='ltr'><strong>ib.</strong></span> <span class='ocrx_word' id='word_1_972' title='bbox 2097 315 2129 340; x_wconf 88' lang='grc'><strong>40</strong></span> 
     </span>
    </p>

    <p class='ocr_par' dir='ltr' id='par_1_33' title="bbox 1490 356 2129 658">
     <span class='ocr_line' id='line_1_147' title="bbox 1545 356 2128 388; baseline 0.009 -8"><span class='ocrx_word' id='word_1_973' title='bbox 1545 369 1578 373; x_wconf 88' lang='lat'><strong>—-</strong></span> <span class='ocrx_word' id='word_1_974' title='bbox 1592 356 1673 381; x_wconf 78' lang='lat' dir='ltr'><strong>Patris</strong></span> <span class='ocrx_word' id='word_1_975' title='bbox 1686 360 1833 388; x_wconf 84' lang='lat' dir='ltr'><strong>servantur,</strong></span> <span class='ocrx_word' id='word_1_976' title='bbox 1846 358 1979 384; x_wconf 85' lang='lat' dir='ltr'><strong>credendo</strong></span> <span class='ocrx_word' id='word_1_977' title='bbox 1994 359 2020 384; x_wconf 93' lang='lat' dir='ltr'><strong>in</strong></span> <span class='ocrx_word' id='word_1_978' title='bbox 2037 359 2128 385; x_wconf 87' lang='lat' dir='ltr'><strong>Filium</strong></span> 
     </span>
     <span class='ocr_line' id='line_1_148' title="bbox 1493 399 2129 430; baseline 0.009 -6"><span class='ocrx_word' id='word_1_979' title='bbox 1493 399 1523 425; x_wconf 94' lang='lat' dir='ltr'><strong>Vl</strong></span> <span class='ocrx_word' id='word_1_980' title='bbox 1541 399 1591 424; x_wconf 89' lang='grc'><strong>470</strong></span> <span class='ocrx_word' id='word_1_981' title='bbox 1612 400 1644 425; x_wconf 85' lang='grc'><strong>13</strong></span> <span class='ocrx_word' id='word_1_982' title='bbox 1663 414 1699 419; x_wconf 84' lang='grc'><strong>-</strong></span> <span class='ocrx_word' id='word_1_983' title='bbox 1718 402 1858 427; x_wconf 75' lang='lat' dir='ltr'><strong>Sermones</strong></span> <span class='ocrx_word' id='word_1_984' title='bbox 1877 402 1969 428; x_wconf 85' lang='lat' dir='ltr'><strong>Christi</strong></span> <span class='ocrx_word' id='word_1_985' title='bbox 1987 403 2129 430; x_wconf 84' lang='lat' dir='ltr'><strong>observan-</strong></span> 
     </span>
     <span class='ocr_line' id='line_1_149' title="bbox 1492 445 2129 475; baseline 0.009 -7"><span class='ocrx_word' id='word_1_986' title='bbox 1492 445 1533 469; x_wconf 85' lang='lat' dir='ltr'><strong>tur</strong></span> <span class='ocrx_word' id='word_1_987' title='bbox 1546 451 1593 475; x_wconf 86' lang='lat' dir='ltr'><strong>per</strong></span> <span class='ocrx_word' id='word_1_988' title='bbox 1612 445 1758 470; x_wconf 81' lang='lat' dir='ltr'><strong>custodiam</strong></span> <span class='ocrx_word' id='word_1_989' title='bbox 1779 447 1962 472; x_wconf 87' lang='lat' dir='ltr'><strong>mandatorum</strong></span> <span class='ocrx_word' id='word_1_990' title='bbox 1983 448 2032 473; x_wconf 83' lang='grc'><strong>369</strong></span> <span class='ocrx_word' id='word_1_991' title='bbox 2047 448 2081 473; x_wconf 83' lang='grc'><strong>75</strong></span> <span class='ocrx_word' id='word_1_992' title='bbox 2095 463 2129 467; x_wconf 81' lang='lat'>—</span> 
     </span>
     <span class='ocr_line' id='line_1_150' title="bbox 1490 488 2128 522; baseline 0.008 -9"><span class='ocrx_word' id='word_1_993' title='bbox 1490 488 1530 513; x_wconf 74' lang='lat' dir='ltr'><strong>Ad</strong></span> <span class='ocrx_word' id='word_1_994' title='bbox 1555 488 1750 515; x_wconf 86' lang='lat' dir='ltr'><strong>observantiam</strong></span> <span class='ocrx_word' id='word_1_995' title='bbox 1778 492 1918 522; x_wconf 83' lang='lat' dir='ltr'><strong>perfectam</strong></span> <span class='ocrx_word' id='word_1_996' title='bbox 1945 493 2128 518; x_wconf 87' lang='lat' dir='ltr'><strong>mandatorum</strong></span> 
     </span>
     <span class='ocr_line' id='line_1_151' title="bbox 1490 532 2128 562; baseline 0.006 -4"><span class='ocrx_word' id='word_1_997' title='bbox 1490 532 1623 558; x_wconf 86' lang='lat' dir='ltr'><strong>reducitur</strong></span> <span class='ocrx_word' id='word_1_998' title='bbox 1645 540 1724 559; x_wconf 88' lang='lat' dir='ltr'><strong>omne</strong></span> <span class='ocrx_word' id='word_1_999' title='bbox 1743 533 1836 560; x_wconf 81' lang='lat' dir='ltr'><strong>Christi</strong></span> <span class='ocrx_word' id='word_1_1000' title='bbox 1856 536 1991 561; x_wconf 81' lang='lat' dir='ltr'><strong>servitium</strong></span> <span class='ocrx_word' id='word_1_1001' title='bbox 2016 537 2057 562; x_wconf 90' lang='lat' dir='ltr'><strong>Vll</strong></span> <span class='ocrx_word' id='word_1_1002' title='bbox 2079 537 2128 562; x_wconf 79' lang='grc'><strong>479</strong></span> 
     </span>
     <span class='ocr_line' id='line_1_152' title="bbox 1494 576 2129 613; baseline 0.008 -12"><span class='ocrx_word' id='word_1_1003' title='bbox 1494 577 1524 601; x_wconf 89' lang='grc'><strong>19</strong></span> <span class='ocrx_word' id='word_1_1004' title='bbox 1543 590 1579 596; x_wconf 87' lang='grc'><strong>-</strong></span> <span class='ocrx_word' id='word_1_1005' title='bbox 1597 576 1728 603; x_wconf 83' lang='lat' dir='ltr'><strong>Christum</strong></span> <span class='ocrx_word' id='word_1_1006' title='bbox 1748 583 1894 612; x_wconf 83' lang='lat' dir='ltr'><strong>sequuntur</strong></span> <span class='ocrx_word' id='word_1_1007' title='bbox 1913 581 2063 612; x_wconf 87' lang='lat' dir='ltr'><strong>incipientes</strong></span> <span class='ocrx_word' id='word_1_1008' title='bbox 2083 588 2129 613; x_wconf 88' lang='lat' dir='ltr'><strong>per</strong></span> 
     </span>
     <span class='ocr_line' id='line_1_153' title="bbox 1490 621 2128 658; baseline 0.008 -12"><span class='ocrx_word' id='word_1_1009' title='bbox 1490 621 1623 653; x_wconf 90' lang='lat' dir='ltr'><strong>planitiem</strong></span> <span class='ocrx_word' id='word_1_1010' title='bbox 1635 622 1819 649; x_wconf 86' lang='lat' dir='ltr'><strong>mandatorum</strong></span> <span class='ocrx_word' id='word_1_1011' title='bbox 1832 624 1964 656; x_wconf 87' lang='lat' dir='ltr'><strong>tripliciter</strong></span> <span class='ocrx_word' id='word_1_1012' title='bbox 1975 625 2006 650; x_wconf 93' lang='lat' dir='ltr'><strong>Vl</strong></span> <span class='ocrx_word' id='word_1_1013' title='bbox 2019 626 2069 651; x_wconf 82' lang='lat'>583</span> <span class='ocrx_word' id='word_1_1014' title='bbox 2084 627 2128 658; x_wconf 81' lang='grc'><strong>1,2</strong></span> 
     </span>
    </p>

    <p class='ocr_par' dir='ltr' id='par_1_34' title="bbox 1489 665 2130 782">
     <span class='ocr_line' id='line_1_154' title="bbox 1545 665 2130 701; baseline 0.009 -11"><span class='ocrx_word' id='word_1_1015' title='bbox 1545 679 1576 683; x_wconf 90' lang='lat'><strong>--</strong></span> <span class='ocrx_word' id='word_1_1016' title='bbox 1597 665 1755 692; x_wconf 87' lang='lat' dir='ltr'><strong>Obedientes</strong></span> <span class='ocrx_word' id='word_1_1017' title='bbox 1779 668 1900 693; x_wconf 86' lang='lat' dir='ltr'><strong>mandata</strong></span> <span class='ocrx_word' id='word_1_1018' title='bbox 1928 669 1972 694; x_wconf 91' lang='lat' dir='ltr'><strong>Dei</strong></span> <span class='ocrx_word' id='word_1_1019' title='bbox 1992 670 2130 701; x_wconf 84' lang='lat' dir='ltr'><strong>perficiunt</strong></span> 
     </span>
     <span class='ocr_line' id='line_1_155' title="bbox 1491 709 2128 743; baseline 0.009 -9"><span class='ocrx_word' id='word_1_1020' title='bbox 1491 709 1522 734; x_wconf 95' lang='lat' dir='ltr'><strong>Vl</strong></span> <span class='ocrx_word' id='word_1_1021' title='bbox 1552 710 1603 735; x_wconf 87' lang='lat'><strong>539</strong></span> <span class='ocrx_word' id='word_1_1022' title='bbox 1633 711 1648 735; x_wconf 87' lang='lat'>8</span> <span class='ocrx_word' id='word_1_1023' title='bbox 1668 726 1703 729; x_wconf 97' lang='lat'><strong>—</strong></span> <span class='ocrx_word' id='word_1_1024' title='bbox 1723 713 1879 743; x_wconf 88' lang='lat' dir='ltr'><strong>proponitur</strong></span> <span class='ocrx_word' id='word_1_1025' title='bbox 1908 713 2075 740; x_wconf 85' lang='lat' dir='ltr'><strong>credentibus</strong></span> <span class='ocrx_word' id='word_1_1026' title='bbox 2103 719 2128 740; x_wconf 88' lang='lat' dir='ltr'><strong>et</strong></span> 
     </span>
     <span class='ocr_line' id='line_1_156' title="bbox 1489 753 1863 782; baseline 0.011 -3"><span class='ocrx_word' id='word_1_1027' title='bbox 1489 753 1674 781; x_wconf 88' lang='lat' dir='ltr'><strong>obedientibus</strong></span> <span class='ocrx_word' id='word_1_1028' title='bbox 1695 756 1737 781; x_wconf 93' lang='lat' dir='ltr'><strong>Vll</strong></span> <span class='ocrx_word' id='word_1_1029' title='bbox 1761 757 1808 782; x_wconf 87' lang='grc'><strong>153</strong></span> <span class='ocrx_word' id='word_1_1030' title='bbox 1829 757 1863 782; x_wconf 85' lang='grc'><strong>65</strong></span> 
     </span>
    </p>

    <p class='ocr_par' dir='ltr' id='par_1_35' title="bbox 1487 800 2129 1010">
     <span class='ocr_line' id='line_1_157' title="bbox 1543 800 2129 833; baseline 0.009 -8"><span class='ocrx_word' id='word_1_1031' title='bbox 1543 813 1576 817; x_wconf 93' lang='grc'>-</span> <span class='ocrx_word' id='word_1_1032' title='bbox 1596 800 1631 826; x_wconf 84' lang='lat' dir='ltr'><strong>Ex</strong></span> <span class='ocrx_word' id='word_1_1033' title='bbox 1650 800 1708 832; x_wconf 87' lang='lat' dir='ltr'><strong>lege</strong></span> <span class='ocrx_word' id='word_1_1034' title='bbox 1721 801 1840 833; x_wconf 77' lang='lat' dir='ltr'><strong>decalogi</strong></span> <span class='ocrx_word' id='word_1_1035' title='bbox 1861 802 1971 828; x_wconf 87' lang='lat' dir='ltr'><strong>habetur</strong></span> <span class='ocrx_word' id='word_1_1036' title='bbox 1991 803 2079 829; x_wconf 90' lang='lat' dir='ltr'><strong>notitia</strong></span> <span class='ocrx_word' id='word_1_1037' title='bbox 2094 805 2129 830; x_wconf 88' lang='lat' dir='ltr'><strong>lit-</strong></span> 
     </span>
     <span class='ocr_line' id='line_1_158' title="bbox 1489 843 2129 873; baseline 0.009 -5"><span class='ocrx_word' id='word_1_1038' title='bbox 1489 843 1575 869; x_wconf 89' lang='lat' dir='ltr'><strong>teralis</strong></span> <span class='ocrx_word' id='word_1_1039' title='bbox 1594 844 1685 870; x_wconf 88' lang='lat' dir='ltr'><strong>decem</strong></span> <span class='ocrx_word' id='word_1_1040' title='bbox 1707 846 1892 872; x_wconf 89' lang='lat' dir='ltr'><strong>mandatorum</strong></span> <span class='ocrx_word' id='word_1_1041' title='bbox 1913 848 1954 873; x_wconf 93' lang='lat' dir='ltr'><strong>Vll</strong></span> <span class='ocrx_word' id='word_1_1042' title='bbox 1976 848 2027 873; x_wconf 85' lang='lat'>479</span> <span class='ocrx_word' id='word_1_1043' title='bbox 2045 849 2076 873; x_wconf 90' lang='grc'><strong>19</strong></span> <span class='ocrx_word' id='word_1_1044' title='bbox 2094 863 2129 868; x_wconf 91' lang='grc'><strong>-</strong></span> 
     </span>
     <span class='ocr_line' id='line_1_159' title="bbox 1489 889 2122 924; baseline 0.008 -11"><span class='ocrx_word' id='word_1_1045' title='bbox 1489 889 1596 914; x_wconf 89' lang='lat' dir='ltr'><strong>moralia</strong></span> <span class='ocrx_word' id='word_1_1046' title='bbox 1618 893 1750 921; x_wconf 89' lang='lat' dir='ltr'><strong>ponuntur</strong></span> <span class='ocrx_word' id='word_1_1047' title='bbox 1770 891 1794 916; x_wconf 93' lang='lat' dir='ltr'><strong>in</strong></span> <span class='ocrx_word' id='word_1_1048' title='bbox 1820 891 1946 924; x_wconf 81' lang='lat' dir='ltr'><strong>decalogo</strong></span> <span class='ocrx_word' id='word_1_1049' title='bbox 1967 892 1998 918; x_wconf 71' lang='lat' dir='ltr'><strong>Vl</strong></span> <span class='ocrx_word' id='word_1_1050' title='bbox 2023 893 2074 918; x_wconf 86' lang='grc'><strong>308</strong></span> <span class='ocrx_word' id='word_1_1051' title='bbox 2095 893 2122 918; x_wconf 88' lang='grc'><strong>31</strong></span> 
     </span>
     <span class='ocr_line' id='line_1_160' title="bbox 1488 933 2127 970; baseline 0.009 -12"><span class='ocrx_word' id='word_1_1052' title='bbox 1488 946 1523 951; x_wconf 91' lang='lat'><strong>——</strong></span> <span class='ocrx_word' id='word_1_1053' title='bbox 1544 933 1568 958; x_wconf 92' lang='lat' dir='ltr'><strong>ln</strong></span> <span class='ocrx_word' id='word_1_1054' title='bbox 1589 934 1718 960; x_wconf 86' lang='lat' dir='ltr'><strong>mandatis</strong></span> <span class='ocrx_word' id='word_1_1055' title='bbox 1731 936 1897 962; x_wconf 88' lang='lat' dir='ltr'><strong>continentur</strong></span> <span class='ocrx_word' id='word_1_1056' title='bbox 1917 937 1970 963; x_wconf 90' lang='lat' dir='ltr'><strong>duo</strong></span> <span class='ocrx_word' id='word_1_1057' title='bbox 1989 942 2127 970; x_wconf 88' lang='lat' dir='ltr'><strong>praecepta</strong></span> 
     </span>
     <span class='ocr_line' id='line_1_161' title="bbox 1487 977 1883 1010; baseline 0.01 -8"><span class='ocrx_word' id='word_1_1058' title='bbox 1487 977 1553 1010; x_wconf 85' lang='lat' dir='ltr'><strong>legis</strong></span> <span class='ocrx_word' id='word_1_1059' title='bbox 1573 979 1696 1004; x_wconf 86' lang='lat' dir='ltr'><strong>naturalis</strong></span> <span class='ocrx_word' id='word_1_1060' title='bbox 1716 980 1758 1005; x_wconf 94' lang='lat' dir='ltr'><strong>Vll</strong></span> <span class='ocrx_word' id='word_1_1061' title='bbox 1781 980 1830 1006; x_wconf 82' lang='lat'>462</span> <span class='ocrx_word' id='word_1_1062' title='bbox 1851 981 1883 1006; x_wconf 85' lang='lat'><strong>39</strong></span> 
     </span>
    </p>

    <p class='ocr_par' dir='ltr' id='par_1_36' title="bbox 1484 1024 2128 1497">
     <span class='ocr_line' id='line_1_162' title="bbox 1541 1024 2128 1053; baseline 0.009 -5"><span class='ocrx_word' id='word_1_1063' title='bbox 1541 1037 1575 1041; x_wconf 93' lang='lat'><strong>——</strong></span> <span class='ocrx_word' id='word_1_1064' title='bbox 1595 1024 1622 1049; x_wconf 91' lang='lat' dir='ltr'><strong>ln</strong></span> <span class='ocrx_word' id='word_1_1065' title='bbox 1642 1025 1766 1051; x_wconf 89' lang='lat' dir='ltr'><strong>mandato</strong></span> <span class='ocrx_word' id='word_1_1066' title='bbox 1786 1026 1819 1051; x_wconf 90' lang='lat' dir='ltr'><strong>de</strong></span> <span class='ocrx_word' id='word_1_1067' title='bbox 1838 1026 1977 1052; x_wconf 90' lang='lat' dir='ltr'><strong>dilectione</strong></span> <span class='ocrx_word' id='word_1_1068' title='bbox 1995 1027 2042 1052; x_wconf 88' lang='lat' dir='ltr'><strong>Dei</strong></span> <span class='ocrx_word' id='word_1_1069' title='bbox 2061 1027 2128 1053; x_wconf 86' lang='lat' dir='ltr'><strong>clau·</strong></span> 
     </span>
     <span class='ocr_line' id='line_1_163' title="bbox 1487 1067 2128 1097; baseline 0.009 -5"><span class='ocrx_word' id='word_1_1070' title='bbox 1487 1067 1557 1093; x_wconf 91' lang='lat' dir='ltr'><strong>ditur</strong></span> <span class='ocrx_word' id='word_1_1071' title='bbox 1577 1071 1629 1093; x_wconf 89' lang='lat' dir='ltr'><strong>tota</strong></span> <span class='ocrx_word' id='word_1_1072' title='bbox 1659 1070 1741 1095; x_wconf 85' lang='lat' dir='ltr'><strong>forma</strong></span> <span class='ocrx_word' id='word_1_1073' title='bbox 1771 1071 1877 1096; x_wconf 79' lang='lat' dir='ltr'><strong>vivendi</strong></span> <span class='ocrx_word' id='word_1_1074' title='bbox 1904 1071 1946 1097; x_wconf 94' lang='lat' dir='ltr'><strong>Vll</strong></span> <span class='ocrx_word' id='word_1_1075' title='bbox 1967 1072 2018 1097; x_wconf 82' lang='grc'><strong>267</strong></span> <span class='ocrx_word' id='word_1_1076' title='bbox 2040 1071 2071 1097; x_wconf 86' lang='grc'><strong>46</strong></span> <span class='ocrx_word' id='word_1_1077' title='bbox 2093 1086 2128 1091; x_wconf 91' lang='grc'><strong>-</strong></span> 
     </span>
     <span class='ocr_line' id='line_1_164' title="bbox 1487 1112 2127 1143; baseline 0.009 -6"><span class='ocrx_word' id='word_1_1078' title='bbox 1487 1112 1534 1137; x_wconf 84' lang='lat' dir='ltr'><strong>Per</strong></span> <span class='ocrx_word' id='word_1_1079' title='bbox 1548 1113 1700 1139; x_wconf 89' lang='lat' dir='ltr'><strong>mandatum</strong></span> <span class='ocrx_word' id='word_1_1080' title='bbox 1712 1114 1745 1140; x_wconf 91' lang='lat' dir='ltr'><strong>de</strong></span> <span class='ocrx_word' id='word_1_1081' title='bbox 1756 1115 1892 1141; x_wconf 88' lang='lat' dir='ltr'><strong>dilectione</strong></span> <span class='ocrx_word' id='word_1_1082' title='bbox 1906 1116 1951 1141; x_wconf 90' lang='lat' dir='ltr'><strong>Dei</strong></span> <span class='ocrx_word' id='word_1_1083' title='bbox 1967 1119 2035 1142; x_wconf 87' lang='lat' dir='ltr'><strong>totus</strong></span> <span class='ocrx_word' id='word_1_1084' title='bbox 2049 1118 2127 1143; x_wconf 91' lang='lat' dir='ltr'><strong>homo</strong></span> 
     </span>
     <span class='ocr_line' id='line_1_165' title="bbox 1486 1158 2126 1187; baseline 0.008 -5"><span class='ocrx_word' id='word_1_1085' title='bbox 1486 1158 1632 1184; x_wconf 88' lang='lat' dir='ltr'><strong>secundum</strong></span> <span class='ocrx_word' id='word_1_1086' title='bbox 1662 1166 1690 1184; x_wconf 91' lang='lat' dir='ltr'><strong>se</strong></span> <span class='ocrx_word' id='word_1_1087' title='bbox 1719 1162 1801 1185; x_wconf 91' lang='lat' dir='ltr'><strong>totum</strong></span> <span class='ocrx_word' id='word_1_1088' title='bbox 1830 1160 1966 1186; x_wconf 87' lang='lat' dir='ltr'><strong>ordinatur</strong></span> <span class='ocrx_word' id='word_1_1089' title='bbox 1991 1161 2017 1186; x_wconf 90' lang='lat' dir='ltr'><strong>in</strong></span> <span class='ocrx_word' id='word_1_1090' title='bbox 2043 1162 2126 1187; x_wconf 89' lang='lat' dir='ltr'><strong>Deum</strong></span> 
     </span>
     <span class='ocr_line' id='line_1_166' title="bbox 1485 1204 2128 1236; baseline 0.006 -9"><span class='ocrx_word' id='word_1_1091' title='bbox 1485 1204 1511 1228; x_wconf 89' lang='lat' dir='ltr'><strong>et</strong></span> <span class='ocrx_word' id='word_1_1092' title='bbox 1529 1209 1577 1234; x_wconf 85' lang='lat' dir='ltr'><strong>per</strong></span> <span class='ocrx_word' id='word_1_1093' title='bbox 1596 1209 1760 1236; x_wconf 88' lang='lat' dir='ltr'><strong>consequens</strong></span> <span class='ocrx_word' id='word_1_1094' title='bbox 1779 1205 1812 1230; x_wconf 92' lang='lat' dir='ltr'><strong>ad</strong></span> <span class='ocrx_word' id='word_1_1095' title='bbox 1828 1211 1856 1230; x_wconf 90' lang='lat' dir='ltr'><strong>se</strong></span> <span class='ocrx_word' id='word_1_1096' title='bbox 1869 1205 1957 1236; x_wconf 88' lang='lat' dir='ltr'><strong>ipsum</strong></span> <span class='ocrx_word' id='word_1_1097' title='bbox 1977 1206 2028 1231; x_wconf 82' lang='grc'><strong>268</strong></span> <span class='ocrx_word' id='word_1_1098' title='bbox 2044 1206 2075 1231; x_wconf 87' lang='grc'><strong>48</strong></span> <span class='ocrx_word' id='word_1_1099' title='bbox 2092 1220 2128 1225; x_wconf 93' lang='grc'><strong>-</strong></span> 
     </span>
     <span class='ocr_line' id='line_1_167' title="bbox 1485 1246 2127 1281; baseline 0.006 -9"><span class='ocrx_word' id='word_1_1100' title='bbox 1485 1246 1519 1272; x_wconf 88' lang='lat' dir='ltr'><strong>de</strong></span> <span class='ocrx_word' id='word_1_1101' title='bbox 1538 1247 1675 1273; x_wconf 89' lang='lat' dir='ltr'><strong>dilectione</strong></span> <span class='ocrx_word' id='word_1_1102' title='bbox 1695 1248 1740 1273; x_wconf 92' lang='lat' dir='ltr'><strong>Dei</strong></span> <span class='ocrx_word' id='word_1_1103' title='bbox 1759 1249 1849 1281; x_wconf 87' lang='lat' dir='ltr'><strong>quoad</strong></span> <span class='ocrx_word' id='word_1_1104' title='bbox 1876 1250 2036 1276; x_wconf 87' lang='lat' dir='ltr'><strong>conditiones</strong></span> <span class='ocrx_word' id='word_1_1105' title='bbox 2058 1252 2127 1276; x_wconf 80' lang='lat' dir='ltr'><strong>satil-</strong></span> 
     </span>
     <span class='ocr_line' id='line_1_168' title="bbox 1486 1291 2126 1327; baseline 0.008 -11"><span class='ocrx_word' id='word_1_1106' title='bbox 1486 1291 1595 1317; x_wconf 90' lang='lat' dir='ltr'><strong>cientiae</strong></span> <span class='ocrx_word' id='word_1_1107' title='bbox 1624 1295 1725 1324; x_wconf 87' lang='lat' dir='ltr'><strong>spectat</strong></span> <span class='ocrx_word' id='word_1_1108' title='bbox 1752 1293 1785 1318; x_wconf 95' lang='lat' dir='ltr'><strong>ad</strong></span> <span class='ocrx_word' id='word_1_1109' title='bbox 1814 1297 1909 1319; x_wconf 86' lang='lat' dir='ltr'><strong>statum</strong></span> <span class='ocrx_word' id='word_1_1110' title='bbox 1940 1295 2012 1326; x_wconf 85' lang='lat' dir='ltr'><strong>viae,</strong></span> <span class='ocrx_word' id='word_1_1111' title='bbox 2037 1296 2126 1327; x_wconf 86' lang='lat' dir='ltr'><strong>quoad</strong></span> 
     </span>
     <span class='ocr_line' id='line_1_169' title="bbox 1484 1337 2125 1371; baseline 0.008 -10"><span class='ocrx_word' id='word_1_1112' title='bbox 1484 1337 1718 1363; x_wconf 87' lang='lat' dir='ltr'><strong>consummationis</strong></span> <span class='ocrx_word' id='word_1_1113' title='bbox 1745 1338 1779 1363; x_wconf 87' lang='lat' dir='ltr'><strong>ad</strong></span> <span class='ocrx_word' id='word_1_1114' title='bbox 1807 1341 1903 1364; x_wconf 88' lang='lat' dir='ltr'><strong>statum</strong></span> <span class='ocrx_word' id='word_1_1115' title='bbox 1932 1340 2031 1371; x_wconf 87' lang='lat' dir='ltr'><strong>patriae</strong></span> <span class='ocrx_word' id='word_1_1116' title='bbox 2064 1339 2125 1366; x_wconf 82' lang='lat' dir='ltr'><strong>ibid.</strong></span> 
     </span>
     <span class='ocr_line' id='line_1_170' title="bbox 1484 1381 2125 1416; baseline 0.008 -10"><span class='ocrx_word' id='word_1_1117' title='bbox 1484 1394 1520 1400; x_wconf 87' lang='lat'><strong>·-</strong></span> <span class='ocrx_word' id='word_1_1118' title='bbox 1539 1381 1640 1413; x_wconf 90' lang='lat' dir='ltr'><strong>primae</strong></span> <span class='ocrx_word' id='word_1_1119' title='bbox 1665 1381 1768 1408; x_wconf 84' lang='lat' dir='ltr'><strong>tabulae</strong></span> <span class='ocrx_word' id='word_1_1120' title='bbox 1787 1389 1840 1408; x_wconf 89' lang='lat' dir='ltr'><strong>non</strong></span> <span class='ocrx_word' id='word_1_1121' title='bbox 1865 1387 1926 1409; x_wconf 88' lang='lat' dir='ltr'><strong>sunt</strong></span> <span class='ocrx_word' id='word_1_1122' title='bbox 1948 1384 1981 1409; x_wconf 91' lang='lat' dir='ltr'><strong>de</strong></span> <span class='ocrx_word' id='word_1_1123' title='bbox 2000 1385 2125 1416; x_wconf 84' lang='lat' dir='ltr'><strong>agendis,</strong></span> 
     </span>
     <span class='ocr_line' id='line_1_171' title="bbox 1485 1426 2126 1458; baseline 0.006 -7"><span class='ocrx_word' id='word_1_1124' title='bbox 1485 1426 1530 1451; x_wconf 91' lang='lat' dir='ltr'><strong>sed</strong></span> <span class='ocrx_word' id='word_1_1125' title='bbox 1551 1426 1639 1458; x_wconf 92' lang='lat' dir='ltr'><strong>potius</strong></span> <span class='ocrx_word' id='word_1_1126' title='bbox 1657 1426 1776 1458; x_wconf 90' lang='lat' dir='ltr'><strong>dirigunt</strong></span> <span class='ocrx_word' id='word_1_1127' title='bbox 1795 1427 1821 1452; x_wconf 95' lang='lat' dir='ltr'><strong>in</strong></span> <span class='ocrx_word' id='word_1_1128' title='bbox 1842 1428 1904 1453; x_wconf 90' lang='lat' dir='ltr'><strong>illud</strong></span> <span class='ocrx_word' id='word_1_1129' title='bbox 1924 1435 2059 1454; x_wconf 85' lang='lat' dir='ltr'><strong>summum</strong></span> <span class='ocrx_word' id='word_1_1130' title='bbox 2080 1429 2126 1456; x_wconf 79' lang='lat' dir='ltr'><strong>bo·</strong></span> 
     </span>
     <span class='ocr_line' id='line_1_172' title="bbox 1485 1470 1898 1497; baseline 0.005 -2"><span class='ocrx_word' id='word_1_1131' title='bbox 1485 1477 1547 1496; x_wconf 92' lang='lat' dir='ltr'><strong>num</strong></span> <span class='ocrx_word' id='word_1_1132' title='bbox 1567 1470 1773 1497; x_wconf 88' lang='lat' dir='ltr'><strong>desiderandum</strong></span> <span class='ocrx_word' id='word_1_1133' title='bbox 1793 1472 1844 1497; x_wconf 87' lang='grc'><strong>462</strong></span> <span class='ocrx_word' id='word_1_1134' title='bbox 1865 1473 1898 1497; x_wconf 88' lang='grc'><strong>39</strong></span> 
     </span>
    </p>

    <p class='ocr_par' dir='ltr' id='par_1_37' title="bbox 1480 1516 2127 2167">
     <span class='ocr_line' id='line_1_173' title="bbox 1537 1516 2126 1549; baseline 0.008 -9"><span class='ocrx_word' id='word_1_1135' title='bbox 1537 1528 1573 1534; x_wconf 92' lang='lat'><strong>-—</strong></span> <span class='ocrx_word' id='word_1_1136' title='bbox 1598 1516 1746 1542; x_wconf 85' lang='lat' dir='ltr'><strong>referuntur</strong></span> <span class='ocrx_word' id='word_1_1137' title='bbox 1770 1516 1802 1542; x_wconf 88' lang='lat' dir='ltr'><strong>ad</strong></span> <span class='ocrx_word' id='word_1_1138' title='bbox 1823 1520 1994 1549; x_wconf 85' lang='lat' dir='ltr'><strong>praeceptum</strong></span> <span class='ocrx_word' id='word_1_1139' title='bbox 2014 1519 2126 1545; x_wconf 89' lang='lat' dir='ltr'><strong>dilectio-</strong></span> 
     </span>
     <span class='ocr_line' id='line_1_174' title="bbox 1484 1559 2126 1594; baseline 0.009 -10"><span class='ocrx_word' id='word_1_1140' title='bbox 1484 1559 1525 1585; x_wconf 90' lang='lat' dir='ltr'><strong>nis</strong></span> <span class='ocrx_word' id='word_1_1141' title='bbox 1552 1562 1578 1585; x_wconf 93' lang='lat' dir='ltr'><strong>et</strong></span> <span class='ocrx_word' id='word_1_1142' title='bbox 1606 1560 1631 1585; x_wconf 93' lang='lat' dir='ltr'><strong>in</strong></span> <span class='ocrx_word' id='word_1_1143' title='bbox 1659 1567 1691 1586; x_wconf 93' lang='lat' dir='ltr'><strong>eo</strong></span> <span class='ocrx_word' id='word_1_1144' title='bbox 1719 1560 1846 1586; x_wconf 90' lang='lat' dir='ltr'><strong>uniuntur</strong></span> <span class='ocrx_word' id='word_1_1145' title='bbox 1873 1565 1900 1587; x_wconf 87' lang='lat' dir='ltr'><strong>et</strong></span> <span class='ocrx_word' id='word_1_1146' title='bbox 1927 1562 2067 1594; x_wconf 88' lang='lat' dir='ltr'><strong>implentur</strong></span> <span class='ocrx_word' id='word_1_1147' title='bbox 2093 1564 2126 1590; x_wconf 91' lang='lat' dir='ltr'><strong>Vl</strong></span> 
     </span>
     <span class='ocr_line' id='line_1_175' title="bbox 1485 1603 2127 1633; baseline 0.006 -4"><span class='ocrx_word' id='word_1_1148' title='bbox 1485 1603 1531 1629; x_wconf 86' lang='lat' dir='ltr'>45l</span> <span class='ocrx_word' id='word_1_1149' title='bbox 1557 1604 1591 1630; x_wconf 91' lang='grc'><strong>25</strong></span> <span class='ocrx_word' id='word_1_1150' title='bbox 1611 1619 1645 1623; x_wconf 96' lang='lat'>—</span> <span class='ocrx_word' id='word_1_1151' title='bbox 1665 1605 1692 1630; x_wconf 91' lang='lat' dir='ltr'><strong>ln</strong></span> <span class='ocrx_word' id='word_1_1152' title='bbox 1706 1605 1835 1631; x_wconf 89' lang='lat' dir='ltr'><strong>mandatis</strong></span> <span class='ocrx_word' id='word_1_1153' title='bbox 1848 1606 1976 1632; x_wconf 86' lang='lat' dir='ltr'><strong>docemur</strong></span> <span class='ocrx_word' id='word_1_1154' title='bbox 1994 1607 2127 1633; x_wconf 87' lang='lat' dir='ltr'><strong>declinare</strong></span> 
     </span>
     <span class='ocr_line' id='line_1_176' title="bbox 1485 1649 2126 1684; baseline 0.006 -10"><span class='ocrx_word' id='word_1_1155' title='bbox 1485 1655 1591 1674; x_wconf 89' lang='lat' dir='ltr'><strong>omnem</strong></span> <span class='ocrx_word' id='word_1_1156' title='bbox 1615 1649 1842 1676; x_wconf 87' lang='lat' dir='ltr'><strong>deordinationem</strong></span> <span class='ocrx_word' id='word_1_1157' title='bbox 1867 1654 1988 1683; x_wconf 87' lang='lat' dir='ltr'><strong>respectu</strong></span> <span class='ocrx_word' id='word_1_1158' title='bbox 2014 1653 2126 1684; x_wconf 83' lang='lat' dir='ltr'><strong>proximi</strong></span> 
     </span>
     <span class='ocr_line' id='line_1_177' title="bbox 1485 1694 2126 1728; baseline 0.006 -9"><span class='ocrx_word' id='word_1_1159' title='bbox 1485 1696 1613 1726; x_wconf 87' lang='lat' dir='ltr'><strong>quantum</strong></span> <span class='ocrx_word' id='word_1_1160' title='bbox 1634 1694 1668 1719; x_wconf 92' lang='lat' dir='ltr'><strong>ad</strong></span> <span class='ocrx_word' id='word_1_1161' title='bbox 1694 1701 1788 1720; x_wconf 90' lang='lat' dir='ltr'><strong>omnes</strong></span> <span class='ocrx_word' id='word_1_1162' title='bbox 1807 1695 1911 1721; x_wconf 90' lang='lat' dir='ltr'><strong>animae</strong></span> <span class='ocrx_word' id='word_1_1163' title='bbox 1935 1697 2064 1728; x_wconf 85' lang='lat' dir='ltr'><strong>potentias</strong></span> <span class='ocrx_word' id='word_1_1164' title='bbox 2084 1698 2126 1723; x_wconf 89' lang='lat' dir='ltr'><strong>Vll</strong></span> 
     </span>
     <span class='ocr_line' id='line_1_178' title="bbox 1486 1738 2125 1768; baseline 0.006 -4"><span class='ocrx_word' id='word_1_1165' title='bbox 1486 1738 1536 1764; x_wconf 88' lang='grc'><strong>462</strong></span> <span class='ocrx_word' id='word_1_1166' title='bbox 1557 1739 1590 1764; x_wconf 88' lang='grc'><strong>39</strong></span> <span class='ocrx_word' id='word_1_1167' title='bbox 1610 1753 1645 1757; x_wconf 88' lang='lat'><strong>——</strong></span> <span class='ocrx_word' id='word_1_1168' title='bbox 1671 1740 1696 1765; x_wconf 92' lang='lat' dir='ltr'><strong>ln</strong></span> <span class='ocrx_word' id='word_1_1169' title='bbox 1721 1740 1852 1766; x_wconf 89' lang='lat' dir='ltr'><strong>mandatis</strong></span> <span class='ocrx_word' id='word_1_1170' title='bbox 1880 1741 2028 1767; x_wconf 89' lang='lat' dir='ltr'><strong>continetur</strong></span> <span class='ocrx_word' id='word_1_1171' title='bbox 2055 1743 2125 1768; x_wconf 81' lang='lat' dir='ltr'><strong>suffi-</strong></span> 
     </span>
     <span class='ocr_line' id='line_1_179' title="bbox 1484 1783 2124 1818; baseline 0.006 -10"><span class='ocrx_word' id='word_1_1172' title='bbox 1484 1783 1581 1809; x_wconf 89' lang='lat' dir='ltr'><strong>cienter</strong></span> <span class='ocrx_word' id='word_1_1173' title='bbox 1601 1784 1754 1810; x_wconf 89' lang='lat' dir='ltr'><strong>mandatum</strong></span> <span class='ocrx_word' id='word_1_1174' title='bbox 1783 1785 1817 1810; x_wconf 89' lang='lat' dir='ltr'><strong>de</strong></span> <span class='ocrx_word' id='word_1_1175' title='bbox 1845 1785 1985 1811; x_wconf 88' lang='lat' dir='ltr'><strong>dilectione</strong></span> <span class='ocrx_word' id='word_1_1176' title='bbox 2012 1787 2124 1818; x_wconf 86' lang='lat' dir='ltr'><strong>proximi</strong></span> 
     </span>
     <span class='ocr_line' id='line_1_180' title="bbox 1484 1827 2125 1857; baseline 0.006 -4"><span class='ocrx_word' id='word_1_1177' title='bbox 1484 1827 1546 1854; x_wconf 81' lang='lat' dir='ltr'><strong>ibid.</strong></span> <span class='ocrx_word' id='word_1_1178' title='bbox 1564 1843 1599 1846; x_wconf 96' lang='lat'><strong>—</strong></span> <span class='ocrx_word' id='word_1_1179' title='bbox 1619 1829 1666 1854; x_wconf 85' lang='lat' dir='ltr'><strong>Per</strong></span> <span class='ocrx_word' id='word_1_1180' title='bbox 1686 1829 1806 1855; x_wconf 88' lang='lat' dir='ltr'><strong>ultimum</strong></span> <span class='ocrx_word' id='word_1_1181' title='bbox 1825 1830 1978 1856; x_wconf 89' lang='lat' dir='ltr'><strong>mandatum</strong></span> <span class='ocrx_word' id='word_1_1182' title='bbox 1998 1831 2125 1857; x_wconf 88' lang='lat' dir='ltr'><strong>docemur</strong></span> 
     </span>
     <span class='ocr_line' id='line_1_181' title="bbox 1484 1873 2125 1904; baseline 0.005 -6"><span class='ocrx_word' id='word_1_1183' title='bbox 1484 1873 1626 1904; x_wconf 75' lang='lat' dir='ltr'><strong>perfectam</strong></span> <span class='ocrx_word' id='word_1_1184' title='bbox 1646 1873 1844 1900; x_wconf 80' lang='lat' dir='ltr'><strong>beneficentiam</strong></span> <span class='ocrx_word' id='word_1_1185' title='bbox 1864 1874 1925 1901; x_wconf 85' lang='lat' dir='ltr'><strong>ibid.</strong></span> <span class='ocrx_word' id='word_1_1186' title='bbox 1944 1889 1980 1894; x_wconf 97' lang='lat'><strong>—</strong></span> <span class='ocrx_word' id='word_1_1187' title='bbox 2000 1876 2026 1901; x_wconf 91' lang='lat' dir='ltr'><strong>ln</strong></span> <span class='ocrx_word' id='word_1_1188' title='bbox 2051 1883 2125 1901; x_wconf 92' lang='lat' dir='ltr'><strong>man—</strong></span> 
     </span>
     <span class='ocr_line' id='line_1_182' title="bbox 1483 1917 2124 1950; baseline 0.005 -7"><span class='ocrx_word' id='word_1_1189' title='bbox 1483 1917 1544 1943; x_wconf 89' lang='lat' dir='ltr'><strong>dato</strong></span> <span class='ocrx_word' id='word_1_1190' title='bbox 1563 1918 1597 1943; x_wconf 87' lang='lat' dir='ltr'><strong>de</strong></span> <span class='ocrx_word' id='word_1_1191' title='bbox 1615 1918 1752 1944; x_wconf 89' lang='lat' dir='ltr'><strong>dilectione</strong></span> <span class='ocrx_word' id='word_1_1192' title='bbox 1768 1919 1880 1950; x_wconf 82' lang='lat' dir='ltr'><strong>proximi</strong></span> <span class='ocrx_word' id='word_1_1193' title='bbox 1902 1923 1941 1945; x_wconf 88' lang='lat' dir='ltr'><strong>est</strong></span> <span class='ocrx_word' id='word_1_1194' title='bbox 1959 1926 2124 1946; x_wconf 87' lang='lat' dir='ltr'><strong>consumma·</strong></span> 
     </span>
     <span class='ocr_line' id='line_1_183' title="bbox 1483 1962 2122 1996; baseline 0.005 -9"><span class='ocrx_word' id='word_1_1195' title='bbox 1483 1962 1518 1988; x_wconf 93' lang='lat' dir='ltr'><strong>tio</strong></span> <span class='ocrx_word' id='word_1_1196' title='bbox 1541 1962 1725 1988; x_wconf 79' lang='lat' dir='ltr'><strong>mandatorum</strong></span> <span class='ocrx_word' id='word_1_1197' title='bbox 1752 1963 1803 1988; x_wconf 89' lang='grc'><strong>269</strong></span> <span class='ocrx_word' id='word_1_1198' title='bbox 1832 1963 1865 1989; x_wconf 89' lang='grc'><strong>52</strong></span> <span class='ocrx_word' id='word_1_1199' title='bbox 1890 1978 1924 1981; x_wconf 91' lang='grc'>-</span> <span class='ocrx_word' id='word_1_1200' title='bbox 1948 1964 1981 1989; x_wconf 91' lang='lat' dir='ltr'><strong>de</strong></span> <span class='ocrx_word' id='word_1_1201' title='bbox 2009 1966 2122 1996; x_wconf 88' lang='lat' dir='ltr'><strong>perfecta</strong></span> 
     </span>
     <span class='ocr_line' id='line_1_184' title="bbox 1482 2005 2122 2040; baseline 0.006 -9"><span class='ocrx_word' id='word_1_1202' title='bbox 1482 2005 1663 2032; x_wconf 84' lang='lat' dir='ltr'><strong>benevolentia</strong></span> <span class='ocrx_word' id='word_1_1203' title='bbox 1684 2007 1734 2033; x_wconf 85' lang='grc'><strong>153</strong></span> <span class='ocrx_word' id='word_1_1204' title='bbox 1754 2007 1788 2032; x_wconf 89' lang='grc'><strong>65</strong></span> <span class='ocrx_word' id='word_1_1205' title='bbox 1801 2022 1835 2026; x_wconf 95' lang='lat'>—</span> <span class='ocrx_word' id='word_1_1206' title='bbox 1849 2008 1882 2034; x_wconf 91' lang='lat' dir='ltr'><strong>de</strong></span> <span class='ocrx_word' id='word_1_1207' title='bbox 1895 2009 2009 2040; x_wconf 84' lang='lat' dir='ltr'><strong>perfecta</strong></span> <span class='ocrx_word' id='word_1_1208' title='bbox 2024 2009 2122 2040; x_wconf 88' lang='lat' dir='ltr'><strong>patien-</strong></span> 
     </span>
     <span class='ocr_line' id='line_1_185' title="bbox 1482 2051 2120 2079; baseline 0.005 -3"><span class='ocrx_word' id='word_1_1209' title='bbox 1482 2052 1516 2077; x_wconf 92' lang='lat' dir='ltr'><strong>tia</strong></span> <span class='ocrx_word' id='word_1_1210' title='bbox 1535 2051 1584 2076; x_wconf 88' lang='grc'><strong>154</strong></span> <span class='ocrx_word' id='word_1_1211' title='bbox 1600 2051 1632 2075; x_wconf 80' lang='grc'>68</span> <span class='ocrx_word' id='word_1_1212' title='bbox 1646 2065 1681 2070; x_wconf 94' lang='grc'>-</span> <span class='ocrx_word' id='word_1_1213' title='bbox 1695 2051 1728 2077; x_wconf 86' lang='lat' dir='ltr'><strong>de</strong></span> <span class='ocrx_word' id='word_1_1214' title='bbox 1741 2052 1902 2078; x_wconf 89' lang='lat' dir='ltr'><strong>correctione</strong></span> <span class='ocrx_word' id='word_1_1215' title='bbox 1916 2053 2025 2078; x_wconf 89' lang='lat' dir='ltr'><strong>fraterna</strong></span> <span class='ocrx_word' id='word_1_1216' title='bbox 2040 2052 2072 2079; x_wconf 82' lang='lat' dir='ltr'><strong>ib.</strong></span> <span class='ocrx_word' id='word_1_1217' title='bbox 2087 2054 2120 2079; x_wconf 89' lang='grc'><strong>69</strong></span> 
     </span>
     <span class='ocr_line' id='line_1_186' title="bbox 1480 2095 2120 2130; baseline 0.008 -10"><span class='ocrx_word' id='word_1_1218' title='bbox 1480 2110 1516 2115; x_wconf 91' lang='grc'>-</span> <span class='ocrx_word' id='word_1_1219' title='bbox 1534 2096 1568 2121; x_wconf 90' lang='lat' dir='ltr'><strong>de</strong></span> <span class='ocrx_word' id='word_1_1220' title='bbox 1587 2096 1679 2121; x_wconf 90' lang='lat' dir='ltr'><strong>iniuria</strong></span> <span class='ocrx_word' id='word_1_1221' title='bbox 1701 2096 1805 2122; x_wconf 89' lang='lat' dir='ltr'><strong>ferenda</strong></span> <span class='ocrx_word' id='word_1_1222' title='bbox 1826 2095 1859 2123; x_wconf 87' lang='lat' dir='ltr'><strong>ib.</strong></span> <span class='ocrx_word' id='word_1_1223' title='bbox 1879 2096 1913 2122; x_wconf 90' lang='lat'>70</span> <span class='ocrx_word' id='word_1_1224' title='bbox 1932 2112 1967 2115; x_wconf 97' lang='lat'><strong>—</strong></span> <span class='ocrx_word' id='word_1_1225' title='bbox 1986 2098 2020 2124; x_wconf 91' lang='lat' dir='ltr'><strong>de</strong></span> <span class='ocrx_word' id='word_1_1226' title='bbox 2039 2100 2120 2130; x_wconf 87' lang='lat' dir='ltr'><strong>perfe-</strong></span> 
     </span>
     <span class='ocr_line' id='line_1_187' title="bbox 1481 2139 1812 2167; baseline 0 -1"><span class='ocrx_word' id='word_1_1227' title='bbox 1481 2144 1521 2166; x_wconf 88' lang='lat' dir='ltr'><strong>cta</strong></span> <span class='ocrx_word' id='word_1_1228' title='bbox 1541 2139 1710 2166; x_wconf 85' lang='lat' dir='ltr'><strong>beneficentia</strong></span> <span class='ocrx_word' id='word_1_1229' title='bbox 1730 2140 1764 2167; x_wconf 88' lang='lat' dir='ltr'><strong>ib.</strong></span> <span class='ocrx_word' id='word_1_1230' title='bbox 1783 2141 1812 2166; x_wconf 89' lang='grc'><strong>71</strong></span> 
     </span>
    </p>

    <p class='ocr_par' dir='ltr' id='par_1_38' title="bbox 1480 2186 2122 2256">
     <span class='ocr_line' id='line_1_188' title="bbox 1533 2186 2122 2217; baseline 0.007 -7"><span class='ocrx_word' id='word_1_1231' title='bbox 1533 2200 1568 2204; x_wconf 93' lang='grc'>-</span> <span class='ocrx_word' id='word_1_1232' title='bbox 1588 2186 1798 2217; x_wconf 87' lang='lat' dir='ltr'><strong>praepositorum</strong></span> <span class='ocrx_word' id='word_1_1233' title='bbox 1818 2193 1871 2212; x_wconf 90' lang='lat' dir='ltr'><strong>non</strong></span> <span class='ocrx_word' id='word_1_1234' title='bbox 1900 2190 1939 2213; x_wconf 88' lang='lat' dir='ltr'><strong>est</strong></span> <span class='ocrx_word' id='word_1_1235' title='bbox 1957 2191 2122 2214; x_wconf 90' lang='lat' dir='ltr'><strong>contemnen-</strong></span> 
     </span>
     <span class='ocr_line' id='line_1_189' title="bbox 1480 2229 1697 2256; baseline 0 -1"><span class='ocrx_word' id='word_1_1236' title='bbox 1480 2229 1545 2255; x_wconf 91' lang='lat' dir='ltr'><strong>dum</strong></span> <span class='ocrx_word' id='word_1_1237' title='bbox 1566 2230 1608 2256; x_wconf 82' lang='lat' dir='ltr'><strong>Vll</strong></span> <span class='ocrx_word' id='word_1_1238' title='bbox 1629 2230 1661 2255; x_wconf 89' lang='grc'><strong>46</strong></span> <span class='ocrx_word' id='word_1_1239' title='bbox 1682 2230 1697 2255; x_wconf 88' lang='grc'><strong>8</strong></span> 
     </span>
    </p>

    <p class='ocr_par' dir='ltr' id='par_1_39' title="bbox 1478 2274 2122 2567">
     <span class='ocr_line' id='line_1_190' title="bbox 1533 2274 2122 2309; baseline 0.007 -10"><span class='ocrx_word' id='word_1_1240' title='bbox 1533 2274 1699 2300; x_wconf 72' lang='grc' dir='ltr'><strong>ΜΑΝουεΛτιο</strong></span> <span class='ocrx_word' id='word_1_1241' title='bbox 1718 2289 1752 2293; x_wconf 85' lang='lat'>—</span> <span class='ocrx_word' id='word_1_1242' title='bbox 1772 2276 1878 2307; x_wconf 85' lang='lat' dir='ltr'><strong>respicit</strong></span> <span class='ocrx_word' id='word_1_1243' title='bbox 1901 2280 1988 2303; x_wconf 91' lang='lat' dir='ltr'><strong>actum</strong></span> <span class='ocrx_word' id='word_1_1244' title='bbox 2014 2281 2122 2309; x_wconf 78' lang='lat' dir='ltr'><strong>vegeta-</strong></span> 
     </span>
     <span class='ocr_line' id='line_1_191' title="bbox 1480 2317 2121 2354; baseline 0.006 -11"><span class='ocrx_word' id='word_1_1245' title='bbox 1480 2317 1539 2344; x_wconf 89' lang='lat' dir='ltr'><strong>bilis</strong></span> <span class='ocrx_word' id='word_1_1246' title='bbox 1559 2318 1602 2344; x_wconf 94' lang='lat' dir='ltr'><strong>Vll</strong></span> <span class='ocrx_word' id='word_1_1247' title='bbox 1620 2319 1665 2344; x_wconf 86' lang='grc'><strong>171</strong></span> <span class='ocrx_word' id='word_1_1248' title='bbox 1685 2319 1719 2345; x_wconf 88' lang='grc'><strong>27</strong></span> <span class='ocrx_word' id='word_1_1249' title='bbox 1733 2334 1766 2338; x_wconf 80' lang='lat'><strong>—-</strong></span> <span class='ocrx_word' id='word_1_1250' title='bbox 1780 2321 1807 2345; x_wconf 94' lang='lat' dir='ltr'><strong>ln</strong></span> <span class='ocrx_word' id='word_1_1251' title='bbox 1826 2320 2029 2347; x_wconf 88' lang='lat' dir='ltr'><strong>manducatione</strong></span> <span class='ocrx_word' id='word_1_1252' title='bbox 2048 2329 2121 2354; x_wconf 86' lang='lat' dir='ltr'><strong>repe-</strong></span> 
     </span>
     <span class='ocr_line' id='line_1_192' title="bbox 1479 2361 2122 2397; baseline 0.005 -9"><span class='ocrx_word' id='word_1_1253' title='bbox 1479 2363 1544 2388; x_wconf 91' lang='lat' dir='ltr'><strong>ritur</strong></span> <span class='ocrx_word' id='word_1_1254' title='bbox 1564 2361 1724 2395; x_wconf 87' lang='lat' dir='ltr'><strong>masticatio,</strong></span> <span class='ocrx_word' id='word_1_1255' title='bbox 1743 2364 1920 2397; x_wconf 90' lang='lat' dir='ltr'><strong>incorporatio</strong></span> <span class='ocrx_word' id='word_1_1256' title='bbox 1940 2370 1965 2391; x_wconf 84' lang='lat' dir='ltr'><strong>et</strong></span> <span class='ocrx_word' id='word_1_1257' title='bbox 1984 2373 2122 2392; x_wconf 72' lang='lat' dir='ltr'><strong>conserva-</strong></span> 
     </span>
     <span class='ocr_line' id='line_1_193' title="bbox 1479 2407 2121 2441; baseline 0.005 -8"><span class='ocrx_word' id='word_1_1258' title='bbox 1479 2407 1512 2433; x_wconf 89' lang='lat' dir='ltr'><strong>tio</strong></span> <span class='ocrx_word' id='word_1_1259' title='bbox 1531 2407 1565 2433; x_wconf 87' lang='lat' dir='ltr'><strong>Vl</strong></span> <span class='ocrx_word' id='word_1_1260' title='bbox 1585 2407 1635 2433; x_wconf 86' lang='grc'><strong>334</strong></span> <span class='ocrx_word' id='word_1_1261' title='bbox 1657 2408 1690 2433; x_wconf 87' lang='lat'><strong>90</strong></span> <span class='ocrx_word' id='word_1_1262' title='bbox 1712 2423 1747 2426; x_wconf 97' lang='lat'><strong>—</strong></span> <span class='ocrx_word' id='word_1_1263' title='bbox 1771 2409 1870 2441; x_wconf 78' lang='lat' dir='ltr'><strong>Duplex</strong></span> <span class='ocrx_word' id='word_1_1264' title='bbox 1890 2410 1997 2436; x_wconf 75' lang='lat' dir='ltr'><strong>effectus</strong></span> <span class='ocrx_word' id='word_1_1265' title='bbox 2013 2411 2121 2436; x_wconf 86' lang='lat' dir='ltr'><strong>mandu-</strong></span> 
     </span>
     <span class='ocr_line' id='line_1_194' title="bbox 1478 2452 2120 2485; baseline 0.006 -8"><span class='ocrx_word' id='word_1_1266' title='bbox 1478 2452 1586 2478; x_wconf 90' lang='lat' dir='ltr'><strong>cationis</strong></span> <span class='ocrx_word' id='word_1_1267' title='bbox 1606 2456 1645 2478; x_wconf 85' lang='lat' dir='ltr'><strong>est</strong></span> <span class='ocrx_word' id='word_1_1268' title='bbox 1664 2453 1839 2485; x_wconf 89' lang='lat' dir='ltr'><strong>incorporatio</strong></span> <span class='ocrx_word' id='word_1_1269' title='bbox 1858 2457 1884 2480; x_wconf 90' lang='lat' dir='ltr'><strong>et</strong></span> <span class='ocrx_word' id='word_1_1270' title='bbox 1902 2456 2067 2481; x_wconf 83' lang='lat' dir='ltr'><strong>conservatio</strong></span> <span class='ocrx_word' id='word_1_1271' title='bbox 2087 2454 2120 2482; x_wconf 83' lang='lat' dir='ltr'><strong>ib.</strong></span> 
     </span>
     <span class='ocr_line' id='line_1_195' title="bbox 1479 2496 2120 2529; baseline 0.008 -8"><span class='ocrx_word' id='word_1_1272' title='bbox 1479 2496 1512 2521; x_wconf 89' lang='grc'><strong>92</strong></span> <span class='ocrx_word' id='word_1_1273' title='bbox 1532 2511 1568 2514; x_wconf 91' lang='grc'><strong>-</strong></span> <span class='ocrx_word' id='word_1_1274' title='bbox 1587 2497 1663 2529; x_wconf 90' lang='lat' dir='ltr'><strong>Quod</strong></span> <span class='ocrx_word' id='word_1_1275' title='bbox 1678 2498 1852 2524; x_wconf 88' lang='lat' dir='ltr'><strong>manducatur</strong></span> <span class='ocrx_word' id='word_1_1276' title='bbox 1870 2499 1897 2524; x_wconf 90' lang='lat' dir='ltr'><strong>in</strong></span> <span class='ocrx_word' id='word_1_1277' title='bbox 1916 2500 2120 2526; x_wconf 88' lang='lat' dir='ltr'><strong>manducantem</strong></span> 
     </span>
     <span class='ocr_line' id='line_1_196' title="bbox 1478 2540 1799 2567; baseline 0.006 -2"><span class='ocrx_word' id='word_1_1278' title='bbox 1478 2540 1639 2566; x_wconf 84' lang='lat' dir='ltr'><strong>convertitur</strong></span> <span class='ocrx_word' id='word_1_1279' title='bbox 1658 2540 1693 2567; x_wconf 89' lang='lat' dir='ltr'><strong>ib.</strong></span> <span class='ocrx_word' id='word_1_1280' title='bbox 1716 2541 1749 2566; x_wconf 87' lang='grc'><strong>90</strong></span> <span class='ocrx_word' id='word_1_1281' title='bbox 1770 2541 1799 2567; x_wconf 80' lang='grc'><strong>2”</strong></span> 
     </span>
    </p>

    <p class='ocr_par' dir='ltr' id='par_1_40' title="bbox 1477 2586 2120 2833">
     <span class='ocr_line' id='line_1_197' title="bbox 1531 2586 2119 2619; baseline 0.009 -10"><span class='ocrx_word' id='word_1_1282' title='bbox 1531 2597 1567 2603; x_wconf 89' lang='grc'><strong>-</strong></span> <span class='ocrx_word' id='word_1_1283' title='bbox 1587 2586 1627 2610; x_wconf 82' lang='lat' dir='ltr'><strong>est</strong></span> <span class='ocrx_word' id='word_1_1284' title='bbox 1650 2586 1844 2612; x_wconf 86' lang='lat' dir='ltr'><strong>sacramentalis</strong></span> <span class='ocrx_word' id='word_1_1285' title='bbox 1869 2590 1894 2612; x_wconf 89' lang='lat' dir='ltr'><strong>et</strong></span> <span class='ocrx_word' id='word_1_1286' title='bbox 1919 2587 2060 2619; x_wconf 86' lang='lat' dir='ltr'><strong>spiritualis</strong></span> <span class='ocrx_word' id='word_1_1287' title='bbox 2085 2588 2119 2614; x_wconf 72' lang='lat' dir='ltr'><strong>Vt</strong></span> 
     </span>
     <span class='ocr_line' id='line_1_198' title="bbox 1479 2628 2120 2664; baseline 0.009 -11"><span class='ocrx_word' id='word_1_1288' title='bbox 1479 2628 1530 2654; x_wconf 88' lang='grc'><strong>334</strong></span> <span class='ocrx_word' id='word_1_1289' title='bbox 1550 2629 1599 2660; x_wconf 89' lang='grc'><strong>90,</strong></span> <span class='ocrx_word' id='word_1_1290' title='bbox 1620 2629 1648 2655; x_wconf 90' lang='grc'><strong>91</strong></span> <span class='ocrx_word' id='word_1_1291' title='bbox 1673 2644 1708 2648; x_wconf 92' lang='lat'><strong>--</strong></span> <span class='ocrx_word' id='word_1_1292' title='bbox 1728 2630 1755 2655; x_wconf 93' lang='lat' dir='ltr'><strong>ln</strong></span> <span class='ocrx_word' id='word_1_1293' title='bbox 1774 2630 1870 2657; x_wconf 89' lang='lat' dir='ltr'><strong>adultis</strong></span> <span class='ocrx_word' id='word_1_1294' title='bbox 1888 2638 1941 2657; x_wconf 91' lang='lat' dir='ltr'><strong>non</strong></span> <span class='ocrx_word' id='word_1_1295' title='bbox 1960 2636 2046 2664; x_wconf 86' lang='lat' dir='ltr'><strong>potest</strong></span> <span class='ocrx_word' id='word_1_1296' title='bbox 2062 2640 2120 2659; x_wconf 87' lang='lat' dir='ltr'><strong>esse</strong></span> 
     </span>
     <span class='ocr_line' id='line_1_199' title="bbox 1479 2672 2120 2705; baseline 0.009 -7"><span class='ocrx_word' id='word_1_1297' title='bbox 1479 2672 1654 2705; x_wconf 87' lang='lat' dir='ltr'><strong>incorporatio</strong></span> <span class='ocrx_word' id='word_1_1298' title='bbox 1673 2674 1730 2700; x_wconf 85' lang='lat' dir='ltr'><strong>sive</strong></span> <span class='ocrx_word' id='word_1_1299' title='bbox 1748 2676 1913 2702; x_wconf 90' lang='lat' dir='ltr'><strong>conservatio</strong></span> <span class='ocrx_word' id='word_1_1300' title='bbox 1935 2677 1991 2702; x_wconf 89' lang='lat' dir='ltr'><strong>sine</strong></span> <span class='ocrx_word' id='word_1_1301' title='bbox 2011 2677 2120 2704; x_wconf 91' lang='lat' dir='ltr'><strong>mandu-</strong></span> 
     </span>
     <span class='ocr_line' id='line_1_200' title="bbox 1478 2718 2119 2753; baseline 0.009 -11"><span class='ocrx_word' id='word_1_1302' title='bbox 1478 2718 1581 2743; x_wconf 88' lang='lat' dir='ltr'><strong>catione</strong></span> <span class='ocrx_word' id='word_1_1303' title='bbox 1603 2719 1744 2750; x_wconf 85' lang='lat' dir='ltr'><strong>spirituali,</strong></span> <span class='ocrx_word' id='word_1_1304' title='bbox 1770 2727 1839 2753; x_wconf 88' lang='lat' dir='ltr'><strong>quae</strong></span> <span class='ocrx_word' id='word_1_1305' title='bbox 1858 2724 1897 2747; x_wconf 86' lang='lat' dir='ltr'><strong>est</strong></span> <span class='ocrx_word' id='word_1_1306' title='bbox 1922 2728 1969 2753; x_wconf 88' lang='lat' dir='ltr'><strong>per</strong></span> <span class='ocrx_word' id='word_1_1307' title='bbox 1989 2721 2067 2747; x_wconf 85' lang='lat' dir='ltr'><strong>fldem</strong></span> <span class='ocrx_word' id='word_1_1308' title='bbox 2093 2725 2119 2748; x_wconf 87' lang='lat' dir='ltr'><strong>et</strong></span> 
     </span>
     <span class='ocr_line' id='line_1_201' title="bbox 1477 2762 2118 2796; baseline 0.006 -8"><span class='ocrx_word' id='word_1_1309' title='bbox 1477 2762 1625 2794; x_wconf 80' lang='lat' dir='ltr'><strong>caritatem,</strong></span> <span class='ocrx_word' id='word_1_1310' title='bbox 1645 2764 1691 2789; x_wconf 87' lang='lat' dir='ltr'><strong>sed</strong></span> <span class='ocrx_word' id='word_1_1311' title='bbox 1712 2768 1800 2796; x_wconf 86' lang='lat' dir='ltr'><strong>potest</strong></span> <span class='ocrx_word' id='word_1_1312' title='bbox 1818 2771 1875 2791; x_wconf 86' lang='lat' dir='ltr'><strong>esse</strong></span> <span class='ocrx_word' id='word_1_1313' title='bbox 1899 2765 1955 2791; x_wconf 90' lang='lat' dir='ltr'><strong>sine</strong></span> <span class='ocrx_word' id='word_1_1314' title='bbox 1974 2773 2118 2792; x_wconf 88' lang='lat' dir='ltr'><strong>sacramen-</strong></span> 
     </span>
     <span class='ocr_line' id='line_1_202' title="bbox 1478 2807 1644 2833; baseline 0.006 -1"><span class='ocrx_word' id='word_1_1315' title='bbox 1478 2808 1521 2833; x_wconf 86' lang='lat' dir='ltr'><strong>tali</strong></span> <span class='ocrx_word' id='word_1_1316' title='bbox 1540 2807 1591 2832; x_wconf 86' lang='grc'><strong>335</strong></span> <span class='ocrx_word' id='word_1_1317' title='bbox 1611 2808 1644 2833; x_wconf 89' lang='grc'><strong>92</strong></span> 
     </span>
    </p>

    <p class='ocr_par' dir='ltr' id='par_1_41' title="bbox 1478 2851 2118 2928">
     <span class='ocr_line' id='line_1_203' title="bbox 1530 2851 2118 2881; baseline 0.009 -5"><span class='ocrx_word' id='word_1_1318' title='bbox 1530 2866 1565 2870; x_wconf 76' lang='lat'><strong>-—-</strong></span> <span class='ocrx_word' id='word_1_1319' title='bbox 1585 2851 1697 2878; x_wconf 85' lang='lat' dir='ltr'><strong>Credere</strong></span> <span class='ocrx_word' id='word_1_1320' title='bbox 1716 2856 1754 2878; x_wconf 87' lang='lat' dir='ltr'><strong>est</strong></span> <span class='ocrx_word' id='word_1_1321' title='bbox 1774 2854 1935 2879; x_wconf 85' lang='lat' dir='ltr'><strong>manducare</strong></span> <span class='ocrx_word' id='word_1_1322' title='bbox 1950 2854 1983 2880; x_wconf 80' lang='lat' dir='ltr'><strong>Vl</strong></span> <span class='ocrx_word' id='word_1_1323' title='bbox 2003 2855 2054 2881; x_wconf 88' lang='grc'><strong>328</strong></span> <span class='ocrx_word' id='word_1_1324' title='bbox 2075 2856 2118 2881; x_wconf 89' lang='grc'><strong>57.</strong></span> 
     </span>
     <span class='ocr_line' id='line_1_204' title="bbox 1478 2896 2117 2928; baseline 0.008 -8"><span class='ocrx_word' id='word_1_1325' title='bbox 1478 2896 1528 2921; x_wconf 84' lang='grc'><strong>334</strong></span> <span class='ocrx_word' id='word_1_1326' title='bbox 1537 2896 1707 2928; x_wconf 87' lang='lat' dir='ltr'><strong>9-l-—estper</strong></span> <span class='ocrx_word' id='word_1_1327' title='bbox 1718 2897 1797 2923; x_wconf 87' lang='lat' dir='ltr'><strong>tidem</strong></span> <span class='ocrx_word' id='word_1_1328' title='bbox 1809 2901 1834 2923; x_wconf 87' lang='lat' dir='ltr'><strong>et</strong></span> <span class='ocrx_word' id='word_1_1329' title='bbox 1844 2898 2009 2924; x_wconf 87' lang='lat' dir='ltr'><strong>dilectionem</strong></span> <span class='ocrx_word' id='word_1_1330' title='bbox 2020 2900 2071 2925; x_wconf 88' lang='grc'><strong>330</strong></span> <span class='ocrx_word' id='word_1_1331' title='bbox 2082 2899 2117 2925; x_wconf 84' lang='lat'>74</span> 
     </span>
    </p>

    <p class='ocr_par' dir='ltr' id='par_1_42' title="bbox 1476 2940 2117 3054">
     <span class='ocr_line' id='line_1_205' title="bbox 1530 2940 2117 2974; baseline 0.007 -9"><span class='ocrx_word' id='word_1_1332' title='bbox 1530 2940 1604 2965; x_wconf 65' lang='lat' dir='ltr'><strong>Mum</strong></span> <span class='ocrx_word' id='word_1_1333' title='bbox 1623 2954 1657 2959; x_wconf 88' lang='lat'><em>-</em></span> <span class='ocrx_word' id='word_1_1334' title='bbox 1676 2944 1781 2972; x_wconf 86' lang='lat' dir='ltr'><strong>tempus</strong></span> <span class='ocrx_word' id='word_1_1335' title='bbox 1809 2942 1909 2973; x_wconf 87' lang='lat' dir='ltr'><strong>gratiae</strong></span> <span class='ocrx_word' id='word_1_1336' title='bbox 1937 2943 2066 2974; x_wconf 84' lang='lat' dir='ltr'><strong>significat</strong></span> <span class='ocrx_word' id='word_1_1337' title='bbox 2085 2944 2117 2969; x_wconf 85' lang='lat' dir='ltr'><strong>Vl</strong></span> 
     </span>
     <span class='ocr_line' id='line_1_206' title="bbox 1477 2984 2116 3013; baseline 0.008 -4"><span class='ocrx_word' id='word_1_1338' title='bbox 1477 2984 1528 3009; x_wconf 79' lang='lat'>5-20</span> <span class='ocrx_word' id='word_1_1339' title='bbox 1542 2985 1557 3009; x_wconf 88' lang='lat'>6</span> <span class='ocrx_word' id='word_1_1340' title='bbox 1573 2998 1606 3002; x_wconf 91' lang='lat'><strong>—-</strong></span> <span class='ocrx_word' id='word_1_1341' title='bbox 1621 2985 1756 3011; x_wconf 87' lang='lat' dir='ltr'><strong>venientes</strong></span> <span class='ocrx_word' id='word_1_1342' title='bbox 1769 2985 2050 3013; x_wconf 54' lang='lat' dir='ltr'><strong>inveniunt-Christum</strong></span> <span class='ocrx_word' id='word_1_1343' title='bbox 2065 2987 2116 3013; x_wconf 76' lang='grc'><strong>354</strong></span> 
     </span>
     <span class='ocr_line' id='line_1_207' title="bbox 1476 3028 1608 3054; baseline 0.008 -1"><span class='ocrx_word' id='word_1_1344' title='bbox 1476 3029 1502 3054; x_wconf 88' lang='grc'><strong>3.</strong></span> <span class='ocrx_word' id='word_1_1345' title='bbox 1521 3028 1572 3053; x_wconf 88' lang='grc'><strong>504</strong></span> <span class='ocrx_word' id='word_1_1346' title='bbox 1593 3030 1608 3054; x_wconf 86' lang='grc'><strong>2</strong></span> 
     </span>
    </p>

    <p class='ocr_par' dir='ltr' id='par_1_43' title="bbox 1475 3073 2116 3275">
     <span class='ocr_line' id='line_1_208' title="bbox 1530 3073 2116 3102; baseline 0.007 -4"><span class='ocrx_word' id='word_1_1347' title='bbox 1530 3073 1635 3098; x_wconf 48' lang='lat' dir='ltr'><strong>Mimans</strong></span> <span class='ocrx_word' id='word_1_1348' title='bbox 1660 3088 1694 3091; x_wconf 97' lang='lat'><strong>—</strong></span> <span class='ocrx_word' id='word_1_1349' title='bbox 1721 3074 1876 3100; x_wconf 81' lang='lat' dir='ltr'><strong>Manendum</strong></span> <span class='ocrx_word' id='word_1_1350' title='bbox 1901 3078 1939 3100; x_wconf 84' lang='lat' dir='ltr'><strong>est</strong></span> <span class='ocrx_word' id='word_1_1351' title='bbox 1964 3075 1989 3100; x_wconf 93' lang='lat' dir='ltr'><strong>in</strong></span> <span class='ocrx_word' id='word_1_1352' title='bbox 2015 3075 2116 3102; x_wconf 85' lang='lat' dir='ltr'><strong>Christo</strong></span> 
     </span>
     <span class='ocr_line' id='line_1_209' title="bbox 1476 3117 2116 3151; baseline 0.008 -10"><span class='ocrx_word' id='word_1_1353' title='bbox 1476 3123 1523 3149; x_wconf 91' lang='lat' dir='ltr'><strong>per</strong></span> <span class='ocrx_word' id='word_1_1354' title='bbox 1550 3117 1642 3149; x_wconf 85' lang='lat' dir='ltr'><strong>tidem,</strong></span> <span class='ocrx_word' id='word_1_1355' title='bbox 1669 3124 1716 3149; x_wconf 90' lang='lat' dir='ltr'><strong>per</strong></span> <span class='ocrx_word' id='word_1_1356' title='bbox 1735 3119 1882 3151; x_wconf 89' lang='lat' dir='ltr'><strong>caritatem,</strong></span> <span class='ocrx_word' id='word_1_1357' title='bbox 1914 3126 1961 3151; x_wconf 89' lang='lat' dir='ltr'><strong>per</strong></span> <span class='ocrx_word' id='word_1_1358' title='bbox 1989 3121 2116 3151; x_wconf 82' lang='lat' dir='ltr'><strong>operatio-</strong></span> 
     </span>
     <span class='ocr_line' id='line_1_210' title="bbox 1476 3160 2114 3190; baseline 0.006 -4"><span class='ocrx_word' id='word_1_1359' title='bbox 1476 3168 1535 3186; x_wconf 90' lang='lat' dir='ltr'><strong>nem</strong></span> <span class='ocrx_word' id='word_1_1360' title='bbox 1560 3160 1593 3187; x_wconf 91' lang='lat' dir='ltr'><strong>Vl</strong></span> <span class='ocrx_word' id='word_1_1361' title='bbox 1613 3161 1664 3186; x_wconf 82' lang='grc'><strong>604</strong></span> <span class='ocrx_word' id='word_1_1362' title='bbox 1684 3169 1710 3186; x_wconf 84' lang='lat' dir='ltr'><strong>v.</strong></span> <span class='ocrx_word' id='word_1_1363' title='bbox 1732 3161 1746 3187; x_wconf 86' lang='grc'><strong>4</strong></span> <span class='ocrx_word' id='word_1_1364' title='bbox 1760 3175 1796 3181; x_wconf 85' lang='grc'>-</span> <span class='ocrx_word' id='word_1_1365' title='bbox 1809 3163 1918 3189; x_wconf 88' lang='lat' dir='ltr'><strong>Fructus</strong></span> <span class='ocrx_word' id='word_1_1366' title='bbox 1931 3164 2072 3190; x_wconf 85' lang='lat' dir='ltr'><strong>mansionis</strong></span> <span class='ocrx_word' id='word_1_1367' title='bbox 2089 3165 2114 3190; x_wconf 91' lang='lat' dir='ltr'><strong>in</strong></span> 
     </span>
     <span class='ocr_line' id='line_1_211' title="bbox 1475 3205 2114 3238; baseline 0.005 -6"><span class='ocrx_word' id='word_1_1368' title='bbox 1475 3205 1577 3232; x_wconf 89' lang='lat' dir='ltr'><strong>Christo</strong></span> <span class='ocrx_word' id='word_1_1369' title='bbox 1590 3208 1630 3231; x_wconf 83' lang='lat' dir='ltr'><strong>est</strong></span> <span class='ocrx_word' id='word_1_1370' title='bbox 1648 3206 1779 3232; x_wconf 80' lang='lat' dir='ltr'><strong>exauditio</strong></span> <span class='ocrx_word' id='word_1_1371' title='bbox 1792 3207 1946 3238; x_wconf 88' lang='lat' dir='ltr'><strong>petitionum</strong></span> <span class='ocrx_word' id='word_1_1372' title='bbox 1966 3212 2114 3235; x_wconf 86' lang='lat' dir='ltr'><strong>nostrarum</strong></span> 
     </span>
     <span class='ocr_line' id='line_1_212' title="bbox 1475 3248 1599 3275; baseline 0 0"><span class='ocrx_word' id='word_1_1373' title='bbox 1475 3248 1509 3275; x_wconf 77' lang='lat' dir='ltr'><strong>ib.</strong></span> <span class='ocrx_word' id='word_1_1374' title='bbox 1535 3256 1562 3275; x_wconf 81' lang='grc' dir='ltr'><strong>ν.</strong></span> <span class='ocrx_word' id='word_1_1375' title='bbox 1583 3249 1599 3275; x_wconf 95' lang='grc'>7</span> 
     </span>
    </p>

    <p class='ocr_par' dir='ltr' id='par_1_44' title="bbox 1476 3294 2114 3364">
     <span class='ocr_line' id='line_1_213' title="bbox 1529 3294 2114 3329; baseline 0.007 -10"><span class='ocrx_word' id='word_1_1376' title='bbox 1529 3294 1659 3320; x_wconf 65' lang='grc' dir='ltr'><strong>ΜΑκιεΑιιε</strong></span> <span class='ocrx_word' id='word_1_1377' title='bbox 1678 3309 1713 3312; x_wconf 93' lang='grc'>-</span> <span class='ocrx_word' id='word_1_1378' title='bbox 1732 3294 1802 3321; x_wconf 89' lang='lat' dir='ltr'><strong>idem</strong></span> <span class='ocrx_word' id='word_1_1379' title='bbox 1823 3298 1861 3322; x_wconf 86' lang='lat' dir='ltr'><strong>est</strong></span> <span class='ocrx_word' id='word_1_1380' title='bbox 1884 3297 1956 3329; x_wconf 85' lang='lat' dir='ltr'><strong>quod</strong></span> <span class='ocrx_word' id='word_1_1381' title='bbox 1980 3303 2056 3323; x_wconf 83' lang='lat' dir='ltr'><strong>mane</strong></span> <span class='ocrx_word' id='word_1_1382' title='bbox 2067 3295 2114 3323; x_wconf 66' lang='grc' dir='ltr'>’δ’ἐ-</span> 
     </span>
     <span class='ocr_line' id='line_1_214' title="bbox 1476 3338 1776 3364; baseline 0.003 -1"><span class='ocrx_word' id='word_1_1383' title='bbox 1476 3338 1589 3364; x_wconf 78' lang='lat' dir='ltr'><strong>celerare</strong></span> <span class='ocrx_word' id='word_1_1384' title='bbox 1609 3338 1651 3364; x_wconf 93' lang='lat' dir='ltr'><strong>Vll</strong></span> <span class='ocrx_word' id='word_1_1385' title='bbox 1672 3338 1722 3364; x_wconf 66' lang='lat'>540</span> <span class='ocrx_word' id='word_1_1386' title='bbox 1743 3339 1776 3364; x_wconf 88' lang='grc'>60</span> 
     </span>
    </p>
   </div>
  </div>
 </body>
</html>
