2476 3921
6 596 7 612 ἶ
25 610 132 634 orationis

11 638 91 660 utilitas
105 636 148 665 pri-

36 1089 143 1112 Secunda.

55 1729 144 1756 Quarta.

41 2419 147 2447 Septima.

740 244 934 277 COMMENT.
960 243 997 276 IN
1021 242 1261 276 EVANGELIUM
1285 242 1402 275 LUCAE
1427 242 1459 275 C.
1484 243 1583 276 XVIII.

161 336 312 370 vitiorum
344 334 613 378 impugnationem
643 332 820 375 exstinguit
837 344 867 371 »;
900 332 1020 365 instans
1052 339 1128 364 vero

161 389 264 423 oratio
287 389 436 431 impetrat
460 388 584 421 veniam
607 387 647 420 de
669 386 823 429 peccatis,
848 385 1023 418 secundum
1048 384 1128 417 illud

163 442 370 477 Ecclesiastici
396 441 510 475 tertio:
540 454 556 470 a
572 440 631 482 Qui
655 439 757 482 diligit
780 439 881 472 Deum
906 437 1053 471 exorabit
1070 447 1128 480 pro

161 496 298 539 peccatis
321 498 352 528 et
375 495 408 528 in
431 494 574 527 oratione
597 493 721 526 dierum
747 491 938 525 exaudietur
954 504 970 520 ι)
999 495 1058 524 etc.

251 549 281 582 3.
308 549 343 581 Et
366 548 436 581 ideo
459 547 537 580 utile
568 550 616 580 est
646 555 739 579 orare
763 554 888 588 semper
912 548 1041 587 propter
1072 544 1126 577 de-

162 610 248 640 cem,
272 600 418 634 videlicet
449 600 524 642 quia
555 599 706 641 impetrat
729 598 969 631 relaxationem
993 597 1128 630 divinae

161 654 359 693 sententiae,
385 654 468 686 sicut
493 655 625 695 apparet
649 652 681 684 in
706 651 838 684 Ezechia
855 651 949 684 Isaiae
966 650 1129 692 trigesimo

161 711 272 740 octavo
286 708 319 738 1:
348 720 364 735 «
381 705 490 738 Oravit
513 705 662 738 Ezechias
685 705 853 737 Dominum
878 707 909 737 et
932 704 1032 736 dlxit:
1065 704 1128 736 Ob·

162 768 269 799 secro,
294 759 442 798 Domine,
468 762 645 797 memento,
669 767 805 800 quaeso,
834 757 992 800 quomodo
1016 757 1127 790 ambu—

161 814 293 847 laverim
317 822 423 846 coram
448 816 478 846 te
494 825 525 852 »;
543 816 574 845 et
590 814 661 854 post
677 811 844 850 subditur,
869 811 954 853 quod
975 811 1129 844 Dominus

161 866 321 900 revocavit
338 865 524 899 sententiam
548 865 587 898 de
611 869 734 904 morte;
759 869 791 898 et
815 864 991 906 Sapientiae
1007 864 1128 897 decimo

161 924 293 954 octavo:
322 933 338 949 «
355 920 531 962 Properans
548 919 643 952 homo
659 919 726 952 sine
743 918 874 960 querela
889 918 1051 960 deprecari
1070 927 1128 960 pro

161 973 303 1016 populis,
328 973 493 1016 proferens
509 972 672 1005 servitutis
688 981 764 1005 suae
784 975 910 1004 scutum
935 971 1127 1010 orationem,

161 1030 193 1060 et
209 1036 266 1069 per
282 1027 446 1060 incensum
463 1025 714 1068 deprecati0nem
728 1025 876 1067 allegans,
890 1024 1006 1057 restitit
1018 1025 1084 1057 irae
1096 1038 1126 1056 n.

162 1099 207 1104 —-
230 1079 466 1113 Remissionem
499 1079 616 1121 culpae
636 1083 873 1120 perpetratae;
897 1077 1042 1110 Matthaei
1074 1077 1129 1110 de-

162 1134 244 1168 cimo
267 1133 448 1176 septimoss:
478 1145 493 1161 α
512 1133 573 1165 Hoc
597 1141 697 1174 genus
719 1131 875 1164 daemonii
908 1140 971 1163 non
1002 1131 1128 1163 eiicitur

161 1187 221 1220 nisi
253 1196 311 1229 per
340 1186 514 1219 orationem
547 1189 578 1218 et
610 1184 763 1218 ieiunium
781 1197 811 1223 u;
845 1193 941 1226 super
971 1193 1036 1226 quo
1060 1185 1128 1217 loco

162 1240 389 1282 Hieronymus:
411 1252 428 1268 α
445 1239 565 1272 Ieiunio
582 1241 736 1271 sanantur
759 1240 863 1279 pestes
880 1238 1040 1279 corporis,
1057 1247 1128 1270 ora-

164 1294 247 1327 tione
278 1296 381 1335 pestes
412 1292 527 1326 mentis
544 1304 574 1331 »3
602 1291 762 1325 Psalmus:
793 1304 809 1320 «
824 1291 919 1323 Dixi:
949 1291 1128 1325 Contitebor

162 1345 332 1379 adversum
356 1354 407 1378 me
431 1344 616 1378 iniustitiam
640 1353 742 1377 meam
767 1344 918 1383 Domino,
934 1348 966 1377 et
982 1348 1017 1376 tu
1034 1345 1128 1377 remi-

162 1399 231 1432 sisti
255 1399 445 1440 impietatem
479 1397 597 1440 peccati
621 1397 681 1430 mei
699 1410 731 1437 »;
762 1401 794 1430 et
825 1400 916 1439 post:
946 1411 961 1426 «
979 1398 1038 1429 Pro
1069 1398 1129 1430 hac

62 1463 143 1485 Tertia.
161 1452 265 1485 orabit
280 1452 319 1485 ad
336 1455 366 1485 te
382 1451 485 1484 omnis
501 1455 629 1485 sanctus
646 1465 661 1481 ι»
682 1454 740 1484 etc.
760 1470 802 1475 —
820 1451 1048 1494 Repulsionem
1061 1451 1129 1493 spi-

163 1505 301 1539 ritualis
320 1515 477 1548 paynae;
501 1505 647 1538 Matthaei
673 1505 823 1547 vigesimo
847 1505 982 1538 sexto-*³2
1012 1518 1027 1533 «
1045 1505 1129 1546 Vigi—

165 1559 227 1592 late
251 1562 282 1592 et
305 1563 411 1598 orate,
433 1568 471 1592 ne
495 1558 620 1592 intretis
643 1558 675 1591 in
701 1558 902 1592 tentationem
921 1570 951 1597 »;
981 1561 1012 1591 et
1036 1558 1129 1600 primi

164 1613 425 1646 Machahaeorum
442 1615 575 1655 quarto:
598 1625 613 1641 α
630 1612 719 1645 Tuba
736 1612 920 1645 cecinerunt
940 1612 972 1645 hi
990 1612 1043 1654 qui
1062 1612 1130 1645 sue-

163 1664 248 1700 runt'
272 1675 345 1700 cum
377 1666 469 1705 Iuda,
501 1669 533 1699 et
564 1666 717 1699 contritae
749 1670 824 1699 sunt
855 1669 963 1708 gentes
987 1669 1018 1698 et
1040 1665 1130 1708 suge—

164 1724 273 1754 runt»
301 1724 359 1754 etc.
385 1738 427 1745 —
455 1720 711 1762 Reparatz'onem
733 1720 870 1752 virtutis
893 1724 1040 1752 naturae
1048 1732 1060 1758 ;
1084 1720 1130 1752 Ia-

163 1774 231 1807 cobi
249 1774 361 1817 quinto
373 1774 405 1806 4:
422 1773 531 1806 Oratio
546 1773 618 1806 fidei
636 1773 769 1806 salvabit
784 1773 946 1806 infirmum
960 1776 992 1806 et
1003 1773 1130 1805 allevia-

162 1827 210 1860 bit
221 1836 294 1860 eum
307 1840 323 1856 ι»
340 1831 418 1866 etc.;
436 1830 467 1860 et
484 1826 690 1859 Ecclesiastici
707 1826 868 1868 trigesimo
884 1829 1012 1858 octavo:
1032 1839 1048 1854 «ι
1062 1826 1128 1865 Fili,

163 1880 196 1913 in
220 1880 402 1913 infirmitate
427 1883 482 1913 tua
505 1888 545 1912 ne
561 1878 714 1920 despicias
730 1882 760 1912 te
777 1878 901 1920 ipsum,
924 1879 977 1911 sed
994 1888 1051 1911 ora
1067 1879 1128 1911 Do-

56 1941 144 1968 Quinia.
163 1932 303 1972 minum,
335 1936 366 1968 et
397 1932 464 1974 ipse
496 1931 622 1964 curabit
653 1934 683 1964 te
708 1944 738 1963 ».
769 1950 813 1955 -
838 1930 1129 1963 conservationem

159 1985 259 2028 pacis
281 1985 318 2018 in
341 1988 506 2027 tempore;
529 1984 650 2026 primae
673 1983 712 2016 ad
729 1983 930 2016 Timotheum
946 1982 1127 2016 secund0⁶:

170 2051 186 2067 (ι
201 2037 354 2076 Obsecro,
371 2037 474 2080 primo
490 2037 630 2070 omnium
652 2036 721 2069 fieri
738 2035 988 2074 obsecrationes,
1012 2035 1128 2067 oratio-

164 2100 239 2130 nes,
264 2090 509 2133 postulationes,
541 2090 717 2133 gratiarum
748 2089 904 2128 actiones,
928 2091 965 2121 ut
988 2088 1127 2131 quietam

164 2147 196 2178 et
219 2143 421 2186 tranquillam
445 2143 543 2177 vitam
567 2151 698 2185 agamus
721 2142 752 2175 in
776 2142 859 2175 omni
885 2142 1000 2184 pietate
1023 2145 1055 2175 et
1078 2151 1129 2175 ca-

72 2207 145 2229 sem.
165 2197 301 2231 stitate‘»
331 2200 389 2230 etc.
415 2215 457 2221 —
485 2196 741 2229 Custoditionem
774 2195 1030 2239 tranquillitatis
1053 2205 1128 2228 eon-

164 2249 339 2288 scientiae;
363 2249 402 2282 ad
428 2249 642 2292 Philippenses
673 2248 835 2291 quart0⁶:
866 2261 881 2276 a
898 2248 981 2281 Nihil
1005 2248 1129 2281 solliciti

166 2303 252 2343 sitis,
276 2303 331 2337 sed
356 2304 387 2336 in
411 2303 494 2336 omni
520 2303 662 2336 oratione
685 2306 716 2335 et
732 2300 950 2335 obsecratione
965 2302 1131 2344 petitiones

164 2360 289 2392 vestrae
312 2357 508 2390 innotescant
531 2356 616 2399 apud
639 2356 749 2389 Deum.
785 2356 819 2388 Et
850 2365 914 2398 pax
942 2355 1016 2395 Dei,
1049 2364 1130 2398 quae

166 2413 340 2452 exsuperat
371 2419 495 2443 omnem
527 2419 675 2448 sensum,
707 2409 894 2443 custodiat»
924 2413 982 2442 etc.
1010 2428 1050 2432 —-
1075 2409 1131 2441 Ιη-

164 2463 427 2507 flammationem
450 2463 585 2496 divinae
597 2463 752 2506 qratiam
769 2463 800 2496 in
818 2463 909 2496 cuius
933 2463 1068 2505 figuram
1084 2462 1131 2495 di-

166 2517 250 2550 citur
272 2517 311 2550 de
336 2517 400 2549 Elia
425 2516 508 2550 tertii
533 2517 652 2559 Regum
676 2516 798 2549 decimo
822 2516 980 2549 octavo⁷:
1010 2529 1026 2545 ιε
1043 2517 1131 2548 Invo-

166 2570 244 2603 cabo
267 2578 381 2602 nomen
404 2569 529 2602 Domini
555 2569 634 2608 mei,
667 2571 698 2601 et
728 2569 830 2608 Deus,
863 2569 917 2611 qui
950 2569 1130 2602 exaudierit

168 2631 227 2665 per
249 2622 371 2665 ignem,
396 2622 463 2665 ipse
486 2622 527 2655 sit
549 2622 635 2655 Deus
651 2635 681 2653 ».
706 2622 793 2655 Unde
817 2622 950 2654 Actuum
969 2621 1071 2663 primo
1086 2621 1132 2653 di-

168 2676 270 2716 citur,
293 2675 378 2719 quod
407 2689 424 2705 «
439 2678 678 2718 perseverantes
695 2677 785 2708 erant
800 2674 993 2707 unanimiter
1009 2674 1041 2706 in
1062 2682 1132 2706 ora-

241 2931 250 2946 ¹
270 2931 346 2958 vers.
364 2933 390 2958 2.
408 2939 465 2965 seq.
483 2935 509 2958 et
528 2932 561 2958 5:
580 2932 675 2959 Audivi
695 2932 841 2958 orationem
861 2935 961 2958 tuam...
980 2938 1054 2964 ecce,
1080 2938 1131 2963 ego

170 2975 292 3002 adiiciam
311 2983 392 3008 super
415 2976 472 3003 dies
497 2980 556 3003 tuos
580 2977 731 3010 quindecim
757 2984 849 3003 annos.
867 2990 903 2996 —-
922 2976 1045 3010 Sequitur
1071 2976 1132 3008 Sap.

171 3020 204 3046 ⁴8
240 3020 285 3045 21.

213 3039 221 3051 '
243 3063 253 3078 ²
272 3064 347 3090 Vers.
367 3065 419 3097 203
438 3064 509 3091 idem
529 3065 640 3092 habetur
660 3067 738 3093 Marc.
756 3067 788 3099 9,
808 3067 857 3098 28,
876 3073 957 3098 super
976 3072 1030 3099 qno
1055 3064 1134 3091 habe·

171 3111 214 3134 tur
231 3108 356 3134 sententia
375 3108 536 3140 Hieronymo
555 3109 668 3141 tribuum
688 3111 735 3137 cfr.
753 3117 834 3143 supra
848 3117 909 3143 pag.
923 3111 973 3142 63,
986 3113 1046 3136 nota
1060 3111 1086 3136 6.
1099 3124 1134 3129 ·-

112 3157 115 3160 ’
171 3151 290 3179 Subinde
309 3152 454 3184 allegantur
473 3153 512 3178 ΡΒ.
532 3153 576 3184 31,
595 3153 621 3180 5.
639 3157 665 3180 et
683 3155 710 3180 6.

241 3195 254 3210 ¹³
273 3195 348 3222 Vers.
369 3195 411 3227 41,
430 3198 490 3228 post
509 3203 590 3229 quem
610 3198 626 3223 l.
646 3198 728 3224 Maon.
748 3198 779 3231 4,
799 3199 842 3224 ⁴3.
862 3206 952 3232 seqf·

192 3255 195 3259 -
243 3239 255 3254 ⁴
274 3239 350 3266 Vei-s.
370 3240 412 3266 ⁴5.
431 3242 457 3266 et
475 3239 574 3266 deinde
592 3241 669 3267 Eccll.
687 3241 737 3272 ³8,
755 3242 782 3268 9.

221 3280 255 3298 '⁶
274 3283 348 3310 Vei-s.
370 3284 393 3310 l.
412 3287 446 3310 et.
466 3286 492 3311 2.
897 3313 900 3315 ,

244 3327 256 3343 ⁶
274 3328 349 3355 Vers.
369 3328 394 3354 6.
412 3335 483 3362 seq„
503 3328 548 3355 ubi
567 3335 615 3361 pro
634 3330 660 3356 et
677 3327 859 3356 obsecratione
888 3329 959 3362 (Vnt.
982 3336 1042 3355 cum
1069 3329 1134 3355 Vul-

175 3375 235 3406 gata
254 3372 327 3399 addit
345 3378 408 3399 oum
429 3371 583 3405 oratiarum
601 3372 717 3404 actione)
736 3372 756 3400 C
767 3373 788 3399 D
806 3379 869 3405 cum
887 3372 1079 3400 obsecratione.

249 3415 259 3432 ⁷
281 3416 355 3443 Vei-s.
374 3417 417 3443 24.
438 3417 497 3449 (pro
516 3416 626 3443 Domini
648 3417 702 3444 mei
726 3416 777 3444 CD
801 3416 914 3444 Domini
934 3416 1050 3450 nostri),
1074 3419 1134 3449 post

281 3469 312 3498 S.
326 3470 430 3498 Bonav.
440 3484 476 3490 —
489 3471 566 3497 Tom.
579 3470 632 3497 vn.

2087 244 2150 276 449

1193 330 1276 363 tione
1292 342 1323 369 »;
1347 334 1380 364 et
1403 334 1493 372 post:
1525 344 1540 360 «
1556 332 1634 364 Cum
1659 332 1894 374 complerentur
1918 332 1984 365 dies
2008 333 2153 365 Penteco-

1192 387 1274 422 stes,
1298 388 1517 425 apparuerunt
1549 384 1609 417 illis
1636 384 1818 426 dispertitae
1842 385 1967 427 linguae
1984 399 1999 413 ι»
2027 388 2085 417 etc.
2112 404 2152 408 —

1192 437 1454 470 Illustrationem
1465 447 1632 480 supernae
1643 439 1846 480 sapientiam
1864 439 1955 471 cuius
1971 439 2152 480 exemplum
2172 445 2258 466 Octava·

1192 490 1329 523 habetur
1353 490 1384 522 in
1409 490 1573 523 Salomone
1598 491 1680 523 tertii
1702 492 1820 532 Regum
1839 491 1976 530 tertio⁸‚
2001 492 2055 524 ubi
2079 491 2154 524 dici-

1192 547 1263 582 tur,
1289 543 1374 585 quod
1396 544 1500 576 oravit
1522 547 1554 576 et
1578 544 1666 585 petiit
1689 544 1891 585 sapientiam,
1916 554 2009 586 quam
2028 549 2059 577 et
2075 545 2155 577 obti-

1192 597 1283 635 nuit;
1308 600 1340 629 et
1363 596 1463 629 Iacobi
1488 597 1611 638 primo:
1641 609 1656 625 α
1674 597 1703 629 Si
1728 597 1800 638 quis
1817 600 1957 629 vestrum
1975 598 2092 639 indiget
2107 607 2156 631 sa-

1193 650 1328 692 pientia,
1347 650 1485 691 postulet
1500 659 1519 682 a
1534 649 1616 688 Deo,
1634 650 1688 691 qui
1705 650 1759 682 dat
1774 650 1921 683 omnihus
1941 651 2107 684 affluenter
2125 665 2154 683 n.

1193 722 1237 726 —
1269 702 1542 744 Arlape-itionem
1573 703 1720 735 caelestis
1751 704 1894 742 ianuae,
1927 714 2008 746 quae
2039 706 2156 738 virtute
2178 710 2246 731 Nona-

1193 756 1345 788 orationis
1376 755 1534 788 clauditur
1566 756 1656 789 malis
1686 760 1717 788 et
1748 757 1892 798 aperitur
1920 757 2031 796 honis3
2057 758 2154 790 Iacobi

1194 809 1353 852 quinto⁹z
1383 822 1398 838 α
1416 809 1497 842 Elias
1521 813 1589 842 erat
1614 810 1708 842 homo
1732 810 1842 843 similis
1859 810 1966 850 nobis,
1984 811 2156 852 passibilis,

1194 863 1224 894 in
1250 862 1392 895 oratione
1415 863 1536 902 oravit,
1561 866 1597 896 ut
1619 872 1681 896 non
1707 863 1830 905 plueret
1853 873 1950 906 super
1975 868 2110 903 terram,
2127 869 2157 897 et

1193 925 1255 948 non
1280 916 1361 958 pluit
1385 925 1484 949 annos
1508 921 1572 949 tres
1595 920 1627 949 et
1650 926 1773 950 menses
1797 926 1864 950 sex.
1893 918 1926 950 Et
1950 927 2064 951 rursus
2087 928 2157 951 ora-

1194 970 1256 1008 vit,
1288 973 1319 1002 et
1347 970 1469 1003 caelum
1500 970 1585 1003 dedit
1617 971 1755 1012 pluviam
1773 985 1804 1003 n.
1830 990 1873 995 —
1897 972 2154 1015 Aequisz'tionem
2177 976 2272 998 Decima·

1193 1023 1355 1056 mercedis
1378 1028 1556 1062 aeternae;
1580 1024 1726 1057 Matthaei
1751 1028 1843 1057 sexto
1857 1025 1903 1056 ¹⁰:
1935 1038 1950 1053 «
1967 1026 2013 1057 Tu
2030 1029 2135 1058 autem
2149 1052 2156 1064 ,

1194 1086 1267 1109 cnm
1291 1077 1450 1115 oraveris,
1475 1077 1558 1109 intra
1589 1077 1620 1109 in
1652 1077 1835 1110 cubiculum
1862 1081 1972 1117 tuum,
1996 1083 2027 1111 et
2050 1079 2157 1112 clauso

1193 1130 1290 1169 ostio,
1315 1139 1371 1162 ora
1394 1130 1516 1163 Patrem
1535 1134 1626 1163 tuum
1644 1130 1674 1163 in
1692 1130 1891 1170 abscondito,
1909 1135 1940 1164 et
1957 1132 2046 1165 Pater
2064 1136 2155 1170 tuus,

1193 1183 1247 1226 qui
1266 1183 1350 1217 videt
1365 1184 1395 1216 in
1413 1184 1605 1223 abscondito,
1622 1184 1731 1217 reddet
1748 1185 1802 1217 tibi
1816 1197 1847 1224 »;
1866 1185 2022 1218 Psalmus:
2045 1199 2060 1214 α
2073 1186 2156 1227 Quo—

1193 1237 1276 1269 nIam
1310 1241 1364 1276 tu,
1396 1237 1481 1269 Deus
1514 1246 1620 1277 meus,
1652 1238 1809 1270 exaudisti
1834 1239 2007 1272 orationem
2032 1249 2154 1275 meam:

1193 1289 1303 1323 dedisti
1329 1290 1534 1323 hereditatem
1560 1291 1746 1323 timentibus
1766 1300 1880 1324 nomen
1899 1295 1989 1324 tuum
2008 1305 2038 1331 »;
2055 1296 2086 1325 et
2103 1293 2156 1326 Ec-

1194 1343 1357 1376 clesiastici
1381 1343 1514 1376 ultimo:
1545 1356 1560 1372 a
1578 1344 1724 1376 Laudabo
1747 1353 1861 1377 nomen
1886 1345 2008 1378 Domini
2032 1346 2157 1378 assidue

1194 1399 1225 1429 et
1248 1396 1432 1429 collaudabo
1456 1397 1534 1429 illud
1564 1397 1594 1429 in
1627 1397 1838 1437 consessione,
1870 1402 1901 1431 et
1931 1399 2081 1432 exaudita
2111 1404 2159 1432 est

1194 1449 1294 1482 oratio
1318 1459 1388 1482 mea
1405 1464 1434 1482 ι».
1453 1468 1496 1473 —
1513 1451 1545 1483 In
1570 1451 1704 1493 figuram
1728 1455 1834 1485 autem
1859 1452 1973 1485 harum
1991 1452 2097 1485 decem
2114 1452 2157 1485 ef·
2178 1455 2261 1481 figm-

1194 1503 1375 1535 ficaciarum
1400 1503 1446 1535 sol
1469 1503 1508 1536 ad
1531 1504 1704 1537 orationem
1732 1505 1880 1538 Ezechiae
1904 1505 2019 1547 legitur
2050 1506 2156 1538 decem

1194 1556 1345 1598 gradibus
1369 1557 1604 1597 retrocessisse‚
1628 1558 1733 1600 quarti
1758 1559 1875 1601 Regum
1893 1559 2043 1601 vigesimo
2057 1561 2092 1591 ¹¹.
2111 1560 2156 1592 Ex
2177 1561 2284 1588 Epimen-

1194 1610 1312 1652 quibus
1335 1611 1511 1652 colligitur,
1536 1611 1621 1653 quod
1644 1612 1745 1644 oratio
1773 1613 1932 1654 praevalet
1956 1616 2087 1646 naturae
2111 1613 2158 1646 in-

1194 1663 1301 1697 feriori
1313 1690 1320 1703 ,
1346 1664 1506 1706 praevalet
1523 1664 1633 1697 virtuti
1650 1665 1745 1704 caeli,
1762 1665 1896 1708 imperat
1911 1670 2043 1699 naturae
2068 1667 2160 1708 spiri-

1195 1717 1291 1756 tuali,
1323 1718 1455 1750 attrahit
1486 1718 1639 1759 Spiritum
1671 1722 1834 1758 sanctum,
1866 1719 1995 1752 inclinat
2027 1720 2080 1752 Dei
2111 1720 2158 1752 Fi-

1195 1771 1273 1804 lium
1289 1774 1321 1804 et
1337 1771 1458 1813 mitigat
1481 1772 1602 1804 Patrem
1620 1776 1783 1805 aeternum
1795 1799 1802 1812 ,
1820 1782 1856 1806 ac
1874 1782 1929 1815 per
1946 1773 2006 1806 hoc
2022 1773 2158 1815 quodam

1194 1824 1287 1857 modo
1310 1824 1483 1857 dominium
1509 1825 1604 1857 hahet
1628 1829 1773 1866 respectu
1798 1826 2031 1859 universorum.

1284 1876 1315 1908 [ι.
1341 1877 1443 1918 (Vers.
1476 1878 1531 1916 2.).
1558 1877 1704 1909 lustenam
1735 1878 1875 1920 quidam
1899 1883 1973 1909 erac
1995 1881 2053 1910 etc.
2086 1879 2156 1910 Post
2174 1880 2321 1932 {geggffffl

1195 1928 1348 1961 rationem
1372 1928 1540 1969 parabolae
1567 1929 1813 1961 introducendae
1844 1929 1992 1961 subditur
2023 1930 2074 1961 hic
2106 1930 2156 1961 in-

1194 1981 1358 2013 troductio
1384 1981 1491 2022 ipsius
1510 1981 1716 2022 parabolae;
1740 1981 1824 2013 circa
1855 1982 1946 2014 cuius
1977 1982 2154 2023 expressio-

1193 2043 1265 2067 nem
1289 2034 1350 2066 tria
1374 2033 1639 2072 introducuntur,
1664 2034 1782 2066 scilicet
1798 2033 1928 2066 duritia
1945 2034 2086 2073 iudicis,
2103 2034 2154 2066 in-

1193 2087 1320 2120 stantia
1340 2086 1505 2129 pauperis
1528 2090 1560 2119 et
1583 2086 1732 2130 efficacia
1752 2087 1873 2129 precis.

1283 2141 1387 2173 Primo
1399 2143 1553 2183 quantum
1567 2141 1605 2173 ad
1622 2140 1788 2173 duritiam
1802 2141 1925 2174 iudicis
1941 2141 2032 2174 dicit:
2050 2141 2153 2174 Iudex
2175 2141 2205 2162 ⁰⁰

1194 2195 1334 2239 quidam
1358 2198 1430 2227 erac
1454 2194 1489 2226 in
1513 2194 1663 2237 quadam
1687 2195 1836 2234 civitate,
1871 2195 1930 2239 qai
1963 2195 2063 2228 Deum
2089 2206 2155 2228 non

1196 2248 1346 2287 timebat,
1379 2252 1509 2290 propter
1532 2248 1683 2281 duritiam
1708 2249 1829 2288 cordis,
1854 2258 1936 2291 quae
1959 2249 2032 2282 lacit
2055 2249 2154 2283 Deum

1195 2311 1258 2334 non
1282 2301 1412 2341 timere,
1437 2301 1610 2334 secundum
1635 2301 1837 2335 illudlsaiae
1868 2303 2064 2344 sexagesimo
2093 2306 2156 2335 ter-

1195 2355 1239 2387 tio
1253 2355 1300 2387 ¹³:
1330 2368 1345 2383 «
1363 2354 1516 2388 Indurasti
1542 2364 1597 2388 cor
1620 2359 1783 2394 nostrum,
1808 2364 1848 2388 ne
1872 2355 2055 2388 timeremus
2078 2359 2109 2388 te
2125 2369 2155 2387 n.

1196 2409 1285 2441 Tales
1308 2408 1454 2441 obdurati
1479 2408 1578 2441 Deum
1603 2417 1664 2441 non
1689 2408 1820 2448 timent,
1845 2408 1898 2441 sed
1923 2408 2027 2451 potius
2051 2412 2156 2441 conte-

1195 2465 1331 2501 mnunt;
1356 2462 1387 2494 in
1412 2471 1549 2504 quorum
1578 2471 1712 2504 persona
1736 2462 1788 2494 Iob
1811 2462 1961 2504 vigesimo
1992 2462 2094 2504 primo
2108 2463 2156 2494 ¹⁴:

1197 2515 1273 2556 Quis
1296 2518 1345 2547 est
1368 2514 1592 2556 Omnipotens,
1617 2518 1653 2547 ut
1669 2514 1845 2547 serviamus
1862 2514 1888 2547 ei
1906 2517 1944 2546 »ἵ
1961 2518 1992 2547 et
2008 2515 2158 2556 vigesimo

1196 2567 1355 2600 secundo:
1385 2579 1401 2595 α
1417 2566 1511 2607 Quasi
1536 2566 1614 2598 nihil
1638 2569 1743 2607 posset
1767 2565 1988 2608 Omnipotens,
2013 2567 2158 2599 aestima-

1196 2620 1271 2653 bant
1294 2628 1368 2652 eum
1385 2632 1415 2651 n.
1440 2619 1529 2651 Tales
1552 2622 1626 2650 sunt
1650 2619 1704 2660 qui
1728 2618 1837 2650 dicunt
1861 2619 1938 2651 illud
1961 2619 2157 2651 Deuterono-

1197 2672 1250 2705 mii
1275 2672 1435 2714 trigesimo
1466 2671 1624 2704 secundo:
1655 2684 1671 2699 «
1687 2671 1796 2703 Manus
1820 2674 1928 2703 nostra
1951 2671 2093 2710 excelsa,
2125 2676 2158 2704 et

1195 2937 1274 2964 quem
1294 2931 1349 2956 Act.
1370 2929 1394 2960 l,
1414 2928 1456 2954 44.
1475 2931 1500 2954 et
1519 2929 1550 2959 2,
1572 2929 1600 2953 t:
1626 2927 1660 2955 Et
1678 2934 1741 2954 cum
1765 2927 1965 2961 complerentur
1984 2931 2052 2959 etc..;
2072 2935 2100 2954 v.
2120 2929 2154 2954 3:

1196 2975 1393 3009 lipporum-unt
1410 2976 1459 2998 etc.

1267 3018 1278 3033 ⁸
1297 3019 1372 3044 Vers.
1393 3018 1435 3043 ll.
1455 3024 1509 3050 seq.
1530 3021 1555 3043 et
1574 3016 1670 3043 deinde
1689 3017 1739 3043 lac.
1759 3017 1783 3049 l,
1803 3017 1828 3042 5.
1847 3031 1882 3036 -
1900 3017 2029 3049 Superius
2049 3024 2097 3049 pro
2111 3016 2155 3043 lin-

1197 3064 1273 3092 betur
1291 3063 1311 3090 C
1322 3064 1343 3089 D
1362 3062 1451 3089 habes.

1268 3107 1280 3123 ⁹
1298 3108 1373 3134 Vers.
1395 3108 1437 3133 ⁴7.
1455 3110 1480 3132 et
1504 3107 1547 3138 ¹83
1567 3113 1615 3139 pro
1635 3105 1663 3132 in
1681 3105 1803 3133 oratione
1828 3107 1886 3132 vat.
1911 3113 1972 3132 curn
1998 3107 2111 3139 Vulgata
2133 3108 2158 3133 et

1198 3152 1329 3180 oratione.

1269 3196 1291 3211 ¹⁰
1311 3196 1385 3222 Vers.
1405 3196 1436 3226 6,
1455 3198 1515 3228 post
1532 3202 1612 3228 quem
1632 3195 1672 3220 ΡΒ.
1692 3195 1740 3226 60,
1760 3195 1785 3220 6.
1805 3198 1830 3220 et
1850 3195 1925 3220 Eccli.
1945 3195 1987 3226 51,
2009 3195 2050 3220 ⁴5.

1269 3239 1290 3254 ¹¹
1310 3240 1385 3265 vers.
1408 3239 1449 3264 ll.
1462 3252 1497 3258 —
1515 3238 1641 3270 Superius
1655 3245 1703 3270 pro
1717 3239 1748 3264 Ιη
1765 3237 1884 3272 fiqurnm
1906 3237 1925 3264 C
1938 3238 1988 3263 DG
2007 3239 2037 3264 In
2057 3238 2158 3273 figura.

1268 3283 1290 3298 ¹²
1309 3283 1361 3310 cst.
1382 3289 1462 3315 supra
1481 3289 1544 3315 pag.
1564 3281 1630 3312 448,
1649 3285 1710 3308 nota
1730 3282 1754 3308 ὅ.
1799 3292 1801 3294 ·

1268 3327 1291 3342 ¹⁸
1311 3327 1385 3353 Vers.
1408 3327 1449 3352 ⁴7.
1469 3340 1504 3346 —
1522 3326 1572 3352 cfr.
1591 3327 1715 3358 Gregor.,
1734 3326 1803 3352 XIV.
1822 3326 1910 3352 Μαι-81.
1929 3333 1952 3352 c.
1973 3326 2015 3352 27.
2035 3333 2060 3352 n.
2081 3327 2127 3352 3¹.
2156 3348 2160 3351 ,

1263 3370 1292 3406 ἦ*
1311 3371 1386 3396 Vei-s.
1408 3371 1456 3401 ⁴5,
1475 3373 1534 3403 post
1547 3377 1627 3403 quern
1642 3371 1690 3401 22,
1706 3370 1749 3396 ⁴7.
1764 3370 1834 3402 (post
1846 3372 1936 3404 posset
1950 3370 2010 3396 Vnt,
2021 3377 2084 3396 cum
2098 3370 2158 3396 Vul-

1198 3419 1259 3449 gata
1278 3415 1351 3442 addit
1368 3415 1469 3449 facere)
1488 3418 1514 3441 et
1532 3415 1607 3441 Deut.
1626 3415 1676 3446 32,
1695 3414 1738 3441 27.

2017 3468 2052 3494 57*

2209 2141 2257 2162 titia
2275 2142 2307 2162 iu·

2210 2168 2272 2189 dicis.
