2427 3872
427 256 490 282 VEN

197 313 233 318 —
252 299 286 325 ad
304 298 437 326 Christum
457 304 497 327 est
517 307 564 333 per
584 301 663 327 fldem
683 303 709 327 et
728 301 789 327 dile-

139 343 253 370 ctionem
276 344 306 370 Vl
327 344 378 369 328
400 343 444 370 58.
462 345 514 371 330
528 345 562 371 69
574 343 789 374 -Ρ111011151νο-

140 388 228 415 niendi
248 388 282 415 ad
298 389 379 414 Deum
394 391 433 415 est
447 389 595 422 impetratio
609 389 716 421 veniae,
729 390 789 415 ade·

139 432 195 465 ptio
215 433 328 465 gratiae,
347 434 483 466 perceptio
503 434 603 466 gloriae
622 434 674 460 562
694 435 709 459 3

196 477 302 504 Van’raa
319 491 355 497 —
368 477 463 504 dicitur
475 485 529 509 cor,
542 479 584 504 vel
598 478 728 510 significat
743 477 789 504 bo-

139 527 202 547 nam
222 522 408 548 conscientiam
429 522 461 548 Vl
482 523 534 548 350
555 522 588 548 56
609 522 638 548 3*

196 565 301 592 Venus
319 581 354 584 —
374 569 520 592 0511001115
538 566 606 592 aeris
631 567 673 592 vel
699 569 787 593 motus

140 610 249 642 vaporis
269 610 294 636 in
313 610 372 636 aere
392 611 425 636 Vt
446 611 479 636 12
499 618 524 636 v.
546 611 561 636 6
579 624 615 630 -
628 610 724 636 dicitur
737 610 787 642 spi-

141 655 206 681 ritus
226 653 287 681 ibid.
309 656 342 680 89
363 662 388 681 v.
409 655 424 680 5
445 669 478 673 -
498 658 537 681 est
561 655 607 680 1101·
626 659 714 681 motus
735 655 785 681 140

140 706 167 725 v.
189 700 216 725 11
241 713 276 719 -
296 702 335 725 051
353 699 476 725 scindens
494 702 520 726 et
539 699 661 726 dividens
674 699 737 726 ibid.
750 714 786 718 ——-

140 744 229 770 omnia
249 736 433 776 perlustrando
452 744 544 770 circuit
564 745 596 770 12
616 751 642 770 v.
662 744 678 769 6

195 803 229 807 -
248 789 332 814 oritur
357 796 371 814 a
397 791 512 821 quatuor
538 789 623 821 plagis
649 792 732 814 terrae
752 788 784 814 Vl

141 833 173 858 12
194 840 221 858 v.
239 833 255 858 6
275 848 310 851 —
329 833 447 866 Quatuor
466 834 527 859 sunt
543 832 613 859 venti
627 833 786 866 principales

139 880 165 903 et
183 880 243 903 octo
263 877 422 904 collaterales
443 878 475 903 13
495 884 521 903 ν.
541 878 565 903 6.
587 877 638 903 155
659 885 684 903 r.
704 877 737 903 20
751 890 786 896 -

140 925 239 953 cessat,
263 923 372 955 quando
399 929 483 955 vapor
508 922 619 957 quiescit
638 925 664 948 et
682 922 714 948 ad
735 924 786 948 ter-

139 974 211 998 ram,
239 967 308 993 unde
333 967 429 998 oritur,
454 967 596 992 revertitur
616 967 648 992 13
669 974 695 993 ν.
716 967 731 992 6
750 981 786 985 -

140 1011 323 1044 producuntur
342 1019 374 1037 ex
393 1018 471 1037 causa
491 1012 593 1037 occulta
613 1010 674 1038 ibid.
688 1012 785 1038 -110-

141 1063 186 1082 mo
205 1063 258 1082 non
277 1055 357 1082 habet
376 1056 553 1088 cognitionem
574 1056 612 1082 (10.
627 1062 686 1082 ortu
712 1057 784 1083 venti

140 1101 187 1126 281
213 1101 241 1127 21
265 1102 470 1138 ή-[1001100101
483 1104 522 1127 est
535 1101 681 1127 contrarius
695 1102 784 1128 volun-

140 1146 185 1172 tati
205 1146 320 1171 hominis
340 1146 372 1171 89
393 1153 419 1171 v.
441 1146 455 1171 4

194 1204 228 1208 —
253 1194 313 1216 sunt
343 1190 497 1216 tentationes
525 1192 705 1217 concutientes
730 1191 786 1217 ani-

141 1242 212 1260 mam
232 1235 265 1261 *Vt
285 1235 336 1261 323
358 1236 390 1261 32
410 1249 445 1254 -
465 1238 575 1261 vocatur
599 1236 726 1262 detractio
751 1236 783 1261 90

141 1287 167 1305 v.
188 1279 203 1305 6
223 1293 258 1298 —
278 1280 388 1305 Divitiae
413 1283 492 1306 vento
517 1284 705 1312 comparantur
728 1288 785 1313 pro-

140 1328 199 1356 pter
218 1324 359 1350 vanitatem
381 1325 413 1350 48
434 1333 460 1350 ν.
481 1325 514 1350 15

196 1369 286 1395 Vennx
305 1383 340 1388 —
360 1369 454 1395 dicitur
473 1370 520 1402 qui
539 1369 619 1395 verba
640 1376 702 1395 vera
723 1370 786 1396 dicit

142 1413 173 1440 Vl
195 1414 246 1439 362
268 1413 300 1439 43

196 1458 302 1484 Venuuu
321 1472 357 1477 —
377 1458 456 1485 habet
474 1462 624 1491 respectum
644 1459 678 1485 ad
697 1459 785 1485 diceu-

141 1505 194 1528 tem
214 1503 292 1529 etad
313 1503 338 1529 id
367 1504 439 1536 quod
469 1510 517 1535 per
545 1503 658 1530 verbum
689 1503 785 1529 dicitur

141 1547 174 1573 Vl
188 1547 238 1573 246
263 1548 286 1572 1.
301 1547 352 1573 247
373 1548 388 1573 6
407 1563 442 1566 -
456 1552 494 1574 051
507 1549 547 1574 5111
563 1548 783 1574 manifestativum

139 1594 165 1617 et
184 1592 365 1618 manifestatur
384 1599 431 1624 per
450 1599 544 1618 vocem
569 1592 619 1618 256
641 1592 674 1618 44
693 1606 729 1611 -
749 1592 784 1617 in-

140 1636 198 1662 duit
216 1643 325 1667 vocem,
344 1637 391 1663 sed
410 1644 464 1662 non
478 1637 569 1663 transit
583 1637 608 1662 in
623 1644 716 1663 vocem
732 1636 784 1662 254

141 1681 175 1706 33
204 1695 239 1699 —-
267 1680 330 1707 dicit
358 1681 582 1713 comparationem
611 1681 646 1707 ad
674 1688 784 1713 vocem,

141 1732 223 1758 quam
238 1725 335 1757 induit,
349 1726 382 1752 ad
396 1726 557 1758 doctrinam,
570 1733 639 1759 quae
654 1726 784 1752 mediante

143 1769 227 1796 verbo
247 1770 358 1796 traditur
378 1770 429 1796 247
449 1771 464 1796 6
486 1785 519 1789 ——
538 1775 576 1797 est
596 1771 662 1797 ratio
676 1771 783 1797 videndi

140 1814 271 1841 dicentem
291 1815 342 1841 422
363 1815 397 1841 64

194 1873 230 1878 -
246 1859 403 1893 [0010115051
421 1859 539 1886 Verbum
561 1860 594 1886 ab
614 1864 720 1886 aeterno
740 1867 784 1892 ge-

140 1904 240 1935 nitum,
260 1904 374 1930 verbum
395 1906 491 1931 sactum
512 1908 551 1930 est
569 1905 683 1931 verbum
704 1905 785 1931 menti

141 1948 251 1974 interius
270 1949 444 1981 impressum,
463 1949 576 1975 verbum
597 1950 662 1975 tiens
675 1953 715 1975 est
728 1956 785 1975 ver-

142 1992 207 2019 bum
219 1995 344 2020 vocaliter
354 1995 498 2027 prolatum,
509 1994 581 2028 quod
592 1998 691 2021 tantum
706 1998 744 2020 051
758 1995 784 2020 in

141 2038 197 2064 fleri
212 2039 244 2064 Vl
264 2038 315 2064 544
336 2039 350 2064 3
364 2052 400 2058 -
412 2045 466 2072 quo
485 2039 671 2071 cognoscimus
683 2039 784 2072 omnia,

141 2085 182 2109 est
199 2083 242 2108 vel
262 2083 397 2116 divinum,
427 2084 468 2109 vel
497 2084 644 2109 humanum
672 2085 703 2109 16
723 2091 749 2116 q.
769 2085 784 2109 2

142 2142 177 2146 -
195 2127 315 2154 divinum
344 2131 384 2153 est
411 2128 496 2154 omnis
521 2131 640 2154 creatura
663 2127 725 2154 ibid.
750 2143 785 2146 —

142 2173 287 2198 humanum
308 2175 347 2198 est
360 2179 412 2198 vox
426 2173 525 2204 prolata
540 2171 602 2198 ibid.
615 2186 650 2191 —-
664 2176 784 2198 nostrum

142 2220 182 2243 est
199 2219 400 2249 anypostatum,
419 2217 447 2243 id
466 2219 506 2243 051
523 2224 575 2242 non
596 2216 741 2243 subsistens
760 2220 785 2242 et

143 2261 169 2287 in
188 2252 276 2287 aerem
297 2262 409 2287 effusum
430 2261 481 2286 544
501 2269 528 2287 v.
547 2262 562 2286 3

196 2320 231 2324 ——-
251 2306 296 2331 Dei
316 2306 370 2331 non
389 2309 418 2332 ut
440 2305 554 2331 verbum
585 2306 721 2343 hominum
747 2309 785 2331 est

142 2350 327 2382 accipiendum
348 2351 391 2376 Vll
414 2351 446 2375 28
474 2350 508 2376 75
527 2364 563 2369 —
582 2350 716 2376 Debemus
740 2357 785 2376 au-

142 2395 200 2421 dire
219 2395 332 2420 verbum
360 2395 414 2420 Filii
444 2395 488 2420 Dei
517 2395 550 2420 ad
570 2395 785 2427 intelligendum,

141 2440 304 2466 eredendum
334 2443 360 2465 et
387 2439 566 2468 obediendum
591 2440 622 2465 Vl
643 2439 694 2466 564
716 2439 731 2465 4
749 2454 786 2458 —

144 2483 232 2510 Verbo
253 2484 306 2510 Filii
327 2484 373 2509 Dei
392 2484 531 2516 diligenter
545 2484 733 2511 intendendum
747 2489 786 2510 est

144 2529 178 2554 65
197 2536 225 2554 v.
244 2530 259 2554 2
279 2544 314 2547 —
333 2528 427 2554 Christi
456 2529 605 2561 parabolica
634 2532 693 2555 sunt
712 2529 786 2561 spiri-

143 2573 246 2599 tualiter
266 2576 291 2599 et
310 2580 364 2599 non
383 2574 521 2599 carnaliter
540 2574 672 2600 audienda
692 2577 717 2599 et
736 2575 786 2600 dis-

143 2618 265 2646 cutienda
277 2618 319 2644 Vll
335 2619 381 2644 381
401 2619 434 2644 69
447 2632 483 2637 -
496 2618 591 2645 Christi
605 2619 786 2645 efficacissime

140 2662 291 2694 suscipiunt
309 2662 354 2695 qui
374 2663 543 2695 spiritualiter
561 2663 671 2690 audiunt
689 2662 753 2690 ibid.

196 2721 232 2726 —
260 2707 310 2740 Qui
338 2707 450 2733 verbum
480 2708 526 2734 Dei
555 2715 606 2734 non
629 2708 786 2734 ministravit

144 2758 206 2777 reus
224 2755 264 2778 est
282 2752 424 2784 impietatis
452 2752 495 2778 Vll
523 2752 574 2778 484
594 2753 628 2778 34
647 2767 683 2772 —
702 2753 786 2779 multi-

145 2796 297 2828 plicandum
316 2799 356 2822 est
381 2799 409 2822 ut
436 2797 547 2829 pecunia
576 2804 623 2829 per
651 2797 787 2830 evangeli-

144 2847 203 2866 cam
223 2840 447 2873 praedicationem
477 2841 528 2867 485
548 2841 581 2867 36
600 2856 636 2860 —
659 2843 786 2868 seminan-

146 2885 212 2911 dum
232 2888 286 2917 est,
305 2892 359 2911 non
378 2885 582 2911 custodiendum
601 2885 664 2912 ibid.
682 2900 718 2906 —
737 2888 787 2912 rru-

145 2933 197 2955 stra
218 2930 387 2962 proponitur,
417 2930 464 2955 nisi
488 2930 557 2956 adsit.
576 2931 680 2956 auditor
701 2932 750 2956 189
771 2932 786 2956 2

145 2988 181 2993 -
200 2974 249 3006 Qui
270 2981 320 2999 non
341 2974 492 3000 custodiunt
510 2974 599 3000 divina
620 2974 700 3000 verba
715 2982 786 3007 prae-

144 3018 287 3051 cipitantur
306 3018 331 3044 in
350 3018 479 3050 supplicia
498 3018 632 3044 infernalia
652 3019 703 3045 335
723 3020 756 3045 86

199 3078 234 3081 ——
254 3062 334 3089 Verbi
355 3063 401 3088 Dei
420 3063 554 3088 auditores
570 3062 662 3096 quales
674 3070 732 3089 esse
745 3064 788 3090 de-

145 3107 226 3133 heant
254 3107 297 3133 Vll
319 3107 368 3133 115
396 3107 413 3132 8
442 3122 478 3125 -
505 3107 680 3132 Perscrutanti
705 3107 787 3133 verba

145 3151 237 3177 divina
256 3151 402 3177 necessaria
421 3155 461 3177 est
478 3151 659 3183 promptitudo
679 3154 704 3177 et
722 3150 787 3184 vig'i-

144 3196 223 3222 lantia
243 3196 277 3221 97
297 3196 330 3221 33

199 3255 235 3259 —
255 3240 299 3266 Dei
319 3243 358 3266 est
377 3240 488 3272 pecunia
514 3238 591 3265 nobis
610 3246 733 3265 concessa
753 3240 787 3266 ad

147 3285 360 3311 fructificandum
389 3285 433 3310 Vtt
452 3284 505 3310 485
525 3285 558 3309 36
577 3298 613 3303 —
632 3285 669 3310 De
688 3291 718 3309 eo
737 3279 788 3309 0111-

146 3332 245 3361 guntur
277 3336 372 3355 usurae
403 3329 554 3360 multiplicis
585 3320 787 3354 fructificationis

810 212 847 245 IN
870 212 1163 246 COMMENTARtOS
1187 214 1216 246 S.
1242 214 1468 247 SCRIPTURtE

826 304 935 327 necesse
948 303 999 333 est,
1014 304 1042 327 ut
1060 308 1121 328 curn
1136 302 1223 328 usuris
1236 303 1319 328 solvat
1332 302 1469 334 operando

827 344 861 372 ib.
881 345 913 371 37

879 405 914 409 —
933 390 1078 416 occultatur
1105 392 1220 423 'quatuor
1248 391 1282 417 de
1311 392 1397 417 causis
1425 392 1467 418 Vll

827 434 877 460 484
898 435 930 460 33
952 448 986 453 -
1005 434 1149 460 Occultatio
1177 434 1252 461 verbi
1284 435 1328 461 Dei
1358 444 1389 461 ex
1410 444 1468 468 pru-

825 478 914 504 dentia
933 474 1148 513 commendatur,
1173 486 1203 505 ex
1223 480 1317 505 timore
1336 487 1400 506 vero
1426 481 1468 506 vel

825 523 987 554 adulatione,
1017 523 1058 548 vel
1086 523 1211 556 avaritia,
1239 525 1282 549 vel
1308 525 1467 556 negligentia

824 566 984 599 reprobatur
1003 566 1066 593 ibid.

878 625 913 631 —
934 611 978 636 Dei
999 614 1038 637 est
1057 605 1162 637 lucerna
1183 612 1224 638 Vll
1249 613 1296 638 195
1311 613 1353 638 23.
1367 613 1419 638 300
1433 613 1468 639 72

823 670 858 673 -
880 655 924 681 Dei
946 655 1091 681 inflammat
1118 656 1152 682 ad
1175 656 1297 682 ardorem
1319 657 1364 682 zeli
1385 660 1410 683 et
1434 657 1467 683 ad

823 699 946 725 ardorem
976 699 1099 726 desiderii
1129 700 1180 726 597
1211 700 1238 726 41
1264 715 1294 719 -
1319 701 1362 727 Dei
1389 700 1468 727 habet

824 743 930 776 igneam
953 747 1076 770 naturam
1105 748 1214 777 propter
1233 745 1467 772 inflammationem

823 788 922 814 amoris
941 787 975 814 ib.
998 788 1031 814 40
1050 803 1085 807 —
1104 789 1187 815 Patris
1214 789 1384 816 immittendo
1413 791 1468 823 Spi-

823 832 903 859 ritum
922 836 1041 859 sanctum
1063 833 1207 860 inflammat
1229 835 1310 860 corda
1330 835 1466 861 hominum

823 876 886 904 ibid.

876 936 912 942 —
930 922 975 948 Dei
997 925 1036 948 cst
1062 926 1187 955 tanquam
1207 930 1311 956 semen,
1324 924 1398 957 quod
1418 925 1468 950 sru-

823 969 894 992 ctum
923 968 998 992 affert
1026 974 1073 999 per
1097 968 1336 999 praedicationem,
1360 969 1467 1001 quando

822 1011 948 1043 recipitur
968 1011 992 1037 iu
1014 1014 1110 1037 terram
1132 1011 1229 1038 bonam
1252 1012 1284 1037 Vl
1306 1012 1352 1038 451
1379 1014 1412 1038 23
1432 1027 1467 1032 -

822 1056 869 1082 Dei
888 1059 927 1082 est
946 1063 1051 1089 semen,
1071 1056 1133 1090 quia
1154 1063 1201 1089 per
1214 1057 1276 1083 illud
1291 1057 1466 1089 renascimur,

823 1104 851 1127 ut
870 1101 965 1127 flamus
985 1101 1066 1127 divini
1098 1102 1140 1128 Vll
1163 1102 1214 1127 190
1234 1102 1260 1127 7.
1285 1102 1331 1128 113
1353 1102 1393 1128 17.
1416 1102 1467 1128 195

822 1147 855 1172 22
875 1160 911 1165 -
936 1146 980 1172 Dei
1010 1147 1094 1179 pretio
1122 1150 1148 1172 et
1176 1147 1270 1173 semini
1298 1151 1467 1180 comparatur

823 1190 874 1216 484
895 1191 928 1216 33

876 1250 910 1253 -
931 1235 977 1263 Dei
997 1239 1036 1261 est
1055 1236 1132 1262 cibus
1151 1236 1308 1268 spiritualis,
1328 1237 1413 1270 quiin
1427 1244 1466 1262 ae-

822 1283 925 1306 ternum
946 1284 1084 1312 permanet
1104 1281 1135 1306 Vl
1155 1281 1208 1307 325
1223 1281 1255 1307 43
1270 1295 1303 1299 -
1318 1281 1405 1308 verbo
1421 1282 1466 1307 Dei

821 1324 899 1350 datur
918 1328 943 1350 et
962 1329 1135 1351 conservatur
1154 1326 1205 1351 vita
1233 1327 1333 1358 gratiae
1357 1327 1403 1352 311
1433 1327 1465 1352 49

821 1383 856 1388 -
874 1369 923 1394 Per
943 1368 1054 1395 1011111111
1077 1370 1121 1395 Dei
1141 1370 1304 1396 renascimur
1319 1370 1364 1396 451
1384 1371 1416 1396 23
1430 1386 1465 1389 -

823 1413 868 1438 Dei
888 1413 933 1439 dat
953 1414 1032 1439 vitam
1054 1418 1187 1440 aeternum
1209 1416 1258 1440 323
1280 1416 1313 1441 32
1327 1430 1361 1434 —
1375 1416 1464 1441 divina

822 1458 928 1483 mittunt
956 1459 1090 1484 hominem
1111 1459 1145 1484 ad
1165 1459 1283 1485 dlvinam
1300 1460 1414 1494 gratiam
1441 1464 1466 1486 et

822 1502 855 1527 ad
875 1502 1007 1528 Christum
1028 1503 1071 1528 Vll
1096 1504 1148 1529 335
1169 1503 1201 1528 87
1222 1518 1255 1521 -
1275 1504 1321 1529 Dei
1341 1507 1380 1530 est
1399 1504 1466 1530 sicut

822 1546 907 1572 imber
926 1547 960 1572 Vl
981 1547 1014 1572 90
1033 1554 1059 1572 v.
1081 1547 1095 1572 6
1110 1561 1145 1566 -
1159 1547 1208 1580 Qui
1228 1547 1341 1574 verbum
1363 1549 1408 1574 Dei
1426 1556 1466 1574 su-

821 1591 950 1623 scipiunt,
971 1591 1004 1616 illi
1025 1591 1176 1618 inseruntur
1196 1596 1320 1625 tauquam
1335 1593 1414 1625 stipiti
1428 1600 1467 1618 ra-

821 1636 898 1662 dicali
923 1639 948 1662 et
976 1637 1097 1668 rigantur
1120 1644 1168 1669 per
1194 1638 1333 1663 humorem
1354 1637 1466 1669 Spiritus

821 1681 904 1706 sancti
923 1683 949 1707 et
961 1680 1110 1707 efficiuntur
1124 1682 1168 1707 lilii
1182 1682 1227 1707 Dei
1241 1682 1296 1707 111-1
1312 1682 1352 1708 Vll
1370 1682 1419 1707 198
1432 1683 1464 1707 32

875 1740 910 1745 -
932 1726 975 1751 Dei
1005 1729 1090 1758 potest
1119 1726 1169 1752 dici
1199 1729 1303 1752 scutum
1330 1727 1466 1759 spirituale

823 1771 854 1796 Vl
875 1771 927 1796 226
948 1778 973 1796 ν.
994 1771 1022 1796 21
1047 1785 1083 1790 -
1109 1771 1154 1796 Dei
1184 1771 1273 1803 gladio
1298 1775 1467 1803 comparatur

822 1816 855 1840 98
869 1807 902 1840 ‘v.
924 1815 951 1840 ll
977 1829 1011 1834 —
1031 1815 1077 1840 Dei
1097 1815 1191 1847 pungit
1210 1822 1255 1841 cor
1274 1814 1336 1841 ibid.
1350 1829 1386 1834 —
1400 1819 1466 1841 ente-

822 1860 877 1885 rius
896 1860 958 1885 tidei
971 1863 997 1885 et
1011 1860 1172 1886 Sacramenti
1186 1860 1316 1891 inundat,
1333 1860 1393 1893 quia
1414 1867 1466 1885 cre-

822 1904 892 1930 ditur
917 1904 968 1929 449
990 1905 1021 1929 16
1041 1920 1076 1923 —
1096 1905 1141 1930 Dei
1161 1905 1306 1930 sanctificat
1324 1904 1358 1930 ab
1377 1912 1467 1930 errore

822 1949 963 1981 purgando
984 1949 1035 1975 473
1055 1950 1089 1975 29

875 2008 910 2013 -
929 1994 976 2020 Dei
996 1998 1117 2020 servatur
1144 1994 1278 2021 credendo
1308 1995 1339 2019 Vl
1360 1994 1411 2020 470
1434 1995 1465 2019 13

821 2053 856 2057 -
876 2039 999 2064 Memoria
1019 2038 1163 2065 verborum
1193 2039 1240 2065 Dei
1264 2040 1377 2065 multum
1397 2040 1467 2065 valet

822 2083 856 2108 ad
875 2083 964 2108 omnia
984 2084 1051 2109 mala
1070 2084 1239 2116 perferenda,
1259 2087 1285 2109 et
1303 2083 1402 2109 oblivio
1422 2091 1466 2109 no-

822 2127 934 2153 001455
957 2127 971 2153 4
1000 2142 1036 2147 —
1063 2129 1219 2154 Rccordatio
1239 2135 1393 2154 sermonum
1420 2128 1465 2153 Dei

823 2172 961 2198 hominem
981 2173 1059 2205 erigit
1077 2177 1103 2199 et
1121 2173 1212 2206 dirigit
1230 2172 1292 2200 ibid.

875 2230 911 2235 —
929 2217 1008 2243 Filius
1026 2221 1065 2243 est
1084 2217 1203 2243 Verbum
1233 2225 1326 2244 verum
1355 2218 1388 2245 Vt
1414 2218 1465 2243 362

824 2261 856 2286 43
875 2275 911 2280 -
929 2265 969 2288 051
988 2269 1099 2294 persona
1128 2263 1248 2288 distincta
1274 2270 1289 2288 a
1318 2263 1399 2288 Patre*
1418 2270 1466 2294 per

823 2307 1017 2337 generationem
1037 2314 1097 2333 cum
1118 2306 1324 2333 subauctoritate
1336 2307 1416 2333 2463
1430 2322 1465 2325 —

823 2353 879 2376 erat
906 2351 976 2376 Deus
1004 2352 1123 2384 aequalis
1141 2352 1209 2377 Patri
1229 2352 1280 2378 247
1302 2352 1317 2378 4
1336 2365 1372 2371 -
1390 2352 1466 2384 spiri-

824 2395 920 2421 tualem
940 2395 1019 2421 habet
1031 2396 1225 2428 generationem
1240 2396 1292 2423 254
1306 2397 1339 2422 33
1352 2404 1466 2422 —ema-

823 2443 867 2465 nat
885 2447 933 2472 per
952 2441 1149 2472 generationem
1169 2441 1220 2467 247
1241 2442 1256 2467 3

876 2499 911 2503 —
931 2488 970 2510 est
988 2492 1084 2511 nomen
1104 2486 1381 2512 convenientissimum
1401 2486 1466 2517 Filii,

825 2529 938 2554 maxime
958 2529 982 2555 iu
1002 2530 1199 2562 comparatione
1227 2531 1262 2556 ad
1287 2538 1317 2556 ea
1336 2537 1407 2564 quae
1431 2531 1465 2557 (10

823 2580 855 2599 00
876 2573 901 2598 10
923 2574 1065 2606 Evangelio
1092 2579 1232 2601 narrantur
1260 2576 1293 2601 Vl
1322 2575 1374 2601 247
1395 2576 1410 2601 6
1429 2589 1465 2594 —-

824 2618 983 2644 describitur
1003 2622 1030 2644 ut
1049 2626 1222 2653 permanens,
1242 2624 1270 2645 ut
1289 2619 1464 2650 immutabile,

825 2666 853 2688 ut
870 2666 955 2689 cetera
976 2664 1147 2695 antecedens,
1167 2668 1192 2690 et
1212 2664 1270 2690 ideo
1287 2664 1391 2690 'dicitur
1409 2668 1465 2690 erat

824 2707 875 2733 248
895 2707 911 2733 7
930 2722 966 2727 -
984 2712 1153 2740 comparatur
1181 2709 1215 2735 ad
1242 2709 1372 2735 dicentem
1398 2709 1466 2735 sicut

825 2753 893 2778 iilius
912 2751 944 2779 ad
965 2756 1065 2785 putrem
1087 2756 1195 2786 propter
1214 2754 1412 2780 similitudinem
1437 2754 1465 2779 in

825 2800 916 2823 natura
929 2801 955 2823 et
968 2799 1156 2830 perfectionem
1175 2799 1327 2832 aequalem,
1343 2802 1370 2824 ut
1382 2799 1465 2830 splen-

824 2842 874 2867 dor
893 2842 926 2868 ad
946 2843 1031 2868 lucem
1047 2846 1156 2875 propter
1168 2843 1381 2869 coaeternitatem
1396 2842 1429 2869 ib.
1449 2844 1464 2868 8

824 2901 859 2904 -
889 2883 1103 2913 0510111551011101
1132 2888 1280 2919 maiestate,
1303 2888 1464 2913 immensum

825 2931 935 2963 virtute,
955 2935 1091 2957 aeternum
1112 2932 1250 2958 duratione
1269 2932 1320 2958 537
1341 2933 1356 2957 2

878 2990 913 2994 -
943 2977 1039 3001 factum
1068 2976 1108 3002 est
1136 2983 1189 3002 non
1214 2975 1247 3001 ab
1273 2976 1392 3007 homine,
1417 2976 1465 3001 sed

824 3027 839 3045 a
859 3020 913 3046 Deo
929 3010 975 3046 ⁴Vll
991 3019 1024 3045 52
1044 3020 1077 3046 34
1097 3034 1133 3039 —
1151 3024 1206 3046 erat
1225 3021 1249 3046 in
1264 3020 1402 3052 principio,
1416 3021 1465 3046 hoc

825 3067 864 3090 est
883 3064 907 3089 in
927 3065 1015 3097 Patre,
1036 3071 1089 3090 non
1114 3067 1265 3097 separatum
1285 3071 1300 3089 a
1319 3065 1394 3090 Patre
1418 3071 1466 3096 per

824 3108 979 3140 essentiam,
992 3109 1038 3135 sed
1053 3109 1197 3135 indivisum
1211 3116 1259 3141 per
1271 3109 1398 3134 essentiae
1412 3109 1466 3134 uni-

824 3155 903 3178 tatem
924 3153 956 3178 Vl
976 3152 1028 3178 246
1048 3154 1063 3178 2
1083 3167 1118 3171 —-
1137 3156 1192 3178 erat
1210 3153 1236 3178 in
1250 3153 1380 3185 principio
1393 3153 1464 3184 apud

826 3196 908 3222 Deum
928 3200 957 3222 ut
975 3200 1142 3223 coaeternum
1158 3197 1208 3223 247
1229 3197 1245 3223 5
1264 3211 1300 3216 -
1318 3197 1463 3222 secundum

823 3240 990 3266 Divinitatem
1010 3247 1062 3267 non
1084 3244 1124 3267 051
1144 3243 1239 3267 sactum
1265 3248 1314 3267 nec
1333 3244 1464 3273 creatum,

824 3284 871 3310 sed
889 3281 1008 3316 genitum
1028 3285 1079 3311 537
1100 3285 1116 3311 5

877 3341 912 3346 —
930 3328 993 3354 dicit
1005 3330 1169 3360 operativatn
1183 3330 1325 3361 potentiam
1338 3329 1372 3354 Yl
1385 3329 1437 3354 246
1452 3330 1458 3353 l

1795 261 1859 286 VER

1505 302 1625 329 ducenda
1655 304 1705 329 248
1729 304 1744 329 9
1763 314 1798 324 -ι-
1818 309 1846 330 ut
1874 306 2030 338 principium
2057 307 2146 333 indeti-

1506 347 1577 373 ciens
1604 348 1665 374 nulli
1695 349 1839 380 operationi
1870 349 1956 381 deest,
1982 357 2030 376 nee
2051 351 2145 383 Patris,

1506 399 1554 418 nee
1573 396 1720 424 creaturae,
1750 394 1917 425 cooperando
1937 394 1969 420 ib.
1994 396 2024 420 10
2045 409 2079 415 -
2098 396 2145 421 Per

1508 436 1624 462 Verbum
1645 437 1732 462 emnia
1754 439 1818 463 sacta
1839 444 1899 464 sunt
1918 438 1980 465 ibid.
1995 453 2027 457 —
2041 445 2080 465 est
2095 447 2145 464 ma-

1506 487 1556 506 nus
1576 481 1657 507 Patris
1677 481 1719 506 Vll
1745 482 1778 507 26
1799 482 1832 507 69

1559 538 1594 544 --
1612 528 1652 550 051
1672 526 1830 557 principium
1860 534 2099 561 praecognoscens,
2121 529 2145 553 10

1505 576 1560 601 quo
1579 569 1667 594 omnia
1687 573 1748 595 sunt
1773 574 1798 595 et
1824 571 1916 596 xivunt
1936 572 1967 596 vt
1987 572 2037 597 249
2062 573 2087 597 tt
2112 587 2146 592 —

1504 616 1545 638 est.
1563 613 1605 638 lux
1634 613 1787 644 hominum,
1816 615 1941 641 omnibus
1969 616 2145 648 cognitionem

1507 656 1636 688 praebens
1656 656 1690 683 ib.
1714 658 1752 683 12.
1776 658 1827 683 253
1849 659 1881 684 30
1903 673 1935 677 —-
1956 666 2007 684 non
2028 667 2146 692 compre·

1506 701 1628 727 henditur
1646 701 1681 727 ab
1701 702 1731 727 iis
1751 702 1796 735 qui
1816 706 1877 728 sunt
1907 703 1930 728 in
1960 704 2074 729 tenebris
2095 705 2147 730 inss-

1505 746 1616 771 delitatis
1636 746 1686 772 249
1709 747 1750 772 13.
1770 747 1821 772 250
1841 748 1869 772 16
1890 747 1918 772 2·
1937 762 1971 767 -
1991 750 2042 773 nen
2063 753 2148 780 potest

1505 790 1588 816 videri
1609 791 1756 817 secundum
1777 791 1943 817 Divinitatcm
1965 792 2015 818 537
2036 793 2051 818 5

1559 849 1593 853 —-
1612 842 1674 861 caro
1696 836 1791 861 tactum
1811 839 1851 861 est
1869 843 1915 868 per
1928 843 2060 862 summam
2077 837 2147 863 unio-

1505 886 1565 907 nem
1586 880 1619 906 Vl
1640 880 1691 906 252
1712 880 1745 905 29
1766 895 1798 899 -
1820 880 1948 906 habitavit
1967 881 1992 906 in
2013 881 2089 907 nobis
2100 889 2147 914 per

1505 925 1629 950 unionem
1650 925 1812 950 inconfusam
1832 928 1858 950 et
1877 925 2017 951 indixisam
2038 925 2099 952 ibid.
2112 940 2148 945 —

1503 969 1576 1002 quod
1596 969 1621 995 in
1642 969 1770 1001 principio
1784 973 1839 995 crat
1851 970 1924 1002 apud
1938 971 2036 1001 Deum,
2050 972 2146 997 suetum

1504 1017 1543 1039 est
1561 1021 1623 1040 caro
1643 1014 1676 1040 de
1696 1020 1774 1040 carne
1794 1014 1889 1040 Mariae
1917 1016 2064 1041 secundum
2091 1023 2147 1041 ver-

1505 1058 1569 1084 bum
1589 1059 1681 1090 Angeli
1702 1059 1743 1085 Vll
1764 1059 1796 1085 26
1817 1059 1852 1084 69
1871 1073 1906 1078 -
1926 1060 1950 1084 10
1966 1060 2147 1086 γει-110111001-

1505 1106 1564 1139 nato
1584 1107 1624 1129 est
1643 1104 1703 1129 unio
1723 1104 1820 1129 summi
1846 1105 1945 1130 amoris
1965 1108 1990 1130 et
2009 1105 2147 1131 counexio-

1505 1148 1546 1173 nis
1565 1146 1677 1180 duplicis
1696 1152 1804 1174 naturae
1830 1149 1882 1174 395
1902 1149 1935 1174 34
1955 1163 1989 1167 -
2008 1150 2056 1175 Per
2076 1150 2147 1175 unio-

1504 1199 1564 1218 nem
1584 1193 1698 1225 duplicis
1718 1197 1825 1218 naturae
1844 1193 1914 1219 Deus
1933 1201 1980 1219 nos
1999 1194 2145 1225 osculatur,

1504 1243 1529 1263 et
1549 1244 1596 1263 005
1617 1238 1699 1263 Deum
1720 1237 1783 1264 ibid.

1557 1297 1591 1300 —
1612 1284 1639 1308 ln
1660 1282 1747 1308 Verbo
1762 1283 1893 1309 incarnato
1907 1284 2088 1310 consideratur
2101 1291 2146 1309 na-

1504 1330 1560 1353 tura
1580 1327 1669 1353 divina
1690 1331 1715 1353 et
1743 1329 1858 1353 hnmana
1888 1328 1920 1353 Vt
1951 1328 2002 1353 246
2024 1329 2032 1353 1
2057 1343 2092 1346 -
2112 1329 2145 1353 111-

1503 1372 1561 1397 (11111
1579 1379 1700 1402 0010010,
1720 1372 1765 1397 sed
1795 1380 1847 1398 non
1877 1373 1967 1398 transit
1993 1373 2018 1398 in
2038 1379 2144 1398 carnem

1504 1416 1555 1442 254
1576 1417 1608 1442 33
1629 1431 1664 1435 —
1683 1416 1763 1442 Verbi
1784 1417 1908 1443 incarnati
1923 1422 2033 1450 utraque
2051 1423 2143 1443 natura

1504 1465 1543 1487 est
1562 1461 1640 1486 valde
1658 1461 1779 1487 sublimis
1803 1462 1849 1487 211
1876 1463 1891 1487 5
1911 1477 1943 1480 —
1965 1463 2058 1487 Latens
2078 1462 2146 1487 Divi-

1503 1505 1570 1531 nitas
1600 1505 1678 1531 Verbi
1707 1509 1747 1531 est
1777 1506 1892 1532 medulla
1923 1507 1993 1532 cedri
2025 1506 2146 1532 sublimis

1503 1549 1566 1576 ibid.

1558 1609 1591 1613 —
1611 1595 1683 1620 carni
1704 1595 1805 1620 unitum
1832 1598 1871 1621 est
1899 1596 2020 1621 maiestas
2039 1596 2146 1621 humilis

1504 1639 1536 1664 Vl
1558 1639 1609 1664 537
1630 1640 1644 1663 3
1664 1653 1699 1658 -
1719 1640 1744 1664 10
1765 1646 1844 1665 carne
1872 1640 2017 1666 continetur
2046 1643 2072 1666 ut
2099 1641 2146 1665 im-

1504 1684 1628 1709 mensitas
1647 1683 1735 1710 brevis
1754 1683 1789 1710 ib.
1803 1684 1818 1709 4
1831 1698 1866 1703 —
1880 1691 1942 1709 vere
1961 1684 2144 1710 abbreviatum

1505 1728 1564 1760 snit,
1584 1728 1644 1761 quia
1665 1729 1762 1754 sactum
1782 1732 1822 1754 est
1835 1729 1964 1760 positIOne
1978 1728 2060 1754 breve
2073 1729 2146 1762 quod

1503 1776 1559 1798 erat
1577 1777 1671 1798 natura
1685 1773 1859 1805 productum,
1874 1773 1898 1799 in
1912 1774 2051 1806 praesepio
2065 1773 2146 1800 breve

1503 1817 1576 1850 quod
1594 1820 1649 1842 erat
1668 1816 1768 1850 ubique
1797 1818 1955 1843 immensum
1985 1818 2046 1844 ibid.
2065 1833 2101 1837 —
2119 1819 2145 1844 in

1503 1868 1582 1887 carne
1595 1862 1710 1888 nascitur
1725 1865 1751 1888 ut
1765 1863 1904 1888 aeternitas
1918 1863 2069 1895 temporalis
2082 1863 2114 1889 ib.
2129 1864 2145 1888 5

1504 1920 1539 1925 --
1558 1907 1704 1932 secundum
1728 1914 1834 1932 carnem
1855 1907 1894 1933 es't
1913 1909 2009 1933 sactum
2029 1907 2091 1933 ibid.
2110 1916 2145 1927 -’-

1505 1951 1530 1976 10
1550 1951 1726 1977 incarnatione
1754 1956 1794 1977 est
1822 1953 1918 1977 sactum
1944 1956 1969 1978 et
1988 1956 2027 1978 est
2045 1956 2145 1985 tempe·

1504 1996 1557 2021 rale
1568 1995 1628 2022 ibid.
1642 2011 1676 2015 —
1691 1997 1735 2022 Dei
1747 1996 1931 2022 abbreviatum
1942 2000 1981 2023 est
1994 1998 2019 2022 in
2030 2004 2108 2023 carne
2120 2001 2144 2023 et

1503 2040 1629 2074 amplius,
1649 2044 1771 2073 suscepta
1785 2041 1984 2067 circumcisione
2004 2042 2046 2067 Vll
2060 2042 2093 2067 54
2112 2042 2144 2067 45

1558 2099 1591 2103 —-
1612 2086 1659 2110 Per
1678 2085 1796 2111 Verbum
1812 2086 1954 2111 increatum
1965 2087 2043 2112 ‘Pater
2056 2087 2144 2112 omnia

1504 2129 1576 2161 iecit,
1596 2132 1622 2155 et
1645 2137 1693 2161 per
1721 2130 1839 2156 Verbum
1869 2131 2030 2156 incarnatum
2057 2132 2143 2157 omnia

1503 2174 1593 2200 refecit
1614 2175 1656 2200 Vll
1677 2175 1726 2201 139
1750 2175 1781 2200 17
1800 2189 1836 2194 -
1856 2176 1881 2201 10
1904 2175 1990 2201 Verbo
2009 2176 2143 2201 incarnato

1503 2223 1685 2245 consummata
1705 2223 1744 2245 est
1767 2220 1886 2245 omnium
1913 2221 2097 2252 mysteriorum
2118 2222 2143 2246 fi-

1503 2271 1568 2295 gura
1589 2267 1614 2290 et
1633 2264 1776 2290 verborum
1806 2265 1919 2291 varietas
1939 2265 1989 2290 516
2011 2265 2043 2290 44
2063 2280 2098 2283 —
2118 2267 2144 2291 ln

1503 2309 1557 2334 solo
1578 2308 1667 2334 Verbo
1687 2309 1821 2334 incarnato
1840 2311 1910 2335 salus
1929 2314 1968 2335 est
1986 2324 2021 2328 —
2042 2311 2074 2335 28
2094 2310 2129 2335 75

1556 2367 1590 2372 -—
1602 2354 1628 2378 ln
1639 2353 1729 2379 verbis
1739 2353 1815 2379 bonis
1825 2354 1899 2380 adest
1913 2354 2023 2386 Spiritus
2036 2359 2142 2380 sauctus

1504 2400 1628 2430 tanquam
1643 2398 1718 2430 origo
1733 2399 1773 2423 Vll
1789 2399 1840 2424 592
1860 2399 1889 2423 19
1903 2412 1938 2417 -
1948 2400 1968 2424 Α
1980 2398 2068 2424 verbis
2078 2399 2142 2424 indi-

1503 2442 1593 2468 scretis
1621 2446 1647 2468 01
1675 2442 1878 2474 cogitationibus
1906 2443 2019 2474 Spiritus
2037 2448 2143 2469 sanctus

1504 2487 1570 2518 rugit
1589 2486 1651 2513 ibid.
1670 2501 1704 2506 —
1725 2487 1894 2513 indiscretum
1923 2493 1974 2512 non
2002 2488 2143 2519 suscipitur

1502 2532 1549 2557 381
1575 2531 1608 2556 67
1627 2546 1662 2550 ——
1683 2532 1764 2557 l‘arva
1782 2532 1847 2557 tides
1866 2535 1905 2557 est
1924 2531 2073 2558 adhibenda
2089 2539 2145 2557 ver-

1503 2575 1543 2602 bis
1563 2577 1639 2601 V160
1660 2583 1686 2602 v.
1700 2577 1734 2601 22
1746 2580 1782 2594 ’-
1796 2577 1822 2601 ln
1842 2577 1936 2601 nostris
1954 2575 2044 2602 verbis
2059 2583 2141 2608 pauca

1502 2621 1633 2646 invenitur
1652 2621 1750 2646 veritas
1769 2621 1802 2646 53
1823 2628 1850 2646 v.
1872 2622 1897 2645 11

1555 2680 1591 2685 -
1609 2666 1734 2698 importat
1753 2669 1857 2697 tempus
1877 2666 1908 2691 Vt
1931 2666 1980 2691 247
2001 2666 2017 2691 7

1556 2710 1670 2736 Ventus
1689 2724 1723 2729 —-
1742 2710 1847 2742 respicit
1866 2710 2023 2736 intellectum
2039 2711 2077 2744 ,Vt
2093 2711 2144 2736 437

1502 2754 1518 2780 7
1534 2769 1566 2773 ——
1580 2755 1797 2788 Unumquodque
1810 2755 1877 2780 sicut
1896 2762 1924 2780 se
1938 2754 2016 2780 habet
2029 2755 2062 2780 ad
2076 2762 2142 2787 0550,

1502 2799 1540 2825 5ὶο
1558 2806 1587 2825 50
1606 2798 1686 2824 habet
1710 2799 1744 2825 ad
1772 2799 1908 2825 veritatem
1942 2799 1989 2825 155
2009 2807 2036 2824 v.
2059 2800 2089 2825 17
2109 2814 2144 2818 -

1503 2844 1602 2869 Verum
1623 2844 1732 2876 dicitur,
1758 2848 1803 2869 aut
1827 2844 1974 2869 secundum
1994 2844 2066 2877 qued
2086 2851 2145 2869 con—

1502 2888 1612 2913 vertitur
1630 2889 1690 2914 cum
1711 2891 1783 2918 ente,
1803 2891 1847 2913 aut
1860 2889 2007 2922 secundun)
2021 2889 2094 2921 quod
2110 2889 2144 2913 ul·

1503 2935 1541 2957 tra
1560 2932 1693 2957 entitatem
1721 2932 1795 2958 addit
1821 2932 1941 2958 ordinem
1962 2932 1996 2957 ad
2015 2933 2143 2963 operatio-

1502 2979 1606 3001 nemet
1624 2976 1718 3008 finem,
1747 2979 1791 3001 aut
1810 2976 1956 3001 secundum
1977 2976 2050 3008 quod
2069 2976 2141 3001 addit

1502 3027 1582 3052 supra
1602 3027 1660 3045 esse
1688 3020 1925 3052 impermixtionem
1955 3020 1988 3045 ad
2009 3027 2060 3045 non
2086 3027 2143 3045 esse

1502 3064 1518 3089 '7
1537 3072 1563 3097 q.
1584 3065 1599 3090 2
1618 3078 1654 3082 -
1673 3064 1771 3089 Verum
1787 3067 1824 3089 est
1839 3064 1863 3089 id
1878 3064 1950 3096 quod
1969 3067 2009 3089 est
2027 3064 2068 3089 Vll
2091 3063 2140 3089 409

1505 3108 1535 3133 19
1555 3121 1590 3127 ——
1609 3111 1647 3133 051
1666 3108 1738 3133 velut
1761 3108 1892 3140 quaedam
1921 3108 2087 3133 consonantia
2109 3108 2142 3132 Vt

1502 3152 1536 3177 95
1555 3159 1582 3177 v.
1600 3152 1616 3176 7

1555 3211 1590 3214 —
1609 3196 1647 3221 De
1666 3203 1730 3222 vero
1758 3199 1797 3221 est
1824 3196 1929 3221 seientia
1959 3202 2006 3227 per
2024 3203 2052 3221 50
2073 3196 2104 3221 Vl
2124 3196 2141 3221 7

1501 3248 1527 3273 q.
1548 3241 1563 3266 2
1582 3254 1617 3259 -
1637 3240 1687 3272 Qui
1716 3240 1851 3272 cognoscit
1879 3240 2006 3271 principia
2030 3247 2091 3265 vera
2117 3245 2142 3265 et

1503 3285 1564 3310 salsa
1593 3285 1730 3316 cognoscit
1758 3283 1819 3310 ibid.
1847 3298 1882 3303 —
1911 3285 1979 3309 Vera
2004 3284 2140 3315 dicuntur,

1501 3335 1570 3361 quae
1589 3328 1712 3354 dicuntur
1731 3335 1779 3360 per
1792 3328 1994 3360 proprietatem,
2008 3328 2049 3352 vel
2063 3328 2141 3352 etiam

146 3372 210 3400 ibid.
229 3388 264 3392 —-
283 3373 332 3406 Qui
352 3373 415 3399 emit
441 3372 552 3399 verbum
572 3373 618 3398 Dci
638 3372 786 3404 credendo,
824 3386 859 3391 —
879 3375 918 3398 est
937 3373 1095 3405 principium
1109 3374 1242 3400 sufficiens
1255 3375 1288 3400 ad
1302 3374 1389 3399 omnia
1404 3380 1465 3405 pro·
1481 3365 1485 3398 i
1501 3379 1570 3405 quae
1588 3372 1711 3398 dicuntur
1730 3379 1777 3412 per
1796 3372 1990 3397 similitudinem
2014 3371 2063 3396 448
2087 3372 2118 3397 13
