2427 3872
310 262 375 296 844

590 305 652 329 suit

360 352 459 376 Sumrrs
479 363 511 367 —
532 348 669 374 necessarii
697 350 758 372 sunt
786 346 944 372 sufficientes

306 398 414 420 conatus
442 393 549 423 mentis,
576 391 674 425 quibus
701 391 760 423 quis
788 393 943 421 cooperatur

305 439 403 471 gratiae
427 437 520 463 Christi
540 436 582 461 Vll
607 434 658 460 377
678 435 710 460 58
730 449 765 452 -
784 434 942 459 sufficientes

305 483 338 508 ad
356 481 542 514 perficiendum
556 479 699 505 consistunt
712 479 739 503 in
751 477 885 510 proposito
898 484 942 502 vo-

305 526 408 552 luntatis
426 525 526 557 agentis
547 523 609 549 ibid.

357 572 490 596 Summus
508 582 543 588 --
563 568 654 594 habuit
672 567 773 599 prolem
788 573 836 598 per
849 565 940 591 merita

304 616 393 646 Elisei,
412 621 491 647 quem
512 613 624 644 hospitio
649 611 762 643 recepit,
787 617 848 636 cum
874 612 941 635 esset

303 659 395 686 sterilis
414 659 456 684 Vll
483 657 533 683 475
553 658 567 682 9
588 670 623 675 —
642 656 702 681 eius
724 655 791 680 filius
817 661 831 679 a
857 657 941 679 morte

304 705 442 730 suscitatus
460 705 499 728 est
518 709 565 734 per
585 698 779 726 Eliseum‘ibid.

358 749 438 774 Sarna
456 759 492 766 —-
511 747 538 771 in
557 751 630 771 sacra
655 744 787 775 Scriptura
811 742 941 774 significat

304 792 483 819 auctoritatem
503 791 547 815 Vll
565 790 595 815 7l
619 789 635 814 7

357 838 596 862 Supnnxnuxnmm
615 846 651 852 --
668 832 742 865 Quod
757 838 805 863 per
817 830 941 862 superab-

305 881 456 906 undantiam
488 878 582 905 dIcitur
609 877 653 902 uni
684 876 731 902 soli
759 876 881 901 convenit
907 874 940 900 Vi

304 925 337 950 73
357 932 384 958 q.
404 926 419 950 3

357 971 478 994 Surenam
500 981 535 986 —
560 970 599 993 est
624 966 785 992 inordinatus
809 963 941 996 appetitus

303 1013 490 1045 superioritatis
512 1015 538 1038 et
557 1011 696 1044 prioritatis
721 1010 764 1035 Vll
781 1009 832 1034 362
853 1008 886 1033 15
905 1022 940 1026 -—

304 1057 430 1090 Superbis
448 1064 500 1082 non
514 1057 596 1088 placet
609 1058 691 1081 status
709 1053 874 1084 humilitatis,
893 1052 940 1078 sed

302 1101 435 1134 dignitatis
449 1101 499 1126 290
514 1100 546 1126 42
559 1115 594 1118 --
607 1098 744 1131 Superbus
761 1104 866 1140 sepper
885 1097 941 1122 vult

303 1146 421 1172 obtinere
449 1145 590 1177 primatum
616 1144 661 1169 371
691 1143 718 1168 41
742 1156 778 1161 -
806 1140 941 1174 Superbus

303 1190 365 1216 nihil
385 1190 455 1215 aliud
473 1189 575 1222 quaerit
587 1194 668 1221 quam
680 1186 809 1213 dominari
829 1188 854 1211 et
868 1191 942 1217 prae-

303 1242 360 1260 esse
380 1233 440 1260 ibid.
460 1247 494 1252 —
514 1232 626 1265 Superbi
640 1231 673 1257 ab
695 1231 751 1256 aliis
771 1230 880 1262 cupiunt
898 1230 941 1254 ho-

303 1279 389 1305 norari
408 1279 460 1303 362
481 1278 513 1302 15
526 1291 561 1296 -
580 1276 693 1302 inilando
713 1274 854 1301 introducit
872 1273 942 1299 vani-

304 1326 382 1349 tatem
402 1322 499 1354 gloriae
518 1322 569 1346 3-10
591 1321 605 1346 4

359 1381 392 1385 -
412 1366 561 1398 intelligitur
575 1372 622 1397 per
640 1365 742 1390 leonem
756 1364 789 1389 Vl
804 1363 849 1388 181
868 1370 894 1387 v.
909 1362 942 1387 20

304 1425 339 1430 -
361 1414 465 1436 notatur
485 1411 511 1435 in
533 1410 665 1441 emptione
687 1409 762 1434 villae
776 1408 818 1433 Vh
837 1407 884 1432 371
909 1406 936 1431 41

304 1470 339 1475 -
358 1459 397 1481 εει
422 1455 497 1488 quasi
516 1455 598 1479 lutum
619 1453 748 1479 tumidum
774 1455 799 1477 et
818 1451 943 1483 ampullo-

305 1507 364 1525 sum
384 1500 416 1525 Vt
436 1499 487 1524 580
508 1499 532 1524 5.
553 1499 599 1523 581
623 1498 641 1523 b

358 1559 393 1562 —
412 1544 528 1576 Quatuor
547 1546 607 1568 sunt
625 1542 726 1574 species
745 1540 885 1573 superbiae
899 1540 941 1565 Vll

305 1588 356 1614 455
370 1589 402 1614 20
415 1603 449 1605 -
463 1587 574 1619 Superbi
590 1589 674 1612 mente
687 1589 713 1611 ct
728 1586 808 1611 corde
821 1585 942 1610 dicuntur

305 1634 350 1666 qui
369 1632 523 1664 superbiunt
542 1632 568 1656 in
587 1631 716 1657 intellectu
742 1637 789 1662 per
809 1636 942 1661 praesum-

306 1679 403 1704 tionem
423 1681 447 1702 et
467 1677 493 1702 in
511 1677 603 1701 affectu
618 1683 665 1707 per
686 1674 856 1700 ambitionem
876 1674 943 1699 sicut

306 1723 396 1748 lucifer
415 1726 440 1747 et
457 1722 513 1747 eius
532 1728 658 1753 sequaces
678 1721 709 1745 33
730 1720 763 1745 96

358 1780 394 1785 —
413 1766 460 1790 Via
475 1765 507 1791 ad
521 1764 672 1796 superbiam
686 1767 724 1789 est
737 1763 859 1795 cogitatio
878 1763 942 1787 exal·

308 1810 409 1836 tationis
423 1810 465 1835 Vll
486 1809 536 1834 243
551 1809 583 1833 86
597 1823 631 1827 -
645 1808 789 1840 Superbiae
803 1807 905 1833 occasio
917 1810 942 1832 et

306 1862 352 1886 per
372 1861 535 1886 consequens
559 1853 650 1878 ruinae
676 1856 760 1883 potest
785 1859 842 1877 csse
864 1851 941 1876 etiam

306 1899 405 1924 donum
425 1898 550 1923 divinitus
570 1897 659 1922 datum
680 1897 730 1921 263
751 1896 784 1920 33
803 1909 837 1914 -
851 1895 943 1928 Acqui-

306 1943 364 1967 sitio
384 1942 505 1967 scientiae
524 1944 561 1966 est
580 1940 683 1966 occasio
702 1939 841 1971 superbiae
862 1940 895 1964 Vl
911 1940 941 1964 19

305 1994 330 2011 v.
352 1986 383 2010 17
399 2000 431 2003 -
445 1985 556 2010 Mundus
570 1984 766 2016 praetendendo
782 1983 943 2009 altitudinem

306 2030 382 2061 erigit
402 2030 426 2054 in
446 2029 596 2061 superbiam
618 2029 631 2054 4
653 2029 685 2054 10

358 2089 393 2092 -
413 2073 549 2106 Superbus
569 2081 620 2098 non
638 2074 694 2099 vult
720 2072 816 2098 habere
842 2079 944 2098 consor-

305 2122 357 2144 tem
378 2119 403 2143 in
425 2119 526 2150 magnis
545 2118 578 2143 Vl
598 2118 630 2143 40
645 2125 670 2150 q.
684 2131 719 2136 —
732 2116 869 2149 Superbus
882 2124 943 2142 cum

304 2164 373 2188 nullo
393 2166 478 2194 potest
495 2163 521 2187 in
541 2169 605 2194 pace
624 2161 773 2188 cohabitare
793 2162 837 2186 Vll
856 2161 906 2187 219
928 2162 942 2186 8

305 2222 340 2226 —
360 2208 455 2239 frangit
475 2208 598 2232 unitatem
620 2207 670 2231 429
691 2207 725 2232 25

355 2266 390 2270 —-
404 2258 515 2283 magnos
533 2254 672 2276 veneratur
685 2253 710 2275 et
723 2257 821 2281 parvos
835 2250 945 2281 despicit

303 2296 336 2322 vt
357 2296 406 2321 303
433 2297 466 2321 85
491 2310 526 2313 -
551 2294 663 2326 Superbi
687 2296 879 2326 sunt-montes,
899 2294 945 2326 qui

303 2347 354 2366 non
367 2340 496 2371 recipiunt
505 2339 621 2371 pluviam
632 2338 839 2370 compunctionis
850 2337 944 2363 30412

359 2398 395 2403 -—-
414 2384 561 2409 intentionis
580 2387 618 2408 est
638 2383 661 2408 in
681 2383 824 2415 hypocritis
843 2386 869 2408 et
892 2389 945 2407 am-

305 2429 405 2454 bitiosis
424 2429 456 2454 Vl
477 2428 528 2453 546
550 2429 576 2453 11
600 2442 635 2446 ——
649 2427 760 2459 Superbi
774 2430 944 2452 excaecantur

304 2481 334 2499 ex
359 2473 473 2499 adventu
501 2472 594 2498 Christi
623 2472 674 2497 382
700 2472 733 2497 54
753 2486 786 2490 --
808 2471 944 2504 Superbus

305 2525 358 2543 non
377 2517 493 2543 ascendit
512 2524 559 2549 per
577 2517 672 2542 ostium
693 2516 718 2541 in
738 2517 878 2542 Ecclesiam
898 2517 943 2542 Dei

305 2563 355 2588 383
377 2564 392 2587 2
411 2576 445 2581 -—
464 2561 575 2594 Superbi
595 2569 645 2586 non
664 2565 793 2593 quaerunt
812 2560 942 2586 Christum

306 2608 331 2632 in
351 2607 493 2632 humilitate
513 2606 610 2635 crucis,
629 2606 675 2631 sed
695 2606 720 2630 in
734 2605 850 2637 appetitu
864 2606 944 2630 hono-

305 2651 341 2676 ris
360 2654 384 2675 et
402 2650 486 2676 laud1s
506 2650 549 2675 Vll
569 2650 620 2674 290
642 2649 674 2674 42
693 2663 728 2668 -
747 2648 861 2680 Superbi
883 2652 943 2674 sunt

306 2694 448 2720 adversarii
463 2694 555 2719 Christi
569 2696 593 2718 ct
605 2695 750 2725 sequuntur
763 2692 942 2718 antichristum

307 2738 359 2763 525
381 2738 413 2763 14

360 2796 394 2801 -
413 2782 519 2808 Vanitas
538 2780 677 2813 superbiae
700 2781 785 2807 reddit
810 2781 942 2806 hominem

306 2826 495 2852 infructuosum
515 2826 549 2851 ad
568 2825 667 2851 bonum
687 2832 755 2857 opus
775 2826 806 2851 Vt
827 2825 843 2850 5
864 2825 890 2850 11

360 2870 517 2895 —inclinat
541 2870 575 2895 ad
600 2870 727 2895 invidiam
753 2870 786 2895 Vl
812 2870 844 2894 80
863 2877 890 2902 q.
908 2883 943 2888 --

308 2914 443 2946 Superbus
475 2918 500 2940 et
530 2914 726 2946 vanegloriosus
762 2914 887 2946 gloriatur
919 2914 944 2939 in

306 2959 475 2985 ostentatione
501 2959 657 2984 exteriorum
677 2965 787 2990 operum
807 2961 832 2984 et
850 2957 945 2984 verbo-

306 3011 365 3029 rum
385 3004 428 3028 Vll
448 3003 498 3028 354
519 3003 551 3028 66
571 3017 605 3021 —
624 3003 730 3034 impellit
749 3003 782 3028 ad
796 3003 944 3028 ostentatio-

306 3055 366 3074 nem
387 3048 417 3073 Vt
438 3049 471 3073 20
491 3055 517 3072 v.
538 3048 570 3073 18
589 3061 624 3066 -
643 3048 691 3073 Per
709 3046 860 3079 superbiam
884 3047 944 3073 mali

307 3093 448 3118 exaltantur
468 3092 492 3117 in
512 3092 591 3117 corde
610 3092 661 3117 596
681 3092 696 3117 5

361 3151 396 3156 -
415 3137 440 3162 in
460 3138 589 3162 honorum
609 3136 756 3162 excellentia
776 3136 864 3168 impiis
882 3136 945 3162 nihil

309 3181 428 3218 prodest,
454 3181 534 3206 immo
561 3180 647 3211 potius
666 3184 740 3207 nocet
758 3181 792 3206 Vl
813 3180 863 3206 140
883 3188 908 3206 v.
929 3181 944 3205 8

308 3240 342 3243 —
363 3226 461 3251 Ventus
480 3224 619 3257 superbiae
638 3228 757 3250 excaecat
770 3225 859 3251 oculos
871 3225 946 3256 spiri-

308 3270 390 3295 tuales
409 3269 459 3294 579
479 3269 510 3300 5,
529 3270 544 3294 6
569 3283 599 3288 -
618 3269 761 3301 Superbiae
780 3273 818 3295 est
837 3276 946 3302 respon-

309 3315 371 3339 dere
398 3314 530 3340 iniurianti
557 3315 608 3340 578
627 3314 643 3339 7
663 3329 698 3332 -
717 3313 861 3346 Superbus,
880 3315 944 3340 dum

1170 259 1283 291 INDEX
1309 259 1436 292 RERUM

981 352 1138 371 evanescere
1157 348 1182 371 et
1200 346 1317 378 quodam
1332 346 1411 371 modo
1425 349 1495 372 extra
1509 353 1537 372 se
1550 346 1619 372 exire

981 388 1042 415 ibid.
1063 403 1096 407 ——
1115 389 1252 421 Superbus
1270 390 1404 415 evanescit
1422 391 1454 415 vt
1475 390 1489 415 4
1511 390 1543 415 10

1034 447 1067 451 —-
1088 433 1224 465 Superbus
1251 434 1306 459 vult
1334 434 1417 459 videri
1445 434 1551 459 humilis
1576 434 1618 459 Vll

980 477 1026 502 371
1051 477 1079 502 41
1104 491 1139 495 —-
1158 476 1295 509 Superbus
1313 484 1341 503 se
1360 478 1447 510 ipsum
1462 478 1580 503 humiliat
1593 478 1618 503 in

979 527 1054 551 voce,
1067 527 1128 546 eum
1142 521 1277 553 superbiat
1289 522 1316 547 in
1329 522 1409 548 corde
1421 521 1484 548 ibid.
1497 536 1531 540 —
1542 522 1619 555 Quod

979 565 1006 590 fit
1025 568 1088 597 typo
1106 565 1247 597 superbiae
1260 567 1408 599 frequenter
1427 566 1545 598 palliatur
1564 566 1618 592 zelo

978 609 1092 635 iustitiae
1111 609 1162 635 245
1182 610 1210 634 91
1229 624 1263 629 -
1277 610 1389 642 Spiritus
1408 610 1548 642 superbiae
1566 617 1619 636 non

978 653 1118 685 permittit,
1137 654 1209 686 quod
1236 655 1315 680 homo
1335 658 1439 680 accuset
1463 662 1492 680 se
1510 655 1561 680 289
1584 655 1617 680 39

978 711 1013 717 -
1033 697 1169 730 Superbus
1189 702 1228 724 est
1249 699 1294 732 qui
1318 699 1403 731 magis
1421 699 1549 731 ponderat
1567 699 1619 725 eul-

978 749 1040 774 pam
1060 742 1085 768 in
1111 743 1160 769 alio
1185 750 1266 776 quam
1286 743 1311 768 in
1336 750 1364 769 se
1384 744 1440 776 ipso
1461 744 1507 769 161
1531 744 1564 768 96
1585 757 1618 762 --

978 786 1115 819 Superbus
1133 788 1265 813 neminem
1290 790 1364 819 putat
1382 788 1508 813 humilem
1532 788 1583 813 502
1603 787 1618 813 4

978 845 1013 851 -
1033 832 1117 864 Quem
1142 831 1249 863 superbi
1263 832 1427 864 despiciunt,
1446 832 1558 858 humiles
1577 839 1619 858 co-

979 875 1103 901 mitantur
1121 876 1174 901 375
1194 876 1222 901 51

1030 934 1065 938 —
1085 920 1135 952 Qui
1154 927 1202 952 per
1220 920 1372 952 superbiam
1392 921 1469 952 erigit
1487 921 1618 946 cervicem

978 967 1067 989 contra
1087 965 1170 990 Deum
1191 964 1338 990 inimicatur
1357 965 1381 990 ei
1400 965 1444 990 Vll
1463 965 1514 990 486
1534 964 1562 990 4-1
1585 978 1619 983 -

979 1008 1140 1041 Superbiunt
1158 1012 1247 1034 contra
1276 1009 1359 1035 Deum
1384 1009 1431 1042 qui
1449 1014 1478 1034 se
1496 1009 1620 1035 extollunt

979 1060 1026 1085 per
1045 1053 1283 1085 magnificationem
1303 1053 1406 1079 virtutis
1425 1053 1548 1086 propriae
1567 1053 1618 1079 452

980 1097 1012 1123 14
1031 1111 1067 1117 —-
1086 1097 1215 1129 Superbia
1234 1098 1327 1123 elevati
1345 1098 1428 1123 Deum
1441 1097 1555 1123 oderunt
1568 1096 1618 1123 454

979 1143 1012 1167 36
1031 1156 1067 1162 -
1092 1141 1274 1174 Superborum
1299 1142 1449 1174 deprecatio
1474 1149 1618 1175 numquam

979 1187 1033 1212 Deo
1053 1187 1150 1219 placuit
1169 1187 1219 1212 282
1241 1186 1274 1211 15

1033 1245 1067 1249 —
1086 1230 1199 1263 Superbi
1223 1237 1277 1256 non
1302 1233 1429 1256 vocantur
1448 1237 1467 1256 a>
1486 1231 1554 1263 Deo,
1573 1230 1619 1256 sed

980 1275 1065 1307 magis
1089 1278 1259 1300 excaecantur
1283 1275 1325 1301 Vll
1346 1275 1396 1300 132
1416 1275 1449 1300 78
1468 1288 1505 1294 -
1524 1275 1620 1307 Super-

981 1319 1030 1345 bus
1049 1320 1115 1345 iusto
1135 1319 1180 1344 Dei
1195 1319 1290 1345 iudicio
1310 1318 1388 1345 habet
1406 1326 1451 1345 cor
1469 1320 1619 1352 dispersum

980 1365 1013 1389 33
1034 1364 1066 1389 96
1091 1377 1127 1383 -
1152 1363 1264 1396 Superbi
1292 1364 1461 1389 humiliantur
1488 1371 1503 1389 a
1531 1364 1619 1390 divina

980 1409 1076 1434 iustitia
1095 1408 1129 1434 ib.
1149 1409 1192 1434 97.
1212 1409 1263 1434 365
1284 1409 1316 1433 23
1338 1422 1370 1426 ——
1396 1409 1444 1434 Per
1467 1408 1620 1440 superbiam

980 1454 1104 1479 deorsum
1125 1455 1262 1479 trahuntur
1280 1452 1411 1479 ambitiosi
1431 1453 1464 1478 Vl
1485 1453 1536 1478 568
1556 1453 1572 1478 7

1032 1512 1067 1517 -
1087 1498 1264 1523 Periculosum
1283 1504 1390 1529 semper
1403 1497 1449 1523 suit
1461 1497 1528 1529 erigi
1541 1497 1566 1522 in
1580 1504 1621 1522 su·

980 1541 1114 1574 perbiam‚
1133 1542 1385 1573 periculosissimum
1405 1544 1464 1573 post
1488 1541 1620 1567 humilita-

980 1590 1032 1612 tem
1061 1589 1192 1611 ostensam
1219 1586 1244 1611 in
1272 1586 1374 1611 Christo
1393 1585 1435 1611 Vll
1461 1585 1508 1611 551
1533 1586 1565 1610 38
1585 1599 1621 1604 -

980 1634 1018 1657 εει
1037 1631 1174 1656 infirmitas
1193 1630 1307 1662 pessima
1327 1630 1359 1656 Vl
1379 1629 1431 1655 587
1451 1630 1466 1655 6
1479 1643 1514 1649 —-
1527 1633 1566 1655 est
1578 1630 1621 1655 de-

979 1676 1066 1701 lictum
1086 1675 1230 1701 maximum
1250 1674 1300 1699 579
1321 1675 1336 1699 6
1355 1689 1390 1692 -
1404 1674 1507 1699 Grande
1521 1675 1619 1700 malum

979 1723 1017 1745 est
1035 1723 1060 1745 et
1080 1719 1240 1745 horrendum
1260 1719 1405 1751 periculum
1420 1726 1448 1744 se
1461 1719 1582 1744 extollere
1595 1721 1621 1744 et

980 1765 1110 1796 praeferre
1129 1763 1185 1789 aliis
1205 1764 1248 1789 Vll
1268 1763 1320 1789 364
1340 1764 1373 1788 20
1393 1778 1427 1781 -
1447 1763 1569 1788 Pavenda
1582 1765 1621 1788 est

980 1809 1020 1833 vel
1040 1808 1148 1834 minima
1168 1811 1266 1833 temere
1285 1810 1435 1839 praesumta
1449 1807 1544 1833 erectio
1558 1806 1620 1833 ibid.

1032 1867 1066 1870 —
1085 1851 1165 1878 Cibus
1184 1851 1323 1884 superbiae
1339 1855 1377 1877 est
1390 1851 1466 1878 cibus
1479 1852 1572 1883 culpae
1585 1851 1619 1876 Vl

980 1897 1030 1922 556
1052 1897 1061 1921 1
1086 1910 1121 1915 -
1140 1897 1277 1921 Damnatio
1296 1899 1383 1921 ortum
1397 1895 1489 1921 habuit
1502 1902 1516 1920 a
1531 1902 1620 1927 super-

981 1940 1023 1966 bia
1044 1940 1094 1965 429
1115 1941 1148 1966 25
1167 1954 1203 1959 -
1222 1947 1251 1966 ex
1272 1943 1346 1972 parte
1366 1939 1500 1966 irascibilis
1519 1943 1559 1965 est
1578 1940 1621 1965 ini-

981 1985 1046 2010 tium
1070 1984 1189 2010 omnium
1216 1988 1384 2016 peccatorum
1411 1985 1461 2010 203
1487 1992 1513 2010 v.
1532 1984 1567 2009 27
1585 1998 1620 2003 -

980 2032 1019 2055 εει
1038 2036 1109 2054 mors
1128 2030 1221 2061 culpae
1241 2029 1291 2055 588
1311 2030 1327 2054 5

1035 2088 1068 2092 —
1088 2074 1132 2099 dat
1152 2074 1267 2099 animam
1295 2074 1320 2098 in
1345 2073 1498 2099 servitutem
1524 2073 1620 2099 diaboli

982 2119 1023 2143 Vll
1043 2118 1089 2143 371
1116 2118 1143 2143 41
1168 2132 1203 2137 -
1223 2118 1359 2150 Superbus
1384 2121 1423 2143 est
1448 2118 1561 2143 imitator
1586 2118 1621 2143 lu-

981 2162 1053 2188 ciferi
1072 2162 1124 2187 365
1144 2163 1177 2188 22
1198 2176 1230 2180 -
1252 2162 1323 2193 facit,
1342 2162 1415 2195 quod
1433 2161 1553 2187 diabolus
1565 2168 1620 2187 ma-

982 2214 1045 2232 num
1065 2207 1186 2232 extendat
1203 2207 1230 2232 in
1250 2207 1383 2232 hominem
1404 2206 1455 2232 240
1474 2206 1509 2231 76
1530 2220 1562 2225 ——
1576 2207 1622 2232 Su-

982 2250 1058 2283 perbi
1077 2254 1103 2276 ut
1123 2251 1265 2276 imitatores
1284 2250 1381 2276 diaboli
1400 2251 1568 2282 confringunt
1586 2251 1621 2276 iu-

983 2303 1046 2327 gum
1066 2299 1091 2321 et
1110 2296 1233 2327 frangunt
1250 2295 1353 2320 vincula
1373 2295 1523 2321 divinorum
1549 2302 1622 2327 prae-

982 2343 1119 2371 ceptorum
1147 2340 1198 2365 203
1228 2340 1261 2365 53
1281 2353 1316 2359 —-
1335 2339 1449 2371 Superbi
1474 2347 1487 2365 a
1516 2339 1622 2365 diabolo

981 2387 1041 2410 sunt
1059 2384 1168 2410 vinculis
1187 2384 1329 2416 compediti
1347 2383 1410 2410 ibid.

1033 2444 1069 2447 —
1089 2428 1216 2461 Superbis
1235 2429 1334 2461 angelis
1357 2436 1409 2454 non
1434 2429 1550 2461 pepercit
1575 2429 1623 2454 Do-

981 2473 1068 2499 minus
1089 2474 1130 2499 Vll
1150 2474 1200 2499 262
1222 2474 1250 2499 31

1033 2531 1070 2537 -
1089 2518 1187 2543 Vitium
1205 2517 1345 2550 superbiae
1358 2517 1500 2543 detestatur
1514 2518 1556 2543 Vll
1571 2518 1615 2543 161

981 2561 1015 2587 94
1034 2576 1069 2581 -
1087 2562 1205 2588 cavenda
1224 2565 1263 2588 est
1283 2562 1333 2587 457
1353 2562 1387 2587 25
1404 2576 1439 2580 -
1453 2561 1532 2588 debet
1544 2562 1621 2588 deiici

981 2605 1043 2632 ibid.
1061 2620 1096 2625 —
1116 2607 1212 2632 Vinum
1231 2606 1372 2638 superbiae
1391 2610 1429 2631 est
1445 2605 1621 2631 abominabile

981 2650 1014 2675 Vl
1033 2650 1084 2675 547
1105 2651 1119 2675 3
1139 2664 1174 2669 -
1192 2650 1359 2682 reprimenda
1383 2653 1423 2676 est
1442 2651 1484 2675 Vll
1510 2651 1561 2676 262
1587 2651 1615 2676 31

980 2708 1015 2712 -
1034 2694 1107 2726 Aqua
1127 2693 1267 2725 superbiae
1285 2698 1324 2719 est
1343 2695 1466 2726 fugienda
1481 2694 1514 2720 Vl
1532 2695 1583 2720 626
1604 2695 1618 2720 2

1036 2752 1069 2756 -
1088 2738 1200 2770 Superbi
1225 2739 1390 2764 consulantur
1415 2745 1430 2763 a
1454 2738 1556 2764 Christo
1577 2739 1619 2764 Vll

984 2781 1033 2807 134
1052 2782 1087 2807 75

1033 2840 1069 2845 -
1088 2826 1108 2852 Α
1128 2825 1252 2857 superbia
1271 2825 1363 2852 liberat
1380 2827 1553 2852 consideratio
1572 2827 1620 2852 hu-

982 2870 1096 2896 militatis
1114 2869 1208 2896 Christi
1228 2870 1252 2895 in
1272 2870 1450 2896 incarnatione
1470 2871 1500 2896 Vt
1521 2871 1618 2896 30183

983 2915 1037 2948 (82)
1057 2929 1092 2933 —-
1111 2914 1228 2941 Christus
1246 2915 1272 2940 in
1291 2922 1369 2941 cruce
1388 2918 1466 2947 caput
1488 2915 1619 2941 inclinavit

982 2962 1071 2985 contra
1091 2958 1242 2991 superbiam
1263 2959 1314 2983 6l8
1335 2959 1349 2984 3
1369 2973 1403 2978 -
1417 2959 1561 2991 Superbiae
1575 2966 1620 2992 op-

983 3004 1087 3036 ponitur
1107 3003 1230 3035 propriae
1249 3003 1389 3029 voluntatis
1408 3003 1518 3030 abiectio
1538 3004 1589 3030 584
1604 3004 1619 3029 3

981 3062 1016 3068 --
1034 3050 1140 3073 curatur
1153 3047 1360 3073 consideratione
1373 3048 1477 3074 vilitatis
1490 3049 1620 3074 humanae

981 3092 1137 3118 conditionis
1156 3091 1207 3117 580
1226 3092 1242 3118 7

1035 3151 1070 3156 —
1090 3135 1234 3169 Superbiae
1252 3136 1365 3162 daemon
1384 3137 1486 3163 elicitur
1505 3144 1552 3169 per
1565 3144 1620 3163 ora-

982 3182 1079 3208 tionem
1100 3181 1142 3207 Vll
1168 3181 1219 3206 289
1245 3181 1278 3206 39
1297 3196 1331 3199 -
1351 3180 1495 3214 Superbiae
1520 3182 1620 3207 curatio

982 3226 1133 3258 intelligitur
1163 3232 1210 3257 per
1241 3225 1410 3251 daemonium
1440 3226 1577 3258 expulsum
1605 3233 1620 3252 a

982 3270 1083 3297 Christo
1104 3271 1136 3295 Vl
1156 3269 1207 3295 587
1226 3269 1243 3294 7

1035 3329 1069 3333 —
1089 3315 1190 3347 Quanto
1209 3320 1301 3339 sumus
1320 3320 1333 3339 a
1354 3317 1457 3340 tumore
1481 3313 1621 3347 superbiae

309 3359 365 3384 vult
383 3366 439 3384 esse
458 3359 581 3385 dommus
600 3359 753 3390 hominum,
772 3359 882 3384 efficitur
894 3365 945 3384 ser·
983 3359 1127 3389 inaniores,
1156 3361 1226 3384 tanto
1255 3357 1384 3390 pleniores
1412 3358 1549 3384 dilectione
1578 3359 1621 3384 Vll

310 3409 359 3428 vus
380 3403 499 3428 vitiorum
519 3403 562 3428 Vll
581 3403 626 3429 371
646 3403 674 3428 41
692 3417 726 3422 -
740 3403 798 3429 facit
811 3403 944 3429 hominem
983 3403 1033 3429 244
1054 3403 1087 3428 89

1954 305 2012 331 SUS

1711 347 1914 373 Sureacnoonto
1933 361 1968 367 -
1986 349 2012 373 ln
2032 349 2074 374 via
2088 348 2297 380 supererogatio-

1657 397 1720 416 num
1739 394 1885 423 sequuntur
1903 390 2036 417 Christum
2055 392 2172 424 virgines
2190 399 2237 424 per
2255 396 2296 418 ex-

1657 434 1801 459 cellentiam
1821 434 1953 466 puritatis,
1972 435 2089 467 Apostoli
2107 443 2155 468 per
2173 436 2297 461 excellen-

1658 477 1719 502 tiam
1740 477 1890 510 probitatis,
1911 479 2036 511 Martyres
2061 486 2108 511 per
2125 480 2296 506 imitationem

1657 521 1787 552 passionis
1806 522 1838 547 Vl
1859 522 1911 548 584
1931 522 1946 548 4
1965 536 2000 542 —-
2019 523 2126 550 Persecti
2150 526 2297 556 sequuntur

1657 565 1788 591 Christum
1819 572 1866 598 per
1897 567 1996 593 excelsa
2032 567 2297 599 supet-erogationum

1656 609 1732 642 quasi
1751 616 1798 641 per
1817 610 2005 643 compendium
2025 611 2101 637 5831
2120 625 2154 630 -
2166 612 2215 637 Ρει·
2227 617 2297 637 com-

1657 653 1783 685 pendium
1812 655 2075 687 supererogationum
2103 655 2138 681 ad
2164 655 2296 682 Christum

1656 697 1760 723 venitur
1781 697 1833 723 563
1853 699 1869 724 5

1710 742 1875 768 Supanrtuou
1895 757 1928 761 —
1947 743 2042 775 duplex
2061 745 2100 769 est
2119 743 2161 769 Vll
2180 743 2215 769 76
2235 743 2268 769 27

1709 799 1745 805 -
1765 787 1790 812 1ιι
1810 787 1944 818 superflua
1962 787 2088 813 effusione
2106 790 2146 813 est
2158 789 2296 819 peceatum

1656 829 1691 855 VI
1710 830 1762 856 503
1782 831 1814 855 68
1834 837 1891 863 arg.
1916 845 1951 849 —
1975 838 2055 857 omne
2079 834 2118 857 est
2142 831 2296 858 evitandum

1657 874 1708 899 322
1729 875 1762 899 23
1782 881 1838 906 arg.

1711 932 1744 936 —
1763 921 1933 950 amputantur
1957 920 1999 945 vel
2027 926 2074 952 per
2099 922 2297 952 paupertatem,

1656 962 1698 987 vel
1718 969 1765 994 per
1783 963 1966 995 eleemosynae
1984 964 2164 995 largitionem,
2183 964 2225 989 vel
2249 970 2298 996 per

1656 1005 1835 1032 sollicitudinis
1853 1006 2025 1033 abiectionem
2046 1008 2078 1034 vt
2098 1007 2150 1033 553
2168 1007 2186 1033 7
2205 1021 2240 1027 -
2252 1008 2298 1034 do-

1656 1050 1774 1076 nandum
1785 1054 1823 1076 est
1833 1052 1875 1077 cui
1885 1054 1924 1077 est
1933 1052 2109 1078 necessarium
2117 1052 2160 1078 Vll
2167 1051 2202 1077 75
2212 1051 2255 1084 24,
2262 1052 2296 1078 25

1708 1107 1745 1113 -
1754 1095 1926 1126 superfluitas
1936 1096 2120 1128 temporalium
2131 1096 2233 1128 ineptos
2240 1095 2298 1122 red-

1656 1137 1694 1163 dit
1712 1145 1761 1164 nos
1779 1139 1813 1164 ad
1832 1139 1994 1171 vigilandum
2014 1140 2082 1165 circa
2101 1140 2219 1166 studium
2231 1140 2299 1166 vcri-

1656 1182 1729 1215 tatis,
1748 1183 1898 1209 exercitium
1918 1184 2022 1210 virtutis
2040 1187 2066 1210 et
2084 1191 2219 1210 excessum
2236 1191 2297 1210 con-

1656 1227 1832 1258 templationis
1850 1228 1893 1254 Vll
1913 1228 1964 1254 538
1985 1228 2018 1253 55

1711 1271 1904 1297 Surssnscntprto
1922 1286 1958 1290 —
1976 1272 2004 1297 in
2016 1272 2104 1298 anima
2117 1279 2225 1298 morum·
2235 1279 2299 1306 qua-

1656 1315 1739 1340 litates
1757 1315 1887 1347 significat
1906 1316 1948 1342 Vll
1967 1316 2013 1342 511
2038 1317 2072 1342 30
2091 1331 2126 1335 —-
2144 1320 2184 1342 est
2202 1316 2298 1349 duplex

1657 1358 1718 1384 ibid.
1736 1373 1772 1378 —
1791 1360 1946 1386 terrenitatis
1959 1363 1998 1386 est
2010 1361 2037 1386 in
2051 1360 2192 1386 mundanis
2205 1361 2298 1386 menti-

1658 1402 1708 1428 bus
1726 1402 1787 1429 ibid.
1808 1418 1842 1422 —-
1856 1404 1989 1436 specificat
2001 1411 2155 1437 personam,
2170 1405 2203 1431 ad
2216 1412 2298 1438 quam

1657 1454 1700 1473 res
1719 1448 1830 1479 pertinet
1848 1447 1883 1474 ib.
1900 1448 1929 1473 31
1953 1462 1989 1468 -
2006 1449 2119 1481 exigitur
2137 1452 2190 1475 tam
2209 1455 2225 1474 a
2244 1449 2298 1475 Deo

1657 1498 1739 1525 quam
1758 1499 1771 1517 a
1791 1492 1902 1518 Caesare
1921 1491 1983 1519 ibid.

1711 1538 1859 1562 Surructuu
1879 1551 1913 1555 —
1937 1537 2131 1569 Suppliciorum
2156 1538 2299 1563 commina-

1658 1580 1740 1606 tiones
1763 1584 1876 1614 quatuor
1895 1581 1938 1607 Vll
1958 1581 2004 1607 151
2029 1582 2077 1614 58,
2097 1582 2130 1607 59
2151 1595 2186 1601 --
2205 1589 2297 1614 corpo-

1658 1625 1710 1650 rale
1729 1632 1783 1651 non
1801 1628 1840 1651 est
1858 1626 2019 1657 timendum,
2038 1632 2086 1652 nec
2105 1627 2146 1652 ille
2163 1626 2209 1659 qui
2222 1627 2300 1653 insert

1659 1669 1710 1695 312
1730 1670 1745 1694 8
1765 1683 1800 1689 -
1818 1670 1952 1702 spirituale
1971 1673 2010 1696 est
2028 1671 2140 1697 maxime
2159 1671 2299 1697 formidan-

1659 1714 1732 1744 dum,
1751 1717 1777 1739 et
1794 1714 1866 1739 solus
1886 1714 1925 1740 ille
1938 1714 1983 1747 qui
1997 1714 2072 1740 infert
2085 1715 2173 1747 ipsum
2186 1714 2249 1741 ibid.
2262 1729 2298 1735 —

1658 1758 1852 1790 suppliciorum
1872 1762 1932 1784 sunt
1950 1759 2091 1791 participes
2115 1759 2162 1792 qui
2187 1759 2299 1786 imitato-

1659 1809 1700 1828 res
1720 1803 1824 1828 fuerunt
1843 1803 1972 1828 scelerum
1991 1803 2136 1829 alienorum
2156 1803 2208 1829 424
2228 1803 2261 1829 58

1710 1860 1744 1865 --
1757 1846 1935 1872 Consideratio
1948 1847 2068 1879 supplicii
2081 1851 2189 1874 revocat
2201 1855 2216 1873 a
2229 1848 2298 1875 maio

1658 1890 1691 1915 Vl
1712 1891 1744 1916 88
1764 1898 1791 1916 v.
1811 1892 1835 1921 i,
1855 1891 1889 1916 90
1908 1898 1935 1917 v.
1956 1892 1970 1916 8

1711 1936 1837 1961 Sotimus
1856 1949 1890 1954 —
1909 1935 2028 1968 designat
2050 1935 2253 1963 obdurationem
2272 1937 2298 1963 in

1658 1979 1827 2010 perdurando
1846 1980 1890 2005 Vll
1910 1980 1959 2005 ·l77
1980 1980 2012 2005 46

1712 2024 1828 2049 Scaeam-3
1846 2037 1882 2043 —
1906 2028 1945 2050 est
1972 2025 2089 2057 operatio
2117 2026 2230 2052 viventis
2255 2026 2299 2052 Vll

1659 2069 1711 2093 215
1737 2068 1771 2093 94
1796 2082 1832 2087 -
1856 2070 1904 2094 Ρει·
1931 2070 2120 2096 surrectionem
2147 2070 2298 2103 intelligitur

1658 2112 1758 2144 peccati
1779 2112 1892 2139 desertio
1911 2114 1999 2146 quoad
2019 2115 2139 2146 culpam,
2164 2115 2297 2148 sequelam

1658 2159 1684 2182 et
1702 2157 1866 2182 occasionem
1886 2158 1937 2183 394
1958 2158 1991 2183 32

1712 2201 1824 2227 Susxuux
1844 2216 1878 2220 —
1897 2202 1944 2228 fuit
1961 2206 2050 2228 curata
2064 2210 2078 2229 a
2092 2203 2193 2230 Christo
2206 2208 2231 2230 et
2244 2207 2300 2230 erat

1660 2246 1686 2271 in
1704 2252 1753 2271 suo
1771 2246 1894 2272 comitatu
1916 2247 1955 2272 Vll
1976 2247 2027 2272 189
2048 2247 2063 2273 4
2082 2262 2117 2266 —-
2130 2248 2241 2274 Historia
2254 2248 2299 2274 Su>-

1659 2297 1757 2316 sannae
1776 2290 1870 2316 dicitur
1889 2291 2005 2317 immixta
2024 2292 2122 2318 Danieli
2143 2293 2174 2318 vt
2194 2292 2245 2319 355
2266 2293 2299 2319 13

1714 2335 1857 2360 ΞυεοιτΑτιο
1875 2349 1910 2353 —
1928 2335 2045 2361 Christus
2069 2336 2205 2362 suscitavit
2229 2343 2300 2362 mor·

1660 2383 1719 2405 tuos
1737 2379 1764 2405 in
1783 2386 1894 2411 corpore
1912 2382 1938 2405 et
1955 2380 2062 2406 suscitat
2079 2384 2196 2407 mortuos
2208 2381 2235 2407 in
2247 2382 2300 2407 ani-

1661 2430 1703 2449 ma
1724 2424 1755 2450 Vl
1782 2424 1832 2449 309
1857 2424 1890 2449 40
1909 2437 1944 2443 -
1962 2425 2163 2451 Homines‘non
2187 2429 2299 2458 possunt

1660 2472 1778 2494 mortuos
1796 2469 1922 2494 suscitare
1942 2469 1983 2494 Vll
2003 2470 2055 2495 215
2075 2470 2108 2495 92
2128 2484 2162 2489 ——-
2181 2473 2299 2504 mortuo-

1659 2520 1718 2539 rum
1738 2516 1777 2539 est
1795 2520 1864 2545 opus
1882 2513 2086 2545 omnipotentiae
2105 2514 2138 2540 Vl
2158 2515 2209 2540 309
2229 2515 2261 2541 39

1711 2572 1746 2578 --
1765 2559 1867 2590 puellae
1886 2557 2012 2590 probatur
2025 2559 2239 2591 manducatione,
2252 2560 2299 2586 La·

1657 2603 1710 2629 zari
1723 2602 1913 2634 ambulatione,
1927 2603 2099 2629 adolescentis
2111 2603 2240 2630 locutione
2253 2604 2298 2631 Vll

1659 2648 1705 2673 171
1730 2648 1763 2673 27

1711 2706 1744 2710 -
1763 2692 1790 2717 1η
1815 2692 1982 2718 suscitatione
2005 2692 2072 2717 filiae
2097 2692 2298 2725 archisynagogi

1657 2736 1810 2768 designatur
1827 2736 1959 2762 suscitatio
1978 2736 2123 2768 peccatoris
2142 2736 2185 2762 Vll
2199 2737 2249 2763 214
2263 2737 2292 2763 91

1659 2794 1692 2799 -
1711 2781 1738 2805 ln
1756 2780 1921 2806 suscitatione
1940 2780 2085 2813 peccatoris
2104 2787 2119 2806 a
2137 2784 2221 2807 morte
2238 2788 2299 2808 con-

1657 2828 1765 2850 currunt
1784 2824 1893 2850 virtutes
1912 2825 1988 2856 fidei,
2001 2825 2058 2857 spei
2071 2828 2096 2850 et
2108 2825 2222 2851 caritatis
2234 2824 2297 2852 ibid.

1710 2870 1883 2895 SUSTENTATlo
1902 2883 1936 2888 —
1955 2872 1995 2895 est
2013 2876 2106 2901 causa,
2131 2876 2214 2903 quare
2238 2870 2298 2903 quis

1657 2913 1698 2938 alii
1718 2912 1796 2938 debet
1815 2913 1915 2938 servire
1934 2913 1966 2939 Vl
1987 2913 2037 2940 576
2058 2914 2073 2938 8

1710 2958 1848 2983 SusTtNEnE
1866 2971 1902 2976 —
1920 2958 2006 2983 Grave
2025 2961 2064 2984 est
2087 2958 2199 2990 sapienti
2223 2958 2298 2984 susti-

1657 3009 1718 3028 nere
1737 3002 1808 3028 illudi
1825 3009 1838 3027 a
1854 3001 1939 3028 minus
1951 3002 2063 3034 sciente,
2076 3003 2185 3034 gravius
2197 3003 2296 3035 potenti

1657 3054 1672 3072 a
1686 3047 1774 3073 minus
1787 3049 1906 3079 potente,
1920 3046 2106 3078 gravissimum
2126 3046 2299 3074 benefacienti

1657 3091 1691 3118 ab
1707 3098 1793 3124 egeno
1806 3091 1862 3117 eius
1874 3090 2031 3116 beneficium
2044 3091 2186 3123 recipiente
2199 3092 2231 3118 vt
2244 3092 2296 3117 616

1657 3137 1673 3162 2
1692 3150 1728 3154 -·
1747 3134 1904 3161 Sustinendo
1924 3136 2022 3161 malum
2048 3135 2098 3161 itur
2124 3135 2158 3161 ad
2183 3142 2295 3168 regnum

1658 3181 1708 3206 606
1729 3187 1754 3205 v.
1773 3179 1789 3205 7
1815 3194 1850 3198 —
1876 3179 2048 3205 Sustinendae
2074 3183 2135 3209 sunt
2162 3180 2298 3211 passiones

1657 3225 1777 3257 exemplo
1796 3224 1890 3250 Christi
1909 3224 1941 3249 Vt
1962 3224 2012 3249 619
2032 3231 2060 3250 ν.
2072 3225 2087 3250 2
2101 3225 2126 3250 2.
2139 3223 2183 3249 Vll
2197 3224 2247 3250 350
2262 3223 2295 3250 49

1659 3284 1692 3288 -
1717 3269 1877 3295 Sustinentes
1903 3267 2083 3295 beatificantur
2108 3268 2134 3294 in
2162 3268 2297 3301 Scriptura

1658 3314 1701 3340 Vll
1721 3313 1755 3339 30
1775 3313 1808 3339 84

1712 3358 1855 3384 sust-amun
1874 3372 1908 3378 —
1926 3357 2002 3384 verbi
2021 3358 2104 3384 dolosi
2122 3357 2198 3384 valde
2211 3357 2296 3383 vitan-

1658 3403 1722 3429 dum
1741 3405 1780 3428 est
1799 3402 1841 3428 Vll
1862 3402 1912 3428 475
1933 3403 1964 3428 10
