2427 3872
386 232 452 259 CHR
473 231 529 265 (24)

134 278 261 311 magister
273 280 299 304 et
311 277 389 304 iudex
403 277 455 303 468
468 277 511 302 53.
525 275 576 303 487
597 276 629 302 42
643 291 678 295 --
691 283 778 302 ascen·

136 323 175 350 dit
195 320 394 355 lerosolymam,
413 325 456 353 ut,
476 321 503 347 in
516 328 595 348 eruce
614 321 728 354 patiens,
740 327 778 347 re-

137 374 220 400 gnum
239 366 357 398 virtutis,
381 366 558 395 sacerdotium
583 366 726 392 sanctitatis
753 368 779 391 et

137 413 224 445 legem
253 411 342 438 iudicii
370 414 396 437 et
414 410 531 437 veritatis
555 410 678 443 gentibus
705 410 780 436 daret

137 457 188 483 468
208 457 242 482 53
261 470 297 476 -
316 463 411 489 passus
429 451 469 482 est
481 458 552 482 extra
573 455 712 481 ierusalem
728 454 779 480 355

137 501 181 527 69.
201 500 252 527 507
267 501 310 527 20.
330 500 381 526 576
401 500 435 526 39
454 515 490 519 -
507 503 631 533 tanquam
645 499 780 525 maleficus

137 548 209 571 extra
228 547 332 578 portam
350 544 447 577 patitur
468 545 500 570 Vl
526 544 578 570 495
598 544 641 570 28.
660 544 704 570 Vll
728 543 779 572 576

137 590 171 616 39
185 604 221 610 -
234 593 305 616 extra
318 590 452 616 civitatem
467 590 675 622 comprehensus
687 591 712 614 et
726 594 782 620 pas-

137 642 183 661 sus
202 637 241 661 est
260 635 292 661 Vl
307 634 357 660 478
373 635 435 660 2⁷—
450 634 581 660 Passionis
600 633 692 659 Christi
707 640 782 665 prae·

118 713 120 715 .
138 679 289 705 ordinatum
309 682 348 705 est
367 681 473 711 tempus
486 682 511 704 et
530 679 603 704 locus
616 678 660 704 Vll
681 678 733 704 355
746 678 781 704 69

191 738 225 742 —
248 724 389 749 damnatur
417 726 500 749 morte
529 723 779 755 ignominiosissima

137 768 171 794 Vl
202 768 254 794 495
282 768 326 794 26.
355 767 405 793 496
432 768 466 793 30
485 783 521 786 -
540 771 625 794 morte
653 768 778 793 vilissima

137 816 259 839 mortuus
277 815 317 849 est
329 812 380 838 420
395 812 429 838 47
441 826 476 831 -
490 812 597 838 volebat
613 812 679 839 mori
695 815 779 839 morte

137 857 224 883 'crucis
250 857 377 883 vilissima
407 857 457 883 487
486 857 519 882 56
549 871 584 877 -
612 857 715 883 occisus
739 861 779 883 est

136 905 221 928 morte
239 902 403 928 amarissima
421 909 470 934 per
481 901 679 928 acerbissimam
693 905 778 928 exten-

136 946 238 973 sionem
261 953 420 979 nervorum,
445 953 530 978 poena
555 945 777 972 universalissima

137 991 163 1017 in
182 989 299 1024 qualibet
317 993 392 1022 parte
417 990 548 1022 corporis,
574 994 660 1017 morte
684 991 778 1023 turpis-

136 1035 202 1061 sima
221 1035 352 1061 latronum
371 1037 397 1060 et
416 1037 501 1060 morte
518 1035 665 1060 diutissima
689 1035 740 1060 6-l8
762 1036 772 1060 4

136 1093 172 1099 -
191 1080 260 1106 Mors
271 1079 446 1106 crucifixionis
458 1079 553 1105 Christi
569 1079 616 1105 [υἷι
635 1080 777 1112 producta,

136 1124 233 1151 acerba
259 1127 286 1151 et
309 1124 482 1157 ignominiosa
504 1125 546 1150 Vll
570 1124 617 1150 574
643 1124 677 1150 25
696 1138 731 1143 -
751 1124 775 1149 ἷ11

136 1170 194 1196 loco
219 1176 364 1202 poenarum
391 1168 560 1194 acerbissima
589 1175 673 1200 poena
692 1168 777 1195 crucis

137 1213 278 1240 crnciflxus
296 1216 335 1240 est
354 1213 406 1239 576
425 1214 459 1239 39
481 1227 514 1231 -
533 1213 601 1239 Mors
619 1212 713 1239 Christi
731 1213 778 1239 fuit

138 1258 290 1291 turpissima
314 1258 413 1284 ratione
432 1257 496 1288 loci,
521 1257 660 1290 temporis,
686 1258 778 1284 instru-

139 1303 233 1336 menti,
253 1302 389 1333 consortii,
409 1301 546 1334 opprobrii
568 1302 598 1328 Vl
621 1301 670 1328 424
696 1309 722 1327 ν.
744 1302 776 1328 20

136 1360 174 1367 -
191 1354 285 1380 passus
303 1350 342 1373 est
360 1346 387 1372 in
405 1347 463 1372 loeo
486 1346 544 1378 vlli,
570 1345 614 1372 ubi
635 1345 778 1378 punieban-

138 1395 180 1418 tur
198 1392 312 1417 latrones
328 1394 357 1417 et
375 1391 485 1417 malefici
506 1390 557 1417 495
578 1391 610 1417 29

190 1450 226 1456 -
244 1439 371 1469 tanquam
391 1436 455 1461 latro
473 1435 592 1466 ducitur,
611 1436 667 1468 ipse
681 1434 778 1460 baiulat

138 1479 188 1506 sibi
207 1487 312 1507 crucem
343 1481 376 1506 Vl
396 1480 447 1506 495
467 1480 500 1506 29
519 1494 554 1498 -
574 1479 695 1512 portabat
721 1486 777 1505 cru-

137 1532 209 1558 cem,
227 1525 292 1551 dum
312 1525 392 1551 exiret
411 1525 435 1550 in
452 1524 597 1550 Calvariam
619 1523 669 1549 498
690 1523 722 1549 40
741 1538 776 1542 ——

136 1570 223 1602 primo
237 1570 350 1602 portavit
363 1576 477 1600 erucem,
491 1576 560 1602 quae
573 1572 663 1601 postea
677 1568 775 1594 Simoni

137 1614 258 1647 imposita
278 1618 316 1640 est
330 1614 371 1640 vn
386 1614 437 1640 498
453 1613 493 1639 40.
508 1613 559 1639 572
574 1614 607 1639 30
621 1627 656 1632 -
669 1603 775 1638 eruc‘em

136 1659 282 1685 voluntarie
300 1658 416 1691 suscepit
429 1658 480 1684 376
497 1658 532 1684 55
550 1671 586 1677 -
605 1658 706 1690 primus
718 1664 776 1690 por-

136 1704 201 1730 tavit
217 1710 323 1730 crucem
343 1702 410 1730 sicut
429 1703 550 1729 vexillum
570 1706 595 1728 ct
614 1702 719 1734 signum
739 1708 777 1727 rc-

136 1749 195 1781 gale
213 1747 276 1774 ibid.
288 1748 361 1774 —in
383 1747 487 1773 ferenda
507 1754 586 1773 cruce
608 1753 636 1772 se
655 1746 776 1779 praebuit

135 1793 268 1824 exemplar
280 1791 357 1818 nobis
375 1795 400 1817 et
414 1792 568 1824 magistrum
583 1790 645 1817 ibid.
659 1805 693 1809 -—
708 1791 776 1823 plan-

135 1837 206 1869 gitur
219 1836 332 1863 maxime
350 1843 363 1862 a
379 1835 533 1862 mulieribus
552 1835 602 1861 573
623 1836 651 1861 31
669 1849 704 1854 -
718 1841 776 1867 pro-

135 1880 207 1908 hibet
226 1881 348 1907 mulie'res
367 1888 381 1906 a
401 1881 462 1906 fletu
481 1879 516 1906 ib.
537 1880 571 1905 32

188 1928 362 1951 —mortuus
390 1925 416 1950 in
444 1931 537 1955 cruce,
565 1924 628 1957 quia
656 1925 682 1950 in
703 1925 775 1957 ligno

135 1970 306 2002 peccavimus
325 1969 357 1995 Vl
378 1969 429 1995 495
448 1969 481 1994 26
495 1983 530 1987 ——
543 1969 636 1995 affixus
655 1969 736 1994 clavis
750 1970 775 1994 in

136 2021 214 2040 cruce
235 2013 285 2040 424
304 2021 332 2040 v.
353 2014 384 2039 19
403 2027 438 2032 -
457 2013 601 2039 ascendens
624 2013 648 2040 in
668 2020 774 2039 crucem

136 2058 214 2085 docet
233 2065 281 2084 nos
300 2065 360 2084 cum
382 2058 439 2091 ipso
458 2058 576 2090 crucifigi
596 2058 638 2084 Vll
658 2058 709 2083 200
731 2058 762 2083 43

189 2117 224 2121 —
243 2104 451 2135 comprehensus
469 2105 509 2128 est
527 2102 552 2128 in
571 2109 630 2128 sero
643 2102 695 2128 diei
709 2102 777 2128 loris

135 2150 162 2173 et
181 2147 207 2173 in
225 2147 269 2173 die
289 2148 398 2173 Veneris
417 2147 555 2172 crucifixus
574 2150 613 2173 est
632 2147 674 2173 Vll
694 2147 746 2173 540
761 2149 776 2173 2

135 2206 171 2210 -
190 2192 280 2225 quinta
306 2192 407 2218 decima
428 2192 471 2217 die
496 2191 542 2217 fuit
565 2191 705 2217 crucifixus
724 2191 775 2218 543

139 2236 170 2261 10
188 2249 224 2256 -
243 2236 382 2262 crucifixus
411 2236 476 2262 inter
502 2237 593 2261 horam
623 2236 724 2262 tertiam
751 2239 777 2262 et

136 2284 244 2312 sextam,
258 2280 304 2307 sed
318 2281 377 2313 plus
389 2280 498 2306 accessit
516 2280 550 2306 ad
563 2284 661 2306 sextam
679 2281 710 2306 Vl
725 2280 776 2306 495

138 2325 180 2351 25.
200 2325 243 2350 Vll
272 2325 319 2351 581
353 2325 386 2351 54
406 2339 440 2343 --
460 2326 523 2351 hora
544 2324 617 2351 tertia
637 2325 776 2351 crucifixus

137 2369 224 2401 lingua
246 2369 414 2400 ludaeorum,
433 2372 503 2395 sexta
524 2369 646 2395 manibus
665 2369 775 2395 militum

137 2412 170 2439 Vl
192 2413 242 2439 494
263 2414 296 2439 25
314 2428 350 2432 —-
370 2415 433 2440 liora
457 2416 536 2447 sexta⁷
553 2417 624 2439 sexta
650 2416 733 2439 aetate
751 2417 777 2440 et

137 2460 207 2484 sexta
228 2458 289 2483 feria
313 2459 452 2484 crucifixus
477 2461 516 2484 est
534 2465 583 2490 pro
607 2459 713 2484 homine
732 2458 775 2484 vn

138 2502 184 2527 584
209 2502 243 2528 54
262 2503 372 2528 —feria
387 2506 457 2528 sexta
476 2510 570 2535 passus
587 2506 625 2528 cst
644 2503 669 2528 ἷ11
689 2503 775 2529 media

137 2546 195 2578 die,
214 2546 260 2572 sed
279 2548 397 2579 sepultus
418 2546 464 2573 [υἷι
483 2547 509 2572 111
528 2554 602 2579 soro,
626 2548 675 2573 hoc
694 2550 733 2573 est
751 2547 776 2573 in

138 2598 249 2623 vespera
269 2590 375 2617 sabbati
401 2591 452 2617 585
472 2591 505 2617 66
526 2606 560 2610 -
580 2591 657 2617 morti
677 2595 703 2617 et
721 2599 777 2618 cru-

138 2635 249 2661 cifixioni
269 2635 442 2661 conveniebat
454 2638 541 2662 sextus
560 2635 630 2669 dies,
649 2636 777 2668 septimus

137 2679 312 2705 conveniebat
329 2681 479 2712 sepulturae
497 2683 523 2706 et
540 2680 621 2713 quieti
644 2680 704 2707 ibid.

192 2737 227 2743 —
245 2724 385 2750 crucifixus
404 2724 429 2750 in
453 2724 576 2750 societate
600 2725 725 2751 vilissima
745 2725 777 2751 la·

139 2771 245 2793 tronum
266 2768 296 2793 Vl
318 2768 368 2794 496
393 2769 426 2794 30
446 2783 481 2786 -
501 2769 548 2794 [υἰι
573 2769 639 2794 inter
665 2769 777 2795 latrones

139 2812 277 2838 crucifixus
290 2812 427 2838 inhonesto
446 2813 577 2838 consortio
595 2813 670 2846 quasi
690 2820 776 2845 repro-

139 2855 203 2888 bus,
222 2860 330 2888 propter
349 2857 498 2889 exemplum
515 2857 668 2883 humilitatis
684 2861 710 2883 et
724 2865 777 2890 my-

140 2900 248 2926 sterium
264 2900 461 2932 significationis
478 2901 518 2926 Vll
540 2900 591 2926 575
611 2901 654 2926 38.
674 2901 725 2927 576
744 2901 776 2927 40

193 2957 226 2962 -
248 2944 388 2970 crucifixus
411 2944 483 2971 dedit
502 2945 651 2976 exemplum
677 2952 776 2977 poenae

139 2987 307 3014 sustinendae
327 2988 359 3014 Vl
380 2989 431 3014 618
454 2989 462 3014 4
487 3004 522 3007 -
541 2989 680 3015 cruciflxus
705 2990 777 3016 dedit

138 3032 287 3063 exemplum
308 3032 526 3063 perfectissimum
546 3034 708 3065 paupertatis
734 3034 775 3060 Vll

140 3074 191 3100 467
210 3074 243 3100 52
257 3075 332 3101 —in
351 3083 429 3102 cruce
448 3077 569 3103 sustinuit
587 3084 718 3103 summam
733 3079 777 3103 hu-

139 3118 288 3150 militatem,
301 3123 482 3152 paupertatem
497 3124 522 3146 et
535 3121 710 3147 austeritatem
725 3122 776 3147 376

139 3161 174 3188 54
193 3176 226 3181 -
247 3162 272 3188 in
291 3169 369 3190 cruce
388 3163 491 3190 exhibet
510 3165 676 3196 patientiam,
696 3166 778 3191 humi·

137 3202 250 3238 litatem,
268 3202 460 3241 obedientiam,
478 3209 610 3235 caritatem
625 3209 676 3235 578
691 3209 724 3235 45
746 3224 778 3228 -

139 3249 228 3276 Passio
247 3250 341 3277 dicitur
369 3258 503 3285 excessus,
531 3253 593 3286 qula
624 3253 648 3278 in
676 3260 706 3279 ea
732 3253 778 3279 fuit

138 3300 260 3321 excessus
273 3295 437 3327 humilitatis,
451 3297 624 3330 paupertatis,
643 3297 741 3324 doloris
753 3301 778 3324 et

138 3337 238 3364 amoris
258 3338 308 3364 234
328 3338 362 3365 54

245 3390 277 3418 8.
294 3391 398 3419 Bonav.
409 3405 445 3412 —
458 3392 536 3420 Tom.
549 3394 603 3421 Vll.

808 187 845 220 ΙΝ
869 185 1165 219 COMMENTARIOS
1188 186 1217 219 S.
1242 186 1468 220 SCRlPTURAE

2070 191 2133 225 713

1743 232 1807 259 CHR
1840 234 1872 260 24

867 289 903 295 -—
922 275 947 301 in
967 282 1045 302 cruce
1073 276 1120 302 fuit
1147 275 1265 302 abiectus
1293 276 1359 302 inter
1382 277 1456 302 latro·
1545 290 1581 296 —
1601 280 1639 303 ter
1658 278 1781 304 clamavit
1805 233 1837 303 in(
1855 234 1933 304 cr)uce
1960 280 2002 305 Vll
2027 281 2078 306 582
2099 281 2133 307 56

815 327 875 353 nes,
894 320 1009 346 nudatus
1026 323 1053 346 et
1071 321 1182 348 amictus
1199 321 1291 347 dolore
1311 321 1342 347 Vl
1367 321 1419 346 618
1439 322 1454 346 2
1492 335 1527 339 -
1547 322 1664 354 Quatuor
1677 323 1766 347 ultima
1781 322 1862 348 verba
1875 322 1969 349 Christi
1990 324 2019 349 Vl
2034 325 2084 350 502
2099 326 2132 351 59

815 365 895 390 -in
919 371 998 391 cruce
1025 365 1098 391 dedit
1125 365 1276 397 exemplum
1305 365 1455 391 humilitatis

815 412 896 441 caput
914 409 1052 442 inclinans,
1077 409 1246 441 benignitatis
1270 416 1318 441 pro
1344 410 1456 436 inimicis

816 460 909 485 orans,
927 453 1040 480 caritatis
1064 454 1131 479 latus
1149 461 1227 480 suum
1247 454 1344 486 aperiri
1365 455 1456 480 volens

817 498 868 523 61¹8
889 498 904 524 3
917 511 952 517 -
965 498 1038 524 dedit
1056 498 1205 530 exemplum
1220 499 1346 531 largitatis
1364 499 1390 524 in
1405 506 1457 524 ma-

817 549 900 568 nuum
929 543 1115 575 perforatione,
1142 543 1291 569 devotionis
1316 544 1341 569 in
1360 543 1456 569 devota

817 586 926 618 spiritus
944 586 1088 618 oblatione,
1107 587 1279 613 abstinentiae
1292 588 1317 613 in
1337 588 1400 614 fellis
1414 594 1457 620 po-

818 631 928 663 tatione,
949 631 1155 658 mortificationis
1173 632 1257 658 earnis
1276 632 1302 658 in
1321 632 1457 664 sanguinis

818 676 944 702 effusione
963 676 1025 703 ibid.

869 735 906 740 —
923 720 1112 754 crucifigentes
1124 720 1276 746 crudelitate
1295 721 1336 746 vel
1354 720 1458 752 cupidi—

817 768 868 792 tate
886 765 1018 792 Christum
1032 766 1245 798 exspoliaverunt
1257 769 1283 791 et
1302 765 1456 791 vestimenta

816 810 874 836 eius
892 810 1039 837 diviserunt
1058 811 1090 836 Vl
1112 810 1163 836 497
1183 810 1216 836 35
1234 824 1266 829 —
1281 810 1398 843 Quatuor
1411 810 1456 835 mi-

816 855 872 881 lites
891 855 1076 881 crucissxerunt
1093 854 1225 881 Christum
1243 853 1305 880 ibid.
1318 868 1352 872 -—
1366 854 1456 880 Milites

815 900 970 925 vestimenta
989 899 1083 926 Christi
1103 899 1249 925 diviserunt
1272 902 1297 925 et
1316 899 1350 925 de
1369 898 1454 925 tunica

815 944 897 970 sortiti
917 947 977 970 sunt
997 944 1048 969 499
1063 944 1095 970 43
1116 958 1150 963 —-
1166 944 1282 970 nudatus
1300 947 1339 969 est
1357 944 1456 976 rapaci-

815 991 866 1014 tate
885 996 900 1014 a
920 988 1045 1014 militibus
1064 989 1106 1014 Vll
1127 989 1179 1015 577
1199 988 1232 1014 42
1252 1003 1285 1006 -
1297 991 1400 1021 praeter
1418 991 1455 1014 tu-

814 1033 899 1059 nicam
919 1033 1101 1059 inconsutilem
1122 1032 1214 1059 habuit
1231 1033 1281 1059 alia
1300 1033 1454 1059 vestimenta

815 1078 866 1103 219
886 1077 902 1103 7
922 1093 957 1096 -
977 1078 1075 1104 Tunica
1089 1077 1184 1104 Christi
1197 1080 1248 1104 tota
1267 1078 1388 1103 continua
1402 1084 1455 1104 non

815 1125 917 1155 poterat
944 1123 1131 1149 convenienter
1156 1122 1254 1154 dividi,
1280 1122 1339 1148 ideo
1363 1122 1454 1148 sortie-

815 1167 909 1193 bantur
928 1167 962 1193 de
982 1168 1023 1193 illa
1044 1167 1076 1193 Vl
1094 1167 1145 1193 497
1165 1167 1198 1193 36
1218 1182 1253 1185 -
1273 1167 1372 1193 Tunica
1385 1166 1455 1193 Chri-

814 1211 845 1238 sti
864 1211 976 1237 indivisa
995 1212 1125 1244 significat
1142 1212 1275 1238 caritatem
1295 1211 1454 1238 servandam

814 1257 870 1282 sine
888 1257 1019 1283 divisione
1038 1255 1100 1283 ibid.
1121 1271 1154 1275 —
1174 1257 1223 1289 Qui
1249 1256 1373 1282 dividunt
1391 1256 1455 1282 tuni-

815 1308 872 1327 cam
886 1301 1068 1327 inconsutilem
1088 1301 1201 1327 caritatis
1214 1301 1318 1334 peiores
1330 1304 1391 1327 sunt
1411 1301 1455 1326 mi-

814 1345 902 1372 litibus
921 1345 1136 1384 crucifigentibus
1154 1345 1216 1372 ibid.

868 1404 903 1410 -—-
921 1390 1017 1417 Christi
1030 1397 1127 1423 corpus
1146 1391 1194 1416 fuit
1209 1391 1395 1416 vestimentum
1414 1397 1456 1416 ru-

815 1434 901 1468 brum,
914 1435 1044 1467 sanguine
1063 1436 1145 1461 effuso
1160 1435 1201 1461 Vll
1221 1435 1272 1461 557
1293 1435 1327 1460 56
1341 1448 1374 1454 —-
1387 1434 1455 1461 Caro

814 1479 906 1505 Christi
920 1482 1066 1512 purpurata
1079 1479 1208 1511 sanguine
1227 1480 1260 1505 Vl
1281 1479 1332 1504 490
1351 1480 1366 1505 2
1381 1493 1414 1498 --
1428 1482 1456 1504 ut

815 1524 928 1549 Pontifex
946 1524 972 1549 in
991 1531 1039 1549 sua
1059 1523 1179 1555 passione
1195 1522 1287 1549 habuit
1299 1523 1454 1549 vestimenta

814 1567 970 1600 pontificalia
985 1567 1028 1593 Vll
1043 1568 1095 1593 569
1114 1562 1142 1593 14
1155 1581 1191 1587 —-
1204 1568 1320 1593 nudatus
1337 1567 1364 1593 in
1377 1574 1456 1593 cruce

813 1612 975 1644 significatur
995 1619 1042 1644 per
1061 1612 1114 1638 Noe
1133 1612 1185 1637 577
1206 1611 1247 1637 42.
1267 1612 1320 1638 595
1340 1611 1373 1638 34

866 1671 902 1675 —
928 1656 995 1682 fudit
1018 1656 1175 1689 sanguinem
1200 1663 1277 1682 suum
1303 1663 1353 1688 pro
1377 1656 1456 1683 nobis

813 1701 910 1733 septies
930 1701 971 1727 Vll
992 1701 1042 1726 557
1063 1701 1095 1726 56

866 1759 902 1765 --
920 1746 968 1771 [υἷι
992 1746 1103 1771 afflictus
1122 1745 1147 1771 in
1161 1745 1251 1771 auditu
1271 1740 1319 1777 per
1333 1744 1455 1777 blasphe-

815 1791 880 1816 mias
899 1791 1070 1822 ludaeorum,
1089 1791 1114 1816 in
1142 1790 1199 1816 visu
1224 1797 1271 1822 per
1295 1790 1454 1815 velationem

813 1835 966 1867 oculorum,
987 1835 1011 1861 in
1032 1838 1100 1861 tactu
1121 1841 1169 1867 per
1187 1835 1277 1860 clavos
1295 1838 1321 1860 et
1339 1834 1453 1866 flagella,

814 1880 839 1905 in
859 1884 937 1912 gustu
956 1887 1003 1912 per
1022 1883 1138 1911 acetum,
1152 1879 1250 1913 quibus
1269 1879 1379 1905 exsolvit
1391 1886 1454 1912 qua·

813 1925 957 1957 drupliccm
978 1925 1073 1950 malam
1093 1925 1291 1950 delectationem
1311 1925 1336 1950 in
1355 1925 1450 1951 delicto

813 1970 892 2002 primi
910 1969 1023 1995 hominis
1043 1969 1076 1995 Vl
1097 1970 1147 1994 618
1168 1977 1193 1995 v.
1212 1969 1245 1994 29
1258 1983 1294 1988 —
1307 1976 1401 2002 passus
1414 1973 1453 1995 est

814 2013 838 2039 in
867 2013 957 2039 auditu
986 2020 1034 2045 per
1059 2013 1154 2039 multas
1181 2013 1367 2046 contumelias,
1390 2014 1451 2046 quia

813 2058 898 2090 prima
918 2057 1022 2083 tentatio
1042 2064 1089 2090 per
1114 2057 1233 2083 auditum
1259 2057 1391 2084 introierat
1411 2058 1453 2084 Vll

814 2103 865 2129 578
887 2102 920 2128 44
941 2116 974 2121 —-
994 2101 1087 2135 passus
1104 2105 1142 2128 est
1161 2103 1187 2128 in
1202 2105 1316 2135 quatuor
1335 2103 1453 2135 corporis

813 2147 935 2173 sensibus
954 2146 1015 2173 ibid.
1030 2154 1171 2179 —passus
1189 2150 1228 2173 est
1248 2148 1273 2173 in
1294 2151 1371 2179 gustu
1391 2155 1453 2173 con-

814 2195 851 2218 tra
872 2193 940 2218 illam
953 2192 1166 2225 delectationem,
1185 2199 1266 2225 quam
1280 2193 1306 2218 in
1319 2199 1365 2218 esu
1379 2193 1453 2225 pomi

814 2236 906 2263 habuit
924 2237 1008 2263 Adam
1028 2240 1053 2262 et
1073 2237 1126 2263 Eva
1145 2235 1207 2263 ibid.
1226 2250 1262 2256 ——
1280 2238 1307 2262 111
1326 2243 1405 2262 cruce
1423 2237 1454 2263 si-

814 2281 894 2308 tlebat
916 2282 1169 2307 consummationem
1195 2281 1324 2314 passionis
1348 2282 1394 2308 334
1418 2282 1452 2307 72

866 2327 993 2358 —petiit
1014 2329 1040 2352 et
1067 2326 1168 2358 accepit
1187 2329 1278 2358 potum
1307 2326 1374 2352 aceti
1401 2333 1453 2352 non

814 2374 914 2396 tantum
934 2374 1042 2403 propter
1061 2371 1247 2402 indigentiam,
1270 2374 1398 2403 qnantum
1418 2370 1453 2396 ad

813 2415 997 2447 complendam
1023 2415 1184 2448 Scripturam
1209 2415 1242 2441 Vl
1263 2415 1313 2440 499
1340 2415 1382 2441 46.
1402 2416 1453 2441 500

816 2459 857 2491 47,
877 2459 920 2486 48.
942 2460 987 2485 504
1013 2460 1046 2486 56
1066 2474 1099 2479 -
1121 2463 1198 2492 potus
1217 2462 1305 2492 aceto,
1328 2460 1370 2485 vel
1391 2460 1453 2485 vino

813 2507 952 2536 corrupto,
971 2504 1012 2529 vel
1038 2505 1172 2536 myrrhato
1197 2504 1243 2529 501
1269 2504 1302 2528 58
1321 2517 1357 2523 —-
1376 2507 1453 2536 potus

814 2549 876 2574 vino
895 2551 999 2574 acetoso
1027 2553 1088 2573 cnm
1111 2548 1167 2573 felle
1186 2550 1211 2573 et
1238 2549 1344 2579 myrrha
1374 2548 1454 2573 mixto

815 2592 858 2618 Vll
877 2592 928 2618 578
950 2592 982 2618 44
1004 2606 1036 2610 -
1055 2591 1149 2618 Christi
1164 2592 1219 2617 sitis
1235 2592 1282 2617 fuit
1299 2592 1404 2624 signum
1418 2591 1453 2617 in-

814 2637 943 2662 firmitatis
963 2639 1096 2662 assumtae
1114 2639 1139 2662 et
1158 2636 1274 2662 veritatis
1293 2640 1401 2662 naturae
1420 2636 1453 2661 Vl

816 2681 867 2707 449
888 2681 920 2707 46
940 2696 975 2699 -
993 2688 1053 2707 cum
1071 2682 1095 2706 ἷ11
1115 2680 1239 2706 omnibus
1258 2680 1385 2706 membris
1397 2687 1454 2713 pas·

814 2733 859 2752 sus
878 2726 968 2752 fnisset
987 2729 1091 2758 praetor
1110 2733 1140 2751 os
1159 2728 1184 2751 et
1212 2726 1343 2757 linguam,
1367 2725 1454 2757 passio

814 2770 870 2796 eius
901 2770 995 2796 dicitur
1025 2773 1207 2796 consummata
1239 2770 1264 2795 in
1293 2773 1357 2802 potu
1389 2769 1453 2795 aceti

815 2814 860 2840 501
885 2815 918 2840 57

868 2873 902 2877 -—-
923 2859 969 2884 mit
989 2859 1102 2885 Pontifex
1122 2859 1182 2891 pius
1201 2862 1226 2884 et
1245 2858 1406 2889 misericors,
1420 2859 1454 2884 of·

815 2903 921 2929 serendo
940 2910 968 2929 se
987 2906 1011 2929 et
1026 2903 1213 2938 interpellando
1233 2909 1281 2934 pro
1302 2902 1393 2934 populi
1412 2909 1453 2928 sa-

814 2948 866 2974 lute
885 2948 927 2973 Vll
947 2947 998 2974 577
1020 2947 1046 2973 41
1065 2961 1100 2966 -
1113 2947 1185 2973 dedit
1204 2947 1352 2978 exemplum
1372 2946 1453 2972 omni-

814 2990 864 3017 bus
882 2992 983 3018 orando
1011 2999 1060 3024 pro
1087 2990 1306 3024 persequentibus
1334 2989 1396 3016 ibid.
1418 3003 1453 3009 --

814 3036 879 3061 mira
900 3035 1060 3068 benignitate
1080 3043 1127 3068 pro
1147 3034 1345 3061 crucifixoribus
1369 3034 1453 3060 oravit

814 3079 865 3105 576
886 3079 914 3104 41

867 3137 902 3142 -
921 3123 1090 3156 blasphemiis
1109 3123 1219 3149 militum
1245 3130 1297 3148 non
1315 3122 1406 3153 cessit,
1426 3125 1454 3147 nt

814 3167 888 3193 daret
907 3169 1055 3200 exemplum
1077 3167 1214 3200 patientiae
1232 3170 1258 3192 et
1282 3173 1454 3198 perseveran-

815 3211 864 3236 tiae
884 3211 926 3237 vn
941 3211 992 3237 578
1014 3211 1046 3237 45
1059 3226 1093 3230 -
1107 3218 1158 3237 11011
1172 3210 1313 3242 respondet
1332 3209 1453 3242 blasphe-

1493 379 1528 385 —
1547 369 1672 399 tanquam
1692 366 1827 399 piissimus
1846 368 1959 399 pontifex
1974 369 2038 394 mira
2059 370 2133 395 mise-

1493 410 1605 436 ricordia
1625 411 1812 442 poenitentiam
1836 412 1943 438 latronis
1962 420 2014 439 non
2040 415 2133 439 refuta-

1494 455 1531 480 vit
1550 458 1575 480 et
1599 456 1728 488 amplius,
1753 463 1833 489 quam
1860 457 1978 489 petebat,
2005 458 2134 485 concessit

1494 499 1536 525 Vll
1556 499 1607 524 580
1627 499 1656 525 54

1547 557 1582 563 -
1600 545 1626 569 111
1647 545 1769 576 passione
1782 545 1874 572 Christi
1895 548 1998 573 fuerunt
2017 548 2093 574 illaria
2107 552 2133 574 et

1494 588 1602 614 loannes
1622 588 1664 614 Vll
1685 589 1734 615 408
1755 591 1788 615 80
1807 604 1842 609 ——
1861 591 2068 623 compatiebatur
2082 593 2132 618 ilia-

1495 633 1525 658 tri
1545 633 1578 658 Vl
1599 633 1649 658 497
1669 633 1701 659 37
1724 648 1756 652 -
1776 635 1848 660 dedit
1860 634 2008 668 exemplum
2029 637 2132 668 pietatis

1494 683 1557 709 erga
1576 681 1697 709 parentes
1717 678 1766 704 498
1785 680 1826 704 38.
1848 679 1897 705 499
1919 680 1952 706 44
1972 695 2005 699 —-
2025 682 2131 708 sollicite

1494 723 1606 754 respexit
1624 723 1729 749 Matrem
1750 727 1775 749 et
1788 724 1946 751 familiariter
1962 732 2019 751 eam
2034 733 2132 752 recom-

1494 767 1629 793 mendavit
1660 768 1748 793 loanni
1779 768 1829 794 498
1862 769 1895 794 38
1926 784 1962 789 -
1989 771 2132 797 moriturus

1493 812 1611 843 agnoscit
1636 812 1741 838 Matrem
1768 814 1882 838 humano
1907 815 2000 840 affectu
2026 814 2077 840 499
2098 815 2131 841 44

1492 869 1528 875 ——
1546 856 1714 882 commendat
1727 857 1832 882 Matrem
1847 858 1948 889 loanni,
1968 859 2029 891 quia
2043 859 2130 891 ipsum

1492 901 1639 933 specialiter
1657 900 1783 933 diligebat
1801 901 1863 928 ibid.

1545 959 1580 964 —
1600 946 1624 971 in
1649 946 1770 978 passione
1795 947 1899 973 relictus
1918 947 1952 972 ab
1980 947 2132 974 hominibus

1490 990 1525 1022 ,Ἣ
1555 990 1606 1016 465
1634 990 1667 1016 46
1692 1004 1727 1010 —·
1754 991 1856 1017 Praeter
1883 999 1982 1023 paucas
2009 993 2131 1018 mulieres

1492 1041 1585 1061 omnes
1603 1035 1681 1067 longe
1700 1038 1861 1062 recesserant
1879 1043 1893 1061 a
1912 1035 2014 1062 Christo
2032 1044 2078 1069 per
2093 1037 2130 1062 ἷ11-

1491 1079 1701 1111 compassionem
1722 1080 1773 1105 497
1792 1080 1825 1105 37
1844 1095 1879 1099 -
1897 1081 1933 1106 Ex
1952 1081 2076 1107 omnibus
2089 1089 2131 1108 ca-

1492 1124 1527 1150 ris
1556 1123 1651 1150 Christi
1683 1124 1752 1150 solae
1781 1127 1833 1150 tres
1867 1126 1976 1151 aderant
2007 1127 2130 1152 mulieres

1492 1168 1680 1200 compatientes
1698 1168 1759 1195 ibid.
1772 1183 1808 1189 —
1821 1170 1878 1195 Noti
1896 1169 1990 1196 Christi
2011 1174 2070 1203 post
2089 1171 2131 1196 de-

1492 1213 1607 1244 positum
1630 1219 1728 1245 corpus
1753 1214 1891 1245 recedunt,
1915 1215 1984 1240 solae
2010 1215 2132 1241 mulieres

1493 1260 1645 1283 manserunt
1664 1257 1706 1283 Vll
1726 1257 1778 1283 586
1797 1258 1831 1283 70
1845 1272 1880 1277 —
1893 1258 1990 1284 Omnes
2008 1260 2062 1285 noti
2076 1260 2132 1285 eius

1492 1301 1649 1334 reputabant
1676 1309 1737 1327 eum
1766 1306 1891 1336 tanquam
1919 1304 2045 1336 alienum,
2073 1304 2133 1330 licet

1492 1353 1543 1372 non
1575 1346 1682 1372 omnino
1702 1346 1878 1378 perdidissent
1904 1349 2039 1380 affectum,
2069 1348 2131 1381 quia

1493 1390 1680 1423 pauperrimus
1702 1394 1757 1416 erat
1779 1395 1806 1417 et
1830 1391 1970 1424 despectus
1989 1396 2014 1418 et
2033 1393 2133 1418 interfe-

1493 1438 1551 1461 ctus
1570 1435 1621 1460 582
1642 1435 1676 1460 59

1546 1493 1581 1498 —-
1600 1480 1675 1505 Pater
1693 1487 1744 1505 non
1765 1483 1850 1512 potest
1873 1481 2021 1514 relinquere
2040 1481 2131 1507 Filium

1494 1526 1522 1549 ut
1540 1523 1720 1556 displicentem
1737 1531 1784 1556 per
1803 1525 1963 1551 voluntatem
1984 1525 2133 1551 discordan-

1493 1572 1546 1594 tem
1566 1569 1596 1594 Vl
1618 1569 1669 1595 362
1686 1569 1720 1594 39
1739 1584 1773 1587 -
1794 1570 1868 1595 Pater
1881 1577 1933 1595 non
1946 1570 2050 1603 reliquit
2063 1570 2134 1596 Chri-

1492 1616 1562 1639 stum
1581 1613 1748 1639 derelictione
1773 1614 1938 1644 iracundiae,
1964 1614 2010 1640 sed
2029 1615 2134 1646 dispen-

1492 1658 1615 1690 sationis,
1633 1658 1789 1690 exponendo
1808 1665 1869 1684 eum
1890 1659 2004 1690 passioni
2023 1666 2071 1691 pro
2085 1660 2133 1685 hu-

1492 1702 1563 1727 mani
1593 1702 1697 1734 generis
1725 1703 1808 1728 salute
1827 1703 1878 1728 363
1908 1703 1995 1728 44-
2013 1711 2066 1729 11011
2094 1706 2134 1729 est

1492 1746 1598 1772 relictus
1616 1753 1630 1771 a
1651 1747 1725 1771 Patre
1744 1746 1847 1772 defectu
1867 1747 1950 1773 divini
1965 1748 2065 1779 auxilii,
2085 1748 2131 1774 sed

1491 1790 1652 1822 expositione
1670 1790 1704 1816 ad
1724 1797 1836 1822 poenam
1858 1790 1908 1816 465
1929 1791 1961 1816 46

1546 1848 1579 1852 -
1599 1834 1700 1860 Christo
1713 1834 1844 1866 pendente
1858 1835 1883 1860 in
1903 1842 1993 1866 cruce,
2014 1837 2078 1861 facta
2093 1839 2132 1862 est

1491 1878 1646 1905 universalis
1664 1878 1806 1904 commotio
1826 1882 1961 1904 creaturae
1975 1879 2016 1904 Vll
2032 1880 2078 1905 584
2097 1879 2131 1906 54

1490 1937 1526 1943 -
1544 1923 1570 1948 111
1590 1926 1674 1948 morte
1690 1922 1782 1947 Christi
1803 1923 1850 1947 [υἷι
1864 1922 1954 1953 triplex
1973 1924 2130 1949 miraculum

1491 1968 1515 1993 in
1543 1967 1727 1993 obscuratione
1754 1967 1816 1991 solis
1843 1965 1905 1992 ibid.
1934 1980 1967 1985 -—
1997 1968 2023 1992 ln
2046 1972 2130 1993 morte

1490 2011 1584 2038 Christi
1610 2018 1662 2037 non
1681 2014 1737 2036 erat
1761 2014 1866 2043 tempus
1885 2011 1990 2042 eclipsis
2013 2010 2077 2037 ibid.
2094 2025 2130 2031 —-

1490 2058 1517 2083 ln
1530 2059 1615 2082 morte
1627 2055 1721 2082 Christi
1739 2056 1828 2081 velum
1852 2056 1941 2087 templi
1966 2055 2077 2081 scissum
2091 2060 2131 2082 est

1490 2105 1516 2128 et
1543 2102 1609 2128 aliae
1639 2104 1774 2127 creaturae
1803 2107 1867 2125 suae
1897 2099 1947 2125 sibi
1975 2107 2130 2132 compassae

1490 2150 1550 2172 sunt
1575 2147 1600 2172 in
1626 2146 1803 2172 testimonium
1832 2152 1896 2171 suae
1920 2145 2067 2170 Divinitatis
2095 2144 2129 2171 ib.

1491 2192 1524 2218 55
1543 2205 1579 2211 —
1591 2191 1690 2217 Omnes
1702 2194 1837 2216 creaturae
1850 2189 2045 2222 compatiuntur
2057 2188 2131 2215 Chri-

1490 2240 1530 2262 sto
1555 2236 1676 2262 tnorienti
1702 2234 1763 2262 ibid.
1785 2236 1865 2261 —ln
1891 2234 2011 2267 passione
2036 2234 2129 2260 Christi

1490 2284 1580 2314 petrae
1599 2281 1702 2307 collisae
1720 2283 1781 2306 sunt
1799 2280 1832 2306 ad
1852 2279 1963 2305 invicem
1983 2279 2035 2305 535
2055 2279 2088 2304 47

1543 2340 1579 2345 -
1598 2326 1740 2358 exspiravit
1759 2325 1835 2350 simul
1856 2324 1994 2350 clamando
2013 2327 2038 2349 et
2057 2330 2130 2349 oran-

1490 2371 1540 2403 do,
1560 2374 1589 2396 ut
1607 2377 1687 2396 verus
1715 2370 1828 2395 Pontifex
1847 2374 1936 2395 noster
1960 2369 2001 2395 Vll
2024 2369 2075 2395 582
2096 2368 2128 2394 56

1490 2430 1525 2434 -
1544 2416 1572 2441 111
1590 2414 1684 2441 Christi
1703 2414 1858 2447 exspirantis
1870 2414 1993 2445 lacrymis
2012 2413 2132 2446 intelligi-

1491 2463 1533 2485 tur
1553 2466 1614 2484 vcra
1634 2458 1727 2485 Christi
1754 2458 1840 2490 passm
1865 2461 1890 2484 et
1915 2457 2078 2490 humanitas,
2104 2458 2130 2483 in

1491 2505 1605 2529 clamore
1625 2510 1688 2529 vcro
1702 2503 1828 2535 DIx'initas
1847 2502 1908 2529 ibid.
1923 2517 1957 2521 -
1971 2502 1995 2528 in
2016 2503 2130 2528 clamore

1491 2548 1583 2574 mortis
1601 2547 1714 2573 ostendit
1732 2554 1760 2573 se
1785 2547 1991 2579 omnipotentem
2015 2546 2076 2573 ibid.
2095 2560 2131 2566 ·-

1491 2593 1583 2618 Modus
1609 2591 1738 2618 moriendi
1762 2595 1817 2617 erat
1836 2590 1964 2617 mirabilis
1989 2590 2076 2627 iti-57
2095 2605 2130 2611 —

1491 2637 1518 2663 in
1537 2631 1652 2663 'tenebris
1670 2639 1695 2662 et
1713 2636 1740 2661 in
1765 2636 1904 2661 effluxione
1926 2642 2010 2668 aquae
2030 2639 2055 2661 et
2073 2642 2131 2661 san-

1492 2681 1579 2713 guinis
1610 2680 1725 2706 ostendit
1752 2680 1890 2706 veritatem
1922 2680 2069 2706 Divinitatis
2099 2680 2130 2705 Vl

1492 2726 1543 2751 502
1561 2725 1593 2752 60

1545 2783 1578 2788 -
1601 2768 1799 2795 Consummatio
1827 2768 1956 2800 passionis
1980 2768 2009 2793 -in
2038 2769 2129 2794 effectu

1493 2814 1539 2840 fuit
1558 2814 1584 2839 in
1603 2813 1738 2845 apertione
1757 2813 1844 2838 lateris
1856 2812 1952 2839 Christi
1973 2813 2004 2838 Vl
2025 2813 2075 2838 500
2097 2813 2130 2838 49

1490 2872 1525 2876 -
1544 2858 1622 2883 Latus
1640 2856 1734 2883 Christi
1760 2859 1880 2888 apertum
1899 2860 1939 2882 est
1963 2859 1992 2881 ut
2011 2857 2069 2881 fons
2088 2856 2130 2881 Sa-

1490 2905 1684 2928 cramentorum
1710 2901 1756 2926 501
1787 2901 1820 2926 52
1839 2914 1875 2919 -
1895 2901 1912 2925 Ε
1938 2900 2016 2926 latere
2035 2899 2130 2926 Christi

1491 2946 1625 2978 profluunt
1643 2945 1742 2977 gratiae
1769 2948 1794 2970 et
1814 2945 1980 2970 Sacramenta
2007 2944 2048 2969 vn
2079 2944 2128 2969 422

1491 2990 1524 3015 37
1544 3004 1578 3008 -
1598 2990 1632 3015 Ex
1651 2989 1779 3020 sanguine
1797 2991 1822 3013 et
1841 2995 1910 3020 aqua
1930 2988 2016 3013 lateris
2034 2987 2129 3013 Christi

1490 3035 1657 3059 Sacramenta
1676 3032 1774 3058 habent
1796 3032 1939 3058 elllcnciam
1966 3032 1998 3057 Vt
2024 3032 2075 3057 500
2096 3031 2129 3058 49

1490 3092 1524 3095 -
1543 3076 1606 3102 lavit
1624 3083 1672 3103 nos
1690 3076 1820 3108 sanguine
1844 3078 1869 3100 et
1888 3082 1956 3108 aqua
1983 3075 2069 3101 lateris
2087 3075 2128 3101 sui

1491 3120 1536 3146 501
1562 3121 1595 3146 52
1609 3134 1643 3140 -
1656 3121 1734 3146 Latus
1747 3121 1842 3148 Christi
1855 3125 1976 3154 apertum
1995 3125 2047 3152 est,
2061 3125 2130 3154 post-

1490 3171 1570 3197 quam
1590 3168 1709 3190 mortuus
1728 3168 1767 3191 est
1792 3165 1816 3190 in
1835 3172 1926 3197 cruce,
1946 3169 1973 3192 ut
1998 3166 2032 3192 do
2051 3166 2130 3192 latere

1490 3208 1643 3234 dormientis
1663 3210 1818 3235 formaretur
1837 3209 1950 3236 Ecclesia
1970 3211 2020 3236 502
2041 3211 2074 3236 60
2094 3224 2129 3230 —-

815 3254 909 3286 manti,
929 3258 957 3281 ut
971 3257 1082 3281 formam
1101 3255 1175 3281 daret
1196 3254 1335 3286 patientiae
1354 3254 1405 3279 579
1420 3254 1452 3279 48
1491 3252 1604 3278 Vulnera
1623 3252 1717 3279 Christi
1736 3256 1797 3279 sunt
1817 3255 1915 3285 fontes,
1934 3261 2049 3288 quorum
2067 3262 2129 3288 qna·

813 3311 849 3317 —
868 3298 888 3324 si
908 3299 1086 3326 descendisset
1105 3299 1138 3325 de
1151 3305 1242 3330 cruce,
1261 3298 1393 3324 neminem
1408 3298 1453 3324 sal-
1490 3300 1548 3323 tuor
1561 3297 1642 3329 aperti
1656 3300 1716 3323 sunt
1729 3301 1788 3324 ante
1802 3302 1914 3325 mortem
1924 3318 1932 3330 ‚
1944 3299 2051 3333 quintus
2064 3305 2128 3325 vero

816 3349 878 3368 vum
901 3343 995 3369 faceret
1014 3350 1062 3369 nec
1080 3343 1148 3369 esset
1166 3343 1280 3369 salvator
1300 3337 1350 3368 57⁸
1372 3341 1403 3368 43

1490 3345 1549 3374 post
1567 3346 1678 3369 mortem
1698 3342 1751 3370 555
1771 3343 1786 3370 4
1805 3357 1840 3364 —-
1859 3343 1942 3370 voluit
1965 3344 2032 3370 latus
2050 3351 2128 3371 suum

1987 3397 2020 3422 90
