2476 3921
293 221 334 253 56
894 217 1086 250 COMMENT.
1110 218 1148 250 IN
1172 218 1410 250 EVANGELIUM
1434 218 1551 250 LUCAE
1574 218 1606 249 C.
1631 218 1664 249 ll.

170 316 273 343 Septima-
291 326 335 332 —
359 308 494 349 Septima
518 307 556 339 ad
578 305 873 347 sanctificationem
897 306 1148 348 temperantiae,
1172 315 1251 347 quo-

292 361 374 393 niam
402 361 487 393 diem
519 360 682 401 septimam
705 359 927 398 sanctificavit,
959 360 990 391 in
1018 369 1082 401 (1113
1108 359 1249 401 quievit:

290 413 389 445 Exodi
417 412 540 445 decimo
571 413 694 444 nonol:
725 425 741 440 ιι
758 411 842 444 Vade
864 411 902 443 ad
928 411 1098 453 populum,
1124 415 1155 444 et
1176 420 1249 444 san—

291 467 392 499 ctifica
414 466 483 497 illos
506 464 598 497 hodie
621 468 653 497 et
673 473 760 503 eras,
777 468 808 497 et
825 464 928 496 lavent
944 465 1129 497 vestimenta
1144 473 1201 497 3113
1216 476 1249 503 »;
1271 471 1274 475 ’

290 523 322 552 et
346 519 515 560 vigesimo:
544 530 560 546 α
577 519 747 556 Memento,
779 521 815 550 ut
845 517 927 549 diem
957 517 1081 550 Sabbati
1113 517 1273 550 sanctifi-¹

185 579 271 601 Octava·
291 581 343 605 003
357 585 388 603 n.
414 590 457 595 —
479 570 597 603 Octava
616 571 656 603 ad
686 570 1002 602 consummationem
1033 569 1147 611 finalis
1174 579 1250 611 per—

290 624 513 661 severantiae;
529 623 653 656 Levitici
671 623 821 665 vigesimo
832 623 930 669 tertio
942 624 972 654 ²:
995 635 1011 651 «x
1028 622 1168 655 Octavus
1183 622 1251 654 dies

290 678 350 710 erit
373 676 598 709 celeberrimus
621 679 716 718 atque
740 676 956 709 sanctissimus
971 688 1002 715 »;
1021 676 1104 708 unde
1120 679 1151 708 et
1168 676 1250 708 Psal-

289 739 378 769 mus,
403 730 456 772 qui
481 732 528 762 est
551 729 589 762 de
613 729 748 762 transitu
771 729 811 761 ad
834 729 984 771 gloriam,
999 729 1135 762 scilicet:
1158 742 1173 757 α
1190 729 1251 761 Do-

290 783 390 821 mine,
423 792 462 815 ne
494 783 524 815 in
556 783 665 815 surore
697 787 752 815 tuo
782 792 898 824 arguas
929 791 979 815 me
1003 796 1038 821 ι),
1071 782 1250 814 intitulatur

291 837 450 869 Psalmus
471 846 535 879 pro
558 841 684 869 octava.

385 950 502 981 Qualiter
520 950 642 978 christus
661 950 749 977 tactus
767 950 805 976 sit
823 950 871 977 sub
889 950 946 984 lege
965 949 1152 976 caeremoniali.

382 1049 433 1080 50.
459 1049 500 1080 Et
518 1052 696 1091 postquam
720 1048 845 1089 impteti
858 1052 937 1080 sunt
953 1051 1011 1080 etc.
1030 1048 1131 1088 Supra
1147 1050 1251 1079 osten-

292 1101 336 1133 dit
360 1100 572 1142 Evangelista‚
597 1100 733 1141 qualiter
756 1100 901 1132 Christus
916 1100 1017 1132 sactus
1034 1099 1092 1131 suit
1109 1100 1169 1132 sub
1185 1099 1252 1140 lege

293 1153 519 1192 sacramentali,
533 1153 583 1185 bic
600 1153 737 1185 secundo
753 1152 906 1191 ostendit,
923 1153 1059 1194 qualiter
1076 1152 1178 1185 sactus
1193 1152 1253 1184 fuit

292 1208 352 1241 sub
375 1207 442 1249 lege
474 1206 726 1244 caeremoniali,
758 1209 790 1238 et
822 1206 915 1238 habet
948 1206 1024 1238 haec
1057 1214 1130 1247 pars
1161 1205 1253 1237 iuxta

183 1264 271 1286 Divisio·
291 1261 481 1304 praedictam
507 1265 571 1292 tres
595 1263 709 1301 partes.
735 1259 767 1292 ln
792 1259 893 1301 prima
917 1259 1130 1301 praemittitur
1157 1257 1253 1291 (31]νὶ-

290 1315 335 1352 eti
358 1313 546 1346 humiliatio
577 1312 751 1345 secundum
782 1312 871 1354 Legis
901 1315 1124 1353 praeceptum;
1150 1312 1181 1344 in
1206 1320 1253 1344 se-

292 1367 394 1400 cunda
417 1376 493 1399 vero
517 1366 664 1399 subditur
691 1365 815 1398 Christi
838 1365 1037 1407 clarificatio
1059 1374 1115 1406 per
1139 1365 1254 1397 verita-

292 1421 331 1453 tis
355 1420 568 1453 testimonium
581 1446 588 1457 ,
612 1420 653 1452 ibi
668 1420 679 1438 ⁸
695 1432 701 1451 ;
729 1420 767 1451 Et
788 1428 856 1451 ecce
872 1418 967 1451 ttomo
984 1423 1076 1456 erat;
1093 1418 1124 1450 in
1142 1419 1253 1457 tertia,

292 1474 533 1506 consummatio
555 1473 826 1515 praedictorum,
851 1472 914 1504 ibi:
942 1473 980 1504 Et
1004 1481 1080 1503 eum
1095 1470 1254 1514 perfecis-

292 1531 361 1558 sent
386 1527 498 1558 omnia
523 1529 581 1558 etc.

382 1579 470 1611 Circa
487 1579 624 1620 primum
642 1578 753 1620 igitur,
769 1578 887 1610 scilicet
905 1576 1029 1609 Cltristi
1051 1575 1255 1608 humiliatio-

157 1637 237 1667 Psiew·
253 1637 279 1668 de
292 1642 377 1670 nem,
391 1635 528 1674 quatuor
544 1634 619 1664 sunt
630 1631 827 1669 attendenda,
841 1639 921 1672 quae
935 1630 1033 1671 tangit
1050 1629 1253 1671 Evangelista.

127 1663 281 1738 ἓέἕέἷεὴιᾶῗὲἶ
292 1685 447 1718 Describit
469 1685 552 1717 enim
576 1684 690 1716 Christi
716 1684 904 1716 oblationem
930 1687 1085 1725 quantum
1113 1683 1152 1715 ad
1177 1686 1254 1715 tem-

179 1732 184 1737 ’
290 1748 356 1781 pus
371 1742 546 1776 statutum,
564 1740 718 1779 quantum
737 1736 775 1769 ad
792 1736 899 1768 locum
916 1737 1139 1778 desiynatum,
1153 1745 1253 1778 quan-

292 1795 359 1824 tum
385 1791 423 1823 ad
446 1791 646 1823 mandatum
670 1790 852 1832 scriptum,
878 1793 1032 1831 quantum
1053 1789 1092 1822 ad
1105 1789 1253 1831 pretium

292 1845 447 1878 oblatum.

382 1899 432 1930 51.
451 1898 551 1938 (Vers.
569 1898 646 1938 22).
665 1897 768 1929 Primo
785 1897 881 1939 igitur
898 1900 1052 1938 quantum
1070 1896 1107 1928 ad
1123 1901 1253 1938 'tempus

128 1955 273 2003 T⁰¹¹t³ffi1³m⁸²³'
290 1955 454 1984 statutum
484 1951 620 1983 dicitur:
654 1951 694 1982 Et
722 1954 899 1993 postquam
932 1949 1057 1991 impleti
1082 1953 1161 1981 sunt
1184 1949 1253 1981 (lies

240 1997 245 2003 ’
287 2004 503 2047 puryationis
526 2004 597 2036 eius
620 2003 803 2036 secuudum
835 2003 935 2045 legem
967 2002 1097 2044 Moysz‘;
1127 2001 1252 2034 Levitici

290 2057 520 2090 duodecimo4:
551 2070 566 2085 ιι
583 2056 712 2095 Mulier,
735 2056 781 2094 si,
800 2059 945 2097 suscepto
962 2055 1098 2094 semine,
1123 2064 1253 2097 pepere-

291 2112 332 2143 rit
347 2110 524 2143 masculum
535 2136 542 2149 ,
564 2109 727 2142 immunda
742 2109 802 2141 erit
819 2111 939 2150 septem
954 2108 1075 2140 diebus.
1094 2108 1162 2149 Ipsa
1178 2116 1254 2140 vero

286 2163 419 2205 *triginta
442 2163 544 2195 tribus
567 2162 679 2195 diebus
709 2161 847 2194 manebit
872 2161 903 2193 in
927 2160 1079 2202 sanguine
1103 2159 1254 2201 purifica-

290 2217 383 2249 tionis
407 2225 482 2248 suae
499 2229 529 2247 ».
554 2216 586 2247 ln
611 2216 670 2248 hoc
694 2218 819 2253 autem,
844 2214 928 2256 quod
959 2213 1055 2246 dicit:
1085 2226 1101 2242 α
1119 2213 1167 2251 Si,
1201 2221 1254 2245 su-

291 2273 396 2312 scepto
427 2269 562 2307 semine,
595 2268 753 2310 pepererit
770 2281 801 2306 n,
825 2266 1019 2305 ostenditur,
1053 2266 1137 2308 quod
1162 2266 1253 2299 beata

291 2323 386 2365 Virgo
409 2331 471 2354 non
495 2322 555 2354 fuit
578 2322 620 2354 illi
646 2321 703 2362 legi
730 2320 914 2353 necessitate
939 2320 1097 2358 subiecta,
1123 2319 1177 2352 sed
1194 2319 1254 2351 hn-

292 2376 421 2409 militate
437 2375 594 2408 obediens.
612 2374 790 2408 Bernardus
802 2374 834 2406 ⁵:
854 2387 869 2402 α
882 2374 992 2412 Putas,
1009 2373 1154 2406 dicturus
1171 2373 1258 2414 Moy-K

1313 314 1381 344 ses,
1405 305 1588 343 mulierem,
1611 314 1694 346 quae
1717 305 1889 346 peperisset
1911 305 2105 344 masculum,
2137 305 2274 338 immun-

1308 358 1384 390 dam
1409 366 1494 396 esse,
1519 366 1581 389 non
1609 357 1753 390 timuerit
1776 366 1873 398 super
1896 358 2026 390 Matrem
2050 357 2105 390 Dei
2128 357 2274 399 blasphe-

1313 410 1393 442 miae
1416 409 1535 441 crimen
1560 409 1726 447 inducere,
1750 413 1782 442 et
1810 409 1926 442 idcirco
1957 410 2136 451 praemisit:
2169 419 2275 443 susce-

1313 465 1367 503 pto
1390 462 1507 494 semine
1524 465 1562 493 »⁴2
1588 461 1622 493 Et
1645 465 1737 503 post:
1766 475 1782 490 «ι
1798 462 1896 500 Vere,
1920 471 1939 494 o
1963 462 2053 494 beata
2076 462 2189 504 Virgo,
2212 471 2275 496 non

1311 515 1411 547 habes
1434 524 1580 553 causam,
1605 524 1662 548 nec
1688 515 1742 547 tibi
1766 524 1846 557 opus
1878 518 1925 548 est
1957 515 2184 557 purificatione.
2217 515 2276 548 Sed

1312 568 1458 610 nunquid
1481 568 1546 600 filio
1570 571 1624 600 tuo
1655 577 1735 610 opus
1766 572 1834 600 erat
1865 568 2104 601 circumcisione
2122 571 2157 601 »ἵ
2188 568 2275 601 Unde

1314 623 1417 661 potest
1428 620 1487 653 dici
1501 620 1585 662 quod
1597 620 1679 652 dixit
1691 621 1846 653 Assuerus
1858 620 1980 659 Esther,
1992 620 2113 653 decimo
2125 620 2274 662 quinto⁶:

1320 686 1336 701 α
1348 673 1412 705 Non
1430 677 1559 715 propter
1572 677 1612 712 te,
1626 673 1679 706 sed
1696 683 1754 715 pro
1769 673 1916 706 omnibus
1932 674 1985 706 lex
2001 673 2061 706 ista
2073 673 2173 715 posita
2185 676 2274 706 est».

1405 728 1456 759 52.
1483 727 1642 766 Secundo,
1672 731 1826 769 quantum
1852 726 1891 759 ad
1915 726 2023 759 locum
2046 727 2276 769 desiynatum,
2290 734 2359 757 tonus
2375 735 2430 758 ‹insi-

1315 780 1483 812 subditur:
1516 780 1675 812 Tulei-unt
1706 778 1800 812 illum
1832 780 1868 812 in
1898 780 2100 818 Ierusalem,
2126 783 2162 811 ut
2184 780 2277 812 siste-

1312 837 1388 865 rent
1410 843 1484 865 eum
1512 833 1659 865 Domino.
1686 833 1713 865 ls
1736 833 1819 865 enim
1845 836 1913 865 erat
1936 833 2024 865 locus
2040 833 2159 866 electus
2175 832 2213 866 ad
2225 832 2277 866 ,di-

1315 886 1424 918 vinum
1437 886 1576 925 cultum;
1594 886 1722 919 secundi
1741 886 1996 927 Paralipomenon
2010 889 2101 918 sexto
2114 886 2145 918 ⁷:
2164 898 2179 914 «
2194 886 2277 928 Elegi

1313 939 1499 977 Ierusalem,
1531 943 1567 971 ut
1591 939 1631 972 sit
1654 948 1767 971 nomen
1793 948 1899 972 meum
1923 939 1954 971 in
1979 948 2015 971 ea
2031 952 2061 970 ».
2088 939 2123 971 Et
2154 939 2185 971 in
2218 939 2277 971 hoc

1312 992 1383 1024 loco
1415 995 1525 1033 partus
1548 992 1681 1024 debebat
1704 992 1768 1024 Deo
1792 992 2008 1033 praesentari3
2041 991 2278 1024 Deuteronomii

1315 1045 1436 1077 decimo
1468 1048 1580 1077 sexto:
1611 1045 1757 1077 «Tribus
1788 1045 1910 1077 vicibus
1941 1045 1972 1077 in
2004 1054 2086 1077 anno
2116 1044 2280 1087 apparebit

1316 1106 1408 1130 omne
1438 1098 1648 1130 masculinum
1680 1101 1771 1130 tuum
1803 1098 1834 1130 in
1867 1101 2036 1139 conspectu
2069 1097 2191 1130 Domini
2223 1097 2279 1130 Dei

1316 1150 1381 1189 tui,
1406 1151 1438 1182 111
1462 1150 1547 1189 1000,
1572 1151 1820 1195 quem-elegerit
1844 1150 1995 1183 Dominus
2012 1164 2042 1182 ».

1408 1203 1459 1236 53.
1485 1204 1586 1245 (17013.
1611 1203 1688 1243 23.)
1713 1204 1836 1242 Tertio,
1853 1207 2007 1246 quantum
2025 1203 2063 1236 ad
2081 1204 2279 1236 mandatum

1316 1256 1501 1298 seriptum,
1526 1256 1691 1288 subditur:
1718 1257 1811 1289 Sicut
1833 1256 1997 1299 scriptum
2019 1261 2064 1289 est
2082 1257 2117 1288 iu
2134 1256 2199 1299 lege
2214 1257 2279 1289 Do-

1316 1309 1419 1348 mini,
1445 1309 1526 1352 quia
1542 1319 1636 1341 omne
1652 1309 1893 1348 masculinum,
1911 1309 2111 1351 adaperiens
2126 1309 2277 1348 vulvam,

1317 1367 1472 1395 sanctum
1499 1363 1637 1395 Domino
1660 1362 1854 1401 vocabitu7·,·
1879 1362 1976 1395 Exodi
2000 1362 2278 1396 (1001100101ῐίοὸ;

1323 1430 1337 1444 «
1356 1416 1520 1448 sanctifica
1543 1415 1621 1448 mibi
1646 1425 1738 1448 omne
1769 1416 2033 1458 primogenitum,
2063 1416 2147 1458 quod
2178 1415 2280 1458 aperit

1318 1469 1444 1501 vulvam
1470 1469 1501 1500 in
1525 1468 1598 1501 filiis
1631 1469 1742 1507 lsrael,
1767 1472 1829 1501 tam
1855 1469 1893 1502 de
1918 1469 2099 1502 hominibus
2123 1478 2218 1511 quam
2241 1468 2280 1501 de

1318 1522 1466 1555 iumentis
1482 1536 1512 1554 ».
1538 1522 1597 1554 Sed
1620 1522 1697 1554 illud
1721 1532 1782 1555 non
1815 1522 1939 1555 videtur
1967 1523 2135 1555 convenire
2166 1522 2280 1564 virgini

1318 1576 1449 1614 Mariae,
1474 1584 1555 1617 quae
1579 1578 1626 1608 est
1649 1578 1741 1617 porta
1764 1575 1870 1608 clausa
1893 1578 1965 1608 ante
1989 1579 2115 1617 partum
2147 1579 2179 1608 et
2210 1578 2280 1617 post

1318 1632 1444 1669 partum
1477 1631 1507 1660 et
1539 1628 1570 1660 in
1602 1632 1706 1670 partu.
1741 1628 1776 1659 Et
1800 1627 1869 1660 ideo
1893 1631 1994 1669 potest
2018 1627 2097 1667 dici,
2122 1628 2203 1661 sicut
2227 1636 2279 1660 su-

1318 1680 1401 1722 pra⁹
1424 1680 1542 1713 dictum
1568 1685 1615 1714 est
1637 1681 1675 1713 de
1690 1681 1766 1723 lege
1790 1680 2026 1723 purificationis.
2053 1675 2108 1714 Vel
2125 1684 2210 1714 certe
2226 1681 2280 1714 ad—

1317 1733 1439 1775 apertio
1455 1733 1567 1766 vulvae
1584 1734 1769 1776 intelligitur
1786 1736 1940 1776 quantum
1958 1734 1997 1766 ad
2012 1733 2279 1773 secundationem‚

1317 1796 1379 1818 non
1404 1790 1558 1829 quantum
1582 1787 1619 1820 ad
1645 1787 1773 1820 claustri
1798 1787 2013 1829 apertionem;
2038 1787 2165 1820 Genesis
2196 1787 2280 1829 vige-

1317 1840 1396 1872 simo
1419 1840 1562 1872 nono¹⁰:
1592 1853 1607 1868 «
1624 1840 1754 1882 Aperuit
1776 1840 1928 1873 Dominus
1957 1840 2082 1872 vulvam
2111 1840 2199 1878 Liae,
2231 1848 2280 1873 so-

1318 1902 1390 1926 rore
1414 1893 1482 1926 eius
1506 1893 1604 1926 sterili
1629 1896 1834 1935 permanente
1850 1906 1881 1932 »;
1907 1897 1938 1925 et
1961 1893 2054 1935 primi
2080 1894 2198 1935 Regum
2215 1894 2280 1936 pri-

1317 1956 1368 1979 mo
1382 1959 1389 1978 :
1419 1959 1435 1974 «
1453 1946 1672 1987 Exprobrabat
1695 1947 1821 1979 aemula
1836 1947 1958 1985 Annae,
1975 1947 2060 1988 quod
2076 1946 2281 1980 conclusisset

1317 1999 1469 2032 Dominus
1495 1999 1621 2031 vulvam
1645 1999 1731 2037 eius,
1755 1999 1831 2040 quia
1854 1999 1969 2032 sterilis
1993 2002 2062 2032 erat
2078 2012 2108 2032 ι».

1409 2053 1460 2084 54.
1487 2052 1588 2092 (Vers.
1614 2052 1692 2092 24).
1725 2052 1862 2093 Quarto,
1886 2056 2042 2094 quantum
2066 2053 2105 2085 ad
2133 2053 2280 2095 pretium

1318 2105 1464 2137 oblatum
1488 2105 1706 2138 subinfertur:
1733 2106 1772 2137 Et
1795 2108 1832 2136 ut
1855 2105 1974 2138 darent
1990 2114 2049 2147 pro
2065 2114 2102 2138 eo
2118 2104 2278 2145 hostiam,

1317 2158 1500 2191 secundum
1531 2158 1619 2201 quod
1650 2158 1775 2191 dictum
1806 2162 1852 2190 est
1875 2158 1910 2191 in
1939 2158 2005 2201 lege
2031 2159 2182 2198 Domini,
2211 2169 2281 2201 par

1319 2215 1513 2250 turturum,
1538 2215 1599 2243 aut
1619 2211 1703 2244 duos
1716 2211 1825 2254 pullos
1841 2211 2083 2244 columbarum.
2101 2212 2180 2245 Haec
2195 2212 2280 2245 enim

1316 2268 1386 2297 erat
1397 2264 1513 2297 oblatio
1526 2273 1702 2309 pauperum
1717 2276 1724 2303 ;
1743 2264 1868 2297 Levitici
1885 2264 2071 2297 duodecimo
2085 2266 2128 2297 ¹1:
2147 2277 2163 2294 α
2176 2265 2280 2306 Quod-

1319 2319 1344 2351 si
1376 2327 1438 2350 non
1469 2318 1624 2350 invenerit
1658 2326 1771 2350 manus
1803 2317 1870 2350 eius
1902 2326 1960 2350 nec
1995 2318 2135 2360 potuerit
2165 2318 2279 2351 offerre

1319 2381 1453 2414 agnum,
1478 2374 1583 2404 sumet
1605 2371 1685 2404 duos
1702 2374 1862 2410 turtures,
1879 2371 1927 2404 vel
1944 2370 2025 2404 duos
2041 2371 2144 2413 pullos
2160 2371 2278 2404 colum-

364 2541 371 2555 ¹
395 2542 468 2567 Vers.
490 2542 535 2572 Ὶ10,
554 2544 613 2573 post
632 2548 710 2574 quem
731 2541 856 2572 allegatur
873 2541 920 2572 20,
941 2541 964 2565 8.
978 2554 1013 2559 —
1027 2541 1061 2565 Ex
1081 2539 1132 2566 CD
1151 2540 1254 2571 supple-

292 2586 380 2611 vimus
399 2585 528 2619 quoniam
548 2584 617 2611 diem
635 2585 777 2618 septimam
796 2584 986 2619 sanctificavit,
1007 2584 1035 2610 in
1051 2591 1106 2618 qua
1126 2583 1233 2617 quievit.

363 2628 373 2643 ²
394 2631 468 2655 Vers.
485 2629 527 2655 35.
540 2643 575 2648 —
589 2629 710 2662 Sequitur
730 2630 770 2655 Ps.
790 2630 818 2661 6,
832 2629 908 2655 001113
925 2629 1013 2654 titulus
1032 2628 1178 2654 secundum
1194 2628 1254 2653 Vul-

292 2678 393 2707 gatam:
417 2675 448 2700 Ιη
466 2674 546 2708 (inem
570 2673 597 2699 in
617 2672 797 2705 carminibus,
821 2673 948 2700 Psalmus
962 2673 1061 2704 David,
1078 2680 1131 2706 pro
1149 2674 1253 2699 octava.

292 2721 364 2752 Quae
389 2719 470 2744 verba
489 2720 613 2750 (ii-egon,
633 2718 745 2750 Exposit.
767 2719 791 2743 in
811 2721 911 2750 septem
933 2718 971 2743 es.
993 2717 1206 2749 poenitentiales,
1227 2717 1253 2741 in

292 2771 409 2795 prooem.
432 2764 463 2788 ita
484 2763 607 2795 explicat:
626 2763 680 2788 Pro
700 2764 794 2789 octava
815 2769 878 2787 vero
898 2763 1016 2794 psalmus
1036 2762 1084 2787 iste
1108 2763 1190 2787 sactus
1214 2768 1255 2786 as-

292 2808 398 2837 seritur,
418 2808 477 2839 qui-'1
499 2814 547 2838 pro
567 2806 774 2832 consideratione
800 2808 901 2831 suturae
921 2806 1118 2831 resurrectionis
1143 2806 1254 2831 Domino

292 2853 453 2878 decantatur.
472 2852 556 2877 Omne
576 2851 719 2883 praesentis
740 2851 808 2876 vitae
828 2854 932 2882 tempus
951 2853 1051 2882 septem
1071 2849 1166 2876 diebus
1186 2850 1255 2874 evol-

291 2897 375 2927 vitur,
396 2900 421 2922 ct
439 2897 498 2921 ideo
518 2899 620 2921 aeterna
641 2896 712 2925 dies,
731 2902 800 2927 quae
820 2896 918 2927 expleta
938 2897 1032 2920 horum
1053 2895 1156 2920 dierum
1177 2894 1254 2919 vicis-

291 2941 404 2966 situdine
423 2941 508 2966 sutura
527 2943 578 2970 est,
599 2942 693 2966 octava
713 2943 829 2965 vocatur.
850 2941 879 2965 Et
898 2940 959 2971 quia
980 2946 1027 2971 pro
1046 2939 1254 2965 consideratione

293 2985 399 3010 extremi
421 2984 509 3010 iudicii
535 2984 651 3015 psalmus
671 2984 717 3009 iste
743 2984 901 3014 concinitur,
921 2987 991 3008 recte
1011 2990 1065 3017 pro
1085 2984 1180 3009 octava
1199 2982 1254 3008 inti-

294 3030 396 3054 tulatur.
417 3029 463 3053 Vel
483 3028 544 3060 quia
564 3028 681 3061 sequitur
701 3028 779 3053 tinem
805 3028 915 3053 carnalis
934 3031 959 3052 et
983 3028 1125 3059 spiritualis
1144 3033 1255 3059 genera-

293 3073 382 3103 tionis,
403 3072 462 3098 ideo
487 3075 579 3098 octava
609 3072 703 3098 dicitur
727 3072 934 3098 resurrectionis.
954 3071 1020 3098 Caro
1041 3071 1109 3097 enim
1135 3079 1165 3097 ex
1189 3078 1253 3103 qua-

294 3120 352 3142 tuor
380 3119 480 3142 0003131
508 3116 657 3147 elementis,
686 3116 772 3142 anima
802 3115 885 3141 tribus
914 3119 1050 3147 vegetatur
1075 3115 1182 3141 naturis.
1211 3115 1254 3140 Est

293 3162 361 3186 enim
381 3161 512 3187 rationalis
531 3161 563 3186 ad
577 3161 794 3192 discernendum,
812 3160 1023 3192 concupiscibilis
1036 3160 1068 3185 ad
1089 3160 1198 3185 virtutes
1211 3166 1254 3190 ap-

294 3206 436 3236 petendum
446 3224 453 3235 ‚
466 3205 600 3230 irascibilis
613 3205 646 3230 nd
660 3205 720 3230 vitia
736 3205 941 3230 aversandum...
956 3205 1002 3230 Vel
1016 3205 1163 3230 secundum
1177 3211 1254 3236 quos-

295 3249 355 3274 dam
375 3250 469 3275 octava
494 3249 600 3281 dicitur,
620 3249 681 3282 quia
707 3250 825 3282 sequitur
849 3256 894 3274 sex
914 3252 1010 3274 aetates
1031 3249 1054 3274 in
1081 3250 1130 3275 hoe
1149 3248 1253 3274 saeculo

294 3292 454 3323 viventium,
469 3296 494 3318 et
507 3293 646 3324 septimam
665 3294 853 3319 dormientium
867 3293 1022 3319 iustorum...
1042 3293 1169 3326 Loquitur
1189 3299 1252 3323 ergo

295 3337 318 3361 in
340 3338 389 3362 hoc
407 3337 508 3368 psalmo
527 3337 610 3363 fidelis
629 3337 728 3369 31111113,
748 3341 869 3363 octavam
888 3337 970 3370 illam,
991 3337 1017 3363 id
1038 3340 1076 3363 est
1095 3337 1165 3363 diem
1191 3337 1253 3362 iudi-

295 3381 326 3406 cii
347 3381 507 3406 tremendam
528 3381 697 3407 considerans
717 3385 766 3407 etc.
784 3381 835 3407 Ctr.
855 3382 977 3413 August„
997 3382 1150 3407 Εο3113ῑ.11]
1170 3382 1211 3407 Ps.
1228 3382 1251 3406 6.

1318 2546 1342 2564 0.
1364 2539 1388 2563 l.
1409 2544 1477 2570 seq.,
1498 2536 1542 2562 ubi
1569 2538 1631 2562 11300
1651 2537 1728 2562 simili
1754 2537 1834 2563 modo
1858 2540 2030 2569 exponuntur.
2052 2551 2087 2556 —
2106 2537 2213 2562 Interius
2232 2543 2280 2568 pro

1319 2582 1389 2609 unde
1403 2584 1428 2608 at
1441 2582 1581 2614 psalmus,
1602 2581 1649 2616 qui
1667 2584 1706 2608 est
1719 2581 1750 2608 de
1763 2581 1882 2608 transitu
1895 2581 1933 2607 ad
1944 2581 2062 2615 yloriam
2076 2581 2134 2607 Vat.
2152 2580 2216 2615 qnia
2228 2581 2281 2607 erit

1318 2626 1350 2653 de
1368 2626 1485 2653 transitu
1514 2626 1596 2653 huius
1615 2626 1684 2653 vitae
1708 2626 1745 2652 ad
1765 2626 1884 2660 gloriam
1901 2633 2060 2659 supernam.
2089 2624 2205 2651 Subinde
2231 2633 2279 2658 pro

1318 2670 1473 2697 intitulatur
1494 2670 1619 2697 Psalmus
1638 2670 1657 2697 C
1677 2670 1831 2697 intitulatus
1850 2669 1974 2704 specialis
1995 2670 2051 2702 (FG
2067 2669 2186 2703 populus
2197 2670 2228 2701 l).

1390 2714 1400 2729 ³
1422 2716 1495 2741 Vers.
1515 2716 1563 2747 25;
1583 2716 1656 2741 tertia
1677 2715 1787 2741 liabetur
1807 2722 1832 2740 v.
1852 2715 1902 2740 39:
1929 2715 1964 2741 Et
1983 2716 2015 2740 ut
2033 2714 2207 2748 perfecerunt
2224 2721 2281 2741 om-

1318 2761 1365 2787 nia
1384 2765 1432 2786 etc.

1390 2804 1400 2818 ⁴
1422 2805 1494 2830 Vers.
1515 2806 1540 2830 2.
1566 2808 1592 2830 et
1610 2804 1635 2830 4.
1654 2819 1689 2824 —-
1710 2805 1768 2830 Post
1793 2803 1877 2837 leyem
1896 2803 1984 2837 Moysi
2009 2804 2065 2829 Vat.
2095 2803 2168 2829 addit
2191 2802 2219 2829 id
2242 2805 2282 2831 est

1319 2848 1503 2882 quadraginta
1522 2848 1636 2875 dierum.

1389 2892 1400 2907 ⁶
1420 2895 1504 2919 Serm.
1524 2895 1548 2919 3.
1567 2894 1601 2919 de
1620 2894 1748 2919 Puriticat.
1769 2894 1796 2918 B.
1818 2893 1925 2924 Mariae,
1941 2900 1966 2918 n.
1988 2893 1997 2918 ’1
2011 2901 2016 2917 :
2032 2893 2108 2918 Putas
2122 2892 2205 2925 enim,
2218 2893 2279 2925 (1013

1319 2938 1436 2963 dicturus
1456 2938 1557 2969 Moyses
1579 2938 1730 2967 mulierem,
1749 2944 1817 2970 (1030
1831 2936 1976 2969 peperisset
1996 2936 2090 2968 sslium,
2115 2936 2279 2962 immundam

1319 2989 1388 3013 esse,
1408 2989 1458 3008 non
1474 2982 1587 3008 timuerit
1600 2989 1679 3014 super
1693 2982 1799 3007 Matrem
1821 2981 1923 3006 Domini
1938 2981 2115 3012 blasphemiae
2129 2981 2227 3006 crimen
2242 2981 2280 3006 in-

1319 3032 1424 3051 currere
1443 3029 1468 3051 et
1487 3026 1584 3051 idcirco
1604 3025 1770 3058 praemiserit
1794 3026 1916 3058 suscepto
1935 3023 2054 3050 semine?
2080 3023 2174 3056 (Codd.
2199 3024 2279 3049 nostri

1312 3069 1477 3103 praemisit).
1498 3069 1562 3096 lbid.
1582 3077 1607 3096 n.
1628 3071 1653 3096 2.
1673 3069 1783 3095 liabetur
1802 3077 1857 3102 seq.
1876 3068 2012 3094 sententia.

1390 3112 1401 3127 ⁰
1420 3115 1494 3140 Vers.
1516 3115 1563 3145 13,
1583 3114 1607 3139 in
1628 3114 1703 3139 cuius
1722 3114 1782 3139 tlne‘
1794 3114 1905 3145 Vulgata
1926 3112 1991 3139 llaec
2011 3111 2055 3138 lem
2074 3111 2219 3138 constituta
2232 3112 2278 3137 est.

1389 3157 1398 3172 ⁷
1421 3159 1493 3185 Vers.
1514 3160 1539 3185 6.
1552 3173 1586 3178 -
1601 3158 1718 3184 Subinde
1736 3159 1863 3189 allegatur
1880 3158 1954 3182 Deut.
1975 3157 2021 3188 16,
2042 3157 2088 3188 16,
2101 3155 2146 3181 ubi
2167 3155 2277 3187 Vulgata

1314 3210 1365 3236 per
1383 3210 1488 3229 annum
1508 3210 1556 3236 pro
1576 3203 1604 3228 in
1623 3209 1704 3229 anno.

1393 3246 1403 3261 ⁸
1419 3248 1493 3274 Vers.
1512 3249 1537 3273 2.
1556 3261 1591 3266 —
1611 3247 1718 3272 inferius
1736 3246 1874 3278 respicitur
1894 3247 1985 3271 Ezecli.
2006 3244 2054 3274 44,
2075 3245 2104 3269 2:
2125 3244 2200 3270 Porta
2214 3245 2279 3270 11300

1318 3293 1404 3318 clausa
1424 3293 1473 3318 erit
1490 3295 1540 3318 etc.
2110 3287 2121 3302 ⁹
2140 3289 2217 3314 Num.
2236 3289 2279 3314 51.

1389 3335 1411 3351 ¹⁰
1431 3337 1505 3362 Vers.
1525 3336 1574 3367 31,
1593 3339 1653 3368 post
1671 3342 1751 3368 quem
1771 3334 1890 3368 sequitur
1909 3334 1926 3360 l.
1946 3335 2009 3365 [leg.
2035 3333 2061 3365 1,
2080 3333 2105 3358 6.

1389 3380 1409 3395 ¹¹
1432 3381 1505 3406 Vers.
1526 3381 1550 3405 Β.

2318 763 2403 789 gnatus.

2298 1212 2419 1233 Mandatum

2305 1239 2415 1266 seriptum.

2299 2060 2394 2082 Pretium
2407 2060 2440 2082 ob·

2332 2087 2404 2109 latum.
