2476 3921
159 1583 200 1604 Pro
217 1582 291 1604 incita-

167 1612 238 1630 mento
254 1609 281 1629 ad

153 1636 229 1657 orandi
244 1635 297 1656 sidn-

165 1663 220 1683 ctam
235 1662 285 1682 insi-

180 1691 273 1709 nuautur

199 1715 250 1735 dno.

166 2007 244 2031 Primo,
259 2006 285 2027 de

161 2034 291 2055 liberalitate

147 2060 215 2088 patris
224 2066 298 2081 carua-

183 2087 209 2108 lis
223 2087 272 2108 tria.

189 2332 292 2354 Primum.

306 272 370 304 286

301 361 349 393 Et
374 359 434 403 qui
455 357 585 402 quaerit
609 357 748 395 invenit,
773 356 799 389 si
824 359 926 388 tamen
951 354 1051 387 debite
1074 358 1103 386 et
1126 354 1263 395 (liliyen-
1287 359 1289 362 ⁴

307 417 356 445 ter
379 414 524 454 quaerat,
549 409 722 443 secundum
746 409 824 441 illud
847 407 1080 440 Deuteronomii
1105 410 1219 448 quarto
1233 407 1262 438 ¹:

312 466 421 497 «Cum
454 463 627 506 quaesieris
659 462 827 494 Dominum
858 461 957 493 Deum
982 463 1091 498 tuum,
1124 459 1265 491 invenies

306 527 398 557 eum;
423 518 448 550 si
472 520 576 550 tamen
609 520 673 548 toto
709 515 802 547 eorde
834 514 1007 556 quaesieris
1037 521 1110 545 eum
1137 516 1168 544 et
1200 515 1264 546 tofa

308 570 509 603 tribulatione
531 569 653 601 animae
677 571 749 600 tuae
766 579 800 605 1>;
829 570 860 599 et
892 566 984 608 primi
1010 565 1264 606 Paralipomenon

307 623 457 665 vigesimo
479 626 604 655 octavo:
634 634 649 649 α
667 621 696 653 Si
721 619 895 662 quaesieris
918 619 1033 657 Deum,
1057 618 1214 656 invenies;
1239 616 1265 649 si

307 680 413 709 autem
443 674 665 716 dereliqueris,
689 673 831 715 proiiciet
854 677 884 704 te
916 672 945 704 in
970 675 1133 704 aeternum
1151 684 1181 702 υ.
1207 669 1266 702 Sed

307 729 403 771 aliqui
427 727 595 770 aliquando
619 736 680 759 non
711 726 815 758 debite
846 728 1003 767 quaerunt
1018 750 1025 762 ,
1057 727 1088 756 et
1112 723 1180 755 ideo
1204 732 1266 754 non

307 782 487 819 inveniunt;
513 780 597 812 unde
612 779 691 812 Osee
714 778 864 820 quint02:
895 791 910 806 α
929 778 958 809 ln
983 777 1132 818 gregibus
1155 776 1220 808 suis
1236 778 1268 807 et

308 835 339 867 in
355 834 506 867 armentis
529 833 642 865 vadent
665 832 702 864 ad
727 831 942 873 quaerendum
960 830 1125 862 Dominum
1150 832 1181 861 et
1205 838 1267 860 non

308 888 467 920 invenient
480 899 515 925 »;
532 890 563 919 et
580 887 638 918 hoc
662 889 723 923 est,
740 885 814 926 qnia
838 884 872 916 in
889 883 1049 916 armentis
1073 882 1267 924 quaerebant

307 942 430 983 ipsum;
454 940 575 972 loannis
598 938 747 979 septimo:
778 951 793 965 «
809 937 973 978 Quaeretis
998 945 1063 974 me,
1088 939 1119 968 et
1142 945 1203 967 non
1221 935 1267 967 in-

308 993 438 1026 venietis
456 1006 489 1031 n,
515 992 589 1033 quia
613 991 695 1022 mala
718 989 888 1022 intentione
912 989 1119 1030 quaerebant,
1144 991 1180 1020 ut
1197 996 1267 1029 per-

307 1047 427 1079 derent.
451 1065 491 1068 —
519 1046 557 1077 Et
576 1043 730 1086 pulsanti
759 1042 948 1084 aperietur,
973 1042 996 1074 si
1031 1042 1133 1083 pulset
1164 1041 1267 1073 inees-

306 1102 420 1131 santer
445 1107 547 1141 usque
570 1097 605 1129 in
620 1096 738 1137 finem,
763 1094 935 1127 secundum
953 1094 1028 1126 illud
1053 1094 1197 1126 Matthaei
1214 1093 1267 1126 de-

307 1152 431 1185 cimo³:
468 1150 558 1191 «Qui
591 1148 840 1191 perseveraverit
871 1156 972 1189 usque
1005 1147 1035 1179 in
1071 1147 1184 1186 finem,
1216 1146 1267 1180 hic

307 1205 413 1237 salvus
436 1204 497 1236 erit
517 1217 546 1234 ».
573 1202 636 1234 Tali
670 1201 812 1243 aperitur
836 1201 950 1233 ostium
975 1200 1110 1242 gloriae,
1134 1200 1173 1232 de
1204 1209 1268 1241 qua

307 1256 505 1299 Apocalypsis
529 1255 710 1288 undecimo:
740 1268 755 1283 «
781 1256 928 1296 Apertum
957 1257 1004 1286 est
1028 1253 1180 1295 templum
1212 1253 1266 1285 Dei

307 1311 338 1343 in
372 1310 507 1347 caelo»;
541 1314 571 1341 et
602 1308 800 1350 Apocalypsis
831 1311 962 1349 quarto:
993 1307 1118 1345 «Ecce,
1150 1306 1267 1339 ostium

307 1366 451 1405 apertum
476 1366 523 1394 est
547 1362 577 1394 in
602 1361 687 1394 caelo
705 1375 734 1392 ι).
760 1361 820 1392 Hoc
837 1360 1012 1402 aperietur,
1037 1359 1162 1401 quando
1185 1359 1268 1391 dice-

307 1421 360 1449 tur
385 1416 462 1448 illud
486 1415 631 1448 Matthaei
662 1414 812 1456 vigesimo
836 1414 963 1456 quinto:
994 1426 1008 1441 a
1035 1413 1157 1452 Venite,
1175 1413 1268 1445 bene-

307 1470 396 1508 dicti,
421 1469 575 1511 possidete
591 1482 606 1497 n
635 1471 693 1501 etc.

397 1524 449 1555 29.
476 1522 558 1562 Quis
582 1525 690 1553 autem
705 1521 718 1539 ⁴
742 1531 781 1553 ex
805 1519 895 1552 vobis
918 1524 976 1553 etc.
1002 1521 1071 1553 Post
1087 1520 1269 1552 incitamen-

310 1578 377 1607 tum
402 1574 441 1607 ad
464 1574 613 1606 orationis
634 1573 841 1615 frequentiam
872 1573 978 1605 subdit
1006 1573 1056 1606 hic
1076 1573 1269 1605 incitamen-

310 1633 381 1661 tum
397 1627 442 1659 ad
458 1626 620 1659 orationis
635 1626 816 1668 fiduciam,
836 1630 867 1658 et
884 1627 942 1658 hoc
959 1626 1150 1659 ostendendo
1169 1629 1271 1659 osten-

309 1681 354 1713 dit
375 1680 603 1713 liberalitatem
620 1680 650 1711 in
672 1679 735 1711 Deo
756 1679 845 1711 Patre
865 1688 922 1711 nos
945 1679 1142 1711 exaudiente.
1162 1679 1192 1711 ln
1210 1679 1270 1711 hac

310 1742 385 1774 ergo
409 1736 497 1774 parte
523 1732 624 1773 primo
648 1732 794 1773 proponit
817 1731 1032 1764 liberalitatem
1054 1732 1166 1773 patris
1193 1741 1269 1764 car-

309 1785 398 1818 nalis
423 1787 568 1826 respectu
592 1784 664 1822 lilii;
697 1783 835 1816 secundo
862 1784 1019 1816 concludit
1050 1784 1268 1816 liberalitatem

311 1838 428 1871 Patris
451 1837 598 1870 caelestis
622 1841 767 1879 respectu
790 1837 907 1875 nostri,
932 1837 973 1869 ibi
987 1838 1017 1869 ⁵:
1044 1837 1081 1869 Si
1096 1847 1173 1880 erqo
1195 1847 1269 1876 vos,

311 1903 387 1925 eam
411 1892 485 1924 sitis
510 1891 594 1924 mali
615 1894 672 1923 etc.

399 1944 642 1977 Liberalitatem
659 1946 764 1975 autem
787 1942 899 1985 patris
915 1942 1065 1975 earnalis
1088 1943 1223 1976 ostendit
1239 1944 1270 1976 in

311 1997 591 2031 communicatione
615 1996 674 2029 cibi
707 2005 778 2028 cum
804 1996 926 2028 cautela
957 1996 1124 2035 contrarii,
1148 2000 1180 2029 et
1212 1997 1270 2029 hoe

312 2050 484 2084 secundum
509 2050 664 2091 triplicem
688 2049 894 2082 differentiam
920 2049 1121 2081 nutrimenti:
1145 2052 1201 2081 aut
1217 2059 1272 2081 na-

311 2108 402 2137 turae
426 2108 567 2141 terreae,
590 2106 646 2135 aut
662 2112 801 2146 aqueae,
825 2105 880 2134 aut
897 2105 1021 2134 aereae.
1049 2102 1185 2134 Primum
1203 2111 1271 2144 spe-

312 2161 375 2190 ctat
397 2157 436 2189 ad
459 2156 660 2198 vegetabilia;
685 2155 874 2194 secundum,
898 2155 937 2187 ad
954 2155 1109 2194 natatilia;
1128 2155 1272 2194 tertium,

311 2210 350 2242 ad
374 2210 519 2243 volatilia.

402 2263 454 2296 30.
475 2263 575 2304 (Vers.
597 2264 646 2295 11.
663 2265 695 2295 et
714 2262 788 2301 12).
805 2262 963 2303 Quantum
982 2261 1077 2303 igitur
1094 2261 1131 2293 ad
1146 2261 1274 2303 petitio-

311 2326 386 2349 nem
408 2315 543 2358 fractas
566 2315 793 2358 veyetabilium
818 2315 914 2348 dicit:
941 2315 1023 2356 Quis
1037 2325 1076 2347 ex
1100 2314 1191 2347 vobis·
1210 2324 1274 2357 pa-

313 2374 396 2402 trem
410 2369 488 2411 petit
508 2378 647 2411 panem,
664 2369 700 2401 ad
720 2369 940 2406 refectionem,·
957 2368 1110 2411 nunquid
1131 2367 1275 2409 lapidem

313 2422 404 2455 dabit
421 2422 489 2455 illi?
506 2422 623 2455 scilicet
639 2422 677 2454 ad
694 2422 870 2455 laesionem.
886 2421 1030 2454 Homines
1045 2421 1127 2454 enim
1142 2421 1275 2463 panibus

910 266 1103 304 COMMENT.
1128 265 1164 297 IN
1188 263 1426 298 EVANGELIUM
1450 262 1567 295 LUCAE
1591 262 1624 294 C.
1648 262 1695 293 xl.

1327 354 1554 389 sustentantur,
1571 349 1744 383 secundum
1759 349 1835 381 illud
1852 349 1962 381 Psalmi
1975 349 2004 380 ⁶:
2027 361 2042 377 «
2055 348 2144 381 Panis
2160 356 2214 381 cor
2230 348 2286 380 ho-

1327 405 1420 437 minis
1445 404 1609 437 confirmat
1626 415 1660 441 n;
1688 402 1742 435 sed
1772 402 1926 444 lapidibus
1950 402 2147 439 obruuntur,
2176 410 2286 434 secun-

1326 458 1402 491 dum
1428 457 1503 490 illud
1533 456 1678 489 Matthaei
1704 455 1852 497 vigesimo
1881 455 1998 496 primoz
2025 468 2040 482 «
2057 454 2115 496 Qui
2141 454 2288 487 ceciderit

1328 520 1423 553 super
1447 510 1580 552 lapidem
1605 510 1700 542 istum
1728 508 1960 549 confringetur,
1985 516 2081 549 super
2112 516 2207 549 quem
2231 516 2286 539 au-

1328 567 1391 596 tem
1415 562 1579 601 ceciderit,
1604 564 1744 596 conteret
1767 569 1839 593 eum
1857 574 1888 592 n.
1914 579 1954 583 -
1979 560 2136 601 Quantum
2153 560 2191 592 ad
2205 560 2287 602 peti-

1329 616 1448 648 tionem
1478 614 1671 651 natatilium
1703 613 1826 646 subdit:
1861 615 1927 644 Aut
1955 613 2098 654 voza-cem,
2134 613 2287 656 nunquid

1327 679 1391 710 pro
1420 669 1509 710 pisce
1539 671 1719 709 serpentem
1748 666 1841 698 dabit
1872 665 1943 698 illi?
1976 666 2119 698 Homines
2151 666 2288 707 piscibus

1331 722 1535 759 reficiuntur;
1560 720 1643 752 unde
1674 720 1754 752 infra
1785 719 1945 751 ultimo⁷:
1975 732 1990 747 «
2013 719 2136 752 Habetis
2160 719 2210 752 hic
2233 720 2289 752 ali-

1330 775 1424 817 quid,
1449 774 1533 816 quod
1558 773 1788 805 manducetur?
1812 774 1847 804 At
1872 772 1913 804 illi
1943 772 2127 804 obtulerunt
2157 772 2184 805 ei
2217 782 2289 814 par-

1332 831 1392 860 tem
1420 827 1513 868 piscis
1543 826 1602 859 assi
1628 829 1659 858 et
1689 826 1793 858 favum
1820 825 1920 858 mellis
1941 837 1976 865 »,;
2006 825 2059 857 sed
2091 817 2289 867 serpentibus

1330 880 1539 918 occiduntur;
1565 880 1647 912 unde
1664 879 1873 912 Numerorum
1892 879 2041 920 vigesimo
2058 879 2173 920 primo:
2199 893 2214 908 «
2232 880 2289 912 lm-

1331 934 1415 966 misit
1438 933 1590 965 Dominus
1614 933 1644 964 in
1671 933 1822 974 populum
1846 932 1959 973 ignitos
1983 936 2145 973 serpentes
2160 947 2192 972 »,
2216 942 2291 975 quo-

1331 995 1403 1018 rum
1428 986 1544 1018 scilicet
1569 985 1727 1017 morsibus
1751 985 1976 1017 moriebantur.
2001 1003 2046 1007 ——
2069 985 2226 1026 Quantum
2251 986 2290 1018 ad

1327 1039 1517 1081 petitionem
1543 1038 1678 1081 fractus
1701 1038 1886 1070 volatilium
1911 1038 2075 1071 subditur:
2102 1040 2171 1071 Aut
2192 1040 2223 1071 si
2235 1049 2290 1081 pe-

1331 1093 1419 1125 tierit
1451 1102 1568 1131 ovum,
1601 1092 1719 1124 scilicet
1742 1092 1771 1123 in
1805 1092 1928 1129 cihuin;
1961 1092 2114 1134 nunquid
2141 1093 2292 1135 porriyet

1332 1146 1382 1178 illi
1396 1145 1625 1187 sem-pionem?
1650 1146 1680 1177 in
1695 1145 1707 1164 Β
1725 1154 1890 1178 venenum.
1911 1145 1977 1177 Ova
1993 1145 2074 1177 enim
2098 1149 2290 1185 sustentant,

1332 1199 1385 1232 sed
1409 1199 1590 1240 scorpiones
1613 1202 1742 1236 necant,
1767 1198 1848 1230 sicut
1873 1198 2034 1231 manifeste
2061 1198 2173 1240 probat
2195 1208 2292 1241 expe-

1332 1253 1453 1285 rientia.
1480 1253 1558 1284 Haec
1578 1252 1704 1294 quidem
1723 1251 1761 1284 ad
1786 1252 1920 1284 litteram
1947 1255 2021 1284 sunt
2045 1252 2136 1293 plana
2152 1256 2183 1284 et
2206 1252 2292 1284 sirni-

1332 1305 1431 1338 litudo
1455 1314 1495 1338 ex
1520 1306 1569 1338 his
1592 1308 1741 1338 assumta.

1422 1359 1473 1391 31.
1493 1359 1670 1392 Secundum
1687 1358 1898 1400 spiritualem
1921 1362 2026 1391 autem
2046 1358 2292 1401 intelliyentiam

1331 1412 1426 1444 datur
1449 1412 1577 1453 intelligi
1603 1412 1671 1450 hic,
1691 1412 1773 1454 qaid
1797 1412 1974 1453 petendum.
1992 1412 2078 1444 Unde
2101 1413 2293 1455 Augustinus

1333 1464 1370 1497 ad
1396 1464 1525 1496 Probam
1560 1463 1599 1496 de
1630 1463 1755 1496 Orando
1787 1464 1876 1496 Deo⁹
1907 1464 1999 1503 dicit,
2034 1465 2118 1506 quod
2150 1465 2181 1497 in
2203 1465 2293 1507 pisce

1333 1517 1428 1555 fides,
1456 1517 1487 1548 in
1512 1526 1570 1548 ooo
1594 1526 1682 1558 spes,
1707 1517 1738 1548 in
1768 1527 1856 1558 pane
1879 1520 1983 1550 autem
2015 1518 2129 1550 caritas
2151 1517 2293 1559 designa-

1334 1574 1397 1602 tur.
1415 1589 1458 1593 —
1475 1570 1567 1602 Recte
1591 1579 1727 1612 namque
1744 1571 1891 1611 petitione
1913 1571 2015 1612 panis
2039 1571 2224 1613 intelligitur
2241 1580 2292 1613 pe-

1334 1623 1402 1656 titio
1414 1622 1588 1660 caritatis;
1605 1623 1687 1655 unde
1704 1623 1895 1665 Augustinus
1912 1624 1951 1655 ¹0:
1975 1636 1990 1652 ι(
2005 1623 2124 1656 Caritas
2142 1624 2172 1656 in
2186 1633 2293 1666 pane,-

1333 1677 1432 1709 maior
1456 1675 1540 1708 enim
1564 1676 1703 1708 omnium
1729 1676 1883 1708 bonorum
1909 1680 1956 1709 est
1983 1677 2116 1716 caritas,
2140 1680 2172 1709 et
2195 1677 2226 1709 in
2250 1653 2318 1710 ei-2

2312 1572 2354 1593 Pei·

2306 565 2431 590 secundum.

2309 988 2411 1011 Tertium.

2320 1359 2428 1387 Expositis

2311 1387 2434 1414 spiritualis.

2317 1577 2439 1628 maizi&

2319 1628 2395 1646 cai-uas
2409 1625 2434 1646 ob

2320 1652 2414 1678 riplicem
2423 1657 2446 1673 u

2336 1679 2421 1700 tionem.

1333 1730 1382 1762 bis
1405 1729 1501 1762 vincit
1525 1732 1629 1761 cetera
1660 1729 1749 1770 panis
1780 1729 1944 1762 utilitas».
1973 1730 2043 1768 Vel,
2076 1730 2150 1772 quia
2181 1730 2295 1763 caritas
2342 1731 2349 1735 '

1333 1783 1372 1816 ad
1396 1782 1524 1815 modum
1550 1782 1638 1824 panis
1662 1782 1763 1814 nutrit.
1786 1786 1818 1814 et
1841 1783 2023 1820 confirmat;
2048 1783 2131 1816 unde
2155 1783 2294 1817 Cantico-

1335 1845 1407 1869 rum
1431 1835 1543 1868 ultimo
1557 1836 1599 1867 11;
1629 1848 1644 1863 «
1662 1836 1761 1868 Fortis
1785 1840 1831 1868 est
1860 1839 1896 1868 ut
1919 1845 2004 1868 mors
2020 1836 2143 1869 dilectio
2160 1848 2194 1876 »;
2212 1837 2296 1870 unde

1335 1890 1570 1922 Sacramentum
1595 1889 1733 1921 caritatis
1752 1889 1886 1921 traditur
1909 1889 1940 1921 in
1965 1889 2066 1930 specie
2090 1889 2188 1931 panis.
2221 1890 2294 1929 Vel,

1335 1942 1409 1984 quia
1433 1942 1499 1974 sine
1523 1950 1602 1983 pane
1626 1945 1673 1974 est
1695 1942 1796 1974 omnis
1821 1951 1928 1975 mensa
1952 1952 2067 1981 vacua3
2093 1943 2137 1975 sic
2157 1946 2187 1975 et
2203 1952 2295 1977 omne

1335 2004 1389 2028 cor
1412 1995 1532 2036 absque
1555 1994 1700 2033 caritate3
1726 1994 1809 2027 unde
1833 1995 1952 2036 primae
1975 1995 2013 2028 ad
2037 1996 2215 2029 Corinthios
2241 1997 2295 2030 de-

1336 2049 1416 2081 cimo
1433 2048 1526 2081 tertio
1540 2047 1583 2080 1²:
1610 2060 1625 2076 α
1643 2047 1672 2079 Si
1690 2048 1849 2080 caritatem
1872 2058 1931 2081 non
1950 2049 2096 2088 habeam,
2114 2050 2190 2082 nihil
2208 2059 2294 2090 sum,

1336 2106 1367 2135 et
1388 2101 1467 2134 nihil
1500 2101 1576 2133 mihi
1608 2101 1789 2143 prodest».
1821 2114 1836 2129 «
1860 2102 1951 2140 Huic,
1984 2106 2017 2134 ut
2046 2102 2121 2135 dicit
2151 2104 2296 2145 Augusti-

1336 2164 1397 2188 nus
1411 2155 1448 2194 ¹³,
1479 2154 1649 2196 opponitur
1674 2154 1778 2196 lapis,
1809 2154 1884 2196 quia
1914 2155 2009 2187 corda
2038 2156 2119 2188 dura
2141 2160 2296 2198 respuunt

1337 2208 1498 2242 caritatem
1514 2221 1544 2240 ».
1570 2207 1655 2240 Unde
1678 2207 1709 2240 in
1743 2207 1843 2249 lapide
1867 2207 1998 2240 duritia
2021 2208 2220 2251 designatur,
2248 2208 2320 2243 se-¹

1337 2262 1475 2295 cundum
1501 2261 1578 2294 illud
1603 2261 1771 2293 Ezechielis
1794 2261 1953 2302 trigesimo
1976 2265 2084 2294 sexto:
2114 2275 2130 2291 α
2150 2263 2295 2296 Auferam

1338 2324 1392 2347 cor
1417 2315 1573 2356 lapideum
1597 2314 1635 2347 de
1659 2323 1752 2346 carne
1773 2318 1878 2346 vestra
1907 2318 1939 2347 et
1965 2314 2045 2347 dabo
2070 2315 2157 2348 vobis
2173 2329 2188 2344 n
2217 2320 2294 2356 etc.;

1338 2371 1369 2400 et
1403 2368 1503 2400 Lucae
1539 2367 1649 2400 tertio:
1684 2380 1700 2396 «
1724 2367 1834 2400 Potens
1868 2371 1915 2400 est
1949 2368 2033 2401 Deus
2067 2369 2106 2401 de
2142 2369 2296 2411 lapidibus

1338 2420 1407 2453 istis
1422 2434 1437 2449 »
1467 2423 1525 2453 etc.

315 2626 328 2644 a
349 2618 530 2650 praesentibus
549 2619 627 2644 huius
645 2619 714 2645 vitae
733 2619 826 2653 rebus,
851 2627 931 2653 quam
952 2620 1038 2645 miseri
1061 2620 1174 2650 erinnis,
1193 2620 1215 2645 si
1235 2620 1274 2645 illa

314 2666 436 2695 petamus
453 2670 467 2688 a
488 2663 557 2695 Deo,
575 2670 643 2696 quae
662 2664 683 2688 si
703 2663 859 2696 habeamus,
880 2665 920 2690 ille
938 2664 1012 2690 iussit
1030 2663 1155 2695 abiicere,
1181 2667 1208 2689 ut
1228 2671 1275 2689 nos

315 2714 330 2732 a
349 2707 419 2732 curis
438 2706 546 2738 eximam
565 2710 591 2732 et
609 2707 630 2732 si
650 2714 718 2739 quae
744 2708 784 2732 ille
803 2711 892 2739 petere
911 2708 996 2739 iussit,
1016 2709 1084 2733 nullo
1104 2708 1184 2733 inodo
1204 2714 1276 2733 cure-

316 2758 390 2781 mus,
409 2751 490 2776 immo
509 2758 542 2776 ne
561 2751 699 2782 cupiamus
718 2752 845 2783 quidem?
861 2766 896 2771 —
910 2753 957 2778 Pro
973 2753 1098 2786 praestat
1116 2753 1142 2777 G·
1154 2754 1275 2785 praesta-

317 2793 366 2826 bit,
388 2797 413 2820 et
432 2802 480 2826 pro
495 2794 634 2827 praecepit
652 2795 671 2819 G
683 2795 703 2819 11
720 2795 860 2828 praecipit.

387 2838 395 2854 ¹
419 2839 493 2864 Vers.
512 2839 560 2868 29,
581 2841 640 2870 post
657 2845 737 2870 quern
758 2840 775 2864 l.
794 2839 902 2871 Paralip.
924 2841 970 2870 28,
990 2840 1019 2870 9,
1040 2840 1097 2871 (err.
1117 2840 1142 2865 ll.
1159 2839 1206 2870 15,
1226 2840 1274 2871 2.).

388 2881 399 2896 ²
420 2883 494 2908 Vers.
512 2883 537 2908 6.
557 2886 582 2908 et
595 2882 691 2908 deinde
710 2883 778 2908 loan.
797 2883 827 2914 7,
848 2883 889 2909 34.
905 2898 937 2902 —
952 2884 1079 2915 Superius
1098 2883 1209 2909 vocibus
1221 2889 1275 2909 non

317 2926 458 2952 inveniunt
475 2926 616 2953 ACDEG
636 2927 792 2952 interserunt
816 2926 912 2959 debile,
932 2928 989 2953 Vat.
1014 2927 1100 2954 debila
1120 2928 1148 2960 (F
1160 2928 1180 2952 ll
1201 2928 1275 2953 omit-

318 2972 376 2996 tunt
391 2969 495 3001 debite).

389 3012 400 3027 ³
421 3015 493 3039 Vers.
514 3015 557 3040 22.
576 3028 609 3032 -
629 3015 694 3040 Tres
712 3022 785 3047 seqq.
809 3015 856 3041 loci
879 3018 938 3041 sunt
960 3016 1040 3047 Apoc.
1064 3017 1109 3047 11,
1135 3016 1177 3041 19.
1199 3019 1225 3041 et
1245 3015 1275 3046 4,

321 3057 344 3088 1;
365 3058 452 3083 Matth.
471 3058 518 3088 25,
537 3058 578 3083 34.
593 3059 684 3084 Glossa
703 3057 845 3084 ordinaria
866 3059 891 3084 in
905 3060 989 3084 lllatth.
1009 3060 1039 3090 7,
1058 3060 1086 3084 8:
1101 3060 1132 3085 Ut
1151 3059 1275 3091 praebeat

319 3096 489 3126 constantiam
510 3102 709 3134 perseverandi,
729 3102 890 3134 diligentiam
910 3103 1067 3136 quaerendi,
1087 3103 1210 3129 fiduciam
1230 3103 1276 3128 im·

320 3145 454 3177 petrandi;
473 3146 559 3171 addit:
581 3145 674 3172 Omnis
694 3145 780 3178 enim,
800 3145 847 3179 qui
862 3146 939 3179 petit,
953 3147 1049 3180 accipit
1061 3151 1109 3172 etc.
1125 3148 1208 3179 Supra
1228 3148 1276 3173 do-

320 3189 385 3220 cuit,
404 3189 469 3222 quid
488 3193 622 3221 petamus,
641 3197 753 3222 regnum
773 3191 882 3221 seilicet;
908 3191 948 3217 hic
967 3192 1167 3222 confldentiam,
1194 3195 1222 3217 ut
1240 3192 1275 3217 ni-

321 3233 356 3258 hil
376 3234 531 3258 haesitantes
550 3237 678 3265 petamus.
697 3235 751 3260 Non
771 3234 884 3266 denegat
896 3242 925 3260 se
944 3235 1104 3267 petentibus,
1123 3236 1168 3268 qui
1182 3240 1276 3268 sponte

321 3276 414 3303 obtulit
426 3284 454 3302 se
473 3284 525 3303 non
540 3278 701 3309 petentibus,
721 3281 747 3304 et
765 3282 921 3311 quaerentes
940 3279 1071 3305 invenient
1084 3287 1144 3305 eum
1163 3281 1274 3312 quinon

320 3320 507 3353 quaerentibus
534 3321 620 3352 dedit,
640 3325 668 3347 ut
686 3322 845 3353 invenirent,
871 3326 896 3348 et
919 3323 1083 3354 pulsantibus
1107 3324 1206 3355 aperiet
1229 3324 1276 3356 qui

319 3365 416 3391 clamat
436 3365 527 3398 [Apoc.
548 3366 576 3396 3,
596 3365 663 3399 20.]ι
683 3366 764 3399 Ecce,
785 3373 833 3400 eyo
851 3368 892 3393 sto
911 3367 948 3393 ad
966 3367 1065 3393 ostium
1083 3369 1108 3394 et
1123 3367 1212 3401 pulso.

391 3407 403 3423 ⁴
421 3409 474 3435 Cfr.
492 3417 570 3442 supra
591 3417 651 3442 pag.
671 3410 735 3443 282,
750 3414 809 3436 nota
824 3411 864 3436 ⁴3.
881 3424 917 3431 -
930 3411 1037 3438 lnferius
1049 3419 1097 3444 pro
1117 3410 1276 3438 ostendendo

1339 2617 1461 2645 ostendit·
1472 2618 1520 2651 (ita
1534 2618 1554 2643 Α
1565 2618 1595 2649 D)
1617 2617 1636 2644 C
1646 2618 1663 2643 F
1674 2618 1693 2643 G
1704 2618 1725 2643 H
1739 2617 1910 2651 ostendendo,
1929 2620 1986 2645 Vat.
2003 2620 2129 2652 ostendit,
2143 2624 2168 2647 et
2181 2629 2229 2653 pro
2243 2629 2292 2649 nos

1339 2661 1497 2688 exaudiente
1522 2662 1541 2687 Α
1555 2661 1605 2686 DG
1623 2667 1673 2687 nos
1696 2661 1879 2694 emandando,
1905 2662 1952 2689 CF
1972 2670 2020 2689 nos
2045 2663 2243 2697 exaudiendos,
2269 2666 2291 2691 Η

1339 2706 1414 2732 circa
1428 2705 1622 2732 eat-audiendos.

1410 2748 1421 2763 ⁶
1443 2750 1515 2775 Vers.
1537 2750 1580 2774 13.

1410 2792 1421 2807 ⁸
1443 2794 1533 2819 Psalm.
1554 2794 1617 2825 103,
1640 2794 1685 2826 15,
1705 2795 1746 2820 cui
1766 2794 1935 2827 subiungitur
1954 2796 2041 2821 Mattli.
2061 2797 2109 2827 21,
2129 2797 2172 2823 44.

1410 2835 1420 2851 ⁷
1442 2838 1515 2863 Vers.
1540 2837 1581 2863 41.
1604 2841 1629 2863 et
1652 2838 1693 2863 42.
1712 2852 1747 2857 —
1767 2839 1883 2864 Subinde
1902 2840 2027 2871 allegatur
2051 2841 2125 2866 Num.
2152 2842 2198 2872 21,
2218 2842 2242 2866 6.
2262 2855 2298 2861 ·—-

1340 2881 1466 2913 Superius
1487 2882 1544 2906 Vnt.
1563 2885 1622 2907 ante
1641 2882 1796 2908 natatilium
1816 2883 1889 2909 addit
1906 2884 2027 2917 fructus,
2050 2885 2240 2916 refragantibus
2259 2893 2298 2911 re-

1339 2928 1379 2951 cte
1399 2925 1477 2950 codd.

1410 2967 1421 2982 ⁹
1440 2970 1488 2995 Pro
1508 2970 1536 2995 in
1556 2970 1614 2996 Vat.
1633 2970 1660 2996 id
1678 2972 1732 3003 est,
1753 2972 1771 2997 E
1790 2971 1817 2997 id
1836 2973 1875 2998 est
1893 2971 1928 2998 in.

1410 3011 1422 3027 ⁰
1440 3013 1520 3045 Epist.
1544 3014 1604 3040 130.
1624 3015 1697 3045 (alias
1718 3016 1790 3047 121.)
1811 3023 1832 3041 c.
1852 3016 1877 3041 8.
1899 3024 1922 3041 n.
1944 3017 1985 3041 16.

1411 3056 1432 3071 ¹⁰
1452 3058 1512 3084 Loc.
1531 3059 1572 3084 cit.
1591 3072 1627 3078 —
1646 3060 1723 3091 Epist.
1744 3060 1761 3085 1.
1779 3060 1838 3086 Cor.
1858 3061 1906 3091 13,
1931 3062 1972 3085 ¹3:
1993 3060 2071 3086 Maior
2090 3064 2177 3087 autem
2202 3063 2297 3088 horum

1339 3106 1378 3128 est
1396 3103 1497 3128 caritas.
2137 3104 2158 3120 ¹¹
2179 3106 2253 3132 Vers.
2272 3108 2297 3132 6.

1411 3146 1432 3161 ¹²
1452 3148 1526 3173 Vers.
1546 3149 1571 3173 2.
1591 3151 1616 3174 et
1635 3149 1659 3173 3.
1673 3148 1842 3180 —August.,
1859 3149 1884 3173 ll.
1899 3150 1948 3181 Qq.
1967 3149 2128 3180 Evangelior.
2148 3157 2174 3182 q.
2195 3151 2242 3175 22:
2264 3150 2298 3175 ln-

1340 3191 1461 3223 telligitur
1477 3191 1557 3225 panis
1577 3193 1670 3218 caritas
1696 3196 1803 3224 propter
1823 3192 1947 3218 maiorem
1970 3194 2115 3224 appetitum
2140 3197 2165 3219 et
2183 3199 2234 3219 tam
2256 3201 2298 3219 ne-

1339 3237 1497 3267 cessarium,
1517 3240 1544 3262 ut
1562 3237 1618 3262 sine
1637 3237 1677 3262 illa
1697 3240 1782 3262 cetera
1802 3237 1864 3261 nihil
1884 3237 1947 3267 sint,
1966 3237 2033 3262 sicut
2051 3238 2106 3263 sine
2125 3245 2193 3270 pane
2208 3245 2296 3263 mensa

1339 3280 1428 3311 inops;
1448 3281 1488 3305 cui
1509 3280 1637 3306 contraria
1651 3283 1688 3305 est
1704 3280 1790 3306 cordis
1809 3280 1917 3312 duritia,
1936 3288 2016 3314 quam
2029 3282 2107 3313 lapidi
2126 3282 2297 3313 comparavit.

1340 3338 1374 3342 —
1393 3324 1519 3355 Superius
1539 3323 1648 3349 vocibus
1666 3323 1723 3350 sine
1739 3331 1810 3357 pane
1829 3325 1849 3349 ll
1868 3328 1894 3350 et
1914 3325 1971 3350 Vat.
1990 3326 2138 3357 praefigunt
2155 3325 2233 3352 sicut.

1412 3366 1434 3381 ¹³
1454 3368 1533 3399 Epist.
1554 3369 1612 3393 130.
1639 3368 1712 3399 (alias
1739 3368 1808 3398 121.)
1829 3375 1851 3393 c.
1871 3369 1895 3393 8.
1914 3376 1939 3394 n.
1960 3369 2001 3395 16.
2022 3383 2057 3388 -
2076 3369 2133 3395 Duo
2152 3376 2227 3402 seqq.
2248 3369 2297 3395 loci

1341 3414 1404 3437 sunt
1423 3413 1512 3437 Ezech.
1533 3412 1580 3442 36,
1599 3412 1640 3436 26.
1661 3416 1686 3437 et
1705 3413 1765 3438 Luc.
1786 3413 1815 3443 3,
1834 3413 1859 3438 8.

2322 2209 2364 2231 nla
2380 2209 2414 2230 ido
2422 2214 2452 2230 vo-

2323 2242 2347 2257 ro
2376 2235 2444 2258 aritia.
