2476 3921
120 1341 176 1369 Quid
186 1341 269 1363 domus.

129 2033 181 2061 Quin
196 2034 272 2055 modus

151 2061 249 2082 curandi.

121 2353 228 2376 Remissio
233 2353 277 2375 cul-

177 2385 226 2407 pac.

130 2512 217 2534 Curatio
224 2518 275 2540 qua-

121 2540 161 2561 dru
177 2540 225 2561 licis
243 2545 276 2561 se-

120 2572 163 2594 que
185 2572 205 2588 e.

288 240 349 272 128

285 330 421 367 danius,
439 328 469 359 in
487 335 549 368 qua
566 325 600 357 fit
616 325 751 362 curatio;
769 327 799 357 et
815 323 886 365 quis
901 322 1032 355 curandi
1052 323 1180 355 modus.
1199 341 1240 346 —

122 389 177 416 Quid
192 388 220 409 sit
233 388 269 409 hic
285 381 419 416 Morbus
443 381 500 412 iste
519 378 695 421 paralysis
717 377 858 418 designat
886 376 1010 417 culpam
1038 376 1240 417 originalem,

152 415 247 437 morbus.

285 435 366 468 sicut
397 434 490 475 lepra
522 431 686 464 actualem.
716 429 801 462 Unde
830 428 1005 471 paralysis
1036 428 1139 461 aufert
1169 438 1241 460 sen-

284 498 360 521 sum
384 491 414 520 et
437 490 583 523 motum,-
607 485 651 517 sic
674 483 825 525 originale
849 481 952 514 aufert
974 491 1108 513 sensum
1136 482 1241 523 cogni-

285 541 376 574 tionis
400 549 455 582 per
471 538 694 581 ignorantiam
720 536 832 568 Tobiae
849 535 960 577 quinto
974 536 999 565 ¹:
1023 547 1038 562 «
1051 534 1147 575 Quale
1164 534 1241 567 mihi

283 594 432 637 gaudium
456 595 516 631 est,
552 591 605 633 qui
631 591 662 622 in
688 589 825 622 tenebris
853 588 944 621 sedeo
972 591 1003 620 et
1027 588 1133 620 lumen
1165 588 1241 620 caeli

284 657 344 680 non
368 646 456 679 video
470 648 510 677 »2
528 644 634 677 Aufert
650 643 743 676 etiam
760 646 885 674 motum
910 644 1037 673 rectum
1055 650 1111 682 per
1131 650 1243 673 concu-

283 700 480 743 piscentiam,
505 707 585 740 quae
603 696 704 730 reddit
732 695 903 728 tremulum
920 695 1002 727 sicut
1018 694 1186 736 paralysis3
1204 694 1243 726 ad

283 756 436 788 Romanos
452 752 600 794 septimo:
623 763 638 779 α
655 750 740 782 Velle
764 749 883 782 adiacet
900 748 993 786 mihi,
1019 748 1170 790 perficere
1186 757 1242 780 au-

285 812 347 841 tem
371 816 433 839 non
457 805 581 838 invenio
599 815 633 843 »ς
652 803 735 836 unde
759 806 790 835 et
814 801 978 834 subditur:
1001 813 1016 829 «
1031 800 1127 833 Video
1149 800 1242 833 aliam

283 861 382 903 legem
411 860 442 891 in
476 858 626 890 membris
661 856 753 895 meis,
778 858 1005 897 repugnantem
1043 854 1101 895 legi
1129 854 1244 887 mentis

284 922 371 946 meae
389 926 403 941 n
432 914 489 944 etc.
516 910 608 944 ,Unde
640 909 727 951 Hugo
744 908 773 940 2;
805 907 954 939 «Vitium
987 907 1143 939 humanae
1175 915 1244 939 cor-

284 965 440 1008 ruptionis
463 963 630 1005 dupliciter
654 965 799 994 naturam
824 960 930 993 infecit
953 960 1138 998 humanam,
1163 959 1244 992 scili-

284 1023 333 1052 cet
356 1017 551 1060 ignorantia
571 1018 708 1059 mentem
733 1018 763 1047 et
779 1013 1045 1055 concupiscentia
1069 1022 1195 1046 carnem
1213 1027 1242 1045 ».

284 1073 328 1105 De
352 1072 401 1104 his
430 1070 555 1103 duobus
590 1070 621 1101 in
645 1069 782 1101 Psalmo:
812 1080 827 1095 «
850 1066 1022 1108 Dereliquit
1058 1075 1107 1099 me
1143 1067 1245 1099 virtus

284 1133 370 1163 mea,
395 1128 425 1156 et
450 1124 555 1156 lumen
580 1122 745 1155 oculorum
778 1129 921 1153 meorum
942 1133 977 1158 »3
1002 1123 1033 1152 et
1064 1119 1162 1151 Exodi
1192 1119 1245 1152 de-

285 1178 383 1211 cimo:
415 1191 430 1205 «
446 1178 554 1209 Factae
578 1179 652 1208 sunt
677 1175 824 1208 tenebrae
848 1174 879 1206 in
903 1175 1054 1215 Aegypto,
1079 1176 1110 1205 et
1142 1173 1246 1205 tribus

284 1231 395 1264 diebus
419 1240 479 1263 non
505 1232 552 1262 est
575 1231 680 1261 motus
704 1229 797 1260 homo
817 1227 855 1260 de
879 1227 947 1260 loco
971 1236 1071 1259 suo».

375 1284 426 1315 61.
454 1283 597 1321 Domus,
621 1282 651 1314 in
677 1291 740 1323 qua
757 1281 791 1313 fit
815 1280 951 1318 curatio,
973 1283 1020 1312 est
1037 1279 1189 1318 Ecclesia,
1207 1279 1245 1312 de

284 1347 347 1380 qua
371 1336 612 1369 proverbiorum
630 1345 712 1368 nono
728 1335 757 1366 ³:
789 1348 804 1363 «
821 1334 976 1376 Sapientia
991 1333 1167 1366 aedificavit
1186 1333 1245 1366 sibi

284 1390 427 1428 domum,
451 1389 568 1422 excidit
592 1389 754 1421 columnas
782 1390 901 1429 septem
919 1399 949 1425 »;
982 1387 1041 1419 hae
1073 1386 1246 1419 columnae

286 1447 360 1477 sunt
383 1447 500 1485 septem
533 1443 742 1475 Sacramenta.
779 1441 878 1474 Huius
912 1440 1025 1473 domus
1056 1440 1164 1472 ianua
1199 1442 1246 1472 est

286 1500 422 1539 potestas
446 1495 662 1534 sacerdotalis,
686 1495 777 1527 cuius
797 1494 959 1536 potestatis
982 1493 1153 1526 auctoritas
1169 1492 1246 1525 resi-

285 1549 338 1582 det
368 1557 463 1591 penes
499 1549 647 1586 Petrum;
684 1547 767 1580 unde
802 1547 946 1579 Matthaei
982 1546 1103 1579 decimo
1138 1549 1245 1578 sexto:

291 1615 307 1631 α
324 1602 390 1634 Tibi
422 1601 503 1634 dabo
538 1602 640 1633 claves
672 1601 759 1642 regni
796 1600 953 1632 caelorum
972 1613 1002 1630 ».
1039 1599 1098 1631 Sed
1121 1599 1248 1640 quando

287 1656 363 1687 haec
395 1655 489 1687 ianua
512 1654 661 1695 impletur
697 1652 799 1685 turbis
831 1656 1030 1684 terrenarum
1066 1651 1248 1684 sollicitudi-

286 1716 383 1745 num,
407 1709 482 1738 tunc
506 1715 568 1738 non
592 1704 721 1746 praebet
737 1704 855 1736 aditum
880 1703 918 1736 ad
943 1703 1062 1741 Iesum,
1087 1703 1162 1745 quia
1185 1713 1247 1735 non

286 1763 399 1793 curant
422 1759 460 1792 de
484 1758 666 1796 animabus,
691 1766 772 1799 quae
796 1760 870 1789 sunt
886 1756 1018 1795 Christi,
1043 1756 1097 1789 sed
1120 1756 1159 1789 de
1175 1766 1247 1798 pro-

285 1813 422 1845 motione
446 1811 564 1854 proprii
582 1810 754 1848 commodi;
775 1809 813 1841 ad
830 1809 1044 1851 Philippenses
1068 1809 1206 1842 secundo
1219 1810 1247 1841 4:

292 1880 307 1895 (ι
324 1866 440 1899 Omnes
471 1874 551 1908 quae
586 1874 644 1897 sua
675 1868 749 1896 sunt
773 1867 947 1907 quaerunt,
976 1872 1037 1895 non
1075 1872 1155 1905 quae
1180 1863 1248 1896 lesu

286 1920 401 1952 Christi
419 1933 448 1951 ».

377 1974 427 2005 62.
453 1972 571 2005 Modus
594 1971 724 2005 curandi
749 1974 797 2004 est
820 1979 877 2012 per
900 1970 1037 2003 alienum
1063 1969 1267 2012 suffragium

286 2029 317 2059 et
348 2026 490 2059 divinum
519 2024 698 2067 imperium.
729 2024 888 2065 Quantum
920 2022 959 2055 ad
982 2022 1177 2055 curationem
1209 2022 1249 2054 ab

285 2079 428 2122 originali
457 2078 628 2111 concurrit
650 2077 752 2110 virtus
781 2076 899 2109 alienae
924 2076 994 2108 fidei
1019 2079 1049 2108 et
1080 2076 1183 2108 virtus
1206 2075 1250 2108 di-

286 2133 349 2165 vini
374 2131 575 2171 sacramenti.
598 2131 684 2164 Unde
705 2130 882 2173 portitores
905 2129 1068 2171 designant
1093 2129 1248 2171 patrinos,

286 2186 341 2228 qui
365 2185 519 2223 offerunt;
545 2184 639 2217 Isaiae
663 2182 904 2226 quadragesimo
928 2182 1054 2214 non0⁵:
1084 2181 1249 2214 «Afferent

287 2238 367 2271 filios
392 2241 463 2270 tuos
486 2238 518 2270 in
542 2237 627 2270 ulnis
650 2240 681 2270 et
698 2236 777 2269 filias
800 2239 871 2269 tuas
887 2244 983 2277 super
1007 2235 1159 2268 humeros
1175 2244 1249 2276 por-

287 2291 445 2324 tabunt».
480 2289 634 2323 Christus
657 2298 747 2328 vero,
779 2289 913 2331 imperio
944 2298 1075 2327 sanans,
1107 2288 1249 2330 designat

287 2335 478 2377 sacramenti
503 2342 661 2381 officium,
686 2351 742 2384 per
770 2341 855 2384 quod
878 2341 914 2374 fit
937 2341 1089 2374 remissio
1113 2340 1248 2383 culpae,

286 2407 360 2431 cum
384 2397 516 2430 dicitur:
543 2396 767 2429 Remittuntur
791 2395 850 2427 tibi
869 2399 1026 2437 peecata,-
1051 2395 1183 2427 Actuum
1201 2402 1249 2426 se-

287 2451 434 2484 cundo⁶:
464 2449 675 2492 «Baptizetur
706 2448 927 2491 unusquisque
958 2451 1100 2481 vestrum
1135 2447 1167 2480 in
1199 2456 1249 2480 re-

286 2504 465 2537 missionem
490 2506 691 2545 peccatorum
709 2516 739 2534 ».
757 2502 802 2535 Fit
818 2502 911 2535 etiam
929 2502 1061 2534 curatio
1081 2501 1249 2544 sequelae;

287 2559 417 2598 propter
441 2555 525 2598 quod
556 2555 647 2588 dicit:
673 2555 780 2597 Surye
803 2559 833 2587 et
863 2554 933 2586 tolle
955 2554 1138 2596 prabatum
1170 2557 1247 2593 etc.;

288 2611 420 2642 Actuum
445 2609 629 2642 duodecimo
654 2609 788 2651 Angelus
811 2608 892 2640 dixit
923 2608 962 2640 ad
987 2608 1112 2640 Petrum
1146 2607 1249 2640 iacen-

288 2666 349 2695 tem
374 2663 404 2695 in
430 2662 649 2704 compedibus:
679 2675 694 2690 «
719 2662 818 2704 Surge
843 2661 1000 2694 velociter.
1027 2661 1062 2693 Et
1086 2660 1246 2693 confestim

359 2882 367 2897 ¹
389 2883 463 2908 Vers.
487 2883 525 2907 ¹⁶2.
545 2897 579 2901 —
598 2883 749 2915 Sequuntur
768 2883 843 2907 Rom.
864 2882 893 2914 7,
920 2882 961 2907 ⁴8.
980 2885 1005 2908 et
1024 2882 1066 2907 23.
1085 2895 1122 2901 —
1141 2882 1247 2907 inferius

287 2932 347 2959 post
365 2929 468 2954 motum
487 2928 590 2953 rectum
615 2927 642 2952 in
663 2927 684 2953 D
708 2933 802 2952 munus
826 2926 939 2953 secunda
967 2926 1068 2953 addidit
1085 2926 1246 2958 voluntatis,

288 2972 347 2998 Vat.
365 2971 521 3006 affectionis.
979 2976 981 2978 ·

358 3015 368 3031 ³
388 3016 456 3042 Libr.
477 3017 493 3042 l.
519 3016 551 3042 de
577 3017 692 3042 Sacram.
722 3023 746 3048 p.
768 3016 819 3041 Vll.
839 3023 863 3042 c.
883 3016 931 3042 26:
955 3016 1009 3042 Hoc
1037 3019 1123 3041 autem
1153 3015 1245 3041 vitium

287 3061 395 3093 originis
414 3062 544 3086 hnmanae
563 3060 661 3092 duplici
681 3060 850 3092 corruptione
875 3063 994 3086 naturam
1014 3060 1106 3092 inficit,
1127 3060 1247 3092 ignoran-

288 3106 320 3132 tia
340 3105 437 3132 scilicet
456 3108 570 3132 mentem
589 3108 637 3131 etc.
657 3104 707 3131 Csr.
728 3108 790 3131 tom.
811 3105 837 3130 ΙΙ.
857 3111 919 3137 pag.
938 3104 1004 3135 765,
1024 3107 1084 3130 nota
1100 3104 1123 3130 4.
1140 3118 1175 3124 —
1189 3104 1246 3130 Duo

287 3157 362 3184 seqq.
381 3151 429 3176 loci
448 3154 508 3176 sunt
526 3150 567 3176 Ps.
589 3149 637 3182 37,
659 3150 700 3175 lt.
720 3152 745 3175 et
764 3149 842 3175 Exod.
865 3150 912 3181 10,
932 3150 973 3175 22.
994 3156 1048 3182 seq.

358 3192 369 3209 ⁸
388 3195 463 3220 Vers.
484 3195 507 3220 1.
525 3207 561 3217 -ν-
580 3194 702 3227 Sequitur
721 3195 808 3220 Matth.
828 3194 875 3226 16,
897 3194 937 3219 19.

358 3238 369 3253 ⁴
389 3239 463 3264 Vers.
482 3239 524 3264 2⁴.
544 3252 580 3257 —
598 3239 725 3270 Superius
744 3241 803 3271 post
821 3245 876 3264 non
901 3239 1001 3264 curant
1020 3237 1079 3264 Vat.
1097 3237 1171 3264 addit
1189 3239 1245 3264 tur-

289 3280 336 3308 bue
354 3281 425 3308 illae.

359 3323 370 3339 ⁵
389 3325 463 3351 Vers.
490 3327 532 3351 22.
551 3339 586 3345 —
605 3326 653 3352 Pro
670 3326 817 3359 portitores
831 3326 887 3359 (cfr.
902 3333 980 3359 supra
996 3321 1061 3359 pagss
1077 3325 1119 3359 94,
1133 3329 1194 3352 nota
1209 3326 1245 3359 8.)

288 3369 345 3395 Vat.
363 3371 532 3403 portatores,
555 3376 622 3402 quae
642 3370 810 3403 prosequitur
834 3369 976 3403 destonant
993 3371 1177 3404 susceptores,
1200 3369 1248 3404 qut

287 3412 415 3446 afferunt.

884 233 1075 266 COMMENT.
1101 235 1137 266 IN
1162 232 1398 267 EVANGELIUM
1423 232 1539 264 LUCAE
1564 232 1595 264 C.
1620 232 1655 264 V.

1304 320 1486 353 ceciderunt
1508 324 1635 353 catenae
1651 320 1689 353 de
1713 321 1859 354 manibus
1874 321 1942 354 eius
1957 334 1988 353 n.
2015 322 2136 364 Surye,
2153 323 2183 356 id
2200 327 2261 362 est,

1304 382 1432 406 sursum
1457 377 1486 406 te
1510 373 1595 415 erige
1618 373 1656 405 ad
1689 373 1856 407 videndum
1888 374 2013 413 lumen,
2037 378 2147 408 contra
2170 376 2262 418 iyno-

1304 426 1476 463 mnrium,-
1499 425 1537 457 ad
1563 425 1711 467 Ephesios
1741 426 1895 467 quint07:
1925 439 1940 454 «
1958 427 2072 469 Surge,
2103 428 2157 470 qui
2190 429 2262 462 dor-

1305 479 1378 517 mis,
1403 482 1434 511 et
1457 487 1595 520 exsurge
1619 488 1637 511 a
1668 479 1816 518 mortuis,
1840 483 1871 512 et
1902 480 2090 513 illuminabit
2114 484 2144 514 te
2174 483 2263 515 Chri-

1306 535 1374 564 stus
1391 544 1425 570 »3
1450 531 1544 564 Isaiae
1567 532 1779 573 sexagesimo:
1808 544 1823 560 α
1841 533 1955 574 Surge,
1979 533 2157 567 illuminare
2178 535 2263 568 Ieru-

1307 585 1420 623 salem,
1444 585 1518 626 quia
1534 585 1619 617 venit
1635 585 1740 617 lumen
1765 588 1857 618 tuum
1870 598 1900 617 n.
1919 604 1961 609 —
1986 585 2069 618 Tolle
2082 587 2263 629 yrabatum

1307 642 1425 676 tuum,
1461 641 1570 670 contra
1605 635 1856 680 infirmitatem;
1879 639 2025 672 Matthaei
2049 640 2263 673 undecim0⁸:

1312 703 1327 718 «
1344 690 1453 722 Venite
1468 689 1507 722 ad
1524 698 1584 728 me,
1597 698 1715 728 omnes,
1733 689 1787 731 qui
1804 690 1953 723 laboratis
1966 703 1996 730 »3
2014 694 2044 723 et
2057 695 2140 733 post:
2164 706 2179 720 «
2195 693 2265 726 Tol-

1308 743 1360 775 lite
1384 743 1492 785 iugum
1509 752 1614 775 meum
1631 751 1727 785 super
1744 752 1799 775 vos
1815 756 1845 775 n.
1876 762 1917 767 —
1947 745 1988 776 Et
2010 744 2167 784 ambula,
2192 755 2265 779 con-

1308 801 1357 829 tra
1379 796 1563 835 malitiam,·
1586 796 1713 829 Genesis
1736 796 1856 829 decimo
1872 797 2018 839 septimo:
2041 811 2056 826 «
2073 798 2204 832 Ambula
2219 809 2266 833 co-

1308 859 1375 882 ram
1399 859 1467 888 me,
1491 852 1522 883 et
1552 853 1619 882 esto
1650 850 1808 891 perfectus
1824 862 1860 889 »3
1884 850 1923 882 ad
1956 851 2104 892 Ephesios
2134 853 2264 894 quinto:

1314 916 1328 931 «
1345 903 1507 935 Ambulate
1542 903 1573 934 in
1601 902 1781 941 dilectione,
1806 903 1887 935 sicut
1921 906 1952 936 et
1982 903 2127 937 Christus
2156 905 2266 938 dilexit

1308 965 1365 989 nos
1381 969 1396 985 ›2
1418 959 1476 989 etc.
1494 975 1538 979 -—
1561 956 1648 988 Vade
1670 956 1706 988 in
1730 956 1884 995 domum,
1910 960 2020 989 contra
2036 958 2267 1000 concupiscen-

1309 1009 1411 1047 tiam;
1435 1009 1639 1041 Ecclesiastici
1672 1009 1832 1050 trigesimo
1855 1009 2033 1042 secund0⁹:
2064 1023 2080 1038 «
2096 1010 2268 1044 Praecurre

1308 1065 1413 1098 autem
1446 1061 1532 1103 prior
1569 1061 1598 1093 in
1631 1061 1758 1093 domum
1795 1065 1825 1094 et
1862 1062 1924 1094 illic
1959 1071 2015 1104 age
2051 1063 2268 1104 conceptiones

1309 1118 1379 1147 tuas
1402 1118 1433 1147 et
1457 1124 1517 1147 non
1536 1114 1566 1146 in
1590 1115 1710 1147 delictis
1727 1128 1756 1147 n.
1775 1115 1805 1147 ln
1830 1115 1959 1148 domum
1983 1125 2083 1159 suam
2108 1116 2191 1149 vadit
2214 1117 2267 1159 qui

1309 1171 1392 1201 amat
1416 1168 1497 1201 bona
1521 1169 1688 1207 interiora;
1713 1169 1887 1211 Sapientiae
1910 1172 2037 1202 octavo:
2067 1183 2082 1198 «
2100 1170 2221 1203 intrans
2237 1171 2271 1203 in

1309 1222 1437 1255 domum
1462 1231 1562 1254 meam
1591 1221 1810 1264 conquiescam
1829 1236 1844 1251 2>
1866 1226 1940 1262 etc.;
1966 1223 1997 1255 in
2030 1223 2158 1256 domum
2190 1223 2269 1256 alie-

1308 1285 1401 1314 nam,
1419 1276 1473 1317 qui
1490 1275 1682 1317 concupiscit
1699 1275 1874 1314 mundana;
1892 1276 2096 1309 Ecclesiastici
2120 1277 2270 1319 vigesimo

1309 1339 1413 1362 nono:
1443 1342 1457 1357 «
1481 1329 1550 1361 Vita
1581 1338 1715 1371 nequam
1741 1329 1916 1371 hospitandi
1952 1329 1991 1362 de
2025 1330 2119 1363 domo
2153 1330 2184 1365 in
2216 1330 2270 1363 do-

1309 1392 1397 1415 mum
1414 1396 1443 1414 ›>.

1383 1488 1511 1523 Secundo,
1532 1488 1650 1523 quomodo
1669 1488 1794 1515 vocentur
1813 1488 1936 1524 discipuli
1956 1489 1985 1515 de
2005 1489 2081 1516 statu
2100 1489 2199 1524 eulpae.

1402 1596 1453 1629 63.
1482 1597 1520 1628 Et
1540 1601 1615 1638 post
1638 1595 1717 1628 haec
1741 1596 1821 1628 exiit
1843 1600 1901 1629 etc.
1927 1597 2030 1638 Supra
2044 1596 2070 1615 ¹⁰
2093 1596 2156 1638 egit
2173 1596 2269 1629 Evan-

1311 1649 1421 1692 gelista
1443 1649 1482 1681 de
1507 1649 1667 1681 vocatione
1690 1648 1917 1690 discipulorum
1933 1648 1972 1681 de
1995 1652 2079 1681 statu
2100 1649 2184 1682 licito
2208 1649 2273 1682 sive

1312 1702 1469 1741 iustitiae3
1495 1702 1546 1734 hic
1570 1701 1633 1744 agit
1656 1701 1695 1734 de
1711 1701 1873 1734 vocatione
1895 1702 2037 1744 ipsorum
2052 1702 2091 1735 de
2113 1705 2204 1734 statu
2219 1711 2272 1744 pe-

1311 1755 1456 1788 riculoso
1487 1755 1553 1788 sive
1576 1755 1761 1793 iniustitiae,
1786 1755 1840 1788 ubi
1864 1755 2013 1794 ostendit,
2038 1755 2194 1797 quomodo
2222 1765 2272 1788 vo-

1312 1809 1394 1842 cavit
1417 1809 1606 1842 Matthaeum
1632 1809 1791 1842 sedentem
1807 1809 1844 1842 ad
1870 1809 2030 1842 telonium.
2056 1808 2152 1841 Habet
2167 1811 2272 1841 autem
2292 1808 2381 1830 ‘’ivm‘’-

1312 1871 1386 1904 pars
1409 1862 1468 1894 ista
1490 1861 1586 1900 duas,
1611 1861 1642 1894 in
1663 1871 1800 1903 quarum
1824 1861 1928 1903 prima
1950 1861 2014 1903 agit
2030 1861 2068 1893 de
2091 1861 2273 1893 vocationis

1308 1913 1527 1957 perfectione,·
1551 1915 1582 1947 in
1606 1915 1743 1948 secunda
1766 1924 1857 1954 vero,
1881 1914 1920 1948 de
1946 1919 2140 1947 vocatorum
2164 1913 2272 1957 defen-

1311 1968 1417 2006 sione,
1450 1968 1514 2000 ibi:
1549 1968 1690 2000 Factum
1724 1972 1770 2000 est
1805 1972 1917 2001 autem
1949 1968 1985 2000 in
2021 1968 2164 2001 Sabbato
2195 1972 2272 2007 etc.,

1312 2021 1461 2063 proximo
1484 2021 1620 2063 capitulo
1635 2022 1670 2053 ¹¹.

1402 2074 1490 2106 Circa
1502 2073 1684 2106 vocationis
1692 2072 1924 2116 perfectionem
1938 2074 2185 2108 introducuntur
2197 2075 2272 2108 tria:
2292 2075 2358 2122 bffi‘g
2371 2074 2428 2123 'mehg

1313 2126 1451 2168 primum
1475 2129 1522 2159 est
1537 2126 1664 2158 vocatio
1679 2130 1910 2169 peccatorum‚·
1934 2127 2107 2159 secundum
2130 2130 2177 2160 est
2197 2137 2273 2159 con-
2292 2129 2338 2149 ϋη-

1312 2177 1436 2221 futatio
1459 2178 1698 2221 superborum,
1723 2179 1765 2211 ibi
1784 2179 1827 2211 ¹²:
1848 2180 1887 2211 Et
1900 2178 2167 2212 murmurabant
2182 2178 2273 2212 Pha-

1312 2232 1417 2265 risaei
1439 2235 1516 2271 etc.;
1535 2232 1664 2265 tertium
1688 2235 1734 2265 est
1755 2232 1933 2265 eomotatio
1950 2231 2186 2275 infirmorum,
2211 2232 2272 2265 ibi:

1315 2286 1359 2318 At
1382 2285 1432 2318 illi
1454 2285 1612 2318 disserunt
1636 2285 1682 2318 ad
1704 2294 1780 2317 eum
1803 2288 1861 2318 etc.

1410 2339 1541 2371 Vocatio
1564 2341 1670 2371 autem
1690 2338 1866 2380 publicani
1879 2338 2055 2371 ostenditur
2079 2338 2217 2380 perfecta
2232 2347 2272 2371 ex
2288 2340 2378 2389 ffi‘lffi‘}
2391 2345 2428 2388 ἓξ

1313 2392 1430 2432 tribus,
1455 2389 1572 2425 scilicet
1595 2401 1637 2425 ex
1666 2395 1756 2434 parte
1787 2391 1895 2424 divini
1925 2391 2005 2424 doni
2031 2391 2274 2434 praevenientis
2293 2393 2427 2442 φέξξὲᾒτνεν

1313 2449 1344 2479 et
1367 2455 1409 2478 ex
1433 2449 1522 2487 parte
1545 2444 1641 2478 liberi
1664 2444 1802 2478 arbitrii
1820 2445 2048 2478 consentientis
2072 2448 2104 2478 et
2119 2454 2160 2478 ex
2183 2448 2273 2487 parte

1313 2499 1420 2532 devoti
1442 2498 1587 2542 obsequii
1610 2498 1843 2542 consequentis.

1404 2552 1455 2584 64.
1482 2552 1582 2594 (Vers.
1601 2552 1678 2593 ΞΠ).
1704 2552 1806 2585 Primo
1823 2552 1920 2594 igitur
1943 2552 2119 2585 ostenditur
2136 2551 2274 2594 perfecta
2292 2553 2372 2575 Prim-

1314 2615 1355 2640 ex
1379 2608 1467 2648 parte
1491 2605 1599 2638 divini
1614 2605 1694 2638 (loni
1706 2605 1960 2648 praevenientis,
1978 2614 2052 2639 cum
2075 2605 2208 2638 dicitur:
2236 2605 2274 2637 Et

1310 2663 1386 2702 post
1409 2657 1488 2692 llaec
1511 2658 1589 2691 exiit
1620 2662 1649 2691 et
1672 2658 1754 2691 vidit
1782 2657 2002 2701 publicanum
2025 2662 2083 2692 etc.
2118 2658 2153 2690 Et
2181 2661 2272 2696 nota,

1382 2879 1393 2894 ⁰
1414 2881 1488 2906 Vers.
1508 2881 1550 2906 38.
1568 2893 1604 2899 -—
1623 2879 1740 2906 Subinde
1765 2879 1891 2911 allegatur
1911 2879 1966 2904 Act.
1996 2878 2043 2910 ⁴2,
2063 2878 2088 2903 7.
2112 2891 2147 2897 -
2167 2878 2273 2904 inferius

1311 2933 1360 2958 pro
1380 2925 1424 2952 Fit
1442 2925 1522 2952 etiam
1541 2924 1673 2952 curatio...
1693 2923 1756 2951 dicit
1777 2924 1832 2950 Vat.
1854 2923 1929 2950 Unde
1946 2922 2069 2957 sequitur
2086 2922 2206 2957 perfecta
2231 2929 2274 2949 cu·

1311 2969 1397 3001 ratio,
1418 2968 1460 2996 ibi.

1382 3012 1392 3028 ⁷
1414 3015 1486 3040 Vere.
1508 3014 1554 3045 ⁴4,
1574 3017 1633 3046 post
1651 3021 1731 3047 quem
1751 3013 1807 3039 lsai.
1827 3013 1870 3044 60,
1891 3013 1914 3038 l.

1354 3053 1358 3056 ’
1383 3057 1393 3072 ³
1415 3059 1487 3085 Vers.
1508 3059 1549 3084 28.
1570 3062 1595 3084 et
1614 3059 1656 3084 29.
1675 3072 1710 3078 —
1729 3058 1786 3084 Duo
1805 3065 1880 3091 seqq.
1900 3057 1948 3083 loci
1968 3060 2030 3083 sunt
2048 3057 2112 3082 Gen.
2137 3056 2181 3088 17,
2203 3056 2226 3081 l.
2246 3057 2272 3081 et

1312 3104 1378 3136 Eph.
1400 3104 1431 3135 5,
1451 3105 1476 3129 2.

1381 3146 1393 3162 ⁹
1412 3148 1486 3173 Vers.
1510 3147 1548 3173 ¹5.
1569 3154 1634 3181 seq„
1653 3146 1698 3173 ubi
1719 3148 1808 3179 plures
1828 3146 1904 3173 codd.
1925 3144 2026 3172 deliciis
2046 3152 2095 3177 pro
2115 3142 2224 3171 delictis.
2238 3155 2274 3161 —

1311 3193 1461 3225 Sequuntur
1490 3192 1552 3224 Sap.
1577 3193 1608 3223 8,
1630 3192 1670 3217 46.
1700 3191 1758 3224 (cfr.
1783 3197 1863 3222 supra
1890 3196 1951 3222 pag.
1971 3189 2020 3221 67,
2046 3192 2106 3215 notu
2127 3187 2162 3221 9.)
2183 3189 2208 3212 et
2226 3186 2274 3211 Ec-

1311 3237 1352 3263 cti.
1371 3237 1420 3268 29,
1440 3237 1484 3262 3⁴.

1384 3279 1406 3295 ¹⁰
1424 3279 1474 3307 Crr.
1495 3287 1520 3306 n.
1541 3280 1564 3305 l.
1600 3292 1603 3293 ν

1384 3324 1405 3340 ¹¹
1426 3325 1490 3357 Cap.
1509 3325 1540 3356 6,
1561 3325 1585 3350 l.

1383 3367 1405 3384 ¹¹
1425 3370 1500 3395 Vers.
1520 3369 1568 3401 303
1587 3368 1691 3395 tertium
1713 3367 1823 3394 hebetur
1843 3374 1870 3393 v.
1889 3366 1933 3392 33.
