2476 3921
23 333 153 357 Notandum.

48 812 80 834 De
94 811 155 834 oculo

53 838 153 867 simplici.

23 1131 153 1154 Notandum.

51 2145 83 2167 De
97 2146 158 2168 oculo

56 2178 154 2200 nequam.

763 234 958 267 COMMENT.
985 235 1021 267 IN
1045 234 1283 268 EVANGELIUM
1308 236 1425 269 LUCAE
1450 237 1481 270 C.
1507 237 1554 270 ΧΙ.

172 326 328 359 bonorum
359 334 492 368 operum
524 333 650 366 eorpus.
680 342 722 348 —
750 323 836 356 Unde
867 323 1004 356 lucerna
1032 322 1136 365 primo

172 378 321 421 competit
342 378 440 411 verbo
466 378 526 411 Dei
547 381 578 411 et
601 377 686 410 dono
712 377 860 420 Spiritus
882 377 1007 416 sancti,
1032 379 1063 409 et
1078 385 1136 418 per

173 433 233 465 1106
249 431 397 474 competit
421 431 594 464 intentioni
608 430 736 470 cordis,
761 434 793 464 et
808 430 880 463 inde
902 430 1063 463 descendit
1078 430 1109 462 in
1124 430 1135 449 ¹

172 485 337 530 eloquium
361 485 600 528 praedicationis
628 493 721 518 verae
744 488 776 518 et
799 484 831 517 in
855 494 939 527 opus
970 493 1137 517 conversa-

172 538 266 572 tionis
289 542 434 578 sanctae;
459 538 543 571 unde
558 538 675 571 dicitur
697 537 736 571 de
760 537 810 570 1115
838 537 1013 570 secundum
1037 536 1137 579 quod-

171 591 242 624 dam
267 601 367 634 genus
396 591 565 634 analogiae.
597 591 647 624 Est
678 600 754 634 ergo
777 591 916 624 lucerua
946 590 1137 623 intentionis

172 649 279 678 rectae
302 645 391 687 quasi
410 645 524 684 media,
545 645 720 687 suscipiens
735 654 754 677 a
781 644 937 687 superiori
966 648 997 677 et
1021 644 1137 677 redun—

172 698 250 732 dans
273 699 304 731 in
330 701 426 731 totam
450 698 628 741 congeriem
652 707 796 741 operum.

262 751 315 784 73.
342 751 470 793 Propter
487 751 571 793 quod
595 751 718 784 subdit:
744 751 782 784 Si
797 751 915 784 oculus
931 755 1010 784 titus
1032 750 1138 794 fuerit

173 804 331 847 simplex,
356 804 386 837 id
410 808 458 838 est
481 805 612 838 intentio
637 809 741 844 recta,
766 809 870 838 totum
894 815 1017 848 eorpus
1042 809 1137 838 tuum

174 857 322 891 lucidum
346 858 418 890 erit.
443 858 482 891 Ut
503 858 587 891 enim
611 858 687 891 dicit
710 859 892 892 Ambrosius
911 859 942 891 ²:
972 859 1138 892 «Intentio

173 912 260 954 operi
285 915 340 944 tuo
362 920 476 944 nomen
501 912 633 954 imponit
649 924 685 951 »;
710 921 751 945 ex
784 921 848 954 quo
871 916 1020 954 apparet,
1053 912 1137 954 quod

172 965 211 998 de
234 965 327 998 oculo
351 965 463 998 cordis
479 965 640 1008 intelligit,
665 966 758 998 cuius
774 966 891 1008 optima
914 965 1075 1007 dispositio
1091 969 1138 999 est

171 1018 388 1061 simplicitas,
405 1018 578 1051 seeundum
604 1019 683 1052 illud
701 1019 796 1061 primi
821 1019 1076 1061 Paralipomenon
1093 1019 1139 1052 ul-

173 1072 266 1105 timo:
296 1085 312 1101 α
328 1072 411 1111 8610,
436 1071 582 1111 Domine,
607 1072 692 1114 quod
708 1072 824 1114 probas
846 1071 941 1105 corda
964 1076 995 1105 et
1019 1072 1139 1114 simpli-

172 1125 298 1158 eitatem
322 1125 425 1167 diligis
441 1139 472 1157 ».
497 1125 619 1158 Dicitur
642 1127 747 1158 autem
769 1125 881 1157 oculus
903 1124 1058 1167 simplem,
1082 1125 1136 1167 qui

173 1179 301 1212 unicum
325 1179 444 1211 bonum
476 1183 507 1211 et
531 1188 710 1217 summum,
742 1178 825 1220 quod
859 1178 1045 1211 indivisibile
1072 1182 1137 1217 est,
1160 1218 1163 1221 ¹

173 1232 322 1271 intendit;
346 1236 378 1265 et
401 1232 472 1265 talis
495 1232 581 1265 solus
613 1235 661 1265 est
685 1237 810 1270 rectus,
834 1232 889 1274 qui
922 1231 1020 1264 tendit
1043 1232 1081 1264 ad
1106 1232 1139 1264 11-

173 1286 238 1319 lud.
262 1286 348 1319 Unde
371 1285 411 1318 de
435 1285 487 1318 lob
517 1285 652 1324 dieitur,
677 1285 779 1327 primo
795 1283 818 1324 ⁸,
843 1285 928 1327 quod
957 1298 972 1314 α
989 1288 1058 1318 erat
1089 1285 1138 1317 vir

173 1340 225 1373 ille
241 1339 375 1381 simplex
400 1343 431 1372 et
447 1342 554 1372 rectus
569 1351 605 1378 »;
623 1342 654 1371 et
678 1338 748 1371 talis
763 1338 863 1380 diligit
887 1338 1001 1377 Deum,
1026 1347 1138 1371 566011-

172 1394 249 1426 dum
273 1393 351 1426 illud
374 1392 574 1425 Canticorum
602 1392 718 1433 primo:
748 1404 764 1420 «
781 1391 866 1424 Recti
898 1391 1033 1434 diligunt
1055 1395 1085 1425 te
1102 1404 1137 1431 »;

174 1450 205 1480 et
227 1447 426 1479 Canticorum
458 1449 589 1488 quarto:
620 1458 635 1474 «κ
653 1445 830 1478 Vulnerasti
856 1454 910 1478 cor
942 1454 1065 1484 meum,
1090 1454 1139 1478 so-

174 1510 239 1540 ror,
256 1509 383 1542 sponsa,
400 1499 432 1532 in
456 1509 520 1532 uno
536 1499 702 1532 oculorum
726 1503 855 1532 tuorum
873 1502 905 1532 et
925 1499 957 1532 in
973 1508 1037 1532 uno
1053 1499 1140 1532 crine

174 1553 245 1587 colli
270 1553 365 1592 tui»,
390 1553 421 1585 id
445 1557 492 1586 est
515 1552 546 1585 in
571 1553 691 1585 unitate
715 1555 747 1585 61
770 1552 969 1594 simplicitate
994 1552 1140 1585 intentio-

174 1607 223 1640 nis
239 1611 358 1646 rectae,
382 1615 464 1649 quae
480 1606 546 1639 sola
569 1606 633 1639 Deo
656 1606 767 1648 placet.
786 1606 822 1638 Et
845 1605 921 1648 quia
944 1606 1035 1645 tales,
1053 1606 1141 1648 quid-

174 1661 250 1704 quid
266 1661 402 1700 saciunt,
419 1670 459 1693 ex
474 1660 616 1693 caritate
631 1659 784 1702 socinum
801 1659 870 1693 ideo
890 1663 991 1693 totum
1016 1663 1138 1693 rectum

174 1718 222 1748 est
244 1718 276 1747 et
298 1714 416 1747 honum
440 1717 472 1747 et
496 1713 653 1753 lucidum,
678 1713 852 1747 secundum
877 1713 954 1746 illud
977 1713 1016 1746 ad
1040 1714 1140 1756 Ephe-

174 1768 237 1801 sios
260 1767 414 1810 quinto4:
444 1780 459 1796 ιι
476 1767 514 1800 Ut
538 1767 592 1799 filii
617 1767 697 1800 lucis
719 1767 888 1800 ambulate.
918 1767 1053 1800 Fructus
1083 1776 1140 1800 au-

175 1825 238 1855 tem
256 1821 336 1854 lucis
358 1824 406 1854 est
422 1821 453 1853 in
477 1821 561 1853 omni
580 1821 717 1854 bonitate
733 1825 764 1853 et
780 1820 900 1853 iustitia
915 1825 946 1853 et
962 1821 1094 1853 veritate
1108 1833 1138 1859 »;

175 1879 206 1908 et
229 1875 379 1918 quoniam
405 1874 444 1908 de
467 1874 562 1907 corde
586 1874 630 1907 sic
654 1874 831 1906 illuminato
861 1883 927 1906 non
957 1873 1140 1916 procedunt

174 1929 243 1962 nisi
254 1938 356 1971 opera
368 1928 469 1967 lueis,
486 1928 568 1961 516111
589 1940 604 1956 a
617 1936 680 1960 non
696 1930 799 1969 potest
810 1926 905 1959 arbor
918 1926 1000 1959 bona
1015 1926 1139 1959 fructus

175 1981 274 2014 malos
297 1981 400 2014 facere
417 1994 447 2020 »,
465 1989 522 2015 1166
543 1979 646 2012 lucida
669 1978 837 2018 obscuros,
863 1987 919 2011 nec
937 1982 1063 2011 econtra
1088 1987 1139 2011 ar-

175 2034 234 2067 bor
256 2035 339 2067 mala
361 2034 486 2067 fructus
510 2034 617 2067 bonos.
1122 2044 1124 2046 ·

266 2088 318 2124 74.
344 2088 379 2120 Ε1
403 2087 472 2120 ideo
503 2087 669 2120 subditur:
704 2087 741 2119 Si
763 2091 871 2119 autem
901 2095 1044 2129 nequam
1067 2084 1139 2128 sue-

176 2141 223 2174 rit
235 2141 260 2181 ⁵,
284 2141 384 2174 etiam
416 2144 520 2173 totum
548 2150 671 2183 corpu-s·
703 2144 799 2172 tuum
831 2139 1036 2172 tenebrosum
1067 2139 1138 2171 erit.

175 2194 295 2228 Oculus
326 2194 415 2234 enirn,
440 2203 576 2236 nequam
599 2193 750 2235 depravat
779 2193 973 2226 voluntatem
1005 2196 1037 2226 et
1067 2192 1140 2225 facit

175 2257 243 2281 eam
268 2247 427 2290 iniquam;
457 2247 509 2279 illa
539 2250 645 2280 autem
669 2246 855 2288 depravata,
885 2246 1078 2288 depravatur
1109 2249 1141 2279 et

175 2310 265 2344 opus.
290 2301 376 2334 Unde
401 2301 605 2334 Ecclesiastici
629 2300 750 2334 decimo
774 2300 932 2343 quartoss:
962 2313 977 2329 «ι
1000 2300 1138 2342 Nequam

176 2358 224 2388 est
246 2354 358 2387 oculus
383 2354 467 2387 lividi
491 2358 523 2387 et
538 2357 685 2387 avertens
709 2354 819 2387 faciem
837 2367 868 2393 ι),
886 2353 1004 2386 56111661
1026 2362 1044 2386 a
1062 2353 1139 2391 Deo,

182 2421 198 2436 α
213 2410 245 2441 61
259 2407 434 2450 despiciens
449 2408 584 2440 animam
602 2416 691 2440 suam
708 2419 744 2446 »;
761 2411 792 2440 et
809 2407 903 2449 paulo
918 2410 1002 2448 post:
1025 2420 1040 2435 α
1058 2406 1140 2439 0611-

175 2461 227 2494 lus
249 2461 352 2494 malus
375 2461 414 2494 ad
439 2461 520 2494 mala
537 2473 567 2501 »;
585 2461 669 2493 unde
685 2469 757 2493 cum
781 2460 974 2502 depravatur
994 2459 1139 2498 intentio,

2095 239 2152 272 301

1198 323 1302 357 deviat
1325 333 1344 357 a
1366 325 1416 357 via
1440 326 1519 359 lucis
1534 330 1565 359 et
1588 326 1703 359 incedit
1727 336 1783 369 per
1801 328 1962 366 tenebras,
1987 328 2159 361 secundum

1200 376 1276 409 illud
1301 378 1505 411 Ecclesiastici
1523 379 1703 412 undecimo:
1726 393 1742 409 α
1759 381 1855 413 Error
1875 385 1906 414 et
1930 382 2077 414 tenebrae
2094 391 2161 424 pec-

1200 430 1360 464 catoribus
1383 436 1566 465 concreatae
1591 436 1664 465 sunt
1681 447 1710 465 ».
1739 433 1817 466 Cum
1847 438 1952 467 autem
1976 435 2161 468 obtenebra-

1201 486 1255 515 tur
1286 484 1416 516 intentio
1447 488 1479 517 et
1508 485 1718 524 deformatur,
1750 487 1977 520 obtenebratur
2001 492 2032 520 et
2059 488 2162 520 desor-

1201 539 1307 569 matur
1331 546 1420 579 opus.
1446 538 1531 571 Unde
1549 538 1578 571 in
1596 539 1746 572 Glossa⁷z
1776 552 1791 568 α
1809 540 1837 572 Si
1861 549 2010 582 perversa
2033 541 2162 573 intentio

1200 590 1386 632 praecessit,
1411 600 1545 633 pravum
1569 601 1650 634 opus
1672 593 1828 635 sequitur,
1861 593 1953 625 etiam
1987 594 2011 625 si
2044 594 2162 626 iustum

1201 643 1346 676 videatur
1362 657 1393 676 ».
1418 644 1455 677 Et
1471 645 1540 678 ideo
1555 645 1672 678 dicitur
1696 655 1819 688 corpu-5
1836 646 2040 679 tenebrosum
2051 673 2060 685 ,
2078 648 2162 689 quod

1201 696 1329 739 quidem
1360 697 1477 730 dicitur
1506 698 1623 740 peccati
1655 708 1752 741 opus,
1777 699 1815 731 de
1846 700 1930 742 quali
1967 700 2101 732 babetur
2125 700 2163 732 ad

1202 751 1356 784 Romanos
1389 751 1511 784 decimo
1549 752 1657 784 tertio:
1692 765 1708 781 α
1732 752 1920 786 Abiiciamus
1954 762 2050 795 opera
2079 758 2163 786 tene-

1202 803 1333 836 brarum
1352 817 1381 836 ».
1407 822 1450 828 -
1476 805 1507 837 111
1525 805 1584 837 1106
1609 805 1706 847 igitur
1722 809 1849 847 aptatur
1873 806 2045 838 similitudo
2063 806 2164 838 lucer-

1202 865 1278 895 nae,
1303 861 1356 896 01,
1381 858 1463 890 51601
1487 858 1616 890 lucerna
1640 867 1736 900 super
1761 859 1983 892 candelabrum
2008 863 2055 892 est
2072 859 2163 891 lumi-

1202 919 1292 949 nosa,
1310 911 1370 943 sub
1386 911 1490 944 modio
1514 912 1697 950 tenebrosa;
1715 915 1746 945 et
1762 912 1830 945 ideo
1847 913 1954 945 nullus
1970 922 2036 945 eam
2054 922 2164 945 accen-

1201 964 1279 997 dens
1306 977 1321 993 a
1340 965 1427 1006 ponit
1447 965 1507 997 sub
1532 965 1650 1004 modio,
1675 966 1730 998 sed
1762 975 1858 1008 super
1890 966 2113 999 candelabrum
2132 979 2162 998 »ς

1202 1018 1246 1050 516
1270 1018 1402 1051 1111611110
1434 1019 1567 1060 simplex
1601 1022 1633 1051 et
1660 1028 1788 1052 sursum
1821 1019 1940 1052 directa
1970 1024 2017 1052 est
2043 1020 2162 1058 lucida,

1201 1071 1350 1104 deorsum
1374 1075 1421 1104 est
1452 1081 1568 1111 curva,
1593 1081 1728 1115 nequam
1761 1076 1793 1106 et
1815 1073 1960 1106 obscura.
1993 1074 2057 1106 Non
2088 1083 2163 1115 ergo

1201 1124 1294 1157 debet
1317 1125 1389 1166 quis
1413 1125 1444 1157 in
1467 1125 1533 1158 suis
1562 1126 1712 1168 operibus
1736 1126 1905 1168 procedere
1934 1136 2006 1159 cum
2031 1127 2163 1168 duplici-

1203 1181 1265 1210 tate
1288 1180 1320 1210 et
1343 1178 1541 1211 simulatione
1566 1179 1757 1221 hypocrisis,
1789 1180 1842 1213 sed
1868 1180 1966 1222 magis
1997 1189 2068 1212 cum
2094 1181 2163 1213 1066

1202 1234 1233 1263 61
1257 1230 1454 1273 simplicitate
1477 1231 1668 1265 intentionis.
1697 1232 1773 1264 Nam
1798 1233 2039 1265 Proverbiorum
2065 1233 2163 1266 unde-

1202 1284 1326 1317 cimoss:
1356 1285 1509 1318 «lustitia
1533 1285 1682 1327 simplicis
1709 1285 1822 1327 diriget
1845 1286 1926 1318 viam
1951 1286 2037 1324 eius,
2070 1291 2101 1319 et
2132 1287 2162 1319 in

1204 1337 1363 1379 impietate
1384 1347 1442 1370 sua
1466 1342 1594 1371 corruet
1619 1339 1734 1380 impius
1750 1352 1781 1370 ».

1292 1392 1344 1423 75.
1362 1391 1468 1431 (Vers.·
1482 1391 1559 1433 35).
1577 1392 1682 1424 Tertio
1698 1392 1845 1424 subditur
1865 1391 2061 1434 informatio
2082 1403 2164 1425 com-

1202 1443 1418 1483 mendabilis,
1443 1453 1515 1477 cum
1539 1444 1631 1477 dicit:
1663 1445 1739 1477 Vide
1754 1455 1852 1487 erqo,
1877 1455 1917 1477 116
1933 1445 2058 1484 lumen,
2076 1446 2164 1488 quod

1203 1497 1291 1530 inte
1315 1502 1379 1536 est,
1412 1497 1561 1530 tenebrae
1584 1498 1673 1537 sint,
1706 1498 1736 1530 id
1759 1502 1824 1537 est,
1856 1508 1895 1531 ne
1927 1499 2075 1538 intentio,
2108 1509 2164 1541 per

1203 1560 1299 1593 quam
1322 1551 1418 1584 debes
1441 1560 1509 1584 esse
1533 1551 1606 1590 lux,
1631 1552 1780 1584 vitiorum
1804 1552 1942 1585 tenebris
1964 1552 2163 1585 obscuretur.

1204 1604 1358 1646 Loquitur
1374 1607 1478 1637 autem
1497 1604 1657 1637 conversis
1672 1604 1709 1637 ad
1727 1613 1776 1644 se,
1792 1604 1830 1637 de
1847 1605 1963 1647 quibus
1979 1605 2021 1637 ait
2037 1606 2164 1647 Aposto-

1204 1658 1254 1690 lus
1270 1658 1309 1690 ad
1327 1658 1475 1700 Ephesios
1491 1658 1602 1700 quinto
1614 1658 1641 1690 9;
1668 1672 1682 1686 ιι
1702 1658 1801 1691 Eratis
1816 1658 1983 1700 aliquando
2004 1658 2164 1695 tenebrae,

1204 1720 1289 1743 nunc
1312 1715 1417 1744 autem
1435 1711 1492 1743 lux
1517 1711 1547 1743 in
1566 1711 1711 1749 Domin0;
1733 1714 1769 1744 ut
1793 1711 1847 1743 filii
1865 1712 1944 1744 111615
1963 1711 2121 1744 ambulate
2135 1725 2166 1749 n,

1203 1768 1240 1797 111
1256 1765 1324 1797 51115
1346 1764 1411 1806 filii
1430 1764 1521 1797 illius
1538 1764 1637 1803 lueis,
1661 1778 1676 1793 «
1693 1774 1774 1807 quae
1790 1765 1946 1797 illuminat
1968 1774 2092 1797 omnem
2111 1765 2166 1797 110-

1204 1818 1319 1850 minem
1337 1818 1512 1850 venientem
1538 1818 1568 1850 in
1587 1818 1671 1850 hunc
1689 1817 1842 1849 mundum
1858 1831 1874 1846 ι»
1886 1843 1893 1856 ,
1912 1817 2033 1850 loannis
2048 1818 2165 1859 primm

1204 1880 1265 1903 non
1289 1870 1354 1912 filii
1376 1870 1538 1909 hominis,
1568 1871 1607 1903 de
1631 1871 1748 1913 quibus
1777 1871 1898 1903 loannis
1924 1871 2032 1903 tertio:
2063 1884 2077 1899 α
2096 1872 2166 1904 Lux

1203 1924 1288 1957 venit
1312 1924 1343 1956 in
1367 1924 1539 1968 mundum,
1564 1927 1595 1956 et
1618 1924 1800 1957 dilexerunt
1825 1924 1966 1957 homines
1997 1925 2096 1966 magis
2121 1929 2166 1957 te-

1204 1977 1318 2010 nebras
1333 1986 1429 2019 quam
1450 1977 1566 2015 lucem;
1584 1980 1673 2009 erant
1697 1977 1779 2009 enim
1797 1977 1879 2009 mala
1898 1986 1994 2019 opera
2010 1986 2120 2010 eorum
2135 1991 2163 2009 ι»,

1203 2031 1356 2072 Quoniam
1381 2039 1456 2072 ergo
1485 2039 1582 2072 prava
1605 2030 1736 2063 intentio
1764 2034 1865 2062 totum
1889 2040 1969 2072 opus
1996 2030 2163 2072 depravat,

1204 2084 1273 2116 ideo
1296 2084 1403 2122 docet,
1428 2092 1496 2116 eam
1525 2084 1694 2125 praecipue
1717 2092 1785 2116 esse
1814 2083 1997 2122 cavendam,
2022 2093 2095 2116 cum
2119 2083 2164 2116 di-

1203 2138 1262 2170 cit:
1295 2137 1370 2169 Vide
1393 2140 1451 2169 etc.

1293 2191 1346 2222 76.
1375 2190 1477 2232 (Vers.
1507 2190 1584 2230 36.).
1609 2190 1667 2223 Sed
1691 2199 1820 2229 rursus,
1844 2191 1919 2233 quia
1942 2191 2075 2223 intentio
2103 2200 2164 2224 non

1205 2247 1306 2286 potest
1329 2253 1397 2277 esse
1430 2244 1533 2277 lucida
1547 2244 1583 2283 ¹⁰,
1608 2244 1665 2277 nisi
1690 2244 1770 2277 adsit
1801 2245 1949 2286 operatio
1973 2245 2071 2283 bona;
2096 2244 2165 2277 ideo

1204 2297 1328 2330 subdit:
1355 2297 1392 2330 Si
1413 2307 1490 2340 eryo
1515 2307 1636 2340 eorpus
1660 2301 1756 2329 tuum
1787 2301 1889 2329 totum
1914 2296 2062 2330 lucidum
2092 2295 2165 2339 fue-

1204 2351 1269 2390 rit,
1293 2361 1360 2383 non
1384 2350 1506 2383 liabens
1538 2350 1687 2394 aliquam
1717 2354 1849 2392 partem
1873 2349 2104 2389 tenebrarum,
2128 2354 2165 2382 ut

1205 2405 1348 2438 videlicet
1371 2414 1433 2436 non
1450 2405 1490 2437 sit
1506 2404 1643 2446 pravitas
1666 2404 1696 2436 in
1721 2404 1891 2436 intentione
1908 2413 1964 2436 nec
1980 2404 2164 2446 cogitatione

1205 2467 1262 2491 1166
1293 2458 1454 2491 affectione
1489 2467 1546 2490 1166
1576 2458 1731 2490 1060110116
1763 2467 1818 2490 1166
1851 2457 2048 2500 operatione,
2083 2466 2164 2500 quae

250 2653 259 2669 ¹
279 2654 364 2681 Codd.
382 2654 492 2681 CDFG
511 2654 634 2681 omittunt
651 2653 691 2686 in,
714 2654 761 2680 sed
780 2657 870 2680 contra
889 2653 1015 2679 subnexa.

250 2698 261 2714 ²
281 2699 351 2726 Libr.
369 2700 387 2725 1.
407 2700 441 2725 de
460 2699 572 2730 Officiis,
592 2706 614 2725 c.
635 2700 677 2725 30.
702 2706 727 2724 n.
754 2698 813 2724 1¹47.
835 2698 887 2724 Csr.
914 2698 943 2724 ll.
965 2698 1034 2724 Sent.
1053 2698 1080 2723 d.
1100 2697 1143 2723 40.

180 2745 245 2772 dub.
265 2746 290 2772 1.
310 2759 346 2772 -,
365 2743 483 2770 Subinde
502 2745 629 2777 allegatur
648 2745 665 2769 l.
684 2743 795 2776 Paralip.
813 2744 862 2776 29,
884 2743 925 2769 17.

251 2787 262 2803 ⁸
281 2789 357 2814 Vers.
378 2789 407 2821 ⁴,
428 2792 487 2821 post
505 2796 586 2821 quem
606 2788 680 2814 Cant.
699 2788 728 2819 1,
747 2788 771 2813 3.
791 2790 817 2813 61
837 2787 852 2813 t
864 2808 870 2820 ‚
889 2787 914 2812 9.
933 2786 985 2813 Csr.
1003 2786 1141 2818 Bernard„

180 2834 214 2860 de
232 2834 375 2865 Praecepto
394 2836 420 2858 et
437 2833 580 2865 dispensat.
599 2840 622 2858 c.
646 2832 685 2858 14.
705 2839 732 2858 11.
751 2832 795 2858 36.
813 2839 887 2865 seqq.
907 2834 932 2857 et
952 2832 1034 2857 Serm.
1056 2831 1098 2857 ⁴0.
1118 2832 1142 2856 in

180 2878 254 2904 Cant.
275 2885 300 2903 n.
320 2879 345 2903 2.
369 2884 424 2910 seq.
446 2877 564 2910 Hieron,
584 2874 600 2903 l.
621 2877 646 2903 in
672 2878 759 2903 lllattli.
779 2877 809 2908 6,
835 2878 878 2902 22.
903 2883 972 2909 seq.:
992 2876 1143 2908 Lippientes

180 2921 273 2956 [oculi]
293 2922 375 2948 solent
394 2922 514 2947 lucernas
533 2922 624 2948 videre
642 2928 812 2953 numerosas,
825 2922 935 2953 simplex
953 2921 1046 2947 oculus
1059 2924 1084 2946 et
1097 2927 1143 2952 pu·

180 2974 226 2992 rus
244 2967 372 2998 simplicia
393 2966 507 2992 intuetur
522 2969 548 2992 et
566 2973 644 2999 pura.

251 3009 263 3025 ⁴
284 3011 356 3037 Vers.
377 3012 401 3036 8.
421 3014 447 3036 et
465 3011 491 3036 9.
511 3025 544 3029 —
564 3010 682 3037 Subinde
706 3011 834 3043 allegatur
860 3011 946 3036 Mattli.
965 3010 997 3042 7,
1018 3010 1060 3035 18.
1085 3010 1142 3042 (cfr.

180 3056 244 3081 Luc.
264 3056 294 3087 6,
314 3055 383 3088 43.),
403 3058 462 3087 post
480 3062 561 3088 quem
580 3056 639 3081 Vat.
658 3055 842 3088 prosequitur:
861 3054 899 3081 ita
917 3061 953 3081 ρει*
977 3053 1057 3080 corde
1076 3055 1143 3080 {ene-

182 3099 261 3127 broso
280 3106 336 3126 mm
352 3099 502 3134 procedunt
520 3106 604 3133 opera
621 3098 677 3126 nisi
693 3099 885 3131 tenebrarum;
903 3098 975 3125 sicut
992 3104 1040 3124 nec
1058 3097 1142 3124 arbor

181 3144 257 3171 mala
275 3144 382 3178 fructus
400 3143 466 3178 facil
484 3143 538 3170 nisi
549 3143 647 3170 malos.
659 3143 724 3170 Cod.
738 3144 758 3169 11
773 3144 850 3176 legit:
865 3142 1000 3176 Quoniam
1013 3142 1099 3176 igilur
1111 3142 1143 3169 de

183 3188 263 3216 corde
274 3189 313 3216 sic
331 3188 485 3216 illuminato
497 3195 553 3215 non
568 3188 722 3222 procedunt
732 3188 787 3215 nisi
801 3188 906 3221 lueida,
919 3188 958 3215 sic
970 3195 987 3214 α
1004 3186 1142 3214 tenebroso

182 3233 237 3260 nisi
254 3232 386 3266 obscura,
404 3233 475 3261 sicut
497 3240 552 3260 non
567 3234 656 3267 potest
677 3232 762 3269 arhor
780 3232 849 3259 bono
872 3233 980 3267 fructus
998 3231 1086 3259 malos
1105 3232 1143 3266 fa-

183 3285 257 3310 cts-e,
276 3284 324 3305 nec
342 3277 418 3304 mala
435 3278 541 3312 fructus
561 3276 652 3304 bonos.
671 3278 698 3303 ln
723 3280 812 3303 nostro
836 3280 905 3303 textu
930 3281 991 3303 ante
1013 3276 1143 3311 quomam

183 3322 296 3354 supple:
315 3322 392 3348 etiam
413 3325 496 3348 totum
517 3324 617 3348 rectum
636 3324 684 3347 est.

254 3364 266 3379 ¹⁵
284 3365 368 3392 Codd.
387 3366 511 3392 omittunt
527 3364 628 3400 suerit,
646 3368 673 3391 et
687 3365 804 3392 ‘subinde
824 3365 935 3398 Vulgata
954 3368 980 3391 et
993 3365 1050 3391 Vnt.
1070 3365 1144 3391 omit·

185 3411 240 3435 tunt
259 3410 345 3436 tot-um
364 3409 421 3443 (etr.
441 3410 527 3436 Matth.
546 3411 577 3443 6,
597 3410 646 3436 23:
667 3410 764 3437 Totum
782 3416 881 3444 corpus
901 3411 980 3436 tuum
998 3412 1047 3435 etc.

1277 2650 1288 2666 ⁶
1308 2652 1384 2677 Vers.
1406 2652 1429 2676 8.
1454 2654 1479 2676 et
1506 2651 1548 2676 10.
1566 2664 1602 2670 --
1621 2651 1744 2683 Sequitur
1767 2651 1843 2676 Eccli.
1870 2651 1915 2682 11,
1943 2651 1984 2676 le.
2003 2665 2039 2669 —
2058 2651 2166 2676 lnserius

1207 2703 1256 2728 pro
1275 2695 1363 2722 deviat
1388 2696 1446 2721 Vat.
1471 2694 1625 2726 derivatur,
1645 2695 1667 2721 D
1686 2702 1700 2720 a
1720 2695 1835 2720 secunda
1858 2702 1937 2720 manu
1963 2694 2094 2721 deviatur.
2114 2695 2165 2721 Csr.

1206 2741 1247 2766 Du
1266 2740 1368 2773 Gange,
1392 2740 1553 2766 Glossarium
1578 2743 1642 2765 ete:
1668 2738 1795 2771 Deviare,
1815 2739 1975 2770 exorbitare,
2000 2732 2085 2765 extra‘
2095 2740 2166 2765 viam

1206 2786 1271 2811 ire...
1290 2785 1417 2816 Deviare,
1438 2791 1451 2809 a
1471 2785 1513 2809 ria
1534 2791 1580 2810 sua
1599 2784 1713 2817 aliquem
1733 2791 1781 2816 per
1799 2784 1854 2809 vim
1874 2783 2014 2810 abducere.

1278 2828 1287 2843 '¹
1308 2830 1410 2855 Scilicet
1429 2828 1611 2855 interlinearis
1630 2828 1672 2861 (ex
1691 2829 1770 2860 Beda)
1791 2828 1817 2853 in
1831 2829 1894 2854 Luc.
1909 2829 1917 2853 1
1930 2829 1935 2853 l
1948 2848 1954 2859 ,
1974 2828 2022 2853 34:
2039 2838 2052 2851 α
2066 2829 2091 2853 Si
2107 2836 2167 2861 pei·-

1208 2882 1284 2900 versa
1310 2874 1416 2900 intentio
1442 2873 1627 2906 praecesserit,
1653 2880 1765 2905 pravum
1792 2880 1860 2905 opus
1884 2876 2021 2906 sequetur,
2046 2873 2094 2898 etsi
2123 2874 2168 2898 ali-

1207 2919 1313 2953 quando
1334 2919 1430 2944 iustum
1455 2919 1575 2944 videatur
1589 2928 1613 2943 n.
1634 2907 1764 2943 lta'etiam
1784 2918 1822 2949 11,
1841 2917 1888 2943 sed
1907 2918 1948 2943 alii
1968 2917 2045 2943 codd.
2067 2925 2114 2949 pro
2135 2917 2166 2944 Si

1207 2970 1347 2996 perperam
1367 2963 1496 2996 86701161,-
1515 2963 1606 2988 saltem
1628 2962 1768 2994 legendum
1788 2966 1855 2988 esset
1873 2961 1985 2995 Semper
2003 2961 2035 2988 si.
2054 2975 2089 2981 —
2102 2961 2167 2987 Sub-

1208 3008 1269 3034 inde
1288 3009 1415 3040 allegatur
1434 3007 1511 3032 llom.
1532 3007 1578 3037 13,
1599 3007 1640 3031 12.

1279 3050 1290 3066 ⁸
1309 3052 1385 3078 Vers.
1404 3051 1429 3077 5.
1447 3064 1483 3070 —
1502 3051 1628 3083 Superius
1650 3051 1707 3076 Vnt.
1725 3051 1820 3076 omittit
1839 3052 1877 3077 est
1890 3050 2052 3076 luminosa...
2072 3049 2166 3076 cande-

1207 3096 1325 3124 labrum.

1278 3140 1290 3155 ⁹
1308 3142 1382 3167 Vers.
1402 3142 1429 3166 8.
1446 3154 1481 3160 —
1500 3140 1557 3165 Duo
1575 3146 1650 3173 seqq.
1670 3140 1719 3165 loci
1751 3142 1811 3165 sunt
1838 3140 1907 3165 loan.
1929 3139 1958 3169 l,
1977 3139 2002 3164 9.
2022 3142 2047 3164 et
2071 3140 2100 3170 3,
2123 3139 2164 3164 49.

1207 3200 1243 3206 -
1261 3187 1349 3212 610550
1370 3183 1553 3212 interlineas-is
1573 3185 1613 3217 (611
1634 3184 1714 3217 Beda)
1735 3184 1760 3209 in
1780 3185 1842 3209 Luc.
1863 3183 1908 3214 ll,
1929 3183 1979 3208 35:
2003 3182 2065 3209 Vide
2084 3190 2163 3217 erqo,

1207 3239 1240 3258 ne
1259 3231 1351 3257 lumen
1369 3233 1436 3261 etc.;
1456 3229 1511 3261 ipsa
1532 3228 1652 3259 intentio,
1666 3235 1734 3261 quae
1747 3228 1849 3253 animae
1862 3227 1951 3253 lumen
1970 3230 2023 3258 est,
2042 3227 2166 3253 vitiorum

1207 3274 1322 3301 tenebris
1340 3275 1463 3300 fuscetur.
1482 3272 1533 3299 Csr.
1553 3273 1677 3305 August„
1697 3273 1724 3298 ll.
1744 3272 1777 3297 de
1796 3273 1880 3298 Serm.
1900 3271 2001 3297 Domini
2021 3272 2047 3297 in
2066 3275 2166 3302 monte,

1207 3326 1231 3346 e.
1251 3319 1293 3345 13.
1311 3326 1339 3344 11.
1360 3317 1402 3343 46.

1279 3361 1301 3377 ¹⁰
1320 3361 1404 3388 Codd.
1422 3362 1470 3387 BF
1486 3368 1561 3395 picra
1579 3362 1605 3387 et
1618 3359 1718 3387 1116ίά0.

2184 814 2313 835 solandum.

2182 1399 2286 1420 Tertium.

2181 2197 2213 2227 Ad
2227 2197 2320 2228 lucidam

2180 2227 2319 2254 intentionem

2193 2254 2309 2277 requiritur

2202 2277 2298 2325 offiano

2247 2310 2281 2325 aa.
