2427 3872
313 255 376 287 694

569 297 632 323 CHR
654 296 691 329 (8)

366 357 399 361 -—-
418 342 530 368 docebat
549 348 655 367 omnem
675 340 812 365 veritatem
832 339 875 364 Vll
896 338 947 364 500

1170 248 1285 281 INDEX
1309 248 1437 281 RERUM

984 345 1064 371 quam
1086 340 1190 363 nostrae
1208 337 1381 363 conscientiae
1395 336 1436 361 Vll
1450 336 1501 361 553
1518 335 1561 361 45.
1574 335 1625 361 562

311 388 344 413 73
364 402 398 405 -
418 386 507 418 dirigit
519 386 552 411 ad
571 385 706 410 veritatem
722 384 772 409 485
785 383 819 408 72
832 397 867 401 ——
879 389 949 408 nunc
984 382 1013 407 71
1037 396 1072 400 -
1092 382 1147 407 Νο0
1168 384 1266 407 tantum
1286 380 1448 409 credendum
1467 382 1506 405 est
1524 379 1626 406 Christo

311 439 362 457 non
391 431 506 463 loquitur
533 429 615 455 verba
644 427 883 457 condemnationis,
902 426 948 452 sed
984 426 1051 452 sicut
1070 426 1127 451 viro
1146 425 1273 457 sapienti,
1297 425 1343 450 sed
1369 424 1436 449 sicut
1454 423 1583 456 principio
1601 426 1627 449 et

311 475 487 501 instructionis
515 477 540 499 et
567 473 713 499 vocationis
738 473 769 498 Vl
790 472 836 497 361
861 471 896 496 35
913 484 949 489 -

312 520 445 545 annuntiat
468 519 618 549 veritatem,
645 524 726 550 quam
751 516 807 542 odit
833 514 949 541 mundus

312 564 363 589 340
384 564 398 587 8
418 564 452 580 '—
470 563 607 587 veritatem
626 560 744 592 dicebat,
764 560 811 585 sed
826 558 913 585 ludaei
925 558 948 583 ei

311 614 364 633 non
383 606 525 632 credebant
543 606 586 631 Vll
607 606 657 630 -132
678 606 711 630 52

318 680 321 681 7
365 666 399 669 —
419 651 496 676 docet
514 650 584 675 utilia
603 649 646 674 vu
666 649 717 673 266
747 647 789 673 44.
808 647 860 672 278
880 647 895 671 3
916 660 950 664 —

312 702 364 720 non
392 695 468 719 docet
495 693 612 722 subtilia,
633 693 680 718 sed
707 692 778 719 utilia
809 690 860 715 444
880 691 895 715 6
916 704 951 708 —

313 746 364 764 non
382 737 537 770 loquebatur
565 736 702 766 inutiliter,
720 742 772 760 non
801 734 950 764 carnaliter,

314 789 367 808 non
386 782 418 807 de
432 781 540 811 mundo,
559 781 606 806 sed
625 780 658 806 de
677 786 760 811 regno
780 779 826 804 Dei
846 779 892 803 22l
918 778 951 802 19

313 841 348 845 —
368 827 395 851 ln
421 825 510 851 verbis
534 825 629 850 Christi
647 824 710 849 nihil
730 827 768 849 est
787 823 951 854 superfluum

315 871 347 896 vt
368 870 418 895 465
440 869 471 895 48

367 929 402 932 —
420 913 531 939 docebat
556 913 679 938 iustitiam
706 912 749 937 Vll
776 911 826 936 437
856 911 883 936 11
916 925 951 929 -

314 959 390 984 docet
415 958 587 984 humilitatem
617 957 661 982 161
697 956 729 981 94
753 970 789 974 —-
808 956 951 981 (10001005

314 1009 438 1035 pompam
459 1002 551 1028 mundi
571 1001 670 1027 evitare
689 1001 722 1026 Vl
742 1000 793 1026 405
807 1000 840 1025 60
860 1013 895 1018 -
908 1006 951 1024 ve-

312 1048 350 1073 nit
368 1048 393 1072 in
413 1046 543 1073 mundum
563 1046 597 1072 ad
616 1045 766 1071 docendam
798 1044 883 1076 magis
902 1045 950 1069 110-

311 1092 445 1117 militatem
466 1098 546 1124 quam
565 1090 736 1117 curialitatem
752 1089 794 1115 Vll
815 1089 866 1115 475
886 1089 900 1114 8
915 1102 950 1107 —

310 1136 436 1168 docebat,
456 1135 592 1169 quomodo
615 1137 765 1161 servaretur
789 1134 877 1166 inopia
897 1133 949 1158 346

312 1181 344 1206 22
360 1195 393 1198 —
406 1187 458 1206 non
479 1179 607 1206 fatebatur
625 1187 653 1205 se
673 1179 839 1211 magistrum,
860 1181 888 1204 ut
906 1178 949 1204 do-

312 1228 395 1255 ceret,
420 1224 572 1256 temporalia
597 1224 697 1257 acquiri
726 1226 751 1249 et
776 1223 874 1253 dividi,
902 1223 949 1248 sed

290 1298 293 1303 r
310 1269 458 1301 derelinqui
476 1268 537 1294 ibid.
557 1282 592 1287 —
610 1268 774 1300 praedicavit
787 1266 950 1299 pauperibus

311 1317 337 1338 et
355 1320 402 1345 per
430 1319 562 1344 pauperes
589 1315 771 1344 paupertatem
797 1312 830 1336 98
856 1311 889 1336 37
917 1325 949 1329 -

311 1358 389 1382 docet
407 1360 588 1388 contemptum
608 1356 699 1381 mundi
719 1359 744 1381 et
764 1356 949 1387 perfectionem

313 1401 478 1432 humilitatis,
489 1400 646 1426 austeritatis
656 1404 681 1425 et
694 1400 856 1431 paupertatis
871 1399 902 1424 48
919 1400 950 1424 16

367 1460 399 1463 -
421 1444 592 1476 profitebatur
612 1444 792 1475 magisterium
818 1443 908 1469 salutis
927 1447 952 1468 et

313 1489 429 1514 veritatis
447 1489 594 1514 salutiferae
616 1489 657 1514 Vll
678 1489 728 1513 266
750 1487 782 1513 44
802 1502 837 1505 —
855 1487 953 1513 0000115

313 1535 435 1560 5310111113
461 1541 511 1559 000
537 1536 593 1559 erat
621 1533 797 1563 accusandus,
817 1532 953 1557 501111000-

314 1579 428 1611 ptandus
448 1578 499 1603 567
520 1578 534 1603 6
548 1593 582 1595 —
597 1581 624 1603 ut
644 1577 767 1608 magister
782 1577 862 1602 Iustos
876 1577 953 1602 (10001

313 1623 466 1655 sapientiam
488 1622 538 1648 147
560 1622 591 1647 48

367 1681 402 1686 -
422 1666 534 1693 docebat
553 1667 578 1692 in
599 1665 730 1698 parabolis
751 1667 790 1691 Vll
806 1666 856 1691 362
872 1665 904 1691 15
917 1680 951 1683 -

313 1712 415 1738 ludaeis
433 1711 596 1737 obdurandis
621 1710 778 1744 loquebatur
797 1711 821 1736 in
843 1709 951 1742 parabo-

313 1757 344 1782 lis
364 1756 414 1781 477
435 1757 467 1781 16
487 1770 521 1775 -
541 1756 820 1788 proponitdoctrinam
836 1755 952 1786 Scriptu-

314 1808 358 1826 rae
378 1800 460 1826 turbis
479 1801 504 1826 iu
525 1800 668 1832 parabolis,
690 1800 774 1832 aperit
801 1800 951 1831 discipulis,

314 1846 451 1871 confirmat
469 1845 601 1870 miraculis
629 1846 675 1869 188
697 1846 707 1869 1
731 1859 766 1863 -
785 1845 861 1870 docet
880 1851 952 1870 com-

313 1890 402 1914 munia
422 1889 554 1920 explicite,
574 1889 695 1920 specialia
723 1888 871 1920 parabolice
900 1888 951 1913 440

314 1933 347 1958 24
369 1947 401 1950 -
420 1932 576 1965 loquebatur
604 1933 706 1965 palam,
726 1933 788 1965 quia
817 1933 889 1957 multi
910 1939 952 1957 au-

313 1976 433 2006 diebant,
452 1976 499 2002 sed
521 1983 574 2001 noh
594 1977 695 2008 palam,
714 1977 775 2008 quia
795 1983 846 2001 non
865 1976 953 2001 intelli-

314 2020 424 2053 gebant,
443 2021 489 2046 sed
509 2021 533 2046 111
553 2020 685 2052 parabolis
705 2021 737 2045 Vl
753 2020 803 2045 484
824 2020 851 2045 41
877 2019 954 2045 3*—

315 2066 429 2099 loquitur
442 2065 606 2098 parabolice,
619 2065 680 2098 quia
696 2066 746 2090 hoc
756 2065 831 2090 decet
843 2064 900 2090 eius
913 2071 953 2090 sa-

315 2111 454 2143 pientiam,
474 2110 629 2136 ludaeorum
650 2110 787 2142 perfidiam
807 2112 832 2135 et
851 2115 953 2134 sacram

315 2156 476 2187 scripturam
490 2155 533 2181 Vll
548 2154 600 2180 384
618 2155 634 2179 7
648 2169 681 2173 —
697 2154 780 2180 turbis
798 2153 954 2187 loquebatur

313 2201 341 2225 in
360 2199 505 2232 parabolis,
531 2199 665 2231 discipulis
692 2202 780 2224 autem
809 2198 954 2225 disserebat

314 2245 400 2270 omnia
421 2245 471 2270 452
491 2245 533 2270 63.
547 2244 598 2269 278
619 2244 634 2269 5
653 2258 688 2263 -
701 2244 857 2277 loquebatur
870 2243 954 2270 turbis

314 2290 340 2314 in
359 2288 525 2315 sermonibus
543 2288 699 2321 parabolicis
713 2289 744 2314 Vl
760 2289 810 2314 466
825 2288 858 2314 49
871 2303 906 2306 —
919 2288 954 2313 lo-

314 2334 403 2366 quitur
423 2334 447 2358 in
472 2332 613 2365 parabolis,
643 2333 710 2359 iusto
738 2333 835 2359 iudicio
863 2334 953 2358 nolens

315 2378 511 2404 communicare
529 2381 617 2403 sancta
637 2377 781 2403 immundis
801 2378 851 2403 493
872 2378 905 2403 46
942 2398 945 2401 ,

367 2435 403 2440 -
422 2421 524 2447 13001131
542 2429 573 2447 03
598 2428 667 2455 quae
685 2422 744 2454 capi
764 2429 815 2447 non
834 2425 953 2454 poterant

315 2466 348 2491 Vl
369 2465 419 2491 494
440 2467 473 2491 22
491 2479 526 2484 -
544 2466 657 2491 occultat
676 2466 813 2491 veritatem
833 2465 867 2490 ab
886 2466 953 2491 inca-

316 2509 425 2542 pacibus
438 2512 464 2535 et
476 2517 490 2535 a
510 2509 646 2535 malevolis
663 2510 715 2535 503
729 2510 744 2534 9
759 2523 792 2528 -—
806 2509 889 2535 turbis
902 2517 954 2535 non

316 2554 383 2579 adeo
403 2554 516 2585 perfecte
538 2552 684 2584 explicabat
708 2553 820 2578 verbum
847 2553 891 2578 Dei
912 2553 952 2578 Vll

318 2598 369 2622 152
389 2598 422 2622 62
441 2610 476 2616 -
496 2597 620 2628 paulatim
641 2597 762 2628 provehit
775 2597 908 2623 auditores
926 2600 955 2623 ut

316 2641 403 2667 bonus
421 2641 512 2667 doctor
532 2641 562 2667 Vl
583 2641 634 2666 296
655 2640 688 2667 45

370 2699 406 2704 -
425 2685 458 2711 30
477 2686 614 2717 Apostolos
633 2685 748 2718 loquitur
767 2689 795 2711 ut
814 2685 846 2711 ad
867 2685 955 2711 intelli-

318 2733 423 2761 gentes,
443 2730 477 2755 ad
496 2729 585 2755 turbas
605 2733 632 2755 ut
651 2730 685 2755 ad
698 2730 832 2755 sensuales
847 2730 887 2755 Vll
903 2730 953 2755 152

318 2774 351 2799 63
371 2787 406 2792 -
425 2773 537 2799 docebat
551 2774 693 2805 discipulos
706 2773 827 2799 sublimia
848 2774 880 2799 Vi
903 2773 954 2799 240

318 2818 333 2842 3
353 2832 387 2836 -—
407 2819 476 2844 solos
494 2818 637 2849 discipulos
650 2817 762 2843 docebat
781 2825 810 2844 ea
824 2825 893 2850 quae
912 2818 954 2843 alii

319 2869 412 2894 capere
432 2870 483 2887 non
503 2865 622 2894 poterant
641 2862 692 2888 484
713 2862 740 2887 4l
765 2876 800 2881 —
819 2862 955 2894 discipulis

318 2907 432 2939 loquitur
458 2907 482 2931 in
511 2906 618 2938 figuris,
637 2910 664 2931 ut
683 2913 725 2932 res
750 2913 797 2938 per
817 2907 956 2938 expositio-

317 2957 379 2977 nem
399 2951 467 2976 clare
485 2950 656 2982 intelligatur,
675 2954 703 2975 ut
715 2957 807 2976 sensus
825 2952 956 2977 humanus

319 2995 485 3026 humilietur,
504 2998 529 3020 et
547 2994 643 3020 veritas
663 2995 797 3020 ardentius
816 2999 917 3021 ametur
931 2999 956 3021 et

318 3039 419 3065 1111111115
438 3042 555 3065 1011011101
584 3039 634 3064 299
660 3039 702 3064 65.
723 3039 773 3065 466
794 3039 827 3065 49
852 3053 886 3059 —
905 3040 956 3066 alio

317 3090 438 3109 sermone
465 3083 584 3115 exposuit
607 3083 780 3109 beatitudines
808 3084 956 3117 discipulis,

318 3128 368 3153 alio
388 3127 471 3153 turbis
491 3128 532 3153 Vll
554 3127 603 3153 152
623 3128 656 3153 62

372 3186 406 3190 -—
427 3172 517 3197 Sermo
536 3171 629 3198 Christi
649 3179 728 3197 verus
748 3172 780 3198 Vl
795 3172 844 3198 423
864 3173 897 3198 68
921 3186 956 3192 -

319 3218 411 3241 Sermo
430 3216 523 3242 Christi
541 3219 580 3242 est
599 3216 768 3248 accipiendus
796 3219 825 3242 ut
843 3216 955 3242 verbum

319 3260 366 3285 Dei
386 3260 436 3285 423
465 3261 498 3285 69
523 3273 558 3279 —
577 3260 627 3293 Qui
655 3260 787 3292 accipiunt
810 3260 955 3286 doctrinam

319 3304 376 3329 01115
394 3304 455 3329 00111
476 3305 541 3330 tlunt
558 3304 592 3330 (10
611 3304 666 3330 eius
685 3304 793 3330 veritate
807 3305 857 3330 288
878 3304 955 3330 55-57

320 3361 353 3366 -
375 3348 394 3373 T
397 3348 535 3374 estimonio
554 3347 647 3374 Christi
666 3348 830 3374 credendum
850 3349 901 3374 280
923 3349 954 3373 16

319 3406 353 3409 -
373 3392 399 3417 10
412 3391 535 3417 omnibus
547 3392 708 3418 credendum
723 3395 760 3418 est
773 3391 875 3419 Christo
896 3393 956 3424 plus

985 471 1050 496 sonti
1068 470 1147 496 totius
1174 469 1319 502 sapientiae
1344 469 1395 494 299
1416 468 1450 493 66
1469 482 1505 487 -
1523 467 1626 494 01111510

985 515 1013 540 10
1032 514 1157 540 0111011105
1175 513 1338 539 credendum
1353 515 1392 538 est
1404 513 1455 538 238
1471 512 1513 538 66.
1526 513 1578 538 562
1591 512 1620 537 71

1039 573 1074 578 -
1092 558 1212 584 Doctrina
1232 557 1326 584 Christi
1350 556 1430 582 habet
1448 557 1625 582 testimonium

986 603 1145 628 auctoritatis
1162 609 1193 627 ex
1219 602 1312 627 merito
1331 602 1399 627 vitae
1425 604 1451 626 et
1478 601 1626 627 testimonio

987 648 1137 679 Scripturae
1156 650 1181 671 et
1202 646 1329 672 miraculo
1352 646 1483 677 potentiae
1505 646 1549 671 Vll
1576 646 1626 671 404

988 692 1020 717 64
1042 705 1077 711 —
1095 692 1143 716 Per
1167 691 1301 722 multiplex
1320 690 1476 715 miraculum
1496 690 1628 715 sufficien-

988 738 1026 760 ter
1045 735 1236 760 authenticatur
1260 734 1377 760 doctrina
1396 734 1489 760 Christi
1517 733 1568 759 405
1592 734 1626 759 69

987 793 1023 798 —
1042 779 1173 811 Sapientia
1205 779 1338 804 incarnata
1358 778 1502 809 audienda,
1522 778 1583 811 quia
1602 779 1627 804 ei

988 823 1128 855 perhibent
1152 823 1330 848 testimoninm
1359 823 1410 848 Lex
1438 826 1464 848 et
1482 823 1628 854 Prophetae

989 868 1040 894 424
1060 868 1093 894 59
1112 881 1148 886 —
1167 869 1193 893 ln
1221 866 1324 893 Christo
1351 867 1458 893 doctore
1482 867 1628 894 ostenditur

987 912 1119 938 evidentia
1139 911 1255 937 veritatis
1283 918 1330 943 per
1358 911 1540 937 certitudinem
1562 911 1628 936 testi-

988 957 1067 982 monii
1096 956 1199 982 Ioannis
1221 956 1269 981 173
1300 956 1332 981 33
1361 970 1396 974 ——-
1424 956 1508 981 Gloria
1534 954 1628 982 Christi

987 1005 1090 1028 ostensa
1110 1001 1248 1026 confirmat
1267 1001 1323 1026 eius
1343 1000 1489 1026 doctrinam
1510 1001 1561 1026 238
1576 1001 1609 1026 66

1038 1061 1074 1065 -
1092 1046 1241 1072 audiendus
1259 1046 1346 1072 studio
1363 1045 1506 1078 sapientiae
1521 1045 1561 1071 Vll
1577 1046 1626 1070 238

987 1092 1028 1116 66.
1044 1091 1095 1117 540
1115 1091 1149 1116 60
1164 1105 1197 1109 ——
1211 1090 1360 1116 audiendus
1373 1097 1434 1116 cum
1449 1090 1581 1116 desiderio
1594 1090 1627 1115 99

987 1136 1029 1162 44.
1044 1136 1094 1161 500
1107 1135 1196 1161 75-
1216 1135 1314 1161 Αο0110
1332 1135 1481 1161 doctrinam
1501 1137 1526 1160 01
1546 1134 1627 1160 verba

986 1180 1079 1206 Christi
1092 1183 1132 1206 est
1144 1180 1289 1205 maximum
1303 1179 1462 1205 beneficium
1476 1179 1527 1205 265
1543 1179 1575 1205 42
1594 1193 1624 1198 --

986 1225 1084 1251 000005
1103 1232 1156 1250 non
1175 1225 1261 1250 solum
1290 1224 1454 1254 3110100005,
1473 1224 1521 1250 sed
1549 1223 1627 1249 etiam

985 1269 1117 1295 videndus
1135 1269 1217 1295 oculis
1235 1268 1415 1301 spiritualibus
1434 1269 1466 1293 Vl
1487 1269 1538 1294 630
1559 1269 1591 1293 43

1038 1329 1074 1332 -
1093 1314 1133 1339 Ad
1153 1314 1235 1345 pedes
1254 1313 1349 1339 Christi
1367 1313 1514 1339 sedendum
1534 1313 1567 1338 ad
1582 1320 1628 1338 au-

987 1358 1111 1384 diendam
1131 1358 1277 1384 doctrinam
1298 1358 1341 1384 Vll
1362 1358 1413 1383 206
1433 1359 1467 1383 62
1487 1372 1520 1376 -
1542 1357 1627 1383 Verba

987 1402 1080 1428 Christi
1101 1402 1264 1428 recordanda
1279 1402 1310 1428 ad
1325 1402 1533 1428 convertendum
1549 1409 1563 1427 a
1577 1409 1629 1427 ma·

988 1447 1026 1478 lo,
1047 1446 1079 1471 ad
1109 1446 1321 1478 promovendum
1347 1446 1371 1471 in
1402 1445 1484 1478 bono,
1504 1446 1537 1472 ad
1557 1453 1629 1478 prae-

988 1490 1148 1516 servandum
1169 1490 1193 1515 10
1215 1490 1331 1521 periculo
1353 1491 1383 1515 Vi
1404 1491 1454 1516 605
1469 1498 1494 1515 v.
1513 1490 1527 1515 4
1541 1503 1576 1508 —
1589 1490 1628 1515 Ad

988 1536 1072 1560 lesum
1092 1535 1252 1561 veniendum
1273 1535 1305 1559 ad
1325 1534 1479 1560 discendam
1493 1534 1628 1560 veritatem

990 1580 1031 1605 Vll
1051 1579 1102 1604 206
1123 1580 1150 1604 61
1169 1592 1204 1597 -
1219 1579 1383 1604 veniendum
1398 1578 1481 1604 estad
1497 1578 1628 1604 Christum

989 1624 1127 1649 docentem
1147 1626 1272 1656 tanquam
1293 1623 1449 1655 magistrum
1477 1623 1564 1654 ipsum
1584 1630 1630 1648 au-

988 1669 1099 1700 diendo,
1120 1671 1179 1700 post
1203 1668 1334 1693 Christum
1355 1671 1553 1694 conversantem
1574 1671 1630 1693 tan-

987 1721 1067 1746 quam
1090 1716 1148 1745 post
1168 1713 1355 1744 paedagogum
1386 1713 1472 1744 ipsum
1494 1712 1629 1743 imitando,

988 1765 1035 1790 per
1070 1757 1201 1783 Christum
1238 1758 1379 1789 patientem
1419 1760 1543 1790 tanquam
1583 1764 1629 1789 per

988 1803 1084 1828 ostium
1114 1803 1138 1827 in
1165 1802 1251 1834 ipsum
1278 1802 1409 1827 credendo
1437 1802 1467 1827 Vl
1488 1802 1539 1827 562
1560 1802 1575 1826 2
1597 1816 1629 1819 -

988 1862 1022 1864 -
1042 1847 1107 1872 Boni
1126 1847 1258 1872 auditores
1286 1846 1383 1872 debent
1406 1846 1541 1879 requirere
1560 1846 1630 1872 Chri-

988 1894 1057 1916 stum
1072 1891 1226 1922 sapientiam
1241 1891 1327 1916 studio
1341 1891 1526 1922 meditationis,
1540 1890 1630 1916 venire

989 1935 1022 1960 ad
1051 1935 1139 1966 ipsum
1168 1935 1300 1960 desideri0
1328 1935 1485 1966 affectionis,
1514 1935 1630 1961 detinere

989 1986 1051 2004 00111
1070 1979 1191 2004 instantia
1205 1979 1344 2011 orationis,
1359 1979 1458 2005 irruere
1472 1980 1571 2011 impetu
1585 1979 1630 2005 de-

991 2023 1116 2053 votionis,
1136 2023 1254 2048 comitari
1274 2023 1455 2049 conformitate
1472 2023 1558 2049 bonae
1570 2030 1631 2055 ope-

990 2067 1105 2097 rationis,
1116 2067 1191 2099 sequi
1202 2067 1344 2093 imitatione
1358 2067 1486 2099 passionis
1499 2069 1541 2093 Vll
1553 2068 1604 2093 115
1615 2068 1630 2092 8

1044 2126 1079 2129 -
1106 2111 1238 2137 Christum
1267 2115 1293 2137 et
1320 2111 1377 2137 eius
1404 2111 1550 2137 doctrinam
1580 2119 1630 2137 non

990 2159 1155 2188 cognoscunt
1182 2163 1258 2186 vere,
1277 2156 1327 2181 nisi
1355 2155 1401 2188 qui
1427 2156 1517 2181 volunt
1546 2157 1631 2182 facere

991 2201 1023 2226 Vl
1044 2200 1094 2226 343
1116 2201 1149 2226 22
1162 2215 1197 2218 -
1210 2201 1266 2226 0105
1285 2200 1404 2226 doctrina
1418 2199 1631 2226 excellentissima

991 2252 1005 2270 a
1025 2245 1173 2271 carnalibus
1192 2245 1335 2277 despicitur
1354 2245 1406 2270 287
1431 2244 1465 2270 55
1483 2258 1520 2264 -
1537 2243 1632 2270 Christi

990 2289 1116 2322 sapientia
1136 2289 1307 2316 deridebatur
1326 2297 1340 2315 a
1360 2289 1443 2315 stultis
1464 2289 1505 2315 Vll
1525 2289 1577 2315 215
1596 2289 1630 2314 93

990 2349 1024 2352 -
1044 2334 1137 2361 Christi
1156 2335 1274 2360 doctrina
1299 2334 1433 2360 deridetur
1453 2341 1467 2359 a
1486 2332 1631 2359 pharisaeis

991 2379 1041 2405 442
1062 2379 1095 2404 26
1115 2392 1150 2398 -
1174 2378 1269 2405 Christi
1293 2379 1413 2405 doctrina
1438 2375 1490 2404 non
1509 2380 1629 2410 suscepta

990 2431 1005 2449 a
1025 2424 1099 2449 malis
1127 2424 1179 2449 259
1199 2424 1232 2449 20
1252 2438 1287 2442 -
1312 2423 1433 2449 Doctrina
1460 2423 1553 2449 Christi
1584 2422 1631 2448 fuit

991 2475 1067 2493 exosa
1087 2467 1253 2500 Principibus
1265 2468 1432 2494 sacerdotum
1446 2471 1472 2498 et
1485 2466 1630 2493 Pharisaeis

991 2512 1042 2537 500
1060 2511 1095 2537 74
1114 2526 1149 2530 -
1177 2511 1280 2538 01111510
1305 2512 1427 2538 contrarii
1455 2515 1516 2538 sunt
1539 2511 1584 2544 qui
1603 2511 1629 2537 in

991 2555 1107 2581 doctrina
1120 2556 1237 2582 veritatis
1249 2556 1283 2582 ab
1296 2556 1354 2588 ipso
1366 2549 1517 2582 discordant
1530 2556 1582 2582 246
1596 2556 1628 2582 93

990 2614 1025 2618 —-
1044 2600 1150 2625 auditur
1177 2603 1203 2626 et
1227 2600 1404 2626 contemnitur
1429 2601 1456 2626 in
1484 2600 1576 2627 auditu
1605 2603 1631 2627 et

990 2647 1142 2675 contemptu
1169 2644 1360 2676 discipulorum
1386 2645 1437 2669 260
1463 2645 1497 2670 26
1516 2658 1551 2664 -
1580 2645 1630 2677 Qui

991 2690 1070 2720 negat
1099 2688 1236 2713 veritatem
1268 2688 1401 2714 doctrinae
1431 2687 1525 2714 Christi
1551 2691 1631 2720 negat

991 2732 1122 2758 Christum
1142 2736 1167 2758 01
1185 2732 1248 2758 (11011
1266 2739 1326 2757 00111
1347 2732 1511 2763 mendacem,
1530 2739 1561 2758 ac
1583 2739 1630 2764 per

992 2778 1049 2807 hoc,
1081 2783 1131 2802 non
1162 2783 1220 2802 esse
1251 2777 1349 2808 Deum,
1380 2777 1427 2802 scd
1463 2776 1630 2802 seductorem

991 2820 1043 2846 314
1065 2821 1095 2846 13

1044 2879 1079 2883 -
1097 2865 1228 2898 quaedam
1247 2864 1359 2891 docebat
1384 2865 1460 2891 valde
1487 2866 1630 2898 sapientia,

992 2909 1122 2942 quaedam
1156 2909 1256 2935 ludaeis
1284 2909 1361 2935 valde
1390 2909 1570 2941 improbabilia
1596 2910 1628 2936 Vl

992 2954 1043 2979 369
1062 2953 1097 2979 73
1116 2968 1150 2972 —
1169 2953 1284 2979 declarat
1302 2953 1437 2979 veritatem
1456 2954 1489 2980 ad
1509 2954 1630 2980 informa-

992 2998 1088 3023 tionem
1117 2997 1321 3029 discipulorum‚
1352 2999 1467 3023 confutat
1494 2998 1629 3024 falsitatem

993 3041 1027 3068 ad
1046 3041 1201 3067 ludaeorum
1215 3040 1410 3067 adversantium
1424 3043 1629 3068 confutationem

995 3086 1035 3111 Vll
1057 3086 1107 3111 288
1127 3086 1160 3111 36

1046 3144 1081 3148 —
1099 3129 1189 3155 docuit
1207 3136 1259 3155 non
1278 3133 1386 3161 propter
1398 3130 1494 3161 malos,
1508 3130 1554 3156 sed
1569 3133 1630 3163 pro-

994 3177 1050 3205 pter
1070 3173 1162 3204 bonos,
1174 3180 1236 3199 eum
1254 3173 1311 3198 eius
1324 3173 1441 3199 doctrina
1466 3177 1535 3200 esset
1562 3175 1630 3201 utilis

994 3217 1077 3248 bonis,
1090 3218 1136 3250 qui
1150 3220 1212 3243 tunc
1231 3217 1353 3249 aderant,
1372 3221 1397 3243 et
1409 3217 1498 3251 nobis,
1511 3218 1556 3252 qui
1569 3219 1631 3250 legi-

994 3268 1052 3287 mus
1065 3261 1098 3286 Vi
1109 3261 1154 3287 331
1173 3261 1207 3287 77
1221 3275 1256 3279 -
1268 3261 1306 3286 510
1319 3260 1488 3294 loquebatur,
1501 3266 1530 3288 ut
1542 3263 1630 3289 ludaei

993 3308 1098 3338 possent
1115 3305 1281 3337 spiritualiter
1299 3304 1450 3338 intelligere,
1463 3306 1510 3332 sed
1523 3309 1630 3338 propter

993 3349 1148 3375 ludaeorum
1179 3348 1387 3375 excaecationem
1412 3357 1426 3375 a
1453 3350 1630 3382 praedicando

993 3400 1044 3419 non
1063 3393 1175 3418 cessavit
1199 3393 1244 3418 371
1276 3392 1309 3418 84
1335 3406 1368 3411 -
1396 3393 1495 3420 dimisit
1522 3394 1628 3428 aliquod

1914 291 1980 317 CHR
2000 291 2040 325 (9)

1663 335 1812 361 indifferens
1839 338 1947 368 propter
1970 336 2107 362 vitandum
2132 336 2285 362 scandalum

1662 380 1710 405 sed
1728 386 1781 405 non
1799 380 1959 406 documenta
1977 380 2094 406 veritatis
2107 380 2150 406 Vll
2170 380 2221 406 426
2239 381 2253 405 3
2266 395 2297 399 -

1662 424 1730 450 10510
1750 424 1847 450 iudicio
1867 424 1926 450 fecit
1944 424 2018 457 quod
2036 423 2137 456 debuit,
2155 432 2186 450 ex
2199 431 2253 457 quo
2267 425 2304 450 lu-

1662 469 1722 494 daei
1751 469 1918 494 occasionem
1945 468 2096 501 acciperent
2122 475 2185 494 eum
2216 475 2303 501 perse-

1662 512 1761 546 quendi
1782 512 1833 538 494
1853 513 1886 538 60

1715 570 1751 576 -—-
1770 557 1862 582 Sermo
1886 556 2107 589 Christispurgat
2129 557 2243 582 animam
2268 556 2303 582 ab

1663 608 1753 627 errore
1772 601 1804 626 Vl
1825 601 1875 626 473
1896 601 1928 626 29
1948 614 1984 620 -—
2004 600 2090 627 Verba
2109 600 2204 627 Christi
2227 601 2303 633 spiri-

1664 646 1765 671 tualiter
1792 645 1918 671 intellecta
1942 645 2078 671 vivificant
2105 646 2157 671 336
2183 646 2225 671 99.
2251 645 2302 671 337

1665 689 1716 715 104
1734 703 1770 709 -
1789 690 1912 716 Doctrina
1931 689 2025 716 Christi
2045 689 2137 715 liberat
2150 696 2164 715 a
2178 690 2304 715 servitute

1663 735 1763 766 peceati
1788 735 1840 760 360
1868 734 1912 760 30.
1930 734 1982 760 363
2008 733 2050 765 45,
2069 733 2103 760 47
2121 749 2156 752 -
2180 734 2302 760 Doctrina

1663 778 1756 804 Christi
1775 777 1868 804 liberat
1885 785 1900 804 a
1919 778 2044 804 caecitate
2062 778 2167 809 erroris,
2186 785 2200 804 a
2220 778 2304 804 servi-

1664 825 1718 848 tute
1737 822 1846 855 peccati,
1865 830 1880 848 a
1899 823 2069 849 damnatione
2087 823 2180 848 mortis
2199 822 2250 848 357
2271 822 2304 848 17

1664 880 1699 885 —-
1717 868 1859 893 Servantes
1877 867 2025 893 doctrinam
2044 866 2139 893 Christi
2158 867 2305 899 eripiuntur

1664 918 1679 936 a
1699 914 1783 937 morte
1801 911 1853 936 369
1872 910 1907 937 75

1717 970 1752 974 -
1770 955 1848 982 00001
1865 956 2020 982 3000000105
2039 956 2073 981 30
2096 962 2126 981 50
2150 958 2175 981 01
2194 962 2305 988 sequen-

1665 1003 1703 1026 tes
1721 1007 1750 1026 se
1772 1000 1812 1025 Vil
1835 1000 1883 1026 170
1904 1001 1947 1026 21.
1974 1001 2025 1026 272
2045 1000 2077 1025 67
2097 1014 2133 1019 -
2151 1000 2305 1026 comitantes

1665 1045 1755 1077 dirigit
1773 1052 1820 1077 per
1839 1045 2001 1077 doctrinam,
2027 1047 2194 1070 occurrentes
2213 1051 2302 1070 conso-

1665 1090 1732 1115 latur
1751 1097 1798 1122 per
1823 1090 1934 1121 gratiam
1962 1089 2012 1115 170
2042 1090 2075 1115 20
2094 1104 2130 1108 -
2149 1089 2254 1115 attrahit
2271 1088 2306 1115 ad

1665 1134 1828 1161 audiendum
1848 1134 1929 1160 iustos
1949 1137 1975 1160 et
1993 1137 2145 1166 peccatores
2159 1133 2210 1159 447
2225 1133 2258 1159 47
2271 1148 2306 1152 —

1665 1179 1785 1205 docendo
1804 1186 1852 1211 per
1879 1178 2018 1211 parabolas
2042 1178 2189 1204 attrahebat
2207 1178 2306 1205 audito-

1665 1230 1707 1249 res
1727 1223 1777 1248 490
1797 1223 1812 1248 6
1831 1236 1867 1243 -
1886 1223 2032 1249 attrahebat
2046 1223 2079 1248 ad
2093 1223 2252 1248 audiendam
2266 1229 2307 1248 sa-

1665 1267 1790 1300 pientiam
1809 1267 1952 1300 praecipue
1977 1267 2121 1299 discipulos
2148 1266 2199 1293 445
2219 1266 2247 1292 41
2271 1280 2307 1286 -

1664 1312 1796 1338 Christum
1816 1312 1952 1337 doctorem
1972 1311 2165 1338 comitabantur
2185 1311 2307 1343 discipuli

1665 1360 1690 1383 et
1709 1356 1785 1382 turba
1805 1356 1839 1382 ad
1857 1356 2014 1382 discendum
2038 1356 2085 1381 170
2106 1356 2134 1381 21
2158 1370 2194 1373 -
2206 1355 2245 1381 Ad
2260 1355 2304 1381 do-

1665 1401 1774 1426 ctrinam
1793 1400 1888 1427 Christi
1908 1399 2081 1426 concurrebat
2098 1400 2248 1431 multitudo,
2261 1399 2306 1433 qui

1665 1444 1859 1470 comitabantur
1877 1451 1938 1470 eum
1958 1445 1999 1470 vel
2018 1445 2119 1470 ratione
2137 1444 2252 1476 suscepti
2272 1444 2307 1470 of-

1666 1489 1725 1521 ficii,
1745 1489 1787 1514 vei
1806 1489 1905 1521 accepti
1925 1488 2059 1521 beneficii,
2078 1489 2121 1514 vel
2136 1488 2307 1520 impendendi

1667 1533 1802 1558 ministerii
1821 1533 1863 1558 vel
1883 1533 2008 1559 audiendi
2027 1532 2102 1558 verbi
2123 1533 2204 1558 divini
2226 1533 2277 1558 488
2292 1533 2302 1557 4

1703 1577 1718 1602 9
1738 1592 1773 1595 —
1791 1577 1870 1609 elegit
1887 1578 2026 1609 Apostolos
2045 1577 2079 1603 Vl
2100 1577 2146 1603 451
2173 1577 2205 1602 23
2218 1590 2255 1596 -
2274 1577 2308 1602 10-

1666 1623 1739 1648 νο1111
1757 1622 1901 1654 discipulos
1920 1629 1982 1648 suos
2005 1629 2059 1648 000
2087 1622 2239 1654 casualiter,
2259 1621 2307 1647 sed

1666 1674 1696 1693 ex
1716 1667 1866 1699 proposito,
1885 1674 1947 1692 cum
1966 1666 2040 1699 prius
2065 1666 2181 1699 perditos
2209 1672 2224 1691 a
2249 1672 2306 1698 per-

1666 1711 1765 1737 ditione
1782 1711 1879 1744 eripuit
1897 1712 1949 1737 265
1969 1712 2002 1737 90
2021 1725 2057 1730 -
2076 1711 2184 1737 10101105
2202 1713 2241 1736 051
2261 1711 2305 1736 Pe-

1668 1760 1735 1781 trum
1755 1756 1831 1781 oculo
1859 1756 2056 1781 misericordiae
2079 1759 2105 1781 et
2128 1754 2308 1787 benignitatis,

1667 1807 1718 1825 non
1737 1800 1863 1826 intuendo
1882 1800 2060 1826 strenuitatem
2078 1799 2237 1825 naturalium
2257 1798 2308 1824 263

1667 1845 1710 1870 80.
1720 1844 1771 1870 265
1783 1844 1816 1870 87
1829 1844 2004 1870 —immensa
2018 1844 2153 1870 clementia
2164 1843 2308 1876 piscatores

1666 1889 1842 1921 pauperculos
1853 1889 1887 1914 ad
1897 1895 1975 1914 suum
1986 1888 2147 1914 consortium
2161 1886 2309 1914 attrahebat

1669 1934 1710 1959 Vll
1730 1934 1781 1959 113
1803 1934 1812 1958 1
1837 1948 1870 1952 -
1886 1933 2030 1965 praeelegit
2043 1939 2175 1965 pauperes
2188 1935 2213 1958 et
2226 1931 2309 1958 humi-

1668 1978 1705 2004 les
1726 1978 1775 2003 114
1795 1977 1811 2003 5
1829 1992 1865 1997 --
1884 1978 1963 2009 elegit
1975 1978 2115 2010 Apostolos
2128 1977 2260 2009 simplices
2275 1976 2307 2001 Vi

1668 2023 1719 2048 268
1739 2023 1785 2048 101
1809 2036 1845 2041 —-
1863 2023 1977 2048 maiores
1995 2021 2078 2048 voluit
2090 2028 2186 2048 vocare
2199 2028 2246 2053 per
2261 2020 2310 2046 mi-

1669 2074 1746 2093 nores
1763 2070 1789 2093 et
1816 2066 1948 2099 sapientes
1976 2073 2024 2099 per
2043 2066 2175 2098 simplices
2194 2065 2245 2091 264
2265 2065 2308 2091 85.

1668 2112 1720 2137 266
1739 2112 1773 2137 92
1792 2125 1828 2131 -
1847 2111 1953 2137 vocavit
1971 2111 2102 2143 sapientes
2115 2117 2163 2143 per
2177 2110 2309 2142 simplices

1668 2156 1719 2180 268
1740 2156 1785 2181 101

1721 2213 1757 2219 -
1779 2200 1905 2232 diligebat
1932 2201 2036 2226 Petrum
2061 2200 2096 2225 ad
2123 2199 2209 2225 maius
2237 2205 2309 2231 prae-

1669 2244 1766 2274 mium,
1785 2245 1906 2270 ioannem
1925 2248 2054 2277 quantum
2075 2244 2109 2270 ad
2134 2245 2210 2276 plura
2231 2243 2306 2275 signa

1668 2288 1815 2313 dilectionis
1834 2288 1867 2314 Vi
1887 2289 1938 2314 528
1959 2289 1987 2314 51
2006 2302 2041 2307 -
2054 2288 2181 2314 maiorem
2202 2287 2309 2313 familia-

1668 2332 1770 2358 ritatem
1789 2331 1906 2358 exhibuit
1923 2332 2009 2358 ioanni
2029 2332 2080 2357 529
2101 2333 2134 2358 22

1722 2390 1758 2396 -
1776 2384 1829 2402 000
1848 2376 1975 2409 (100ορ105
1994 2376 2099 2402 admisit
2115 2376 2257 2408 discipulos
2270 2376 2309 2401 in-

1668 2421 1773 2448 stabiles
1801 2425 1827 2449 et
1851 2421 2013 2453 proditorem
2042 2421 2074 2447 Vl
2103 2421 2154 2447 336
2176 2421 2237 2446 100.
2255 2421 2307 2446 338

1669 2467 1719 2492 112
1739 2480 1774 2485 -
1792 2466 1922 2500 quosdam
1943 2466 2049 2492 dimittit
2073 2468 2180 2498 propter
2199 2465 2308 2498 infirmi-

1668 2514 1761 2542 tatem,
1780 2511 1910 2544 quosdam
1939 2510 2051 2536 admittit
2076 2513 2184 2542 propter
2202 2509 2308 2536 fidelita-

1667 2559 1729 2587 tem,
1747 2556 1878 2589 quosdam
1890 2555 1996 2581 attrahit
2007 2558 2116 2587 propter
2130 2555 2307 2585 idoneitatem,

1667 2601 1797 2633 quosdam
1816 2600 1918 2632 repellit
1941 2603 2049 2632 propter
2074 2599 2244 2631 cupiditatem
2265 2599 2307 2624 Vll

1667 2644 1718 2670 207
1738 2644 1772 2670 67
1785 2657 1821 2664 -
1833 2645 1915 2670 001011
1933 2643 2074 2676 prohibere
2087 2644 2233 2669 eiicientem
2247 2643 2307 2669 dae-

1668 2688 1768 2719 monia,
1787 2688 1875 2720 ipsum
1900 2695 1951 2714 non
1980 2691 2133 2722 sequentem
2159 2688 2210 2714 208
2230 2688 2264 2713 68

1720 2746 1755 2751 —
1774 2732 1895 2764 eligendo
1913 2732 2003 2758 ludam
2023 2740 2076 2758 non
2088 2732 2231 2764 ignoravit,
2243 2737 2305 2764 qua·

1658 2776 1697 2803 ilis
1717 2778 1819 2802 futurus
1836 2779 1892 2802 erat
1921 2777 1962 2802 vlt
1993 2776 2043 2802 442
2063 2777 2096 2802 32
2115 2790 2151 2796 -
2169 2776 2248 2808 elegit
2270 2775 2307 2801 lu-

1667 2820 1729 2847 dam
1748 2821 1783 2847 ad
1801 2820 1991 2847 ostendendam
2005 2828 2080 2847 suam
2095 2820 2266 2846 humilitatem
2281 2822 2307 2845 et

1668 2865 1856 2897 benignitatem
1889 2864 1923 2891 ib.
1956 2866 1990 2891 33
2024 2879 2060 2884 —
2088 2864 2231 2890 humilitate
2254 2871 2306 2890 non

1667 2909 1806 2936 recusabat
1823 2909 1984 2935 consortium
2002 2916 2081 2935 suum
2101 2908 2230 2941 proditori
2244 2907 2305 2934 ibid.

1668 2967 1701 2972 ——
1720 2952 1819 2980 sciebat
1836 2953 1999 2986 proditorem
2017 2953 2050 2978 Vl
2071 2952 2121 2978 426
2142 2953 2184 2985 11,
2198 2953 2241 2978 12.
2255 2951 2305 2978 432

1668 2998 1701 3024 42
1719 3011 1754 3017 -
1781 2998 1871 3024 divina
1896 2997 1986 3024 iudicii
2013 2997 2207 3029 dispensatione
2236 2996 2305 3022 malo

1666 3041 1797 3068 desiderio
1817 3042 1895 3068 iudae
1913 3040 2086 3068 satisfaciebat
2105 3041 2156 3067 412
2179 3041 2209 3067 12
2229 3040 2258 3066 2*
2270 3054 2306 3060 -

1667 3086 1758 3112 ludam
1777 3093 1830 3112 non
1847 3086 1987 3118 corripuit,
2012 3085 2074 3119 quia
2101 3084 2213 3117 sciebat,
2232 3085 2305 3118 quod

1668 3137 1720 3156 non
1734 3130 1930 3161 melioraretur,
1943 3129 1990 3156 sed
2003 3129 2077 3162 peior
2089 3130 2243 3161 efficeretur,
2257 3136 2304 3155 nec

1667 3174 1783 3201 otilcium
1801 3174 1921 3206 abstulit,
1940 3181 1974 3200 ne
2002 3173 2125 3206 proderet
2152 3173 2252 3199 crimen
2279 3176 2305 3199 et

1667 3219 1701 3244 ad
1720 3218 1806 3244 maius
1825 3218 1925 3244 crimen
1943 3218 2061 3244 incitaret
2081 3217 2130 3243 413
2152 3217 2184 3242 12
2205 3216 2233 3243 3·

1719 3276 1755 3282 —
1774 3262 1851 3288 mittit
1869 3262 2013 3294 discipulos
2036 3261 2190 3287 auctoritate
2213 3261 2304 3287 divina

1668 3306 1710 3333 Vll
1729 3306 1780 3332 252
1801 3307 1825 3333 1.
1847 3307 1899 3332 253
1919 3307 1934 3332 3
1954 3319 1989 3326 ·—
2007 3305 2054 3332 etsi
2074 3308 2156 3332 totum
2176 3305 2259 3338 possit
2271 3306 2304 3331 fa-

1666 3357 1739 3381 cere,
1760 3351 1815 3376 vult
1833 3354 1921 3376 tamen
1949 3350 2072 3376 ministris
2090 3356 2165 3376 suam
2194 3352 2304 3382 potesta-

1667 3397 1718 3420 tem
1732 3394 1929 3421 communicare
1941 3394 1973 3420 Vl
1990 3393 2041 3420 405
2055 3394 2088 3419 60
2107 3407 2141 3412 —
2160 3393 2302 3419 claritatem
