2476 3921
1 746 3 777 l

2 810 3 839 l

65 501 141 524 Aliter.

751 244 944 276 COMMENT.
971 244 1006 276 ΙΝ
1032 243 1271 276 EVANGELlUM
1296 244 1414 277 LUCAE
1438 245 1469 277 C.
1497 245 1542 277 lx.

161 333 247 367 lianc
269 343 372 366 escas.
397 334 433 366 Et
457 334 517 366 hoc
541 333 667 375 quidem
693 335 795 374 potest
820 340 887 365 esse
912 332 1044 364 verbum
1069 329 1118 373 of-

159 386 337 430 ferentium
353 386 555 430 obsequium,
572 386 663 418 iuxta
675 385 752 418 illud
766 385 858 417 Marci
876 388 984 417 sexto:
1007 397 1022 412 α
1037 385 1118 416 Eun-

161 444 364 474 tes.emamus
380 440 588 473 ducentorum
613 439 816 472 denariorum
840 446 953 480 panes,
978 440 1009 470 et
1032 437 1118 470 dabi-

161 502 232 526 mus
255 493 315 526 illis
340 492 530 525 manducare
544 506 572 523 n.
592 492 644 524 Vel
663 495 766 534 potest
780 500 848 524 esse
867 491 997 523 verbum
1015 494 1118 522 osten-

159 547 304 580 dentium
329 545 556 588 impotentiam
591 545 628 577 ad
665 544 889 582 reficiendum,
922 553 983 576 non
1016 543 1118 576 solum

160 603 313 642 quantum
330 599 369 632 ad
386 607 481 640 panes
497 598 637 637 habim,
663 607 773 631 verum
791 597 882 630 etiam
901 600 1054 639 quantum
1080 596 1119 628 ad

161 653 306 695 pretium.
331 652 417 685 Unde
439 652 555 684 dicitur
580 651 701 684 loannis
716 653 807 684 sexto
822 652 847 682 ¹:
871 663 885 678 «
902 650 1119 683 Ducentorum

159 705 360 739 denariorum
386 714 481 747 panes
505 714 566 737 non
583 704 745 737 sufficiunt
768 704 828 742 eis,
846 706 881 736 ut
898 703 1119 745 unusquisque

159 759 315 792 modicum
353 758 429 801 quid
463 757 640 800 accipiat».
667 758 703 789 Et
725 757 852 799 quidam
884 756 923 789 de
957 755 1119 797 discipulis

159 811 310 844 dixerunt
334 820 398 843 uno
423 810 530 849 modo,
555 809 682 852 quidam
706 809 784 849 alio;
809 813 839 842 et
865 809 994 842 loannes
1011 807 1119 850 expri-

161 864 215 897 mit
238 873 357 903 unum,
382 864 505 896 Marcus
527 863 643 901 alium,
668 863 766 895 Lucas
798 870 873 894 vero
905 862 935 894 in
960 861 1119 903 praedicto

159 926 303 950 sermone
326 916 458 950 includit
481 920 672 958 utrumque3
697 915 780 958 quod
807 917 891 957 patet
906 923 948 947 ex
966 915 1032 956 ipsa
1053 923 1118 947 ser-

159 971 259 1005 monis
283 971 369 1003 varia
386 970 569 1012 prolatione.

248 1023 300 1057 23.
326 1024 426 1065 (Vers.
455 1023 529 1063 14).
554 1023 674 1064 Quarto
709 1031 785 1055 vero
820 1025 975 1064 quantum
1000 1021 1038 1054 ad
1060 1031 1118 1063 po-

0 1083 91 1114 ,Potmlt
102 1089 139 1104 ωι-
154 1076 231 1120 puli
245 1076 513 1109 numerositatem
532 1075 696 1109 subditur:
716 1076 824 1108 Erant
839 1078 948 1107 autem
966 1074 1035 1107 viri
1049 1073 1119 1117 fere

0 1221 2 1275 l

17 1112 132 1132 merosnzs.

3 1721 37 1743 »De
50 1721 142 1744 seeundo

23 1748 120 1770 dicuntur

28 1776 124 1802 quatuor.

6 2252 145 2277 *niseumben-

0 2287 1 2290 ¹
24 2280 75 2302 tium
88 2281 144 2302 ordi-

24 2307 88 2329 natio.

158 1130 301 1174 quinque
323 1129 448 1168 millia,
474 1138 509 1162 ac
533 1139 590 1171 per
614 1130 673 1162 hoc
698 1132 783 1162 tanta
807 1128 991 1167 multitudo,
1009 1131 1045 1160 ut
1061 1136 1119 1169 pro

158 1193 222 1216 uno
246 1192 325 1225 pane
349 1186 453 1216 essent
483 1183 568 1216 mille
603 1183 670 1215 viri.
695 1182 782 1216 Unde
810 1182 901 1215 viros
925 1181 1065 1214 nominat
1088 1184 1119 1214 et

158 1240 321 1276 numerat;
345 1245 386 1269 ex
411 1246 475 1279 quo
506 1239 654 1278 apparet,
679 1239 797 1278 quanta
824 1239 892 1268 erat
920 1235 1118 1277 reliquorum

157 1290 252 1323 turba
276 1299 351 1331 prae
375 1289 423 1323 sui
443 1289 644 1322 multitudine
660 1298 722 1321 non
740 1292 924 1327 numerata;
943 1287 1026 1320 unde
1043 1288 1118 1320 Mat-

158 1343 240 1376 thaei
265 1342 386 1376 decimo
409 1342 549 1385 quarto²
573 1342 708 1381 dicitur,
733 1341 817 1384 quod
834 1344 924 1374 erant
946 1354 961 1369 «
977 1341 1119 1383 quinque

157 1396 263 1435 millia,
288 1396 429 1438 exceptis
446 1395 587 1438 parvulis
611 1399 642 1428 et
664 1395 852 1428 mulieribus
870 1409 899 1426 n.
919 1395 988 1428 ldeo
1011 1398 1117 1427 autem

156 1458 324 1482 numerum
349 1449 510 1491 exprimit,
527 1449 602 1491 quia
618 1452 747 1491 propter
764 1448 908 1492 quinque
924 1447 1120 1489 competebat

157 1502 248 1545 Lepi,
265 1511 347 1545 quae
371 1502 515 1535 homines
531 1502 672 1535 carnales
687 1505 718 1535 et
734 1501 896 1534 sensibiles
912 1501 1117 1548 ipsormabat;

159 1559 286 1598 propter
307 1553 540 1598 perfectionem
575 1554 759 1587 millenarii
781 1554 977 1597 competebat
1002 1553 1041 1586 ad
1065 1563 1118 1586 su-

159 1608 348 1651 sceptionem
372 1608 532 1641 doctrinae
553 1607 755 1650 perfectionis
779 1607 976 1650 evangelicae
989 1607 1011 1639 ³.

247 1662 299 1695 24.
318 1662 418 1703 (Vers.
440 1662 489 1694 14.
511 1663 585 1703 15).
601 1662 658 1695 Ait
673 1666 785 1694 autem
801 1661 847 1694 ad
862 1660 1043 1703 discipulos
1058 1663 1117 1693 etc.
1138 1697 1141 1700 .

157 1714 228 1748 Post
243 1714 509 1756 opportunitatem
527 1723 568 1747 ex
585 1717 674 1756 parte
697 1714 884 1756 indigentiae
908 1713 1120 1746 multitudinis

158 1768 263 1801 subdit
287 1768 338 1801 hic
361 1767 591 1800 liberalitatem
616 1778 655 1800 ex
668 1772 767 1809 parte
783 1766 1028 1807 munificentiae
1045 1766 1118 1799 Sal-

157 1821 293 1855 vator-is
319 1821 534 1854 Manifestatur
557 1824 663 1854 autem
699 1820 868 1853 Salvatoris
892 1820 1062 1853 liberalitas
1087 1820 1117 1852 in

159 1877 312 1916 quatuor:
338 1874 370 1907 in
394 1874 643 1907 convivantium
667 1873 894 1912 ordinatione,
919 1873 1117 1906 victu-alium

158 1927 387 1966 multitudine,
422 1927 689 1960 ministrantium
727 1926 936 1966 urbanitate,
973 1927 1118 1959 mandu-

159 1980 307 2013 cantium.
330 1980 527 2019 δαίων-παίω
552 1984 588 2013 ut
611 1980 655 2013 sic
678 1980 863 2013 ostendatur
880 1980 1019 2022 perfecta
1042 1980 1118 2014 libe-

159 2033 265 2066 ralitas
299 2043 356 2076 per
391 2034 533 2067 ordinem
568 2034 853 2073 discumbentium,
883 2028 1118 2067 multitudinem

158 2086 359 2126 victualium,
383 2087 663 2129 promptitudinem
690 2087 935 2120 ministrantium
961 2091 992 2119 et
1020 2087 1119 2129 pleni-

157 2140 297 2173 tudinem
321 2140 588 2173 manducantium.

247 2194 350 2226 Primo
381 2198 536 2236 quantum
559 2194 598 2227 ad
622 2193 897 2234 discumbentium
935 2194 1119 2226 ordinatio-

157 2256 229 2280 nem
254 2247 388 2280 dicitur:
415 2247 472 2280 Ait
493 2250 604 2279 autem
628 2247 674 2279 ad
690 2247 873 2288 discipulos
888 2256 987 2279 suos:
1005 2247 1119 2279 Facite

157 2299 229 2333 illos
254 2299 458 2333 discumbere
478 2309 540 2342 per
565 2299 719 2332 convivia
735 2300 996 2343 quinquayenos
1014 2300 1054 2332 Et
1070 2299 1119 2332 ita

156 2352 314 2396 fecerunt.
342 2353 436 2386 Decet
459 2353 542 2386 enim
569 2353 770 2395 magnificum
787 2357 818 2385 et
835 2353 995 2386 liberalem
1019 2352 1119 2385 domi-

157 2415 233 2438 num
265 2405 406 2439 ordinem
431 2405 593 2439 attendere
616 2406 648 2438 in
672 2405 882 2448 disponendo,
912 2406 1003 2439 iuxta
1034 2406 1118 2449 quod

157 2458 272 2492 dicitur
297 2458 379 2492 tertii
405 2459 522 2501 Regum
547 2459 668 2492 decimo
680 2460 704 2498 ⁴²,
728 2459 812 2501 quod
843 2473 857 2488 α
874 2459 982 2492 videns
1011 2459 1119 2501 regina

2074 246 2138 279 2⁵23

1181 332 1261 364 Saba
1284 332 1466 374 sapientiam
1493 333 1665 365 Salomonis
1700 338 1731 366 et
1763 334 1880 367 cibaria
1916 343 2039 367 mensae
2072 335 2140 367 eius

1182 388 1213 417 et
1236 385 1415 418 habitacula
1443 394 1607 418 servorum
1641 390 1671 419 et
1702 387 1843 419 ordinem
1876 388 2139 426 ministrantium,

1182 447 1243 471 non
1269 438 1404 471 habebat
1428 439 1511 471 ultra
1535 439 1680 480 spiritum
1699 454 1729 471 ι),
1748 441 1825 473 llaec
1841 444 1946 473 autem
1964 441 2022 472 suit
2037 441 2141 482 dispo-

1182 491 1252 524 sitio
1275 491 1394 524 ordinis
1429 501 1502 524 cum
1537 491 1795 525 determinatione
1832 494 1969 532 numeri,
2004 494 2085 526 unde
2111 494 2141 526 in

1182 544 1276 577 Marci
1301 544 1418 577 sexto⁶
1442 544 1576 584 dicitur,
1601 545 1684 586 quod
1715 545 1973 578 «discubuerunt
1990 547 2018 578 in
2039 551 2142 588 partes

1183 606 1238 639 per
1262 601 1409 630 centenos
1433 601 1463 630 et
1487 597 1725 640 quinquagenos
1742 612 1771 630 ».
1790 599 2036 641 Quinquagesies
2060 599 2142 632 enim

1182 653 1309 682 centum
1326 653 1401 682 sunt
1416 650 1557 693 quinque
1576 651 1679 683 millia.
1703 651 1797 693 Magis
1821 655 1926 684 autem
1950 652 2142 693 exprimitur

1182 712 1337 735 numerus
1367 703 1665 745 quinquagesimus,
1690 704 1764 745 quia
1799 708 1928 746 propter
1961 705 2141 746 quinarium

1183 755 1282 797 magis
1316 756 1512 798 competebat
1544 757 1613 798 Legi
1649 761 1680 789 et
1715 757 1806 789 etiam
1842 758 1988 799 quinario
2025 767 2140 800 panum

1183 809 1399 841 refectionum.
1427 809 1471 841 Ex
1505 810 1563 842 hoc
1587 814 1691 842 autem
1716 810 1850 843 ostendit
1885 810 2030 843 Christus
2055 820 2142 843 suam

1183 863 1296 895 miram
1321 863 1522 904 sapientiam,
1547 872 1610 905 qua
1634 872 1805 896 numerum
1823 864 1964 896 virorum
1990 865 2144 906 praescie-

1182 915 1236 947 bat
1259 920 1290 948 et
1312 915 1474 958 discipulis
1498 925 1539 949 ex
1564 917 1701 949 sessione
1725 917 1913 950 notificabat.
1932 918 1992 950 Nec
2009 918 2142 956 mirum,

1182 968 1257 1010 quia
1281 968 1346 1010 ipse
1370 972 1452 1008 erat,
1476 969 1515 1002 de
1531 979 1595 1012 quo
1610 970 1726 1002 dicitur
1743 970 1916 1012 Sapientiae
1934 971 2100 1004 undecimo
2112 971 2142 1003 ὃς

1188 1034 1203 1049 α
1220 1021 1332 1054 Omnia
1348 1022 1378 1054 in
1397 1031 1555 1061 mensura,
1572 1032 1705 1055 numero
1721 1026 1752 1056 et
1766 1023 1902 1065 pondere
1918 1024 2098 1066 disposuisti
2113 1038 2142 1055 ».

1273 1076 1324 1108 25.
1352 1075 1452 1117 (Vers.
1489 1076 1563 1116 16.).
1589 1076 1730 1109 Secundo
1755 1085 1830 1109 vero
1854 1081 2007 1119 quantum
2033 1078 2070 1109 ad
2098 1078 2143 1109 tii-

1182 1127 1345 1160 ctualium
1358 1128 1603 1162 multitudinem
1616 1129 1747 1162 dicitur:
1764 1130 1912 1172 Acceptis
1925 1135 2034 1163 autem
2048 1131 2143 1174 quin-

1183 1191 1244 1226 que
1264 1181 1412 1224 panibus
1434 1187 1462 1214 et
1487 1182 1615 1215 duobus
1638 1183 1804 1225 piscibus,
1830 1185 1973 1226 respeacit
2005 1185 2038 1216 itt
2071 1194 2140 1217 cae-

1183 1234 1253 1266 lum
1287 1238 1317 1267 et
1351 1234 1513 1267 benedixit
1544 1234 1663 1273 illos⁷,·
1687 1236 1718 1268 in
1743 1245 1806 1278 qua
1842 1236 2055 1269 benedictione
2085 1237 2142 1269 suit

1182 1297 1299 1330 panum
1324 1288 1558 1330 multiplicatio,
1576 1288 1667 1321 iuxta
1683 1289 1759 1322 illud
1776 1289 1903 1323 Genesis
1920 1290 2037 1332 primo:
2060 1304 2075 1318 α
2089 1291 2143 1323 Be-

1182 1341 1304 1373 nedixit
1328 1341 1388 1373 illis
1412 1341 1496 1374 Deus
1520 1345 1551 1374 et
1575 1342 1631 1374 ait:
1656 1341 1792 1375 Crescite
1826 1346 1857 1375 et
1893 1343 2142 1385 multiplicamini

1182 1397 1213 1426 et
1238 1394 1355 1435 replete
1381 1397 1497 1426 terram
1515 1406 1546 1432 »;
1578 1398 1608 1426 et
1639 1394 1766 1427 Genesis
1799 1395 1958 1437 trigesimo
1993 1396 2074 1428 dixit
2105 1396 2143 1429 ad

1183 1447 1272 1479 Iacob
1297 1447 1414 1479 Laban:
1445 1460 1460 1475 α
1477 1447 1563 1486 Scio,
1588 1448 1672 1490 quod
1697 1448 1859 1481 benedixit
1882 1449 1958 1481 mihi
1993 1450 2144 1482 Dominus

1182 1504 1312 1542 propter
1348 1503 1378 1533 te
1394 1514 1425 1532 υ.
1451 1500 1520 1533 Ideo
1555 1505 1660 1534 autem
1693 1502 1904 1535 benedicendo
1940 1503 2080 1545 respexit
2109 1503 2143 1535 in

1180 1553 1330 1592 eaelum,
1356 1557 1391 1586 ut
1415 1553 1613 1593 ostenderet,
1639 1547 1723 1596 quod
1748 1555 1817 1587 talis
1842 1556 2059 1598 multiplicatio
2082 1565 2143 1588 non

1182 1610 1249 1640 erat
1267 1606 1384 1639 virtute
1408 1610 1535 1640 terrena
1551 1607 1616 1640 sive
1634 1608 1747 1640 tradita
1762 1608 1940 1648 elementis,
1957 1609 2011 1642 sed
2028 1611 2144 1642 virtute

1182 1660 1325 1699 caelesti,
1361 1663 1521 1693 reservata
1546 1660 1575 1693 in
1602 1661 1762 1702 prioribus
1797 1662 1917 1700 causis,
1950 1663 1988 1695 de
2019 1672 2081 1705 qua
2114 1663 2144 1695 in

1183 1713 1328 1746 Psalmo²³
1352 1713 1487 1755 dicitur:
1518 1727 1533 1742 α
1550 1713 1678 1753 Omnia,
1703 1724 1923 1757 quaecumque
1948 1716 2056 1755 voluit,
2074 1716 2146 1749 fecit

1182 1766 1336 1799 Dominus
1364 1766 1395 1799 in
1420 1767 1506 1800 caelo
1529 1771 1560 1800 et
1589 1767 1618 1799 in
1645 1771 1748 1807 terra,
1774 1768 1803 1800 in
1830 1769 1908 1801 inari
1933 1773 1963 1801 et
1988 1769 2018 1801 in
2043 1769 2144 1801 onini-

1182 1820 1243 1852 bus
1266 1820 1387 1862 abyssis
1403 1834 1434 1852 n.
1459 1839 1503 1844 -—
1530 1821 1564 1853 Et
1588 1824 1679 1860 nota,
1708 1821 1792 1863 quod
1827 1821 1958 1854 dicitur:
1997 1822 2146 1864 Respexit

1182 1878 1211 1906 et
1228 1873 1409 1906 benedixit.-
1427 1874 1570 1916 respeaeit
1593 1874 1720 1916 quidem
1737 1883 1779 1908 ex
1796 1875 1972 1908 humilitate
1990 1876 2143 1914 humana,

1183 1929 1214 1970 et
1239 1926 1401 1959 benedixit
1425 1936 1466 1959 ex
1492 1927 1609 1960 virtute
1634 1927 1760 1967 divina;
1785 1929 1968 1961 Psalmus⁹:
2001 1942 2014 1957 «
2033 1929 2142 1962 Levavi

1182 1979 1291 2012 oculos
1315 1988 1401 2013 meos
1424 1980 1455 2012 in
1480 1982 1602 2013 montes
1617 1994 1648 2012 ι).

1273 2034 1325 2066 26.
1359 2033 1465 2065 Tertio
1500 2042 1575 2066 vero
1607 2037 1760 2075 quantum
1801 2034 1838 2067 ad
1875 2035 2144 2068 ministrantium

1183 2086 1408 2119 urbanitatem
1433 2086 1598 2119 subditur:
1626 2088 1665 2119 Et
1686 2086 1788 2130 freyit
1811 2093 1841 2120 et
1855 2089 2028 2121 distribuit
2044 2089 2143 2122 disci-

1178 2140 1271 2182 pulis
1294 2139 1386 2178 suis,
1411 2143 1448 2171 ut
1472 2145 1672 2181 apponerent
1686 2140 1711 2159 ¹⁰
1734 2144 1809 2173 ante
1833 2141 1959 2173 turbas.
1979 2142 2036 2184 Ipsi
2059 2143 2142 2175 enim

1182 2197 1273 2226 erant
1307 2193 1427 2225 nobiles
1461 2193 1576 2226 Christi
1613 2194 1748 2226 ministri
1784 2198 1815 2227 et
1850 2195 2081 2237 dispensatores
2113 2200 2143 2229 et

1182 2246 1318 2288 prompti
1343 2245 1381 2278 ad
1406 2246 1624 2286 serviendum,
1649 2247 1822 2281 secundum
1856 2248 1932 2281 illud
1961 2249 2081 2291 primae
2105 2249 2142 2282 ad

1182 2299 1359 2331 Corinthios
1383 2302 1513 2341 quarto:
1542 2312 1557 2328 a
1570 2300 1619 2332 Sic
1636 2309 1693 2333 nos
1708 2301 1867 2334 existimet
1892 2302 1985 2334 homo
2001 2306 2036 2335 ut
2053 2303 2143 2335 mini-

1183 2356 1265 2385 stros
1289 2352 1404 2385 Christi
1420 2356 1451 2385 et
1467 2352 1698 2395 dispensatores
1715 2354 1937 2395 mysteriorum
1957 2355 2009 2388 Dei
2030 2370 2058 2387 n.
2084 2356 2143 2388 De-

1183 2409 1232 2438 cet
1256 2405 1337 2438 enim
1363 2405 1498 2438 nobilem
1523 2406 1685 2440 dominum
1702 2407 1822 2440 nobiles
1839 2408 1956 2441 habere
1973 2409 2143 2447 ministros,

1183 2458 1356 2491 secundum
1382 2458 1459 2491 illud
1484 2459 1595 2492 Esther
1620 2460 1721 2501 primo
1736 2461 1778 2492 ¹¹:
1802 2461 1879 2494 «Sic
1897 2470 1954 2494 rex
1973 2466 2143 2500 statuerat,

230 2620 238 2635 ²
260 2622 331 2647 Vers.
352 2621 376 2646 7.
399 2636 430 2639 —
453 2622 487 2646 De
507 2628 580 2654 seqq.
601 2622 645 2647 cfr.
665 2622 784 2653 August,
799 2623 826 2648 ΙΙ.
842 2622 875 2648 de
886 2622 1022 2654 Consensu
1038 2623 1118 2648 Evan-

159 2666 242 2698 gelist.
261 2672 285 2691 c.
308 2666 350 2691 46.
369 2673 393 2691 n.
414 2666 456 2691 96.

229 2708 239 2724 ²
260 2710 335 2736 Vers.
353 2710 394 2735 21.
414 2724 449 2728 —
470 2710 595 2742 Superius
614 2714 674 2742 post
696 2710 768 2737 Unde
786 2711 859 2737 viros
874 2712 892 2736 B
907 2711 980 2737 addit
999 2713 1113 2743 tantum,

158 2757 184 2780 et.
202 2762 249 2787 pro
268 2754 438 2788 reliquorum
458 2754 539 2781 turba
557 2756 577 2780 A
589 2755 610 2780 Ι)
629 2754 734 2789 reliqua
754 2755 843 2782 turba.

230 2796 240 2812 ⁸
260 2799 343 2831 Beda,
363 2799 399 2825 ill.
419 2799 444 2824 in
464 2800 528 2825 Luc.
548 2799 578 2831 9,
603 2800 647 2824 12:
669 2800 733 2832 Quia
764 2800 881 2833 quinque
907 2804 967 2826 sunt
984 2801 1118 2827 exterioris

160 2843 275 2869 hominis
294 2850 395 2875 sensus,
414 2844 532 2876 quinque
552 2843 628 2869 millia
650 2844 698 2869 viri
719 2844 860 2870 Dominum
880 2845 961 2871 secuti
981 2845 1119 2877 designant

158 2894 204 2913 eos
217 2887 276 2920 qui,
291 2887 316 2913 in
331 2888 456 2914 saeculari
470 2887 557 2913 adhuc
572 2886 660 2913 nabitu
675 2888 765 2920 positi,
778 2889 963 2921 exterioribus,
978 2897 1045 2923 quae
1059 2898 1119 2923 pos-

158 2930 253 2962 sident,
274 2931 340 2957 bene
360 2932 396 2957 uti
415 2935 555 2958 noverunt.
577 2932 626 2965 Qui
645 2936 714 2958 reete
733 2933 850 2966 quinque
870 2933 983 2965 panibus
1000 2935 1118 2965 aluntur,

159 2975 220 3008 quia
242 2976 304 3001 tales
323 2983 429 3002 necesse
449 2975 577 3008 legalibus
605 2976 692 3002 adhue
719 2977 866 3009 praeceptis
885 2977 915 3012 [5
941 2977 1013 3004 libris
1038 2979 1117 3010 Moysi

159 3019 295 3054 contentis]
315 3020 420 3047 institui.
440 3020 490 3047 Csr.
512 3022 538 3047 S.
557 3022 664 3056 Bonav„
677 3021 825 3048 Comment.
840 3023 866 3048 in
881 3024 949 3048 toan.
963 3030 984 3048 c.
999 3024 1022 3048 6.
1036 3031 1062 3049 n.
1080 3024 1118 3049 19.

230 3063 241 3078 ⁴
263 3064 337 3090 Vers.
351 3064 375 3090 t.
394 3069 419 3091 et
438 3066 462 3091 5.

231 3107 242 3122 ⁵
263 3109 337 3135 Vers.
357 3109 405 3140 40,
425 3109 470 3135 ubi
489 3110 580 3136 Glossa
599 3109 742 3137 ordinaria
772 3111 812 3143 (ex
832 3111 917 3142 Beda,
936 3112 981 3144 qui
1000 3112 1119 3145 sequitur

160 3153 280 3184 Gregor„
300 3153 366 3178 XVl.
387 3153 475 3179 Moral.
494 3160 515 3179 e.
536 3154 578 3180 55.
599 3161 624 3179 n.
645 3154 714 3187 68.):
734 3155 782 3180 Per
800 3155 990 3188 quinquaginta
1015 3155 1119 3182 iubilaei

160 3196 264 3230 requies
284 3198 342 3229 [cfr.
362 3198 423 3223 Lev.
443 3198 492 3229 25,
513 3198 555 3223 to.
584 3198 684 3232 seqq.];
709 3199 952 3232 quinquagenarius
971 3203 1059 3226 autem
1079 3200 1120 3226 bis

159 3240 254 3267 ductus
273 3244 377 3267 centum
398 3241 469 3273 iacit,
489 3246 514 3268 et
533 3242 592 3268 ideo
608 3243 745 3276 utriusque
768 3243 864 3276 quietis
883 3244 1069 3276 perfectionem
1090 3245 1121 3270 si-

160 3285 278 3317 gnificat,
302 3286 399 3311 scilicet
417 3287 536 3319 corporis
554 3290 580 3313 et
600 3287 701 3313 mentis.
721 3288 770 3320 Qui
790 3288 860 3314 enim
880 3288 992 3321 quiescit
1010 3287 1044 3313 ab
1061 3289 1121 3314 acti·

161 3329 211 3355 bus
230 3330 318 3362 pravis
336 3331 454 3363 requiem
473 3330 553 3363 habet
571 3331 703 3363 corporis,
723 3332 769 3364 qui
783 3335 876 3358 autem
890 3339 904 3357 a
918 3332 1121 3364 cogitationibus

160 3374 238 3400 etiam
259 3375 405 3406 perversis,
425 3375 544 3408 requiem
564 3374 642 3401 habet
656 3376 750 3402 mentis
762 3380 812 3402 etc.
826 3391 858 3395 —
873 3377 922 3403 Pro
942 3377 1121 3409 propositione

163 3417 374 3453 Quinquaqesies
393 3418 490 3445 enim...
509 3419 609 3449 millia,
630 3427 721 3453 (ptam,
735 3420 757 3445 11
777 3421 883 3452 omittit,
904 3421 952 3447 AC
967 3421 1005 3454 .(D
1031 3421 1122 3453 primi-

1182 2623 1233 2654 tus)
1256 2620 1467 2655 Ouiuqunyeuos
1486 2621 1558 2647 enim
1578 2623 1642 2647 smil
1661 2621 1778 2655 quinque
1797 2621 1882 2647 millia
1898 2622 1941 2654 (ἲ),
1958 2623 1977 2647 D
1997 2630 2009 2647 a
2030 2624 2143 2648 set-unda

1182 2673 1260 2692 manu
1288 2666 1401 2692 Centum
1424 2665 1495 2692 euim
1521 2665 1707 2700 quinquaqeui
1733 2668 1797 2692 sunt
1826 2665 1943 2700 quinque
1968 2667 2063 2693 millai.
2093 2667 2144 2693 Cn:

1183 2712 1303 2742 August„
1324 2711 1351 2735 ΙΙ.
1370 2710 1403 2735 de
1422 2709 1557 2736 Conseusu
1577 2711 1735 2742 Evangelist.
1754 2718 1776 2736 c.
1798 2710 1839 2736 te.
1859 2718 1884 2736 n.
1906 2712 1948 2736 98.

1252 2752 1264 2768 θ
1284 2755 1359 2780 Vers.
1378 2756 1420 2780 21.

1253 2796 1263 2811 ⁷
1286 2799 1319 2824 lta
1340 2798 1417 2823 etiam
1439 2797 1516 2824 Card.
1536 2799 1627 2830 Ilugo,
1647 2799 1674 2823 D.
1699 2797 1795 2824 Albert.
1822 2803 1846 2825 et
1873 2800 2004 2831 L3rauus;
2034 2800 2145 2832 ‘Vulgata

1182 2847 1207 2869 et
1227 2843 1286 2868 Vat.
1309 2842 1372 2869 illis.
1393 2856 1428 2862 —
1448 2843 1504 2868 Duo
1524 2850 1599 2876 seqq.
1618 2843 1667 2868 loci
1687 2846 1747 2868 sunt
1765 2844 1828 2869 Gen.
1854 2845 1878 2874 l,
1896 2844 1939 2869 28.
1960 2848 1985 2869 et
2005 2845 2046 2875 30,
2067 2845 2109 2869 27.

1254 2886 1265 2902 ¹³
1285 2888 1379 2913 Psalui.
1400 2887 1465 2918 434,
1486 2888 1510 2912 6.
1529 2901 1564 2906 —
1584 2887 1710 2919 Superius
1730 2894 1777 2918 pro
1796 2887 1851 2914 sire
1880 2887 1981 2914 tradita
2010 2888 2145 2914 elementis

1185 2933 1242 2959 Vat.
1256 2931 1308 2958 sibi
1319 2931 1435 2963 tradita,
1450 2930 1544 2957 deinde
1564 2931 1686 2963 praefigit
1703 2931 1755 2958 sibi
1772 2936 1832 2957 ante
1851 2934 1999 2959 reservata.
2016 2934 2063 2958 Pro
2072 2933 2146 2966 prio-

1184 2976 1261 3003 ribus
1280 2976 1371 3003 causis
1391 2976 1476 3008 magis
1494 2977 1608 3008 placeret
1623 2976 1851 3010 primordialibus
1871 2977 1976 3009 causis,
1997 2982 2025 3003 ut
2038 2978 2064 3003 in
2085 2979 2146 3003 Bre-

1183 3022 1263 3054 viloq.
1285 3029 1309 3053 p.
1331 3022 1346 3046 Ι.
1368 3029 1390 3047 c.
1409 3021 1445 3051 7;4
1460 3022 1506 3047 etr.
1527 3021 1552 3047 ΙΙ.
1574 3022 1642 3047 Sent.
1662 3022 1688 3047 d.
1710 3022 1751 3047 l8.
1770 3029 1794 3047 a.
1818 3023 1840 3047 Ι.
1860 3030 1886 3055 q.
1907 3024 1930 3048 2.

1254 3064 1265 3079 ⁹
1285 3067 1378 3092 Psaliu.
1403 3066 1465 3098 ¹20,
1490 3066 1509 3091 l.
1530 3080 1564 3085 —
1584 3067 1632 3092 Pro
1651 3065 1803 3093 humilitate
1822 3066 1943 3093 ltumaua
1972 3067 2029 3093 Vat.
2048 3067 2146 3093 liutua-

1183 3110 1274 3137 nitate.

1255 3153 1277 3168 ¹⁰
1298 3154 1356 3180 Vat.
1376 3161 1436 3180 cuin
1459 3155 1569 3186 Vulgata
1586 3156 1726 3188 ponerent.
1745 3169 1780 3174 —
1800 3155 1922 3188 Sequitur
1941 3155 1959 3181 1.
1979 3155 2037 3181 Cor.
2058 3156 2086 3186 5,
2111 3157 2131 3181 Ι,

1255 3197 1276 3213 ¹¹
1297 3199 1373 3225 Vers.
1395 3199 1419 3223 8.
1438 3212 1474 3217 —
1493 3198 1610 3224 Subinde
1628 3199 1773 3231 allegantur
1792 3200 1854 3225 Luc.
1875 3200 1923 3230 22,
1943 3200 1986 3225 26.
2005 3204 2031 3225 et
2050 3200 2091 3225 27.
2110 3214 2146 3219 —

1184 3243 1269 3274 Beda,
1282 3244 1319 3269 ΙΙΙ.
1334 3243 1358 3268 in
1372 3244 1433 3269 Luc.
1448 3243 1478 3275 9,
1504 3243 1546 3269 16:
1565 3242 1680 3277 Respicit
1691 3242 1719 3269 in
1733 3243 1847 3276 caelum,
1864 3248 1892 3270 ut
1906 3244 1964 3270 illuc
1978 3245 2143 3276 dirigendam

1185 3288 1278 3314 ruentis
1296 3288 1395 3319 aciem,
1423 3287 1460 3313 ibi
1489 3288 1574 3313 lucem
1600 3288 1723 3313 scientiae
1748 3288 1841 3314 doceat
1869 3296 1926 3314 esse
1954 3289 2144 3321 quaerendam.

1184 3332 1302 3366 Frangit
1325 3334 1351 3358 et
1374 3333 1437 3358 ante
1465 3330 1559 3358 turbas
1583 3332 1710 3365 ponenda
1738 3332 1876 3359 distribuit
1902 3332 2054 3366 discipulis,
2082 3333 2143 3365 quia

1185 3377 1271 3403 clausa
1291 3376 1369 3408 Legis
1387 3380 1413 3402 et
1439 3376 1591 3408 prophetiae
1617 3381 1778 3403 sacramenta
1803 3378 1841 3403 cis
1865 3378 1909 3410 qui
1940 3384 1986 3409 per
2015 3377 2144 3402 mundum

1185 3421 1352 3454 praedicent,
1371 3422 1501 3454 patefecit.

2170 1084 2299 1105 Victualium

2174 1111 2293 1132 multitudo.

2165 1827 2296 1849 Notandum.

2177 2040 2297 2062 ministran-

2162 2068 2214 2097 tium
2233 2068 2296 2088 urba-

2162 2097 2225 2115 nitas.
