2476 3921
3 582 4 628 l
18 584 142 613 Notandum.

32 1273 137 1296 stoliditas

32 1300 138 1329 principis.

0 1579 80 1628 {Triplex
86 1596 145 1628 Chri-

0 1632 4 1647 ν
14 1626 39 1646 sti
52 1624 129 1645 illusio.

1 1745 2 1763 Ι

0 1782 2 1811 l

1 1915 52 1937 tundi
65 1915 142 1937 illusio-

0 1942 30 1973 'nis
40 1942 143 1970 explicant

1 1971 73 1991 aventes
86 1969 139 1990 Pou-

1 2000 3 2030 5
32 1995 114 2017 titicum.

734 222 927 255 COMMENT.
954 222 991 255 IN
1014 222 1254 255 EVANGELIUM
1278 222 1396 256 LUCAE
1421 223 1452 255 C.
1478 224 1577 256 XXlll.
2081 229 2143 261 369

163 311 303 344 humano
327 310 413 344 cordi
437 310 640 350 infundatur,
665 310 696 343 in
719 310 785 343 zelo
813 310 947 343 invidiae
978 319 1035 352 per
1059 312 1124 342 tota

163 364 284 397 viscera
307 363 415 406 serpit.
447 364 527 397 Haec
561 366 626 403 est,
658 372 722 406 qua
753 363 827 396 Cain
851 367 961 396 contra
992 363 1123 396 fratrem

163 425 256 450 suum
282 416 355 449 Abel
374 419 534 456 armatur,
559 419 591 449 et
606 416 661 449 filii
687 415 776 449 Iacob
792 419 902 449 contra
926 416 1050 457 loseph,
1069 415 1124 448 Ba-

162 469 280 512 bylonii
303 472 413 503 contra
444 470 623 509 Danielem,
647 469 750 502 ludaei
779 472 890 502 contra
913 469 1122 502 Christum».

163 523 236 556 Erat
259 526 364 557 autem
381 523 413 556 in
438 523 558 556 ludaeis
574 523 691 557 invidia
714 532 786 556 cum
804 522 990 564 pertinacia,
1008 525 1038 555 et
1055 522 1124 555 ideo

161 576 351 610 accusabant
374 585 446 610 eum
482 580 679 609 constanter.
715 576 791 608 Nam
821 576 1057 618 perseverantia
1091 576 1122 608 in

161 630 244 663 malo
267 639 330 663 non
353 634 500 671 estvera
523 630 711 670 constantia,
736 630 791 663 sed
821 629 940 663 duritia
971 633 1002 662 et
1026 629 1123 671 perti-

161 683 267 722 nacia,
291 683 373 716 sicut
407 683 489 725 magi
516 676 688 716 'Pharaonis
722 685 833 716 contra
863 683 1006 724 Moysen;
1041 683 1122 716 unde

161 736 316 770 secundae
339 736 378 769 ad
410 736 609 769 Timotheum
642 737 778 770 terti01:
809 749 825 765 α
850 736 1122 778 Quemadmodum

160 793 265 823 autem
290 790 419 822 loannes
442 792 473 822 et
496 790 650 823 Mambres
674 790 860 823 restiterunt
888 790 1002 832 Moysi,
1026 791 1069 823 ita
1091 792 1123 823 et

160 843 193 876 hi
222 842 374 876 resistunt
405 843 548 882 veritati,
573 843 716 876 homines
747 844 889 886 corrupti
918 847 1039 883 mente,
1073 852 1122 876 re-

159 895 251 939 probi
276 896 360 929 circa
383 895 476 929 fidem
492 909 523 929 ».
548 896 635 929 Unde
658 896 701 929 illi
725 900 816 930 erant
839 897 1013 930 imitatores
1037 897 1122 930 illius

159 949 317 988 draconis,
334 949 372 982 de
389 958 453 991 quo
469 949 669 992 Apocalypsis
684 950 869 984 duodecimo
884 951 910 982 ²:
932 963 947 979 «
962 950 1122 983 Proiectus

160 1005 207 1036 est
229 1005 393 1035 accusator
416 1002 570 1043 fratrum,
595 1004 650 1046 qui
674 1004 842 1037 accusabat
865 1013 918 1037 eos
933 1003 983 1037 die
1006 1013 1042 1036 ac
1067 1013 1121 1036 no-

159 1058 208 1089 cte
224 1067 260 1095 »3
285 1059 316 1089 et
340 1056 400 1089 hoc
424 1065 466 1089 ex
490 1056 616 1090 invidia.
641 1057 735 1097 Nam,
760 1057 935 1099 Sapientiae
964 1057 1120 1097 secunde,

164 1108 313 1142 «invidia
343 1109 457 1143 diaboli
482 1119 568 1143 mors
599 1110 728 1144 intravit
752 1110 782 1143 in
807 1110 914 1143 orbem
941 1113 1119 1149 terrarum,

158 1162 324 1196 imitantur
347 1166 454 1196 autem
478 1163 567 1196 illum
593 1163 646 1206 qui
672 1167 747 1196 sunt
770 1173 811 1196 ex
836 1166 925 1205 parte
942 1164 1027 1196 illius
1043 1178 1073 1196 n.

251 1215 300 1249 13.
326 1216 427 1258 (Vers.
456 1216 530 1256 11.).
560 1217 679 1258 Quarto
707 1219 862 1258 quantum
890 1216 929 1249 ad
956 1216 1120 1250 stolidita-

158 1273 219 1303 tem
232 1269 400 1312 principis
423 1269 651 1312 vilipendentis
668 1269 885 1311 subiungitur:
911 1270 1041 1312 Sprevit
1057 1280 1119 1303 au-

159 1326 222 1356 tem
244 1322 340 1355 illum
363 1323 508 1355 Herodes
532 1332 609 1355 eum
632 1322 778 1355 exercitu
801 1332 863 1355 suo
887 1326 917 1355 et
940 1322 1044 1355 illusit
1067 1323 1118 1355 in-

158 1375 276 1408 (lutum
300 1380 384 1409 veste
407 1375 485 1408 alba
493 1387 505 1414 ,·
539 1375 678 1418 sprevit,
703 1375 847 1418 inquam,
884 1378 1032 1417 tanquam
1057 1376 1119 1409 im-

154 1433 331 1473 potentem,
367 1429 442 1472 quia
477 1429 601 1471 signum
625 1438 687 1461 non
723 1428 815 1468 fecit3
849 1432 998 1471 tanquam
1026 1430 1119 1472 iqno-

157 1488 303 1522 rantem,
327 1483 403 1525 quia
426 1482 559 1516 verbum
583 1492 645 1515 non
662 1483 838 1525 respondit;
864 1486 1013 1525 tanquam
1030 1483 1119 1516 stoli-

158 1536 254 1575 dum,
280 1536 355 1579 quia
378 1540 488 1569 contra
511 1539 695 1569 accusantes
715 1545 748 1569 se
772 1545 833 1568 non
858 1535 1040 1569 defensavit.
1058 1537 1119 1569 Nec

157 1592 279 1622 tantum
305 1590 438 1632 sprevit,
462 1598 575 1622 verum
598 1589 692 1622 etiam
717 1592 748 1622 et
772 1589 885 1622 illusit.
912 1607 954 1614 —
979 1589 1025 1622 Ex
1055 1599 1119 1632 quo

156 1646 303 1685 apparet,
328 1643 411 1685 quod
435 1643 580 1676 Christus
603 1643 716 1676 illusus
739 1642 798 1676 fuit
815 1642 929 1685 triplici
955 1643 1117 1683 illusione,

156 1695 274 1729 scilicet
298 1704 316 1728 a
339 1696 477 1728 Iudaeis
493 1705 533 1728 ex
548 1695 700 1734 malitia,
718 1704 816 1738 supra
833 1696 983 1738 vigesimo
1007 1705 1119 1729 secun-

155 1748 195 1782 do
211 1749 242 1788 ³3
266 1749 306 1781 ab
322 1749 450 1781 Herode
473 1758 512 1781 ea·
536 1748 758 1791 arroyanda,
777 1748 859 1781 sicut
875 1748 992 1782 dicitur
1010 1749 1079 1789 hic;
1100 1759 1119 1782 a

155 1802 315 1835 militibus
338 1812 378 1835 ex
394 1802 606 1845 ignorantia,
631 1802 713 1835 sicut
736 1802 859 1835 loannis
882 1802 1003 1835 decimo
1024 1812 1116 1836 nono.

247 1856 297 1888 14.
323 1856 359 1888 Et
392 1855 639 1896 attendendum,
664 1856 749 1898 quod
774 1856 877 1889 ludaei
908 1855 1032 1899 faeiem
1066 1867 1118 1889 ve-

157 1909 309 1942 laverunt
320 1910 345 1948 4,
370 1908 506 1942 Herodes
529 1908 641 1941 induit
671 1908 750 1941 alba
774 1913 875 1948 veste,
905 1909 1020 1942 milites
1051 1910 1118 1942 cir-

156 1962 397 1996 cumdederunt
426 1961 457 1994 ei
475 1972 691 2004 purpureum
719 1962 957 1995 vestimentum.
984 1963 1030 1995 Ex
1054 1972 1118 2005 quo

154 2018 298 2058 apparet,
323 2015 408 2058 quod
433 2015 575 2049 Pontifex
598 2019 705 2049 noster
729 2016 878 2050 habuerit
901 2016 933 2049 in
966 2025 1024 2050 sua
1048 2026 1118 2059 pas-

154 2069 240 2102 sione
263 2069 449 2102 vestimenta
473 2069 677 2112 pontificalia:
703 2070 862 2103 amictam
887 2070 1019 2110 scilicet,
1044 2079 1117 2103 cum

156 2122 278 2156 velatus
301 2125 349 2156 est
371 2132 390 2155 a
413 2122 552 2162 Iudaeis;
576 2123 704 2162 albam,
729 2132 803 2156 cum
827 2123 960 2157 vestitus
976 2127 1023 2157 est
1046 2124 1118 2157 alba

155 2178 241 2209 veste
264 2175 304 2209 ab
328 2176 466 2215 Herode;
491 2176 661 2215 casulam,
686 2186 759 2210 cum
784 2177 896 2210 habuit
919 2177 1116 2219 chlamydem

155 2229 370 2268 coccineam⁵;
396 2232 427 2262 et
443 2238 482 2262 ne
506 2229 582 2271 quid
599 2229 697 2269 desit,
721 2229 833 2263 habuit
848 2233 880 2263 et
902 2230 1117 2272 manipulum

154 2285 185 2315 et
207 2282 327 2315 stolam
350 2286 382 2315 et
416 2282 605 2325 cingulum,
629 2282 705 2315 dum
741 2283 855 2325 ligatus
878 2286 926 2316 est
959 2283 999 2316 ad
1030 2284 1117 2316 colu-

153 2344 277 2375 1nnam3
303 2344 450 2368 coronam
467 2335 606 2377 spineam
623 2336 735 2369 habuit
758 2345 816 2378 pro
833 2335 938 2369 mitra
965 2339 997 2368 et
1019 2345 1116 2369 arun-

154 2388 258 2422 dinem
282 2388 313 2421 in
338 2397 435 2421 manu
459 2397 517 2430 pro
546 2387 663 2421 baculo
688 2388 859 2431 pastorali
895 2391 927 2422 et
958 2398 1016 2430 pro
1048 2387 1118 2421 elti-

155 2440 294 2474 rotheeis
317 2444 348 2474 et
370 2441 561 2474 sandaliis⁶
585 2441 697 2474 habuit
729 2451 842 2475 manus
869 2444 900 2474 et
928 2441 1023 2484 pedes
1046 2450 1116 2474 san-

153 2495 248 2537 guine
271 2497 444 2537 coopertos.
470 2494 506 2527 Et
529 2494 606 2527 haec
630 2494 788 2528 habentur
804 2504 823 2527 a
838 2494 986 2536 praelatis
1009 2503 1117 2528 conse-

154 2548 316 2581 crantibus
339 2548 370 2580 in
394 2547 579 2580 memoriam
604 2547 777 2581 dominicae
792 2547 959 2590 passionis,
977 2548 1009 2581 in
1026 2548 1118 2581 cuius

153 2601 335 2635 memoriale
358 2601 524 2634 conficitur
548 2602 784 2635 Sacramentum
808 2601 925 2634 altaris.

228 2811 237 2826 ¹
258 2812 333 2838 Vers.
354 2813 377 2838 8.
397 2812 448 2839 Ctr.
477 2813 557 2839 Exod.
584 2813 614 2846 7,
645 2814 653 2839 t
663 2814 686 2839 l.
714 2821 789 2847 seqq.
808 2828 844 2834 —
864 2815 992 2847 Superius
1020 2822 1068 2847 pro
1092 2814 1121 2842 in

157 2855 230 2883 malo
250 2856 310 2882 Vat.
329 2856 357 2883 in
376 2856 438 2883 illis.

228 2900 237 2915 ²
257 2901 332 2927 Vers.
353 2902 394 2927 40.
414 2905 439 2927 et
459 2902 556 2928 deinde
575 2903 637 2934 Sap.
656 2903 687 2934 2,
707 2903 750 2928 24.
769 2911 824 2936 seq.

227 2943 238 2958 ³
257 2945 332 2971 Vers.
356 2946 399 2971 63.
416 2953 491 2979 seqq.
510 2960 546 2965 —
565 2946 684 2972 Subinde
702 2947 829 2979 allegatur
842 2948 911 2974 loan.
931 2948 979 2979 49,
999 2949 1023 2973 2.
1043 2955 1099 2981 seq.

224 2988 235 3002 ⁴
254 2988 307 3014 Csr.
325 2996 406 3021 supra
425 2996 447 3015 e.
475 2991 522 3021 22,
547 2990 594 3021 64;
618 2989 730 3016 subinde
755 2991 895 3023 respicitur
919 2992 982 3017 Luc.
1002 2992 1048 3023 23,
1077 2993 1116 3018 ΙΙ.

155 3031 249 3064 (induit
265 3036 338 3058 veste
357 3032 425 3066 alba)
445 3037 471 3059 et
490 3034 559 3060 ioan.
579 3034 625 3066 ⁴9,
646 3035 671 3059 2.
692 3034 776 3067 (veste
796 3042 930 3067 purpurea
951 3035 1045 3061 milites
1070 3035 1116 3060 cir-

154 3076 345 3102 cumdederunt
363 3077 446 3110 eum).

225 3119 236 3134 ⁵
255 3120 306 3146 Csr.
326 3121 413 3146 Mutth.
433 3121 479 3153 27,
500 3122 543 3147 28.

224 3163 235 3179 ⁰
254 3164 337 3191 Codd.
350 3166 370 3191 Α
381 3165 400 3192 C
410 3166 432 3191 D
444 3165 611 3193 sandalibus.
626 3166 695 3192 Vide
708 3167 747 3193 Du
761 3167 862 3200 Gange,
876 3168 1037 3194 Glossarium
1051 3171 1113 3194 ete:

154 3208 282 3236 Sandalis
302 3217 350 3242 pro
369 3211 524 3236 sandalium.
537 3212 563 3236 ln
582 3210 708 3243 Capitulis
721 3212 864 3238 Adalhardi
882 3212 978 3238 Abbat.
996 3220 1054 3245 cap.
1068 3213 1112 3239 38.

154 3251 185 3279 de
203 3252 368 3280 Sandalibus
387 3253 536 3280 inscribitur
555 3258 604 3281 etc.
622 3268 658 3274 —
677 3254 728 3281 cfr.
753 3255 888 3287 Ambros.,
908 3256 940 3281 X.
966 3256 990 3282 in
1009 3257 1072 3282 Luc.
1091 3263 1113 3282 c.

155 3297 196 3322 23.
216 3304 242 3323 n.
263 3298 323 3324 ⁴03.
342 3304 431 3331 seqq.;
451 3297 528 3324 Card.
546 3299 624 3330 nugo
638 3299 664 3324 in
683 3300 744 3325 Luc.
766 3300 812 3333 23,
834 3300 861 3325 ¹ll
873 3319 880 3331 ,
900 3299 945 3326 ubi
959 3300 1113 3326 vestimenta

155 3341 309 3372 pontificalia
320 3341 517 3368 Christi'eodem
528 3341 713 3369 describuntur
727 3343 820 3375 modo3
831 3344 881 3369 alio
892 3346 979 3370 tumen
993 3343 1073 3370 modo
1083 3350 1113 3369 ea

155 3385 278 3412 describit
296 3386 426 3412 innocent.
444 3386 485 3418 lli,
504 3387 522 3412 Ι.
540 3387 574 3413 de
597 3388 676 3414 Sacro
690 3382 776 3414 altaris
789 3389 923 3422 Mysterio,
937 3395 960 3415 c.
974 3388 1018 3415 34.
1039 3396 1113 3422 seqq.

257 3438 286 3466 S.
304 3439 409 3466 Bonan.
422 3453 457 3459 -
471 3440 554 3466 Tom.
573 3441 627 3467 vn.

1280 312 1329 343 15.
1359 311 1460 350 (Vers.
1496 314 1545 344 11.
1574 314 1648 353 12).
1674 314 1753 355 Quia
1786 323 1859 347 vero
1891 315 2026 348 Herodes
2057 316 2147 349 Chri-

1186 366 1271 396 stum
1295 373 1356 396 non
1382 365 1560 398 inveniebat
1584 370 1685 399 morte
1701 366 1849 408 dignum,
1874 368 1942 400 ideo
1958 373 1989 401 et
2014 370 2078 411 ipse
2096 379 2146 403 re-

1187 415 1316 448 cusabat
1340 416 1508 456 iudicium3
1534 418 1603 451 ideo
1626 419 1788 452 subditur:
1815 421 1853 452 Et
1877 421 2004 454 remisit
2028 422 2073 454 cul
2089 422 2146 454 Pi-

1187 468 1311 508 latum,
1336 472 1485 512 tanquam
1518 471 1557 504 ad
1581 473 1728 505 amicum.
1764 474 1893 515 Propter
1924 475 2007 516 quod
2040 475 2145 508 addit:

1188 523 1228 555 Et
1250 521 1337 565 facti
1358 527 1437 556 sunt
1468 525 1572 557 amici
1596 526 1741 558 Herodes
1764 530 1791 558 et
1818 527 1950 559 Pilatus
1978 538 2017 560 ew
2034 529 2045 548 ⁷
2071 530 2146 571 ipsa

1186 576 1255 615 die;
1278 585 1359 609 nam
1383 580 1482 609 antea
1506 578 1636 610 inimici
1658 583 1754 611 erant
1778 580 1824 612 ad
1844 580 1992 613 invicem.
2021 582 2065 613 Ex
2083 592 2146 624 quo

1185 633 1329 671 apparet,
1354 630 1438 671 quod
1468 630 1628 663 inimicitia
1653 635 1797 673 respectu
1830 633 1900 665 boni
1927 634 2009 675 parit
2039 636 2145 668 amici-

1187 682 1259 715 tiam
1284 682 1366 715 inter
1390 683 1505 722 malos;
1531 683 1600 716 ideo
1625 685 1695 716 mali
1721 684 1926 727 designantur
1951 695 2006 727 per
2033 688 2146 729 vulpes

1187 735 1378 775 Samsom's,
1414 746 1495 779 quae
1531 737 1647 770 habent
1682 738 1798 771 caudas
1834 739 1992 781 colligatas
2013 739 2036 778 ⁸,
2073 741 2146 782 quia

1186 798 1294 822 omnes
1322 802 1337 818 α
1354 790 1545 823 conveniunt
1569 790 1600 823 in
1624 800 1724 823 unum
1748 791 1900 824 adversus
1924 792 2090 825 Dominum
2116 798 2147 826 et

1185 842 1337 875 adversus
1360 843 1521 876 Christum
1546 844 1615 876 eius
1632 857 1661 876 ».
1689 844 1724 876 Et
1748 844 1816 877 ideo
1841 845 1871 877 bi
1897 845 1960 877 duo
1983 846 2147 888 designant

1186 897 1436 938 persecutionem
1460 897 1597 930 duorum
1623 898 1814 940 populorum
1840 902 1949 931 contra
1965 899 2145 939 Christum;

1185 950 1269 983 unde
1291 950 1442 983 Glossa⁹:
1473 964 1488 979 α
1506 951 1592 984 Sicut
1608 952 1744 985 Herodes
1767 955 1798 985 et
1823 953 1956 992 Pilatus,
1981 953 2025 986 sie
2043 954 2144 986 ludaei

1185 1006 1216 1036 et
1238 1003 1384 1045 gentiles,
1401 1004 1484 1037 sicut
1507 1013 1621 1046 genere
1645 1008 1676 1038 et
1692 1005 1857 1047 religione,
1882 1006 1924 1038 ita
1948 1010 2051 1039 mente
2068 1016 2145 1048 quo-

1184 1065 1247 1098 que
1269 1056 1506 1096 dissentientes,
1532 1060 1633 1091 tamen
1660 1058 1690 1090 in
1715 1058 1900 1092 Christianis
1920 1059 2145 1102 persequendis

1184 1113 1215 1143 et
1238 1109 1298 1142 fide
1322 1110 1438 1143 Christi
1462 1111 1645 1152 perimenda
1668 1112 1915 1145 consentiunt».

1303 1215 1345 1250 De
1369 1215 1486 1250 Christi
1510 1216 1766 1251 condemnatione
1789 1217 1939 1252 dicuntur
1963 1218 2032 1252 duo.

1273 1323 1323 1354 16.
1348 1322 1482 1355 Pilatus
1513 1327 1643 1362 autem,
1676 1325 1862 1357 convocatis
1886 1328 1943 1357 etc.
1975 1325 2140 1367 Postquam

1183 1375 1349 1417 descripsit
1372 1376 1487 1409 Christi
1505 1378 1816 1419 comprehensionem
1830 1404 1837 1416 ,
1855 1378 2031 1411 illusionem
2047 1382 2078 1411 et
2094 1387 2144 1411 ac-

1183 1428 1376 1461 cusationem
1387 1455 1395 1468 ,
1413 1429 1464 1462 hic
1480 1433 1595 1471 quarto
1609 1430 1636 1448 ¹⁰
1659 1430 1808 1463 describit
1823 1431 1931 1472 ipsius
1948 1431 2143 1464 condemna-

1183 1482 1311 1514 tionem.
1337 1482 1373 1514 Et
1403 1482 1552 1524 quoniam
1580 1483 1726 1516 Christus
1756 1483 1981 1516 condemnatus
2012 1487 2075 1523 est,
2108 1489 2144 1517 ut

1182 1535 1394 1568 deduceretur
1418 1535 1457 1568 ad
1481 1536 1657 1577 patibulum
1682 1536 1803 1575 crucis3
1830 1536 1898 1569 ideo
1916 1546 1989 1579 pars
2011 1538 2070 1570 ista
2087 1538 2144 1570 ha-

1182 1588 1236 1621 bet
1251 1588 1339 1622 duas.
1358 1588 1390 1620 ln
1415 1598 1553 1631 quarum
1571 1589 1674 1631 prima
1696 1590 1802 1632 agitur
1817 1589 1856 1623 de
1877 1590 2145 1624 condemnatione

1183 1640 1292 1682 ipsius
1314 1641 1361 1673 ad
1383 1641 1496 1674 crucis
1524 1641 1736 1683 patibulum,-
1760 1641 1792 1674 in
1820 1642 1958 1675 secunda
1981 1651 2074 1681 vero,
2106 1643 2144 1675 de

1183 1694 1375 1727 deductione
1398 1695 1470 1727 eius
1502 1695 1548 1728 ad
1570 1694 1853 1738 crucifigendum,
1878 1696 1920 1728 ibi
1934 1697 1978 1728 ¹¹:
2006 1697 2045 1729 Et
2066 1706 2144 1729 eum

1183 1748 1340 1781 ducerent
1363 1758 1455 1788 eum,
1480 1747 1770 1791 apprehenderunt
1789 1748 1964 1781 Simonem.

1219 1863 1400 1891 condemnatio
1420 1863 1520 1891 christi
1540 1863 1573 1890 ad
1592 1871 1692 1891 crucem
1711 1864 1869 1891 describitur
1888 1864 1970 1899 quoad
1987 1865 2106 1899 quatuor.

1276 1963 1433 1996 Describit
1471 1962 1568 2005 igitur
1608 1963 1803 2005 Evangelista
1841 1963 2143 1997 condemnationem

1184 2015 1310 2051 Christi
1332 2019 1369 2049 ut
1388 2016 1557 2060 iniquam,
1581 2019 1618 2049 ut
1634 2016 1792 2058 impiam,
1817 2020 1853 2049 ut
1873 2020 2036 2049 extortam
2059 2021 2090 2050 et
2106 2021 2143 2050 ut

1181 2071 1377 2104 distortam.-
1401 2073 1438 2103 ut
1461 2069 1630 2113 iniquam,
1656 2073 1786 2112 propter
1810 2070 2049 2112 repugnantiam
2067 2070 2143 2112 legis

1181 2124 1336 2163 iustitiae;
1361 2126 1398 2157 ut
1420 2123 1578 2166 impiam,
1601 2126 1731 2166 propter
1748 2123 1988 2165 repugnantiam
2012 2132 2142 2156 consue-

1182 2177 1300 2211 tudinis
1334 2177 1420 2219 piae;
1453 2179 1490 2209 ut
1520 2180 1704 2215 extortam,
1736 2180 1866 2218 propter
1901 2177 2140 2218 repugnantiam

1181 2229 1353 2264 voluntatis
1375 2230 1408 2262 in
1431 2229 1591 2269 iudice¹²;
1616 2233 1652 2262 ut
1676 2229 1869 2268 distortam,
1895 2233 2024 2271 propter
2047 2238 2142 2271 repu-

1180 2283 1339 2326 gnantiam
1365 2282 1496 2316 rationis
1519 2285 1632 2315 rectae.

1273 2338 1321 2369 17.
1347 2337 1448 2379 (Vers.
1477 2335 1551 2377 13.).
1577 2335 1680 2368 Primo
1704 2335 1800 2377 igitur
1824 2338 1976 2377 quantuni
2001 2335 2040 2367 ad
2067 2336 2141 2368 insi-

1180 2389 1339 2422 nuandam
1363 2388 1625 2431 repugnantiam
1656 2387 1938 2421 condemnationis
1964 2386 2088 2420 Christi
2113 2393 2142 2420 et

1181 2442 1260 2485 leyis
1276 2442 1424 2474 iustitiae
1439 2441 1532 2474 dicit.-
1558 2441 1691 2474 Pilatus
1707 2445 1829 2480 autem,
1846 2441 2031 2473 convocatis
2043 2441 2140 2483 prin-

1181 2494 1310 2538 cipibus
1332 2494 1544 2527 sacerdotum
1561 2497 1590 2526 et
1607 2493 1862 2537 mayistratibus
1874 2493 1977 2536 plebis
1991 2494 2033 2533 ¹³,
2051 2503 2140 2536 prae-

1181 2547 1333 2581 mittendo
1356 2547 1552 2587 citationem
1578 2547 1692 2580 citandi
1716 2550 1822 2580 autem
1854 2550 1928 2580 sunt
1950 2550 2072 2580 actores
2102 2547 2141 2580 ad

1182 2601 1369 2634 audiendam
1395 2601 1599 2645 sententiam,
1623 2610 1687 2643 qua
1710 2610 1785 2634 reus
1809 2600 1900 2634 debet
1924 2600 2058 2639 absolvi,
2092 2601 2140 2633 vel

1258 2813 1268 2829 ⁷
1287 2815 1322 2840 lta
1342 2814 1455 2840 ACDG
1477 2814 1534 2846 (cl'r.
1555 2814 1584 2839 B.
1606 2813 1730 2845 Albert.),
1751 2813 1771 2838 Η
1791 2811 1838 2843 ab,
1859 2812 1970 2843 Vulgata
1990 2811 2026 2836 in.

1255 2857 1266 2873 ⁸
1285 2859 1365 2884 ludic.
1393 2858 1440 2889 ⁴5,
1465 2858 1497 2884 4:
1518 2858 1685 2890 Perrexitque
1710 2855 1847 2889 [Samson]
1872 2859 1896 2881 et
1920 2855 1989 2887 cepit
2014 2859 2140 2880 trecentas

1184 2903 1277 2935 vulpes
1295 2903 1447 2935 caudasque
1472 2909 1563 2927 earum
1583 2902 1664 2927 iunxit
1689 2901 1723 2926 ad
1748 2900 1846 2926 caudas
1869 2903 1894 2924 et
1913 2900 1981 2925 taces
1999 2899 2089 2930 ligavit
2114 2899 2139 2924 in

1183 2948 1271 2973 medio
1290 2950 1338 2972 etc.
1358 2961 1392 2965 —
1413 2946 1534 2978 Sequitur
1558 2945 1597 2971 Ps.
1624 2946 1654 2975 2,
1681 2945 1710 2969 2:
1735 2944 1876 2969 Astiterunt
1894 2950 1969 2974 reges
1998 2946 2096 2973 terrae,
2115 2947 2139 2968 et

1181 2992 1314 3024 principes
1333 2993 1513 3016 convenerunt
1532 2989 1556 3014 in
1576 2996 1658 3014 unum
1678 2991 1727 3013 etc.

1252 3034 1264 3049 ⁹
1282 3035 1384 3061 Scilicet
1404 3033 1546 3060 ordinaria
1566 3032 1608 3065 (ex
1627 3032 1708 3064 Beda)
1728 3032 1752 3056 in
1772 3032 1834 3056 Luc.
1854 3031 1902 3061 23,
1927 3030 1974 3055 ⁴2:
1994 3030 2137 3056 Nefanduni

1182 3079 1288 3111 foedus,
1308 3078 1379 3112 quod
1400 3077 1516 3103 Herodes
1533 3080 1559 3102 et
1583 3076 1677 3101 Pilatus
1701 3076 1727 3100 in
1747 3074 1891 3100 occidendo
1915 3073 2046 3102 Christum
2066 3075 2140 3106 pepi-

1180 3125 1289 3154 gerunt,
1312 3128 1478 3147 successores
1503 3126 1594 3145 eorum
1621 3118 1778 3144 hereditario
1804 3118 1861 3143 iure
1885 3118 2048 3148 custodiunt,
2074 3118 2137 3143 dum

1180 3167 1268 3193 ludaei
1286 3173 1312 3192 et
1330 3166 1451 3197 gentiles,
1472 3165 1538 3190 sicut
1561 3170 1657 3195 genere
1677 3167 1725 3188 etc.
1745 3163 1764 3188 Α
1776 3162 1857 3189 CDG
1877 3162 1998 3188 omittunt
2017 3164 2114 3188 tamen.

1251 3209 1274 3224 ¹⁰
1293 3210 1343 3236 Csr.
1362 3216 1442 3241 supra
1462 3216 1484 3234 c.
1504 3209 1547 3233 22.
1564 3215 1588 3232 n.
1610 3207 1651 3232 59.

1251 3253 1271 3269 ¹¹
1293 3254 1368 3280 Vers.
1388 3254 1430 3279 26.

1252 3297 1274 3313 ¹²
1294 3298 1354 3323 Vat.
1375 3296 1521 3324 voluntatis
1537 3295 1684 3330 propriae,-
1704 3296 1750 3321 etr.
1769 3295 1832 3321 insi-a
1851 3302 1876 3320 n.
1897 3295 1939 3320 24.

1250 3341 1273 3357 ¹⁸
1293 3343 1327 3368 lta
1346 3342 1367 3368 Α
1378 3341 1396 3368 C
1408 3342 1459 3367 DG
1470 3342 1509 3372 H;
1529 3342 1574 3367 etr.
1587 3341 1615 3366 B.
1629 3340 1740 3373 Athen„
1755 3340 1800 3366 sed
1817 3341 1926 3372 Vulgata
1948 3339 2025 3366 habet
2045 3341 2069 3366 et
2081 3346 2139 3365 ma-

1179 3386 1338 3422 gistratibus
1360 3388 1384 3413 et
1400 3385 1485 3420 plebe.

1995 3434 2028 3460 72

2167 329 2261 350 nemum
2276 330 2312 351 de-

2173 356 2266 377 clinabat
2281 357 2312 377 iu-

2172 383 2260 404 dicium.

2167 593 2296 615 Notandum.

2164 1546 2252 1568 Divisio.

2161 2342 2208 2364 Fuit
2224 2343 2304 2370 iniqua.
