2476 3921
11 961 13 984 ι’
23 965 149 989 solemnitas

11 993 75 1018 'mudii
81 992 149 1023 ‚audi-

7 1337 25 1361 ἰι
39 1339 102 1361 domo
115 1339 154 1361 Ec-

6 1366 88 1388 clesiae
98 1372 153 1393 sym-

6 1393 96 1425 yphqnia.

1 1867 3 1902 l]
24 1871 83 1897 item,
97 1871 147 1894 cho-

5 2509 56 2536 Quid
71 2509 99 2541 sit
112 2515 151 2537 ap-

22 2542 151 2583 piropinqua-

758 231 953 265 COMMENT.
979 232 1016 265 IN
1041 232 1280 266 EVANGELlUM
1304 234 1423 267 LUCAE
1447 235 1479 268 C.
1506 236 1567 268 XV.

2093 240 2156 273 399

170 323 233 356 vita
254 331 417 365 nunquam
443 324 490 355 est
512 321 647 360 otiosa¹‚
680 321 750 354 ideo
777 320 870 360 dicit,
894 320 978 363 quod
1004 324 1073 354 erat
1096 321 1131 353 in
1161 320 1166 366 Ι
1196 321 1347 355 scendum
1371 332 1408 356 ea
1431 332 1512 366 quae
1536 328 1610 357 sunt
1634 325 1717 358 intra
1742 327 1894 360 unitatem
1911 332 2035 367 sanctae
2054 329 2158 362 Eccle-

170 385 274 419 ayro,
300 375 417 408 scilicet
440 374 479 407 ad
503 374 727 412 laborandum,
744 377 780 407 ut
803 377 909 416 posset
931 372 1037 407 dicere
1053 373 1131 406 illud

170 428 338 462 Zachariae
360 427 482 461 decimo
506 427 616 460 tertio:
646 439 662 456 <t
678 427 775 459 Homo
798 426 935 469 agricola
958 435 1016 469 ego
1039 435 1130 465 sum,

169 482 317 524 quoniam
353 482 448 515 Adam
486 481 669 524 exemplum
706 490 811 514 meum
847 480 887 513 ab
923 480 1131 513 adolescentia

169 545 240 569 mea
249 549 278 568 n.
292 535 377 569 Unde
394 535 425 568 in
438 544 514 578 agro
526 534 688 568 laborabat
700 534 874 567 secundum
888 534 1042 576 Sapientis
1057 542 1131 567 000-

169 589 289 628 silium,
322 588 563 630 Proverbiorum
594 587 823 621 duodecim022
860 600 876 615 ι
895 587 954 629 Qui
978 589 1130 629 operatur

169 646 286 675 terram
312 651 402 675 suam
419 641 615 674 saturabitur
631 640 766 683 panibus
782 652 813 680 »ς
838 643 869 673 01
886 639 1129 673 Proverbiorum

169 695 318 737 vigesimo
340 697 472 737 quarto:
502 706 518 722 «
534 694 688 735 praepara
711 693 788 726 soris
810 701 891 735 opus
915 695 1005 725 tuum
1030 695 1061 725 et
1083 692 1130 725 di-

168 748 300 790 ligenter
323 756 439 781 exerce
462 756 574 790 agrum
599 750 690 780 tuum
704 758 735 786 »;
759 746 833 789 quia
862 746 906 779 sic
938 746 1058 779 dictum
1082 749 1130 779 est

168 801 286 834 homini
310 801 437 834 Genesis
460 801 571 834 tertio:
600 813 616 829 α
633 800 665 833 10
689 800 805 833 sudore
830 800 937 833 vultus
955 800 999 833 tui
1024 808 1130 833 vesce-

168 854 213 887 ris
234 863 315 897 pane
340 857 395 887 tuo
410 868 441 886 ».

256 909 309 942 [⁸4.
335 908 478 942 Secundo
494 910 655 950 quantum
679 907 718 940 ad
745 907 985 940 solemnitatem
1006 907 1131 950 qaudii

167 962 279 996 auditi
301 961 424 995 subdit:
455 962 495 994 Et
525 970 601 993 cum
624 961 748 993 veniret
778 964 808 993 et
839 961 1130 1004 appropinquaret

167 1015 301 1054 domui,
326 1014 459 1048 audivit
481 1012 713 1058 symphoniam
746 1017 775 1046 et
805 1012 955 1046 oliorum.
987 1014 1044 1047 Per
1072 1013 1129 1046 do-

166 1079 260 1102 mum
284 1068 376 1102 istam
399 1068 585 1110 intelligitur
615 1067 816 1110 congregatio
847 1067 1021 1107 iustorum;
1046 1067 1129 1100 Psal-

166 1123 281 1156 1nus⁸z
310 1135 326 1152 «ι
344 1122 427 1155 Deus
451 1122 483 1154 in
508 1122 575 1154 loco
598 1125 706 1154 sancto
730 1129 806 1159 500,
830 1120 933 1159 Deus,
958 1120 1013 1163 qui
1038 1120 1129 1154 inha-

167 1177 267 1210 bitare
290 1176 363 1209 facit
393 1176 489 1209 unius
520 1174 618 1207 moris
650 1174 680 1206 in
712 1174 807 1207 domo
820 1186 850 1213 »;
883 1177 914 1207 01
946 1174 1066 1216 primae
1089 1174 1128 1207 ad

167 1229 366 1263 Timotheum
391 1229 502 1262 tertio:
531 1241 547 1257 «ι
563 1228 602 1261 Ut
625 1227 723 1266 scias,
747 1227 906 1269 quomodo
929 1230 1074 1269 oporteat
1098 1230 1128 1259 te

166 1283 198 1316 10
221 1283 314 1316 (10100
338 1282 393 1316 Dei
417 1282 615 1321 conversari,
639 1289 721 1324 quae
744 1284 792 1314 est
816 1280 951 1313 Ecclesia
974 1280 1029 1313 Dei
1053 1280 1127 1319 vivi,

166 1337 313 1370 columna
343 1340 374 1369 et
405 1336 639 1369 firmamentum
667 1334 808 1367 veritatis
826 1347 855 1366 ι».
880 1333 913 1366 10
944 1334 1004 1366 1130
1033 1333 1128 1366 (101110

167 1390 296 1424 auditur
319 1388 520 1433 symphonia
543 1391 571 1421 et
602 1386 725 1420 chorus
748 1396 805 1429 per
829 1386 1015 1420 concordem
1040 1386 1128 1419 laeti-

167 1444 242 1478 tiam
266 1447 420 1486 quantum
444 1442 483 1475 ad
502 1441 756 1474 conformitatem
780 1440 962 1473 interiorem
988 1443 1019 1473 et
1043 1443 1129 1473 exte-

166 1497 282 1531 riorem
307 1504 451 1534 morum,
475 1495 654 1528 animorum
679 1498 710 1528 et
726 1503 920 1527 sermonum.
943 1506 959 1522 a
976 1494 1028 1526 Est
1044 1493 1126 1526 enim

165 1549 365 1594 symphonia
389 1548 556 1582 concordia
578 1552 609 1582 et
625 1548 767 1581 collectio
782 1556 1062 1590 quorumcumque
1079 1556 1128 1580 so-

165 1613 280 1637 norum
295 1604 353 1642 4»,
377 1606 409 1636 01
431 1602 572 1645 designat
595 1601 763 1641 laetitiam,
787 1610 869 1644 quae
893 1600 978 1634 venit
994 1610 1035 1634 ex
1053 1610 1129 1633 con-

165 1656 283 1690 cordia
306 1656 510 1689 animorum.
534 1654 621 1688 Unde
637 1658 669 1688 et
684 1654 886 1698 Ambrosius:
908 1666 924 1682 «
937 1654 1129 1696 Symphonia

165 1714 213 1744 est
235 1710 435 1744 diversarum
459 1712 598 1742 aetatum
621 1712 652 1742 et
676 1708 832 1742 virtutum
856 1708 944 1741 velut
966 1708 1128 1741 variarum

166 1764 358 1798 chordarum
382 1762 551 1796 indiscreta
574 1761 957 1801 concordia‚‘secundum
981 1761 1066 1804 quod
1081 1761 1128 1795 di-

166 1817 250 1851 citur
273 1818 406 1850 Actuum
431 1818 563 1859 quarto:
588 1815 813 1849 Multitudinis
829 1815 1032 1848 credentium
1055 1818 1129 1847 erat

165 1881 223 1904 cor
245 1876 353 1904 unum
370 1874 398 1903 et
414 1869 533 1903 anima
549 1878 620 1902 una
634 1883 663 1901 n.
686 1882 701 1897 α
717 1867 848 1902 Chorus
872 1877 947 1901 vero
963 1871 1011 1901 est
1034 1868 1128 1902 colle-

165 1924 227 1958 ctio
249 1924 418 1957 vocum⁶n
446 1926 477 1956 et
501 1922 655 1965 significat
675 1921 842 1961 laetitiam,
866 1931 948 1965 quae
976 1921 1062 1955 venit
1085 1930 1127 1955 ex

166 1976 346 2010 concordia
368 1985 487 2008 vocum
521 1979 551 2008 et
581 1974 758 2008 verborum
789 1975 822 2007 in
856 1974 1066 2017 praedicando
1097 1977 1128 2007 et

165 2029 320 2062 laudando
343 2029 462 2068 Deum,
487 2028 661 2062 secundum
686 2028 764 2061 illud
788 2028 961 2070 Prophetae
984 2028 1016 2060 in
1044 2028 1128 2061 Psal-

166 2082 261 2116 mo‘i:
291 2094 307 2110 α
324 2081 460 2114 Laudate
482 2089 555 2114 eum
580 2081 612 2113 in
629 2084 778 2123 tympano
793 2084 825 2114 et
848 2080 947 2113 choro
963 2093 994 2120 »,
1018 2084 1050 2113 et
1066 2080 1126 2113 hoc

165 2139 213 2170 est
235 2136 266 2168 in
291 2138 398 2168 sancta
421 2134 573 2173 Ecclesia;
598 2134 718 2176 primae
741 2133 780 2166 ad
804 2133 982 2171 Corinthios
1007 2133 1125 2175 primo:

172 2203 186 2219 α
204 2189 357 2228 Obsecro,
381 2191 418 2220 ut
439 2187 471 2220 id
501 2187 605 2229 ipsum
636 2186 747 2220 dicatis
774 2195 883 2220 omnes
900 2200 929 2218 n.
956 2186 991 2219 Et
1014 2186 1053 2219 de
1077 2186 1127 2219 his

165 2242 290 2276 duobus
323 2241 439 2275 dicitur
470 2240 507 2273 ad
540 2239 754 2281 Philippenses
783 2239 937 2272 secundo:
968 2239 1031 2271 «Si
1063 2248 1127 2281 qua

166 2294 334 2329 consolatio
358 2294 389 2327 in
413 2293 555 2332 Christo,
580 2292 604 2326 si
630 2292 714 2334 quod
738 2292 884 2325 solatium
916 2292 1074 2331 caritatis,
1099 2291 1124 2325 si

165 2359 229 2392 qua
259 2346 390 2382 societas
414 2346 559 2389 spiritus,
592 2345 617 2379 si
649 2354 712 2388 qua
744 2345 865 2378 viscera
896 2344 1124 2384 miserationis;

166 2402 291 2445 implete
314 2400 464 2444 gaudium
487 2408 613 2438 meum,
637 2402 674 2432 ut
705 2398 787 2431 idem
816 2397 961 2438 sapiatis,
994 2397 1125 2431 eandem

165 2456 325 2489 caritatem
351 2453 517 2491 habentes,
541 2451 720 2490 unanimes,
744 2450 775 2483 id
791 2450 894 2493 ipsum
912 2449 1081 2484 sentientes
1095 2463 1124 2482 υ.

164 2528 208 2533 -
238 2509 321 2541 Η300
349 2516 425 2550 ergo
453 2505 649 2540 harmoniam
685 2504 855 2538 iucundam
887 2504 919 2537 in
951 2504 1010 2538 hac
1033 2504 1126 2537 domo

165 2563 218 2597 Dei
244 2561 332 2595 audit
356 2560 409 2603 qui
433 2560 472 2593 ad
487 2559 572 2593 illam
588 2558 846 2603 appropinquat.
865 2558 1125 2603 Appropinqua-

166 2617 210 2650 tio
232 2619 338 2649 autem
362 2614 422 2647 ista
445 2616 493 2646 est
516 2621 572 2655 per
604 2612 883 2645 considerationem
917 2621 1024 2645 sacrae
1047 2612 1126 2646 Scri-

165 2672 297 2712 pturae,
320 2676 401 2710 quae
425 2666 515 2709 quasi
544 2669 591 2699 est
621 2664 778 2708 quoddam
808 2665 925 2698 ostium
948 2665 986 2698 ad
1011 2674 1125 2708 cogno-

236 2869 245 2884 ¹
265 2870 316 2897 err.
335 2876 414 2901 supra
434 2876 495 2901 pag.
518 2869 584 2900 186,
604 2871 665 2895 nota
686 2869 727 2895 14.
749 2872 773 2895 01
792 2876 855 2902 pag.
875 2866 941 2903 295,
962 2874 1031 2897 nota.
1052 2870 1077 2897 t.
1090 2885 1126 2891 —

165 2915 289 2948 Sequitur
309 2915 385 2940 Zach.
407 2914 454 2946 13,
474 2914 498 2939 5.

235 2957 246 2973 ²
266 2958 339 2985 Vers.
360 2959 388 2984 11
402 2978 408 2989 ‚
428 2962 487 2990 post
505 2965 586 2992 quem
605 2958 653 2991 24,
673 2959 715 2984 27.
735 2962 760 2985 et
778 2960 843 2986 Gen.
862 2960 893 2991 3,
914 2960 957 2986 19.

235 3001 246 3017 ¹³
266 3004 359 3029 Psalm.
379 3002 428 3034 67,
448 3003 473 3028 6.
493 3010 548 3036 seq.
570 3006 596 3029 et
614 3003 710 3030 deinde
725 3004 746 3029 1.
767 3004 836 3030 Tim.
855 3005 885 3036 3,
906 3005 948 3030 15.

235 3046 247 3061 “
266 3048 297 3073 Ut
315 3047 378 3073 dicit
396 3048 486 3073 Glossa
505 3047 688 3075 interlinearis
708 3047 764 3081 (cir.
785 3049 898 3081 theron„
912 3050 993 3082 Epist.
1007 3050 1049 3076 21.
1063 3050 1126 3076 alias

167 3091 226 3117 146.
247 3098 271 3117 0.
292 3091 356 3124 211),
369 3098 438 3124 quae
452 3098 500 3123 pro
519 3091 665 3118 concordia
683 3093 707 3119 et
725 3092 844 3119 collectio
863 3093 997 3120 substituit
1008 3093 1126 3121 collatio.

166 3135 229 3162 Cod.
249 3136 268 3161 B
288 3136 348 3162 huic
367 3135 512 3162 definitioni
526 3136 669 3168 praemittit
681 3136 788 3164 Glossa.
801 3150 837 3156 —
850 3138 980 3164 Sententia
995 3138 1126 3165 Ambrosii

166 3180 277 3207 habetur
297 3181 349 3207 vn.
368 3180 394 3206 111
413 3181 475 3207 Luc.
494 3187 517 3207 c.
538 3181 578 3207 15.
598 3188 622 3206 0.
643 3180 704 3207 218.
716 3183 881 3215 0130030111(-
899 3190 929 3209 ex
947 3183 1037 3209 Glossa
1057 3183 1126 3210 ordi-

164 3225 247 3251 naria
271 3226 343 3258 apud
368 3226 509 3257 Lyrnnum.
534 3225 659 3259 Sequitur
683 3226 739 3252 Act.
765 3226 795 3259 4,
819 3227 862 3253 32.
888 3227 936 3253 Pro
954 3226 1126 3254 diversarum

164 3271 285 3297 aetatum
304 3270 347 3296 ed.
366 3270 474 3296 Maurin.
492 3277 535 3303 op.
556 3270 688 3296 Ambrosii
707 3270 878 3298 diversorum
896 3273 1018 3298 actuum.

235 3312 246 3328 ⁸
266 3314 416 3341 Secundum
436 3314 554 3341 Glossam
574 3313 783 3341 interlinearem.

235 3356 248 3372 ⁶
266 3358 359 3384 Psalm.
381 3358 446 3390 150,
467 3358 491 3384 1.
510 3372 546 3378 -
564 3359 621 3385 Duo
641 3366 716 3392 seqq.
735 3360 784 3385 loci
805 3363 864 3386 sunt
883 3360 900 3386 l.
921 3359 981 3387 Cor.
996 3360 1024 3393 1,
1043 3360 1086 3386 lo.
1101 3363 1126 3386 et

166 3401 228 3427 Phil.
249 3403 278 3434 2,
300 3402 322 3427 l.
342 3409 399 3435 seq.

1196 374 1277 414 siae;
1304 376 1509 410 Ecclesiastici
1541 378 1695 411 ultim0⁷:
1726 393 1741 408 α
1757 381 2012 423 Appropinquate
2033 382 2071 415 ad
2096 392 2156 421 1110,

1195 427 1328 468 indocti,
1352 433 1384 462 et
1406 431 1637 473 congregamini
1671 432 1702 464 in
1734 433 1827 465 domo
1861 434 2089 476 disciplinae».
2124 436 2160 468 Et

1195 484 1291 521 tunc,
1315 482 1443 524 quando
1466 483 1538 525 quis
1561 484 1694 517 attendit
1710 486 1921 528 scripturam,
1939 487 1969 520 in
1988 488 2054 529 ipsa
2071 488 2160 521 audit

1195 534 1287 568 istius
1311 535 1464 569 Ecclesiae
1487 537 1685 570 concordiam
1709 541 1740 570 et
1765 538 1960 572 harmoniam
1986 541 2068 573 intra
2092 542 2161 574 eius

1195 588 1357 628 membra;
1381 589 1457 631 quia
1481 592 1545 622 tota
1568 590 1732 632 Scriptura
1755 592 1833 624 nihil
1857 593 1942 626 aliud
1958 593 2048 627 docet
2065 604 2160 636 quam

1195 641 1335 674 caritatis
1358 642 1556 675 concordiam
1580 647 1611 676 et
1644 644 1858 684 harmoniam,
1883 647 2056 679 secundum
2082 646 2160 680 illud

1195 695 1340 728 Matthaei
1365 695 1516 738 vigesimo
1540 697 1721 730 secundo⁸:
1751 711 1767 726 z
1785 698 1816 730 ln
1850 699 1899 731 1115
1923 699 2048 733 duobus
2073 709 2160 732 man-

1194 747 1275 781 datis
1292 762 1307 777 1>
1335 751 1412 788 etc.;
1437 752 1469 782 et
1491 749 1530 782 ad
1556 750 1708 784 Romanos
1731 751 1852 784 decimo
1876 752 1982 784 tertio:
2006 766 2021 780 «ι
2038 753 2096 794 Qui
2114 753 2160 786 di-

1195 801 1261 844 ligit
1285 802 1468 844 proximum
1505 803 1603 846 legem
1641 803 1824 846 implevit».
1857 805 1933 837 Nam
1970 806 2090 848 primae
2121 807 2158 839 ad

1194 854 1393 888 Timotheum
1418 855 1540 898 primo:
1571 870 1586 885 α
1603 857 1684 890 Finis
1712 858 1871 901 praecepti
1903 862 1950 891 est
1981 860 2094 892 caritas
2121 860 2160 893 de

1194 908 1289 941 corde
1313 918 1395 951 puro
1412 922 1427 937 »
1457 913 1515 942 etc.

1283 962 1336 994 45.
1362 962 1464 1001 (Vers.
1490 964 1567 1003 26).
1593 964 1699 997 Tertio
1722 969 1877 1007 quantum
1914 966 1952 999 ad
1978 966 2325 1006 liberatica-inamata-

1195 1018 1256 1047 tem
1277 1015 1415 1057 paterni
1449 1015 1596 1059 beneficii
1626 1018 1770 1051 indicati
1799 1019 1920 1052 subdit:
1956 1021 1995 1052 Et
2028 1021 2158 1053 vocavit
2187 1007 2242 1050 iiii}
2258 1004 2323 1024 ‘'²⁰‘'

1194 1078 1302 1101 unum
1325 1069 1364 1101 cle
1385 1071 1492 1102 servis
1515 1074 1545 1103 et
1561 1070 1800 1114 intem-oyam'c,
1817 1082 1902 1116 quac
1914 1073 1926 1092 ⁹
1943 1071 2023 1105 haec
2039 1078 2154 1106 essent.

1194 1121 1253 1154 lste
1276 1131 1367 1154 unus
1389 1131 1507 1155 servus
1531 1128 1660 1156 vocatus
1684 1127 1732 1157 est
1754 1125 1832 1157 ordo
1856 1125 2104 1167 praedicantium
2126 1130 2157 1159 et

1193 1175 1391 1215 docentium,
1415 1176 1454 1208 de
1489 1185 1553 1218 quo
1583 1185 1676 1209 servo
1707 1186 1805 1219 supra
1835 1178 1956 1211 decimo
1980 1180 2155 1221 quarto¹⁰:

1197 1240 1213 1256 α
1230 1228 1311 1261 Misit
1334 1237 1462 1261 servum
1488 1238 1582 1261 suum
1607 1230 1686 1263 hora
1709 1239 1824 1263 coenae
1847 1231 1952 1264 dicere
1969 1232 2106 1265 invitatis
2124 1245 2155 1272 »;

1192 1281 1246 1314 ubi
1271 1281 1396 1315 Glossa:
1427 1295 1442 1311 α
1458 1283 1576 1316 Servus
1599 1287 1646 1316 est
1676 1283 1754 1316 ordo
1790 1284 2039 1326 praedicantium
2060 1298 2090 1325 n;
2116 1286 2156 1319 ab
2175 1296 2233 1323 Quia
2247 1297 2274 1317 m

1193 1335 1252 1368 hoc
1277 1344 1369 1368 servo
1393 1335 1584 1378 requirenda
1619 1340 1694 1369 sunt
1716 1338 1925 1371 ecclesiastica
1955 1339 2156 1372 Sacramenta
2185 1328 2267 1344 mm*

1192 1391 1223 1421 et
1240 1388 1389 1429 mysteria
1405 1389 1641 1431 scripturarum
1653 1416 1661 1429 ‚
1678 1391 1763 1432 quia,
1780 1391 1948 1424 Malachiae
1969 1392 2106 1425 secundo
2118 1394 2154 1432 ¹¹,

1198 1454 1214 1470 α
1230 1441 1312 1474 labia
1331 1441 1502 1474 sacerdotis
1527 1443 1708 1475 custodiunt
1729 1443 1901 1483 scientiam,
1927 1448 1958 1477 et
1982 1445 2081 1487 legem
2106 1454 2157 1478 re-

1193 1495 1327 1537 quirunt
1349 1504 1391 1528 ex
1414 1503 1470 1528 ore
1501 1495 1588 1535 eius,
1618 1496 1692 1538 quia
1725 1497 1856 1539 angelus
1887 1498 2008 1531 Domini
2034 1500 2158 1532 exerci-

1194 1551 1283 1581 tuum
1308 1551 1356 1581 051
1372 1561 1402 1580 n.

1283 1602 1335 1634 46.
1361 1602 1462 1642 (Vers.
1488 1604 1566 1644 27).
1593 1603 1628 1636 Et
1651 1603 1799 1646 quoniam
1833 1613 1929 1638 verus
1960 1605 2157 1647 praedicator
2172 1615 2221 1636 Tria
2238 1616 2323 1648 pragat-

1193 1659 1241 1689 est
1264 1655 1468 1688 annuntiator
1492 1656 1683 1699 praecipuus
1698 1656 1822 1691 divinae
1839 1658 1980 1700 pietatis,
1997 1658 2066 1692 ideo
2082 1660 2157 1692 sub·
2182 1645 2324 1695 ffifflff'm'

1192 1709 1256 1742 dit:
1281 1709 1377 1753 Isque
1409 1709 1495 1743 dixit
1527 1709 1593 1743 illi:
1619 1711 1743 1743 Frater
1775 1715 1854 1744 tuus
1884 1712 1991 1751 venit,
2016 1721 2073 1754 per
2097 1711 2158 1745 ltu-

1193 1762 1367 1796 militatem
1380 1763 1619 1805 poenitentiae;
1636 1764 1730 1797 Isaiae
1747 1764 1897 1806 vigesimo
1913 1765 2015 1807 primo
2030 1766 2073 1797 ¹²:
2095 1778 2111 1793 «
2125 1766 2155 1798 Si

1193 1816 1364 1860 quaeritis,
1389 1816 1549 1859 quaerite;
1574 1817 1792 1850 convertimini
1823 1821 1855 1850 et
1878 1818 1981 1851 venite
1999 1831 2028 1857 »;
2054 1821 2084 1851 01
2108 1827 2156 1851 50-

1193 1870 1372 1913 xagesimo:
1402 1883 1417 1899 «
1432 1870 1497 1903 Filii
1522 1870 1567 1903 tui
1591 1870 1630 1903 de
1654 1870 1744 1912 longe
1768 1871 1911 1910 venient,
1936 1876 1966 1904 et
1983 1872 2065 1905 filiae
2082 1876 2155 1905 tuae

1193 1923 1231 1956 de
1255 1923 1353 1956 latere
1377 1926 1555 1965 surgent».
1583 1941 1623 1946 -
1650 1923 1689 1955 Et
1712 1923 1832 1956 occidit
1852 1928 1949 1965 pater
1974 1928 2052 1956 tuus
2068 1924 2154 1956 vitu-

1194 1976 1263 2009 lum
1286 1976 1501 2019 saginatum,
1526 1985 1583 2018 per
1606 1973 1814 2018 refectionem
1840 1975 2080 2016 eucharistiae,
2106 1986 2155 2010 se-

1193 2029 1332 2062 cundum
1355 2028 1434 2061 illud
1458 2028 1579 2061 loannis
1602 2031 1694 2061 sexto
1707 2027 1758 2060 ¹⁸5
1781 2041 1797 2057 «x
1813 2028 1892 2061 Caro
1916 2038 1985 2062 mea
2009 2038 2083 2063 vere
2107 2034 2154 2063 est

1193 2081 1283 2114 cibus
1292 2093 1304 2120 ‚>
1324 2084 1356 2114 et
1379 2081 1506 2123 sanguis
1528 2089 1619 2113 meus
1639 2089 1714 2114 vere
1737 2084 1785 2114 est
1809 2085 1910 2123 potus.
1937 2082 1995 2124 Qui
2020 2083 2154 2116 mandu-

1192 2137 1241 2166 cat
1265 2142 1366 2166 meam
1391 2141 1517 2165 carnem
1543 2136 1575 2165 et
1598 2132 1676 2166 bibit
1706 2141 1813 2166 meum
1845 2135 2029 2177 sanguinem
2048 2149 2063 2164 n
2092 2139 2152 2169 etc.

1193 2204 1235 2210 —
1254 2186 1343 2227 Quia
1362 2186 1495 2219 salvum
1515 2185 1611 2219 illum
1634 2186 1769 2229 recepit,
1788 2196 1843 2229 per
1868 2189 2152 2231 recuperationem

1191 2239 1354 2278 iustitiae,
1379 2248 1474 2281 quam
1499 2239 1585 2272 solus
1608 2239 1753 2273 Christus
1776 2243 1879 2283 potest
1895 2242 2080 2281 restituere,
2105 2252 2154 2276 50-

1191 2291 1332 2324 cundum
1356 2291 1434 2325 illud
1456 2292 1590 2325 Actuum
1614 2295 1729 2334 quarto
1743 2293 1787 2325 ¹⁴:
1818 2306 1834 2322 «
1850 2293 1915 2327 Non
1933 2298 1981 2327 est
1996 2295 2081 2328 aliud
2098 2305 2155 2329 no—

1190 2353 1262 2377 men
1285 2344 1347 2377 sub
1362 2345 1455 2378 vcaelo
1486 2344 1595 2378 datum
1628 2345 1826 2386 hominibus,
1851 2347 1883 2380 in
1914 2357 1978 2390 quo
2008 2352 2153 2391 oporteat

1190 2407 1248 2431 nos
1270 2398 1372 2431 salvos
1396 2398 1464 2432 lieri
1482 2412 1513 2431 ».
1537 2399 1617 2432 Haec
1641 2403 1747 2433 autem
1782 2400 1843 2433 tria
1867 2401 2025 2443 praedicat
2048 2412 2152 2436 sacra

1191 2451 1372 2494 Scriptura
1396 2455 1475 2492 tota,
1500 2452 1618 2486 scilicet
1640 2453 1882 2496 poenitentiam,
1899 2456 2031 2498 gratiam
2056 2459 2086 2489 et
2103 2465 2154 2489 sa-

1191 2505 1299 2538 lutem.
1323 2505 1410 2539 Unde
1430 2515 1639 2549 praecursor
1675 2506 1801 2541 Christi
1830 2509 1908 2542 baec
1931 2509 2150 2552 praedicabat,

1190 2558 1322 2592 scilicet:
1341 2572 1357 2588 a
1369 2559 1454 2602 Agite
1466 2560 1689 2602 poenitentiam
1699 2561 1724 2581 ¹⁶
1733 2574 1765 2601 ι),
1778 2564 1809 2595 01
1822 2562 2008 2605 promittens
2020 2563 2152 2606 gratiam

1190 2616 1221 2646 et
1237 2613 1388 2653 salutem3
1412 2613 1557 2647 similiter
1573 2616 1604 2647 et
1621 2614 1689 2657 ipse
1707 2613 1878 2649 Christus.-
1900 2629 1916 2645 (τ
1930 2617 2154 2649 Ρο001100113111

1190 2666 1272 2709 agite
1288 2678 1319 2707 »ς
1343 2667 1486 2700 similiter
1510 2671 1542 2701 et
1564 2667 1744 2701 universus
1767 2667 1889 2702 chorus
1906 2669 2154 2712 Apostolorum,

1262 2869 1272 2885 '
1293 2872 1368 2898 Vers.
1388 2872 1436 2905 31,
1457 2871 1482 2898 111
1501 2872 1577 2898 cuius
1596 2872 1648 2898 tine
1668 2873 1726 2899 Vnt.
1745 2879 1805 2898 cum
1825 2872 1938 2905 Vulgata
1966 2874 1992 2899 et
2004 2874 2151 2906 concreant

1190 2922 1238 2943 vos
1257 2915 1287 2942 in
1305 2915 1418 2943 domum
1437 2915 1602 2950 disciplinae.

1262 2958 1273 2975 ⁸
1292 2961 1366 2987 Vers.
1388 2961 1435 2993 40,
1455 2961 1496 2987 cui
1516 2960 1709 2987 subnectuntur
1728 2962 1804 2987 Rom.
1826 2962 1872 2993 13,
1893 2962 1917 2986 8.
1930 2965 1955 2987 et
1975 2962 1992 2987 l.
2006 2961 2073 2986 Tim.
2089 2961 2113 2992 1,
2127 2961 2152 2987 5.

1261 3003 1273 3019 ⁹
1292 3006 1327 3031 lta
1346 3005 1425 3031 etiam
1445 3005 1531 3036 Beda,
1556 3004 1633 3032 Car-d.
1658 3005 1735 3037 nugo
1763 3008 1788 3031 et
1813 3006 1840 3031 B.
1869 3005 1984 3036 Albert.;
2006 3005 2065 3031 Vat.
2090 3012 2151 3031 cum

1191 3050 1302 3082 Vulgata
1323 3049 1397 3084 quid.

1262 3093 1285 3108 ¹⁰
1304 3094 1378 3120 Vers.
1400 3095 1441 3120 -17,
1455 3108 1490 3114 -
1504 3094 1541 3120 Dc
1560 3101 1615 3128 seq.
1629 3094 1719 3121 Glossa
1733 3094 1779 3120 etr.
1792 3099 1870 3126 supra
1886 3100 1947 3126 pag.
1961 3093 2021 3124 370,
2035 3097 2093 3120 nota
2110 3094 2151 3120 10.

1263 3138 1283 3153 ¹¹
1305 3139 1379 3165 Vers.
1399 3139 1425 3164 7.

1263 3181 1285 3197 ¹²
1305 3183 1379 3208 vers.
1401 3183 1443 3208 12.
1463 3186 1488 3209 et
1507 3182 1604 3209 deinde
1623 3183 1672 3215 60,
1692 3182 1715 3209 4.

1263 3225 1285 3241 ¹³
1304 3227 1381 3253 Vei-s.
1400 3227 1444 3253 56.
1463 3230 1488 3253 et
1507 3226 1549 3253 57.

1263 3270 1285 3286 ¹⁴
1305 3272 1378 3298 vers.
1399 3271 1441 3298 12.

1263 3314 1285 3330 ¹⁵
1303 3315 1368 3343 Cod.
1386 3316 1407 3341 G
1427 3316 1500 3342 addit
1519 3314 1613 3343 Mami.
1627 3314 1656 3342 5.
1672 3316 1709 3349 (v.
1728 3316 1777 3349 2.),
1790 3318 1815 3341 et
1828 3314 1940 3341 subinde
1953 3318 2012 3347 post
2026 3314 2150 3341 Christus

1191 3355 1208 3386 F
1227 3359 1301 3386 addit
1318 3360 1413 3387 Mami.
1427 3358 1455 3386 4.
1476 3360 1513 3393 (v.
1535 3360 1603 3393 17.);
1623 3360 1701 3386 codd.
1726 3358 1838 3386 ACDH
1857 3359 1980 3384 omittunt
1999 3360 2024 3385 et
2037 3357 2154 3392 promit-

1190 3406 1276 3431 tens...
1295 3403 1418 3432 similiter
1437 3405 1462 3431 et
1481 3404 1535 3438 ipse
1554 3403 1694 3432 Chr-Istus:
1714 3402 1907 3429 Paenitentiam
1925 3401 2004 3434 aque.
