2427 3872
321 274 389 308 731

612 317 675 343 neu

321 366 350 389 et
367 370 458 389 curam
471 363 631 395 superfluam
648 362 682 388 27
700 369 726 387 v.
746 361 780 387 26
795 375 828 380 -
841 361 963 394 relinquit

323 410 475 440 peccatores
499 407 550 432 362
576 407 610 432 39
635 420 671 426 -
695 405 880 438 peccatoribus
906 405 962 431 dari

324 451 443 484 permisit
461 451 627 477 afflictionem
646 452 680 476 32
703 458 730 476 v.
751 451 784 476 10
804 464 838 469 —-·
857 450 963 476 tradidit

323 499 475 528 peccatores
494 496 519 521 in
543 494 687 528 reprobum
715 501 822 520 sensum
847 493 908 520 ibid.
928 508 963 512 —

322 539 449 565 admonet
466 542 627 571 >peccatores
654 538 758 564 veniam
787 537 963 570 promittendo

325 583 377 610 181
406 591 431 609 ν.
460 585 476 609 2
494 598 530 602 --
549 583 661 616 praescit
687 585 794 615 peccata
822 585 962 615 antequam

325 629 391 655 flunt
409 629 460 654 228
486 635 512 653 ν.
533 628 542 653 1
566 642 602 646 -
620 627 712 656 Solius
736 627 841 653 divinae
860 627 964 652 virtutis

324 675 364 699 est
382 673 471 699 tollere
489 674 595 704 peccata
615 672 666 697 260
686 672 719 697 62

378 731 414 736 -
434 717 482 743 scit
499 716 575 742 malis
587 715 655 741 bene
674 715 711 741 uti
725 715 757 741 Vl
778 715 810 741 44
828 723 853 741 v.
874 715 899 741 8.
913 715 962 740 338

327 763 379 788 112
399 775 433 780 -
452 760 531 787 habet
550 767 627 792 posse
645 767 725 792 super
746 760 811 785 mala
832 763 857 785 et
880 762 965 791 potest

328 813 344 832 e
362 805 437 831 malis
455 806 548 831 elicere
566 804 635 830 bona
654 804 705 830 212
724 811 751 830 v.
771 804 803 829 13
822 817 859 823 -
882 804 965 829 malos

327 853 401 876 actus
419 849 522 876 ordinat
540 849 567 874 in
585 848 685 874 bonum
705 848 756 874 409
775 848 810 874 75
830 847 859 873 3¹¹

381 908 415 913 —-
433 896 472 919 est
490 900 534 919 rex
553 893 635 918 durus
654 899 701 924 per
714 893 835 917 effectum
854 891 966 924 punitio-

326 938 368 964 nis
387 938 419 963 vl
443 937 489 963 179
510 944 535 962 v.
557 937 584 962 11
609 950 643 955 —-
662 939 690 962 ut
713 943 758 961 rex
781 942 854 960 arma
877 940 966 961 movet

326 985 416 1008 contra
435 988 498 1008 suos
516 980 682 1007 adversarios
702 979 753 1005 112
772 987 800 1005 ν.
820 979 852 1004 17
871 993 906 997 -
919 979 966 1004 Α1·-

326 1033 371 1053 ma
390 1026 435 1052 Dei
454 1028 515 1051 sunt
539 1024 650 1054 veritas,
673 1023 768 1049 iustitia
787 1026 813 1048 et
838 1023 964 1048 iudicium

327 1070 361 1097 ib.
382 1070 415 1095 18
434 1083 470 1089 -
488 1076 539 1095 non
566 1068 625 1094 facit
649 1067 768 1093 iniuriam
792 1067 897 1099 iniquos
921 1073 967 1098 pu-

326 1114 423 1141 niendo
442 1117 468 1139 et
492 1113 564 1145 ipsos
591 1110 794 1138 condemnando
814 1110 865 1136 187
887 1117 913 1136 v.
934 1111 966 1136 12

326 1173 363 1189 ψ
377 1159 458 1184 Deum
472 1157 621 1190 punitorem
635 1163 713 1181 nemo
726 1156 805 1181 latere
818 1157 903 1187 potest
915 1155 966 1180 218

326 1210 354 1229 ν.
374 1203 389 1228 3
409 1216 444 1221 —-
462 1204 547 1234 potest
571 1200 664 1233 punire
682 1203 735 1225 tam
761 1206 809 1232 per
834 1206 861 1225 se
885 1206 966 1232 quam

326 1254 375 1279 per
393 1248 526 1272 creaturas
546 1245 591 1270 181
616 1252 642 1270 ν.
661 1245 704 1270 21,

381 1290 460 1316 —in
485 1289 610 1316 omnibus
634 1290 736 1314 exercet
764 1287 901 1319 iustitiam,
920 1287 966 1313 sed

327 1335 499 1361 nihilominus
517 1333 622 1360 exhibet
645 1332 864 1365 misericordiam
885 1332 918 1358 ad
932 1332 967 1357 in·

327 1379 449 1406 credulos
464 1386 527 1405 vero
541 1378 681 1412 aliquando
694 1377 808 1403 ostendit
825 1377 966 1409 potentiam

327 1425 362 1450 Vl
382 1424 432 1450 487
451 1431 479 1450 v.
504 1423 537 1449 11
560 1429 665 1448 —non
691 1429 796 1448 summe
820 1422 895 1454 punit
919 1429 967 1448 nec

328 1476 432 1495 summe
451 1468 547 1501 parcit,
572 1467 620 1494 sed
638 1470 768 1501 quatenus
793 1467 915 1493 convenit
932 1467 960 1492 61

327 1521 355 1547 q.
369 1514 378 1539 1
396 1528 431 1532 —
443 1513 574 1546 quaedam
589 1512 648 1538 facit
661 1511 877 1543 misericorditer,
890 1518 968 1544 quae-

328 1558 390 1584 dam
409 1558 478 1584 iusto
496 1557 594 1583 iudicio
614 1556 759 1583 deserendo
781 1556 812 1581 49
833 1563 858 1589 q.
880 1555 895 1581 4

381 1617 417 1622 —
436 1601 618 1635 peccatoribus
637 1604 676 1627 est
694 1600 792 1633 dulcis,
811 1603 840 1626 ut
864 1607 909 1626 eos
928 1606 968 1626 ex-

329 1647 390 1674 citet
408 1647 443 1673 ad
461 1653 551 1678 spem,
570 1649 596 1671 et
613 1646 696 1672 durus
715 1645 802 1677 iustis,
821 1647 850 1670 ut
868 1651 913 1670 eos
931 1644 968 1670 in-

328 1692 405 1718 clinet
423 1691 457 1717 ad
485 1691 655 1716 humilitatem
682 1690 722 1715 Vll
753 1689 799 1714 101
833 1689 866 1714 50
885 1703 921 1707 —
940 1691 968 1714 ut

328 1743 449 1762 summae
467 1734 609 1760 maiestatis
627 1734 757 1766 propitius
774 1736 814 1759 est
837 1733 967 1765 peccatori

329 1780 364 1806 ad
394 1779 610 1805 manifestandam
641 1785 715 1804 suam
748 1777 908 1809 potentiam
939 1780 968 1802 ut

329 1830 451 1850 summae
468 1823 585 1849 veritatis
604 1822 637 1848 ad
657 1822 872 1847 manifestandam
893 1828 967 1847 suam

330 1868 468 1900 iustitiam3
488 1870 516 1893 ut
541 1873 662 1892 summae
681 1866 793 1891 caritatis
812 1865 846 1891 ad
865 1865 970 1890 manife-

329 1912 450 1938 standam
469 1918 544 1937 suam
564 1910 788 1940 benevolentiam3
808 1912 836 1935 ut
849 1915 969 1935 summae

329 1956 433 1989 pietatis
451 1956 484 1981 ad
504 1954 720 1980 manifestandam
734 1961 808 1979 suam
826 1954 969 1979 misericor-

328 2000 400 2026 diam
422 1999 473 2026 456
494 2000 526 2025 23

381 2058 418 2064 -
437 2049 488 2070 non
514 2046 553 2069 est
577 2043 660 2069 durus
679 2042 831 2074 nobiscum,
851 2043 928 2068 ctiam
947 2042 968 2068 si

329 2088 466 2115 abscondIt
478 2088 644 2114 dilectionem
657 2094 732 2113 suam
748 2087 788 2112 Vll
811 2087 855 2112 101
882 2086 914 2112 19
933 2101 969 2106 -

328 2133 443 2159 ostendit
461 2139 535 2158 suam
556 2131 764 2158 benevolentiam
784 2131 873 2158 dando
891 2131 970 2157 devo-

329 2177 427 2203 tionem
449 2177 516 2202 circa
536 2176 693 2202 beneficium
708 2176 854 2202 dominicae
874 2176 970 2209 passio·

328 2222 369 2248 nis
388 2220 422 2247 ib.
445 2221 487 2247 50.

383 2265 504 2291 —illam
534 2264 739 2291 miscricordiam
769 2265 861 2297 exigit,
888 2272 968 2298 quam

330 2310 473 2343 impendit,
486 2312 511 2335 et
524 2309 670 2335 secundum
690 2309 758 2334 illam
772 2316 852 2342 quam
873 2309 970 2341 impen-

328 2355 429 2386 dimus,
449 2354 475 2380 in
494 2354 591 2380 iudicio
608 2353 728 2385 rependit
748 2353 790 2378 Vll
811 2353 861 2379 158
882 2354 915 2379 86
934 2368 969 2372 —

329 2399 375 2425 Dei
395 2398 574 2424 misericordia
594 2398 719 2429 amanda,
740 2398 834 2424 iustitia
855 2398 968 2424 timenda

330 2444 362 2469 Vl
383 2444 434 2469 355
455 2444 487 2468 12

382 2502 417 2505 -
436 2490 475 2512 est
492 2485 579 2513 iustus
600 2487 725 2512 Dominus
739 2488 770 2512 Vl
787 2487 820 2512 58
840 2494 866 2513 v.
888 2487 921 2519 15
933 2501 969 2506 -

330 2532 413 2558 iustus
432 2534 471 2557 est
490 2531 516 2556 in
535 2535 626 2557 natura
640 2539 687 2557 sua
709 2531 758 2556 187
779 2539 804 2557 v.
826 2531 859 2556 45
878 2546 912 2550 —
931 2535 970 2558 est

328 2576 412 2601 iustus
431 2575 458 2600 in
472 2574 643 2601 retributione
657 2574 707 2601 476
724 2575 756 2601 44
772 2590 801 2594 —
813 2579 852 2601 est
864 2582 969 2601 summe

330 2620 415 2646 iustus
443 2620 476 2644 60
496 2627 522 2652 q.
543 2619 552 2644 1
577 2633 611 2637 -
631 2626 734 2645 summe
754 2619 836 2645 iustus
854 2620 970 2646 vindicat

330 2664 399 2690 mala
420 2666 445 2688 et
464 2665 614 2688 remunerat
633 2662 701 2688 bona
722 2663 755 2689 45
775 2671 800 2696 q.
821 2664 836 2688 3

382 2720 418 2726 —
436 2707 507 2733 solus
526 2709 611 2738 potest
629 2713 678 2731 nos
693 2707 805 2738 perdere
824 2709 850 2732 et
869 2707 969 2733 salvare

330 2752 363 2778 Vl
384 2751 416 2777 44
445 2758 471 2776 v.
492 2751 506 2776 6
526 2765 560 2768 -
580 2750 660 2775 siccat
688 2750 796 2775 flumina
826 2751 969 2782 gratiarum

330 2803 377 2828 per
397 2795 484 2821 indicii
504 2795 671 2821 severitatem
695 2794 725 2819 11
745 2801 772 2819 ν.
791 2794 808 2819 7

383 2854 418 2858 —
438 2847 544 2870 omnes,
565 2842 617 2865 tam
638 2845 736 2870 parvos
751 2845 830 2871 quam
852 2845 970 2871 magnos,

332 2885 399 2910 sicut
418 2887 550 2910 creaturas
569 2890 630 2909 suas
650 2882 778 2909 iudicabit
796 2883 829 2908 Vl
850 2882 900 2908 116
915 2890 939 2908 v.
954 2884 968 2909 8

330 2943 365 2947 —-
384 2928 510 2954 iudicabit
529 2928 625 2954 iustum
645 2931 671 2953 ct
691 2927 802 2959 impium
817 2927 850 2952 36
864 2935 890 2960 q.
904 2928 919 2952 2
934 2941 970 2947 -

331 2973 428 2999 iudicat
446 2973 501 2998 siue
521 2973 663 2998 intellectus
682 2973 723 2997 vel
744 2973 852 2998 affectus
871 2975 970 3004 pertur-

331 3017 435 3043 batione
455 3017 514 3042 188·
525 3024 550 3042 v.
572 3017 603 3042 18

384 3076 418 3079 -
439 3068 485 3093 per
505 3061 662 3094 aequitatem
682 3061 796 3087 iustitiae
814 3060 894 3093 exigit
914 3068 971 3087 usu-

330 3112 374 3131 ras
393 3105 542 3137 multiplicis
562 3105 767 3131 fructificationis
791 3105 834 3131 Vll
861 3104 912 3130 185
938 3105 970 3130 36

330 3163 366 3168 -
385 3156 438 3175 11011
466 3149 575 3182 requirit
598 3149 682 3175 solum
701 3150 816 3180 donum,
835 3148 909 3182 quod
928 3149 971 3175 de-

331 3193 384 3225 dit,
403 3200 496 3219 verum
516 3194 594 3219 etiam
615 3194 743 3226 fructum,
762 3201 842 3227 quem
857 3201 888 3220 ex
901 3193 970 3220 dono

331 3237 491 3269 exspectavit
509 3236 572 3264 ibid.

385 3295 419 3300 —
432 3288 483 3307 nen
497 3284 536 3307 est
548 3284 669 3314 acceptor
687 3289 860 3314 personarum
871 3282 904 3308 Vl
919 3281 970 3308 301

1188 270 1302 303 INDEX
1326 270 1454 303 RERUM

1000 361 1076 392 culpa
1096 359 1147 386 372
1159 360 1183 385 -2
1202 374 1237 378 —-
1256 367 1308 385 non
1326 359 1483 386 condemnat
1497 360 1590 384 frustra
1604 357 1638 383 35

1000 411 1026 429 v.
1047 404 1079 429 17
1098 417 1134 424 -
1147 404 1243 430 dicitur
1258 404 1338 429 iratus
1350 410 1401 429 non
1415 410 1463 435 per
1475 402 1556 428 animi
1570 408 1639 428 com-

1000 448 1158 481 motionem,
1187 448 1234 474 sed
1253 455 1302 480 per
1320 447 1413 480 culpae
1431 447 1545 479 rigidam
1564 446 1639 479 puni-

1001 493 1097 519 tionem
1119 492 1151 518 43
1171 500 1198 518 ν.
1219 493 1234 517 6

1054 551 1089 555 -
1108 544 1160 562 non
1188 537 1331 562 delectatur
1350 536 1375 562 in
1395 542 1495 568 poena,
1514 535 1542 560 ln
1560 541 1640 568 quan-

1000 583 1056 607 tum
1075 584 1115 607 est
1133 581 1246 613 perditio
1265 584 1387 612 naturae,
1406 580 1453 606 sed
1472 580 1496 605 in
1510 582 1639 613 quantum

1000 624 1039 651 est
1051 626 1159 651 effectus
1171 625 1283 651 iustitiae
1297 625 1330 650 Vl
1346 625 1396 650 117
1415 632 1441 650 v.
1462 624 1494 649 13
1507 637 1543 643 -
1557 624 1639 649 Poena

1000 669 1146 695 secundum
1164 669 1190 695 id
1209 669 1281 702 quod
1300 672 1353 700 est,
1373 671 1458 701 potest
1476 675 1534 693 esse
1552 675 1566 693 a
1586 668 1640 693 Deo

1001 714 1052 739 382
1072 714 1106 739 55
1125 728 1160 732 ——
1179 714 1206 739 in
1225 713 1359 745 puniendo
1378 713 1492 739 ostendit
1508 719 1582 738 suam
1597 719 1641 744 po-

1001 758 1107 783 tentiam
1129 758 1178 783 188
1195 765 1222 783 v.
1243 758 1276 783 17
1294 772 1329 776 -
1349 757 1424 789 punit
1447 757 1473 783 in
1493 757 1640 790 praesenti,

1002 805 1030 828 ut
1050 802 1074 828 in
1096 804 1182 828 futuro
1202 806 1292 834 parcat
1311 802 1362 827 187
1382 809 1408 827 v.
1430 801 1462 827 15

1055 860 1090 865 -
1109 846 1267 872 vinitoribus
1293 846 1405 872 liberum
1424 845 1553 878 operandi
1572 844 1641 871 arbi-

1002 890 1080 916 trium
1100 890 1205 923 reliquit
1225 891 1266 916 Vll
1286 889 1338 915 504
1359 890 1391 915 13
1404 904 1439 908 —
1453 890 1581 922 figuratur
1595 896 1642 921 per

1002 934 1136 960 hominem
1149 934 1258 959 divitem
1272 933 1412 959 habentem
1425 934 1540 959 villicum
1561 933 1611 959 103
1625 934 1641 958 2

1004 991 1038 996 —-
1056 980 1133 1003 vocat
1146 978 1260 1003 villicum
1270 997 1277 1008 ,
1290 978 1397 1010 quando
1414 978 1507 1003 incutit
1520 977 1641 1003 timorem

1003 1024 1123 1047 aeternae
1141 1021 1318 1047 damnationis
1337 1021 1388 1046 101
1409 1021 1424 1046 1

1057 1079 1091 1083 -
1110 1065 1186 1097 punit
1203 1065 1282 1091 etiam
1296 1065 1448 1096 ignorantes
1461 1068 1486 1090 et
1499 1065 1581 1090 multo
1596 1066 1643 1090 for-

1004 1109 1055 1135 tius
1073 1109 1235 1141 neglIgentes
1255 1109 1297 1135 Vll
1317 1108 1369 1134 484
1383 1108 1415 1134 34
1429 1122 1464 1128 —-
1477 1109 1552 1141 punit
1564 1109 1642 1134 etiam

1003 1153 1060 1179 illos
1078 1152 1176 1186 quibus
1194 1154 1291 1185 Legem
1320 1160 1372 1179 non
1401 1153 1487 1184 dedit,
1509 1160 1524 1179 a
1543 1153 1642 1186 quibus

1003 1198 1114 1231 requirit
1131 1197 1255 1223 iustitiam
1275 1196 1337 1224 ibid.

1057 1256 1092 1261 ——-
1111 1242 1221 1267 Maxime
1249 1242 1398 1268 inimicatur
1425 1242 1480 1267 Deo
1511 1241 1643 1274 superbus

1004 1287 1047 1313 Vll
1074 1286 1124 1312 486
1154 1286 1182 1312 11
1207 1300 1242 1306 -
1261 1287 1311 1320 Qui
1340 1286 1450 1319 gloriam
1479 1287 1524 1312 Dei
1552 1287 1643 1313 nititur

1004 1339 1132 1364 usurpare
1150 1339 1202 1357 non
1221 1334 1308 1364 potest
1326 1331 1424 1357 habere
1442 1339 1535 1364 pacem
1555 1332 1584 1358 51
1609 1333 1642 1358 30

1003 1391 1038 1395 -
1057 1376 1180 1409 dispersit
1207 1375 1338 1408 superbos
1366 1376 1518 1403 definitione
1543 1376 1644 1402 consilii

1003 1421 1044 1447 sui
1064 1422 1098 1447 33
1117 1421 1151 1446 96
1170 1436 1205 1439 —
1225 1421 1293 1447 iusto
1313 1420 1408 1447 iudicio
1428 1428 1489 1447 eum
1508 1421 1554 1454 qui
1568 1421 1601 1447 de
1614 1428 1643 1447 se

1003 1466 1162 1499 praesumit,
1181 1466 1305 1499 relinquit
1324 1465 1373 1491 sibi
1394 1466 1445 1491 390
1466 1466 1499 1492 23

1057 1524 1092 1530 -
1110 1513 1150 1536 est
1167 1514 1259 1536 auctor
1278 1509 1423 1544 sapientiae
1443 1511 1475 1537 Vl
1494 1510 1544 1537 151
1562 1518 1590 1537 v.
1610 1511 1643 1536 15

1003 1569 1038 1573 —-
1057 1558 1096 1581 est
1114 1555 1271 1587 sapientium
1292 1555 1446 1581 emendator
1471 1554 1534 1581 ibid.
1551 1569 1587 1574 —
1605 1558 1644 1581 est

1004 1597 1050 1625 via⁴
1066 1600 1198 1631 dirigens,
1219 1600 1315 1625 veritas
1328 1600 1441 1630 docens,
1460 1600 1513 1625 vita
1533 1606 1644 1632 pascens

1005 1645 1056 1669 602
1075 1651 1101 1669 v.
1121 1644 1137 1669 6
1156 1658 1192 1662 -
1210 1647 1250 1670 est
1267 1644 1358 1670 artifex
1386 1644 1569 1677 superiorum,
1589 1651 1644 1670 me-

1004 1688 1124 1719 diorum,
1144 1688 1295 1714 inferiorum
1317 1688 1367 1714 156
1386 1696 1412 1714 v.
1432 1689 1460 1714 21

1057 1744 1093 1751 --
1110 1732 1188 1758 docet
1205 1734 1334 1765 populum
1353 1740 1430 1759 suum
1452 1733 1485 1759 Vl
1509 1733 1556 1758 189
1569 1741 1596 1759 v.
1610 1734 1642 1759 19

1005 1791 1040 1794 -
1059 1777 1106 1802 Per
1126 1776 1260 1802 internam
1274 1777 1461 1803 revelationem
1490 1784 1582 1803 omnes
1600 1778 1644 1803 do-

1005 1824 1097 1846 centur
1115 1827 1129 1846 a
1150 1821 1204 1846 Deo
1223 1821 1275 1846 330
1296 1821 1339 1846 69.
1353 1822 1403 1846 332
1424 1822 1457 1846 80
1476 1836 1512 1840 -
1530 1822 1644 1847 rationa-

1006 1865 1057 1890 lem
1076 1868 1221 1890 creaturam
1251 1865 1341 1891 verbis
1366 1865 1584 1892 inenarrabilibus
1610 1867 1644 1892 in-

1005 1909 1081 1935 struit
1100 1909 1151 1934 2l7
1171 1916 1197 1934 v.
1218 1910 1228 1934 1
1252 1924 1287 1928 -
1306 1910 1378 1935 solus
1397 1910 1477 1935 corda
1496 1910 1573 1936 docet
1594 1910 1643 1936 155

1006 1960 1032 1979 v.
1053 1953 1086 1978 17

1060 2011 1095 2017 -
1114 2000 1153 2023 est
1172 1998 1216 2023 lux
1235 2000 1260 2023 et
1278 1998 1348 2023 calor
1374 1998 1407 2023 Vl
1428 1998 1479 2023 382
1500 1998 1534 2024 55
1552 2012 1588 2017 -
1606 2002 1645 2024 est

1006 2049 1109 2068 summa
1129 2042 1170 2068 lux
1191 2042 1241 2067 249
1265 2042 1304 2067 13.
1325 2042 1376 2067 281
1391 2041 1434 2067 31.
1447 2040 1498 2067 382
1513 2042 1547 2067 55
1560 2049 1616 2074 arg.
1629 2043 1638 2068 1

1007 2101 1040 2105 —
1060 2089 1099 2113 est
1118 2087 1201 2119 prIma
1221 2087 1264 2112 lux
1283 2086 1431 2112 illuminans
1446 2086 1491 2112 251
1511 2087 1544 2112 23
1558 2100 1593 2106 —-
1606 2094 1645 2112 so-

1006 2131 1046 2157 lus
1064 2135 1102 2157 est
1121 2132 1164 2157 lux
1183 2138 1230 2164 per
1248 2131 1400 2163 essentiam,
1420 2131 1571 2156 illuminans
1584 2132 1645 2156 effe-

1006 2176 1075 2201 ctive
1094 2175 1156 2202 ibid.
1169 2189 1204 2195 —
1219 2176 1345 2202 illuminat
1357 2182 1461 2202 omnem
1471 2196 1477 2207 ,
1491 2175 1537 2208 qui
1550 2175 1645 2201 illumi-

1006 2222 1082 2246 natur
1093 2220 1143 2246 253
1156 2220 1189 2246 30
1199 2235 1234 2239 -
1245 2220 1364 2246 absolute
1374 2227 1427 2246 non
1437 2220 1645 2246 vultilluminare

1007 2265 1055 2290 nisi
1069 2271 1114 2290 eos
1127 2265 1172 2297 qui
1187 2265 1292 2296 volunt,
1305 2264 1351 2290 sed
1365 2265 1499 2290 voluntate
1517 2264 1645 2290 conditio-

1007 2309 1058 2334 nali
1076 2316 1169 2335 omnes
1187 2309 1244 2335 vult
1262 2309 1401 2335 illuminari
1419 2312 1446 2335 et
1464 2309 1559 2334 salvari
1583 2308 1643 2335 ibid.

1059 2367 1095 2371 —
1113 2352 1256 2379 Consilium
1286 2353 1389 2379 Domini
1409 2357 1448 2379 est
1466 2353 1644 2386 immutabile,

1006 2397 1049 2423 cui
1070 2398 1190 2424 homines
1209 2405 1262 2423 non
1281 2398 1524 2430 possuntresistere
1540 2398 1573 2423 Vl
1594 2398 1639 2423 351

1007 2441 1040 2467 62
1059 2456 1095 2460 -
1113 2441 1179 2468 Cum
1200 2442 1334 2468 divinitate
1362 2445 1446 2468 tutum
1475 2450 1528 2468 non
1551 2445 1591 2468 est
1609 2442 1646 2468 di-

1006 2489 1113 2518 sputare
1133 2487 1175 2512 Vll
1197 2486 1248 2512 516
1269 2487 1301 2512 16

1060 2544 1095 2550 —-·
1113 2531 1187 2557 novit
1204 2531 1286 2557 verba
1316 2534 1367 2557 tani
1388 2532 1454 2557 mala
1474 2538 1555 2564 quam
1575 2530 1644 2557 bona

1006 2582 1085 2608 quarn
1113 2575 1286 2601 indifferentia
1316 2577 1347 2601 Vl
1380 2575 1430 2601 115
1454 2583 1482 2601 v.
1503 2576 1520 2601 7
1538 2590 1573 2594 —
1593 2582 1644 2600 non

1007 2619 1110 2650 ignorat
1129 2620 1233 2651 culpam
1254 2620 1382 2646 actualem
1397 2624 1422 2645 et
1434 2620 1588 2651 originalem
1602 2621 1645 2645 ho-

1007 2663 1107 2688 minum
1129 2663 1178 2688 186
1199 2670 1224 2689 v.
1247 2664 1278 2689 10
1291 2677 1327 2683 -
1339 2663 1474 2695 cognoscit
1492 2663 1644 2690 abscondita

1007 2707 1127 2733 cordium
1156 2707 1256 2733 interna
1284 2708 1385 2734 visione
1415 2708 1466 2733 277
1490 2709 1538 2740 38,
1558 2708 1591 2734 39
1609 2721 1646 2726 -

1007 2751 1092 2776 Solius
1111 2751 1156 2776 Dei
1170 2753 1209 2776 est
1221 2751 1288 2777 scire
1302 2752 1405 2777 occulta
1425 2751 1475 2777 165
1490 2751 1533 2778 11.
1546 2751 1596 2777 167
1611 2752 1644 2778 50

1060 2809 1095 2813 -
1114 2794 1193 2820 habet
1205 2795 1338 2821 scientiam
1353 2796 1470 2821 omnium
1484 2796 1644 2822 locutionum

1007 2841 1032 2864 et
1050 2839 1199 2870 linguarum
1220 2839 1252 2865 Vl
1276 2839 1323 2865 111
1342 2847 1369 2865 v.
1388 2840 1405 2865 7

1059 2897 1094 2901 —-
1113 2884 1138 2909 ln
1159 2884 1242 2909 Deum
1271 2883 1416 2915 ignorantia
1445 2891 1497 2910 non
1520 2884 1591 2910 cadit
1610 2884 1642 2910 Vl

1009 2928 1058 2953 186
1078 2935 1102 2953 ν.
1124 2928 1156 2953 10
1175 2942 1210 2947 -
1229 2928 1317 2954 omnia
1337 2928 1409 2954 videt
1430 2928 1462 2954 43
1482 2936 1508 2954 v.
1528 2929 1552 2954 1.
1571 2929 1604 2954 99
1618 2936 1644 2955 v.

1009 2971 1040 2997 -11
1060 2987 1095 2990 -
1114 2972 1197 2998 Deum
1224 2979 1276 2998 non
1295 2975 1381 3005 potest
1399 2973 1479 2999 latere
1497 2973 1643 3006 quidquam

1010 3016 1059 3041 115
1078 3023 1105 3041 v.
1124 3017 1138 3041 8
1158 3030 1194 3035 —
1212 3017 1260 3042 scit
1287 3017 1389 3048 omnia,
1418 3020 1558 3050 antequam
1582 3017 1645 3043 flant

1009 3060 1058 3085 128
1079 3061 1112 3086 23
1131 3074 1167 3080 -
1184 3061 1304 3093 Cognitio
1328 3061 1373 3086 Dei
1402 3068 1454 3087 non
1473 3061 1605 3093 dependet
1629 3068 1643 3087 a

1007 3103 1088 3130 rebus
1115 3104 1149 3130 55
1168 3112 1195 3138 q.
1224 3105 1239 3130 3
1269 3119 1301 3124 -
1330 3105 1416 3131 omnia
1445 3106 1645 3138 praecognoscit

1008 3148 1059 3174 219
1079 3149 1121 3180 11,
1144 3149 1174 3174 13
1188 3163 1221 3168 -
1235 3149 1378 3175 certissime
1397 3153 1489 3175 cuncta
1508 3150 1645 3182 praevidet

1008 3193 1051 3219 Vll
1070 3193 1121 3218 506
1145 3193 1174 3218 18

1061 3251 1096 3257 -
1109 3240 1148 3263 est
1160 3237 1279 3269 cognitor
1289 3240 1375 3263 certus
1385 3237 1549 3264 affectionum
1564 3238 1645 3264 homi-

1007 3282 1048 3307 nis
1061 3281 1129 3307 sicut
1141 3282 1211 3308 testis
1225 3282 1256 3307 Vl
1273 3281 1323 3307 111
1337 3288 1362 3307 v.
1377 3282 1392 3306 6
1405 3295 1440 3300 —
1452 3284 1491 3308 est
1508 3282 1645 3315 inquisitor

331 3325 358 3350 6.
377 3324 423 3351 54l
448 3326 472 3351 9.
483 3340 517 3344 —
529 3333 579 3351 non
591 3325 721 3352 subtrahit
739 3333 753 3351 a
768 3326 903 3358 punitione
916 3333 972 3358 per·
1009 3325 1147 3352 infallibilis
1159 3326 1345 3358 cogitationum
1357 3325 1390 3352 de
1400 3326 1479 3352 corde
1492 3326 1644 3352 exeuntium

331 3375 423 3394 sonam
434 3369 589 3402 cuiusquam
601 3370 703 3402 privato
714 3377 804 3396 amore
816 3370 865 3396 446
876 3377 903 3396 v.
914 3371 928 3395 8
937 3384 972 3390 —

1009 3369 1070 3396 ibid.
1082 3383 1118 3389 —
1128 3373 1167 3396 est
1179 3369 1297 3402 cognitor
1308 3369 1473 3405 immediatus
1483 3370 1644 3397 locutionum

334 3412 425 3438 Divina
453 3414 579 3446 sapientia
598 3421 649 3440 non
668 3413 763 3446 infligit
782 3421 896 3447 poenam
916 3414 972 3442 sine
1010 3414 1122 3440 hominis
1147 3414 1204 3441 sine
1228 3413 1376 3440 narratione
1401 3414 1505 3440 alterius
1529 3413 1590 3441 ibid.
1611 3428 1644 3433 —

1953 312 2017 338 DEU

1676 357 1851 383 immediatius
1869 364 1950 390 quam
1978 357 2071 390 aliquis
2096 357 2161 384 alius
2179 357 2314 390 cognoscit

1675 408 1769 427 ornnes
1787 401 1901 427 hominis
1920 403 2007 432 actus,
2020 404 2073 427 tam
2087 401 2220 428 interiores
2232 409 2312 434 quam

1675 445 1815 471 exteriores
1837 444 1900 472 ibid.
1927 459 1963 465 —
1990 448 2076 478 potest
2103 452 2263 478 cognoscere
2288 449 2314 471 et

1676 490 1770 522 punire
1787 490 1889 522 omnia,
1908 493 1962 516 tam
1990 491 2056 515 facta
2084 493 2192 522 propter
2210 490 2314 516 univer-

1676 534 1757 559 salem
1785 534 1973 566 praesentiam,
2001 541 2081 567 quam
2109 535 2178 560 dicta
2207 537 2314 567 propter

1677 578 1852 604 universalem
1879 579 1997 604 notitiam
2024 577 2059 604 ib.
2083 585 2110 604 V.
2128 578 2145 604 7
2164 591 2201 598 --
2219 585 2314 611 cogno-

1676 622 1724 648 scit
1742 623 1858 648 occultas
1876 622 2047 654 cogitationes
2065 623 2112 648 391
2137 623 2180 649 38.
2200 623 2251 649 162
2271 623 2314 649 29.

1677 666 1729 692 525
1749 667 1783 693 35
1801 680 1837 686 -
1855 667 1928 693 videt
1946 674 1997 693 non
2026 667 2111 693 solum
2137 667 2263 693 exteriora
2289 670 2315 693 et

1677 718 1746 744 quae
1764 714 1840 742 sunt,
1859 712 1906 737 sed
1925 712 2003 737 etiam
2031 711 2154 738 interiora
2177 714 2204 738 et
2229 713 2315 738 futura

1678 755 1730 781 264
1761 756 1795 781 87
1827 769 1862 775 —
1893 756 1964 782 solus
1994 756 2069 782 novit
2099 759 2198 782 secreta
2229 756 2317 782 cordis

1678 799 1730 826 267
1749 800 1783 826 96
2143 792 2146 795 ⁴

1731 858 1766 864 —-
1778 851 1882 870 summe
1895 845 2002 876 sapiens
2014 845 2087 871 videt
2099 846 2167 871 mala
2179 848 2268 871 nostra
2281 844 2317 870 vl

1679 887 1713 914 45
1726 895 1753 921 q.
1766 889 1830 914 3.—
1843 889 1938 914 dicitur
1951 895 2112 921 cognoscere
2124 888 2209 915 bonos
2222 889 2317 915 discer-

1679 933 1765 958 nendo
1784 939 1831 958 eos
1850 939 1863 958 a
1883 933 1959 958 malis
1978 933 2024 958 391
2049 933 2092 958 38.
2112 933 2155 959 Vll
2175 933 2227 959 352
2247 933 2281 959 56

1732 989 1768 995 -
1786 976 1933 1002 Similitudo
1952 980 2072 1009 respectu
2092 977 2140 1003 Dei
2152 977 2178 1003 in
2190 977 2317 1003 creaturis

1680 1027 1809 1052 nusquam
1830 1021 1906 1052 plene
1925 1021 2053 1052 reperitur
2072 1021 2106 1046 Vl
2126 1021 2177 1047 218
2197 1022 2212 1047 8
2230 1036 2266 1040 ——
2278 1025 2318 1048 est

1679 1064 1754 1089 Pater
1766 1064 1934 1089 essentialiter
1946 1063 1973 1089 in
1992 1065 2189 1096 comparatione
2201 1066 2235 1091 ad
2248 1073 2318 1092 crea·

1681 1110 1765 1133 turam
1785 1107 1832 1133 371
1857 1108 1890 1133 86
1909 1121 1944 1127 -
1963 1107 2091 1134 habitavit
2108 1115 2122 1134 a
2142 1110 2272 1142 principio
2291 1110 2318 1136 in

1680 1152 1746 1184 Silo,
1766 1152 1792 1177 id
1812 1155 1851 1178 est
1869 1152 1897 1177 in
1916 1152 2020 1178 caelesti
2038 1153 2122 1185 patria
2142 1153 2193 1179 629
2212 1161 2238 1180 v.
2258 1154 2293 1179 25

1733 1210 1768 1215 —
1786 1196 1826 1222 Dii
1845 1199 1972 1222 vocantur
1990 1196 2024 1222 ad
2044 1203 2111 1229 quos
2127 1197 2197 1223 Deus
2215 1198 2318 1224 locutus

1680 1243 1719 1267 est
1732 1241 1764 1267 Vl
1774 1241 1826 1267 392
1841 1240 1874 1267 15
1887 1254 1922 1260 -
1936 1241 2068 1273 Scriptura
2079 1248 2170 1267 servos
2182 1241 2228 1267 Dei
2242 1245 2319 1268 vocat

1680 1285 1745 1312 deos
1762 1292 1810 1318 per
1829 1285 2014 1318 adoptionem,
2034 1292 2086 1311 uon
2106 1292 2154 1318 per
2178 1286 2318 1312 essentiam
2341 1276 2344 1279 ⁴

1681 1331 1732 1356 393
1752 1330 1785 1356 56
1804 1344 1839 1350 -
1857 1330 1913 1356 Filii
1935 1330 1980 1356 Dei
2009 1330 2177 1356 nominantur
2206 1330 2319 1356 cultores

1680 1375 1738 1401 eius
1756 1375 1808 1401 366
1837 1375 1870 1401 58
1899 1389 1934 1393 -
1962 1375 2054 1407 Magna
2083 1375 2256 1407 transgressio
2280 1377 2320 1401 est
2369 1382 2372 1383 ⁷

1682 1420 1764 1445 Deum
1801 1420 1938 1452 despicere
1974 1422 2000 1445 et
2036 1426 2164 1455 magnum
2184 1419 2318 1445 'meritum

1680 1465 1768 1497 ipsum
1787 1467 1813 1491 et
1831 1471 1922 1490 servos
1941 1464 1998 1490 eius
2017 1465 2146 1490 honorare
2166 1463 2216 1489 128
2238 1463 2271 1490 21

1734 1524 1768 1528 —
1787 1512 1827 1535 est
1845 1509 1872 1535 in
1892 1509 1992 1535 mundo
2017 1516 2065 1541 per
2092 1509 2266 1541 praesentiam
2285 1509 2318 1534 Vl

1681 1554 1732 1580 252
1762 1553 1796 1580 21
1817 1568 1849 1572 -
1869 1561 1916 1579 sua
1945 1553 2093 1586 praesentia
2120 1553 2203 1586 replet
2226 1552 2319 1579 orbem

1680 1601 1810 1625 terrarum
1830 1597 1910 1624 rebus
1929 1597 2052 1624 omnibus
2072 1598 2217 1624 assistendo
2236 1600 2262 1624 et
2275 1604 2319 1624 eas

1680 1643 1837 1670 continendo
1870 1643 1917 1668 111
1937 1650 1964 1669 v.
1982 1642 1999 1668 7
2017 1657 2053 1661 —
2072 1642 2172 1676 ubique
2195 1649 2320 1675 praesens

1680 1691 1720 1714 est
1739 1691 1808 1714 totus
1824 1688 1872 1713 193
1887 1695 1914 1713 ν.
1931 1689 1946 1713 2
1966 1702 2002 1706 -
2021 1690 2080 1713 ante
2100 1687 2319 1720 incarnationem,

1681 1733 1740 1758 licet
1759 1736 1827 1758 esset
1845 1739 1949 1758 summa
1969 1733 2011 1758 lux
2033 1731 2157 1758 omnibus
2181 1738 2323 1764 praesens,

1681 1785 1733 1803 non
1753 1776 1962 1809 cognoscebatur
1981 1784 1995 1802 a
2015 1776 2115 1802 mundo
2132 1776 2178 1803 251
2203 1775 2247 1803 21.
2268 1776 2320 1802 252

1682 1822 1715 1848 25
1734 1837 1769 1840 -
1788 1822 1833 1854 qui
1853 1821 1953 1854 ubique
1966 1827 2091 1853 praesens
2107 1823 2146 1846 est
2159 1826 2270 1853 peregre
2282 1823 2322 1846 est

1681 1873 1728 1898 per
1756 1866 1908 1898 patientiam
1934 1865 1976 1891 Vll
2005 1865 2057 1891 504
2088 1865 2120 1891 13
2139 1865 2220 1890 —in
2241 1871 2321 1897 quan-

1682 1914 1737 1936 tum
1751 1911 1829 1936 estin
1845 1910 1971 1936 creaturis
1989 1917 2037 1942 per
2056 1909 2184 1935 rationem
2203 1909 2321 1941 essendi,

1681 1962 1734 1981 non
1759 1955 1894 1981 descendit
1921 1962 1970 1980 nec
1997 1957 2119 1980 movetur
2148 1946 2196 1980 nec
2223 1953 2322 1980 recedit

1682 2000 1728 2025 261
1754 2000 1786 2024 69
1806 2014 1841 2018 -
1860 2006 1889 2025 se
1908 2000 2046 2025 transferre
2071 1999 2166 2024 dicitur
2193 2005 2245 2024 non
2273 2005 2321 2030 per

1681 2051 1782 2069 novum
1796 2044 1875 2069 situm
1894 2044 1936 2069 vel
1956 2043 2082 2069 mutando
2099 2044 2200 2074 locum,
2214 2043 2259 2069 sed
2273 2049 2320 2075 per

1681 2095 1780 2113 novum
1800 2089 1920 2113 effectum
1941 2088 1992 2113 159
2011 2095 2038 2113 v.
2058 2087 2092 2114 27

1734 2145 1769 2151 -
1782 2133 1853 2158 solus
1867 2133 1938 2158 latria
1952 2135 1991 2158 est
2003 2131 2148 2159 adorandus
2167 2132 2200 2159 Vl
2215 2133 2261 2159 381
2286 2131 2319 2158 19

1681 2190 1716 2196 —-
1729 2177 1854 2202 adoratur
1867 2176 1940 2202 latria
1954 2177 2115 2209 imaginibus
2129 2177 2254 2209 praestita
2269 2176 2320 2202 429

1682 2221 1716 2247 27
1734 2235 1770 2240 -
1788 2224 1893 2253 reputat
1920 2228 1949 2247 se
1977 2222 2133 2247 honoratum
2163 2229 2193 2248 ex
2219 2223 2320 2248 honore

1681 2266 1773 2291 nuntio
1802 2265 1926 2298 praestito
1954 2264 2016 2291 ibid.
2045 2279 2080 2285 —
2109 2266 2135 2291 in
2159 2266 2320 2298 imaginibus

1681 2317 1733 2336 non
1751 2312 1791 2336 est
1809 2309 1993 2342 corporaliter,
2021 2310 2068 2336 sed
2087 2310 2172 2336 solum
2191 2310 2320 2343 significa-

1682 2355 1735 2381 tive
1754 2354 1805 2380 296
1826 2354 1859 2380 13
1879 2353 1907 2379 2*
1926 2367 1962 2373 ·-
1980 2354 2085 2380 adorari
2099 2354 2179 2381 debet
2197 2355 2224 2381 in
2242 2354 2322 2381 ccele-

1682 2400 1719 2425 sia
1739 2398 1790 2425 519
1812 2399 1826 2423 8
1847 2412 1881 2416 -
1901 2398 1950 2431 Qui
1975 2405 2027 2424 non
2048 2400 2159 2425 honorat
2178 2400 2261 2425 Deum
2281 2401 2321 2425 est

1681 2450 1792 2470 aversus
1810 2450 1825 2468 a
1845 2443 1898 2468 Deo
1918 2446 1942 2468 et
1962 2450 1990 2469 se
2008 2443 2096 2469 deiicit
2115 2444 2157 2469 Vll
2178 2444 2230 2470 365
2250 2442 2283 2468 21

1734 2503 1769 2506 -
1789 2488 1858 2513 Deus
1882 2488 1957 2513 lsrael
1985 2488 2102 2513 nominat
2130 2487 2317 2520 benignitatem

1682 2532 1889 2558 benedicendam
1907 2539 1967 2557 cum
1987 2539 2077 2558 amore
2096 2533 2138 2558 Vll
2160 2533 2193 2558 38
2214 2532 2259 2557 121
2284 2545 2319 2550 -

1682 2576 1809 2603 Dominus
1837 2576 1898 2601 dicit
1926 2576 2088 2602 maiestatem
2110 2576 2318 2602 benedicendam

1682 2628 1740 2647 esse
1759 2627 1819 2646 cum
1840 2620 1932 2645 timore
1951 2619 2012 2646 ibid.
2032 2634 2067 2640 —
2086 2620 2219 2647 timendus
2232 2622 2272 2646 est
2286 2619 2318 2645 vl

1683 2665 1715 2691 44
1735 2672 1760 2690 v.
1781 2665 1804 2689 6.
1826 2664 1868 2690 Vll
1888 2664 1920 2689 38
1943 2664 1987 2690 121

1735 2722 1768 2728 -
1788 2708 1842 2734 Deo
1854 2709 1939 2734 omnis
1952 2709 2034 2740 gloria
2049 2709 2160 2735 debetur
2172 2709 2206 2735 Vl
2219 2707 2271 2734 313
2285 2707 2317 2733 23

1681 2769 1716 2773 -
1735 2753 1796 2786 quia
1826 2759 1921 2784 magna
1949 2756 2087 2786 operatur,
2110 2760 2206 2785 magno
2225 2753 2319 2778 affectu

1682 2797 1761 2824 debet
1778 2797 1919 2823 collaudari
1939 2798 1980 2823 Vll
2001 2798 2035 2823 30
2056 2798 2088 2823 87
2107 2812 2142 2817 -
2155 2798 2238 2823 Deum
2252 2795 2319 2822 exal-

1682 2847 1737 2868 tare
1756 2844 1781 2868 et
1800 2841 1969 2873 magnificare
1993 2849 2136 2874 possumus
2160 2848 2212 2868 non
2231 2840 2257 2866 in
2276 2846 2318 2873 se,

1681 2886 1728 2913 sed
1757 2886 1782 2912 in
1805 2885 1881 2911 nobis
1902 2885 1932 2911 vl
1954 2886 2003 2911 198
2023 2894 2048 2912 v.
2070 2887 2102 2912 10
2122 2901 2156 2905 -
2175 2885 2319 2918 glorifican-

1681 2931 1732 2957 dus
1751 2930 1776 2956 in
1796 2929 1973 2956 incarnatione
2002 2937 2049 2962 pro
2069 2930 2199 2962 bonitate,
2218 2929 2318 2962 sapien-

1682 2976 1731 3006 tia,
1750 2974 1864 3007 potentia
1895 2977 1921 3000 et
1947 2974 2045 3000 iustitia
2069 2975 2112 3001 Vll
2133 2975 2161 3001 51
2186 2975 2220 3000 29
2237 2988 2272 2993 —-
2290 2974 2317 2999 in

1681 3020 1753 3046 omni
1781 3022 1901 3051 tempore
1928 3021 1967 3044 est
1995 3017 2192 3045 benedicendus
2215 3019 2246 3045 Vl
2266 3019 2316 3044 233

1683 3072 1707 3090 v.
1727 3064 1760 3090 20
1780 3076 1815 3082 -
1833 3066 1872 3089 est
1891 3062 2038 3089 laudandus
2053 3070 2104 3089 non
2119 3064 2203 3089 solum
2218 3063 2243 3089 in
2257 3070 2317 3095 pro-

1681 3108 1813 3141 speritate,
1832 3107 1878 3133 sed
1900 3107 1978 3133 etiam
1999 3107 2026 3133 in
2043 3107 2201 3134 adversitate
2220 3107 2271 3134 221
2292 3114 2316 3133 ν.

1682 3154 1697 3178 9
1717 3166 1752 3172 —
1771 3152 1864 3178 Anima
1883 3154 1972 3177 nostra
2000 3154 2061 3178 tunc
2084 3159 2147 3178 vere
2169 3151 2319 3184 magnificat

1682 3197 1838 3229 Dominum,
1858 3196 1965 3229 quando
1984 3195 2034 3222 sub
2054 3196 2111 3228 ipso
2130 3196 2261 3228 seipsam
2275 3203 2318 3221 ca—

1681 3241 1764 3274 ptivat
1782 3244 1808 3267 et
1826 3240 1944 3267 humiliat
1962 3241 2005 3267 Vll
2020 3241 2053 3266 30
2074 3241 2107 3266 87
2119 3254 2155 3261 -
2167 3241 2320 3267 idololatrae

1682 3286 1764 3312 Deum
1784 3292 1831 3312 nec
1853 3285 2026 3311 laudaverunt
2052 3292 2100 3311 nec
2128 3284 2318 3311 benedixerunt

1682 3330 1713 3356 Vl
1742 3330 1792 3355 209
1813 3337 1839 3355 ν.
1861 3329 1892 3355 19
1911 3343 1946 3348 --
1965 3329 2049 3355 llomo
2078 3328 2156 3355 debet
2183 3328 2315 3355 recordari

1681 3373 1869 3400 beneflciorum
1888 3373 1934 3399 Dei
1954 3374 1987 3399 92
2007 3380 2033 3399 v.
2048 3374 2063 3400 2
2082 3386 2118 3393 —
2137 3373 2170 3400 de
2183 3372 2316 3399 beneflciis

1681 3418 1736 3444 suis
1755 3424 1861 3451 semper
1880 3421 1918 3444 est
1937 3417 2121 3451 regratiandus
2139 3418 2182 3444 Vll
2203 3417 2235 3443 54
2256 3417 2289 3443 42
