2476 3921
319 261 384 295 398

319 349 559 383 tabernaculi».
584 348 705 381 Dicitur
728 351 834 381 autem
857 347 1054 389 sayinatus,
1079 346 1154 388 quia
1176 345 1276 378 omni-

283 416 290 419 *
318 403 380 436 bus
402 402 492 435 bonis
515 402 655 444 repletus
677 405 708 434 et
731 400 937 434 suavissimus
959 399 998 432 ad
1021 399 1216 441 spiritualem
1232 399 1275 432 ci-

152 729 274 750 Immolatnr
284 729 306 749 in

193 756 263 776 altari.

168 1948 298 1969 Notandum.

180 2319 278 2341 Secundo
286 2336 291 2343 .

163 2346 308 2368 consideratio

188 2373 280 2394 hominis

193 2400 277 2420 salvati.

318 457 413 496 bum;
444 456 528 488 unde
561 455 710 488 Glossa¹:
740 454 917 487 «Christus
948 453 1067 486 vitulus
1098 452 1274 494 saginatus,

318 511 401 543 omni
426 509 582 552 spirituali
605 508 723 541 virtute
746 507 888 550 opimus,
913 510 949 539 ut
972 516 1030 549 pro
1053 506 1150 539 totius
1166 505 1275 538 mundi

318 564 419 597 salute
443 563 578 596 sufficiat
595 576 624 594 n.
650 562 694 594 De
722 562 781 594 hoc
805 561 836 593 in
860 561 963 603 figura
994 560 1122 593 Genesis
1155 559 1275 593 dec-imo

318 620 427 650 octavo
459 616 497 649 de
532 615 675 649 convivio
698 615 820 657 Angelis
843 615 924 647 racto
958 614 998 646 ab
1022 614 1177 646 Abraham
1200 612 1275 646 dici-

318 674 390 709 tur,
414 670 498 712 quod
527 683 543 698 «r
559 669 702 702 cucurrit
724 669 879 702 Abraham
903 668 942 700 ad
965 670 1143 700 armentum
1170 669 1202 699 et
1229 669 1275 698 at-

318 724 391 757 tulit
414 723 485 756 inde
509 723 644 756 vitulum
677 721 883 754 tenerrimum
908 724 938 753 et
961 720 1115 761 optimum
1133 733 1163 751 ».
1188 720 1276 751 Hunc

317 777 453 810 vitulum
478 776 651 809 adducunt
674 774 756 808 servi
781 774 896 807 Christi
919 778 947 806 et
971 773 1134 811 occidunt,
1150 772 1276 815 quando

318 831 350 863 in
374 829 464 862 altari
489 828 650 861 immolant
680 836 738 870 pro
770 827 870 859 salute
902 829 1101 868 peccatorum
1133 828 1164 858 et
1187 824 1276 858 nobis

318 885 484 925 exponunt
507 881 539 914 in
563 881 683 919 cibum;
707 880 791 913 unde
813 879 963 912 Glossa22
994 892 1008 907 ‹1
1025 879 1155 920 Semper
1186 878 1276 910 Chri-

319 939 388 968 stus
411 934 612 968 credentibus
636 933 816 966 immolatur
832 946 862 964 n.
881 932 935 965 Vel
960 935 1034 964 tunc
1051 931 1234 964 adducitur
1249 934 1277 962 et

320 988 501 1026 occiditur,
526 987 651 1029 quando
675 995 760 1019 mors
783 986 852 1019 eius
882 989 913 1018 et
940 986 1174 1017 Sacramentum
1199 984 1276 1016 alta-

321 1042 365 1074 ris
388 1039 427 1074 ad
451 1040 634 1073 memoriam
659 1048 716 1081 per
741 1039 986 1081 praedicatorem
1004 1040 1170 1070 revocatur
1187 1039 1217 1069 et
1237 1036 1282 1068 ad·

320 1093 578 1127 sustentationem
602 1096 634 1125 et
661 1092 776 1131 cibum.
803 1091 888 1124 Unde
912 1091 991 1123 Beda
1008 1090 1037 1122 ³:
1068 1103 1083 1118 «
1100 1089 1277 1122 praedicate

318 1147 478 1180 Christum
496 1150 604 1179 natum
620 1148 652 1178 et
667 1149 800 1178 mortem
817 1145 885 1177 eius
901 1144 1066 1181 insinuate,
1083 1147 1119 1176 ut
1135 1146 1166 1176 et
1183 1143 1276 1187 corde

320 1200 428 1233 credat
454 1199 591 1232 occisum
624 1198 772 1231 imitando
803 1201 834 1231 et
863 1207 918 1230 ore
949 1197 1100 1239 percipiat
1124 1197 1276 1238 passionis

321 1254 558 1286 Sacramentum
586 1252 624 1285 ad
656 1251 945 1284 emendationem».
970 1250 1056 1283 Unde
1079 1250 1136 1283 etsi
1168 1259 1276 1283 omnes

321 1306 488 1339 Christiani
521 1305 656 1338 habeant
687 1304 886 1338 refectionem
911 1304 942 1336 in
974 1304 1117 1345 passione
1140 1303 1274 1341 Christi,

320 1359 364 1392 illi
389 1359 548 1401 potissime
571 1358 787 1396 oblectantur,
812 1357 866 1400 qui
890 1366 946 1399 per
970 1357 1054 1389 illam
1083 1365 1116 1389 se
1138 1366 1156 1388 a
1180 1356 1276 1388 maio-

320 1413 409 1445 ribus
433 1411 523 1444 malis
546 1414 577 1444 et
601 1411 748 1453 periculis
771 1414 802 1443 et
834 1410 968 1452 peccatis
998 1412 1123 1451 ereptos
1146 1412 1177 1441 et
1200 1409 1276 1441 11110-

322 1468 407 1498 ratos
430 1465 545 1497 vident.
570 1482 612 1488 —
637 1463 672 1496 Et
696 1463 765 1496 ideo
788 1463 911 1496 subdit:
937 1463 976 1495 Et
992 1462 1232 1495 manducemus
1247 1466 1277 1495 et

319 1518 509 1561 epulemur,
533 1527 595 1550 non
619 1517 762 1550 convivio
786 1516 920 1549 carnali
926 1542 936 1554 ,
953 1515 992 1548 de
1007 1525 1071 1557 quo
1094 1515 1203 1548 dicunt
1219 1515 1276 1547 im-

320 1572 377 1614 pii:
400 1585 415 1600 «
427 1571 631 1603 Comedamus
647 1574 678 1602 et
694 1570 838 1602 bibamus
849 1595 856 1608 ,
873 1578 943 1601 cras
959 1569 1041 1601 enim
1059 1569 1232 1601 moriemur
1245 1583 1276 1608 n,

319 1624 492 1658 secundum
516 1624 600 1666 quod
623 1623 698 1656 dicit
729 1623 821 1655 isaias
844 1622 994 1664 vigesimo
1018 1622 1198 1661 secundo&
1223 1622 1276 1655 sed

319 1677 508 1720 spirituali,
540 1677 578 1709 de
613 1686 677 1718 quo
712 1676 831 1718 primae
863 1675 901 1708 ad
936 1675 1113 1707 Corinthios
1148 1675 1275 1717 quinto:

324 1744 340 1759 α
357 1731 474 1763 Pascha
489 1734 631 1763 nostrum
649 1729 829 1761 immolatus
844 1732 891 1761 est
906 1728 1059 1761 Christus.
1078 1728 1183 1771 ltaque
1200 1737 1277 1770 epu-

320 1783 423 1816 lemur
448 1792 507 1815 non
533 1783 563 1815 in
588 1782 742 1815 fermento
766 1781 863 1814 veteri
880 1790 983 1823 neque
999 1781 1030 1814 in
1046 1781 1199 1814 fermento
1215 1791 1277 1814 ma-

320 1836 404 1869 litiae
427 1840 457 1868 et
480 1836 655 1878 nequitiae,
680 1835 780 1868 sedin
797 1835 914 1876 azymis
938 1835 1124 1867 sinceritatis
1140 1838 1172 1868 et
1195 1835 1277 1868 veri-

321 1889 392 1922 tatis
406 1901 436 1928 »3
454 1888 492 1922 de
508 1898 572 1931 quo
587 1888 785 1920 Canticorum
803 1887 930 1930 quinto:
953 1900 968 1916 α
980 1884 1138 1920 Comedite
1149 1914 1156 1927 ,
1173 1888 1275 1928 amici,

318 1945 350 1975 et
372 1941 569 1975 inebriamini
581 1932 763 1980 [carissimi
781 1954 812 1972 n.
830 1959 871 1964 —
889 1941 920 1972 In
945 1941 1004 1973 hoc
1028 1941 1170 1974 convivio
1186 1942 1276 1974 Chri-

319 1998 387 2027 stus
402 1998 450 2027 est
473 1994 584 2033 cibus,
609 1994 747 2026 conviva
762 1997 793 2026 et
809 1993 1033 2036 dispensator,
1050 1994 1125 2036 quia
1141 1995 1206 2037 ipse
1222 1995 1276 2028 de-

320 2049 454 2081 lectatur
478 2047 660 2087 nobiscum,
684 2050 715 2080 et
736 2056 793 2080 nos
809 2056 881 2080 cum
898 2047 982 2089 ipso,
1007 2050 1038 2080 et
1061 2048 1121 2080 1100
1144 2048 1275 2081 faciente

319 2102 404 2143 ipso;
429 2099 792 2147 Apocalypsis'terti05:
823 2113 838 2129 α
855 2100 949 2139 Ecce,
971 2104 1019 2133 sto
1042 2100 1080 2133 ad
1103 2100 1219 2134 ostium
1245 2105 1277 2134 et

319 2154 420 2196 pulso.
446 2154 475 2186 Si
500 2153 572 2195 quis
599 2153 760 2194 aperuerit
794 2153 890 2192 mihi,
922 2153 1046 2186 intrabo
1077 2157 1109 2186 et
1139 2154 1276 2187 coenabo

320 2216 391 2240 cum
417 2207 486 2246 illo,
511 2210 541 2239 et
565 2207 631 2248 ipse
654 2215 777 2239 mecum
795 2220 825 2238 n.

409 2259 462 2291 [11.
488 2259 589 2300 (Vers.
615 2258 691 2300 24).
718 2259 860 2291 Secundo
891 2262 1044 2301 quantum
1069 2259 1107 2291 ad
1132 2260 1276 2292 conside-

323 2312 486 2345 rationem
510 2310 653 2344 homz'nis
686 2311 812 2344 salvati
844 2311 966 2344 subdit:
998 2312 1086 2353 Quia
1109 2311 1162 2345 hie
1183 2312 1276 2354 filius

319 2374 412 2398 meus
435 2369 589 2397 mortuus
611 2364 763 2408 fuerat⁶,
788 2373 844 2407 per
868 2364 1020 2407 eulpam,
1037 2374 1119 2408 quae
1136 2369 1277 2399 mortuos

319 2418 408 2458 facit;
434 2419 591 2452 Psalmus:
613 2431 629 2447 α
642 2418 708 2451 Non
724 2418 841 2451 mortui
857 2418 1030 2451 laudabunt
1046 2422 1086 2458 te,
1103 2419 1232 2452 Domine
1245 2431 1276 2459 »3

321 2472 490 2514 etiterum
515 2472 636 2509 loannis
658 2475 784 2505 octavo:
814 2471 875 2504 «In
900 2475 1026 2514 peccato
1043 2475 1147 2505 vestro
1163 2472 1277 2506 morie-

323 2525 398 2559 mini
415 2538 444 2557 ».
471 2526 511 2558 Et
533 2524 672 2563 revixit,
697 2534 753 2567 per
782 2525 1034 2567 poenitentiam;
1065 2525 1103 2557 ad
1128 2525 1278 2568 Ephesios

391 2712 400 2727 ¹
422 2713 522 2738 Scilicet
547 2712 727 2739 interlinearis
756 2713 796 2745 (ex
816 2714 905 2747 Beda).
924 2713 975 2741 Csr.
995 2715 1073 2747 Epist.
1098 2715 1141 2741 35.
1160 2723 1205 2742 seu
1226 2717 1274 2742 Ho-

319 2757 389 2782 mitia
410 2757 443 2782 de
462 2756 567 2782 duobus
586 2757 645 2782 tiliis
663 2760 711 2782 etc.
733 2757 810 2789 (inter
828 2764 907 2789 opera
927 2759 1041 2791 Hieron.)
1062 2766 1085 2784 c.
1106 2760 1146 2784 tt.
1160 2774 1195 2778 —
1210 2759 1275 2786 Sub-

319 2800 380 2826 inde
398 2802 523 2833 allegatur
541 2802 605 2827 Gen.
626 2802 673 2833 ⁴8,
693 2801 722 2832 7,
742 2801 767 2827 in
786 2808 840 2834 quo
859 2809 908 2833 pro
927 2802 987 2828 inde
1005 2802 1024 2829 C
1036 2803 1084 2828 DF
1091 2804 1112 2829 G
1131 2810 1225 2830 unum.

390 2844 401 2860 ²
420 2846 520 2878 Nempe
538 2845 720 2872 interlinearis
739 2852 770 2872 ex
795 2846 909 2878 Hieron,
934 2847 1013 2878 Epist.
1038 2848 1081 2873 21.
1107 2848 1180 2881 <alias
1200 2849 1273 2880 146.)

319 2897 346 2916 11.
366 2890 413 2922 27,
432 2890 477 2923 qui
497 2890 576 2915 etium
595 2897 621 2915 n.
641 2891 684 2916 26.
704 2890 753 2916 ait:
773 2890 875 2916 Vitulus
903 2891 1051 2923 saginatus,
1070 2892 1116 2924 qui
1135 2893 1168 2918 ad
1188 2893 1275 2924 poeni-

321 2934 397 2960 tentis
425 2935 574 2960 immolatur
602 2935 727 2965 salutem,
755 2935 813 2967 ipse
832 2935 950 2960 Salvator
977 2938 1030 2966 est,
1057 2936 1132 2962 cuius
1157 2937 1275 2969 quotidie

317 2985 397 3003 031110
415 2978 560 3010 pascimur,
579 2984 672 3004 cruore
691 2981 821 3011 potamur.

390 3020 400 3035 ²
419 3021 489 3047 Libr.
509 3022 549 3048 tv.
569 3022 595 3048 in
615 3023 675 3048 Luc.
695 3023 741 3054 ⁴5,
766 3023 813 3054 23,
833 3024 878 3056 qui
898 3023 1016 3056 sequitur
1035 3025 1154 3056 August„
1175 3025 1201 3050 ll.
1221 3025 1270 3058 Qq.

319 3067 484 3099 Evangelior.
503 3074 528 3100 q.
548 3067 591 3093 33.
611 3075 636 3093 11.
655 3068 686 3099 5;
705 3068 831 3093 sententia
851 3068 934 3100 ipsius
952 3068 1088 3098 exhibetur
1102 3068 1191 3095 verbis
1203 3070 1275 3095 Glos-

319 3118 364 3137 sae
383 3110 540 3138 ordinariae
559 3111 590 3144 (H
610 3112 673 3144 legit
691 3111 762 3138 Beda
786 3111 815 3138 in
834 3111 952 3145 Glossa),
977 3120 1045 3146 quae
1063 3113 1158 3140 omittit
1177 3115 1275 3140 natum

321 3156 364 3188 (ita
384 3159 410 3181 et
429 3156 474 3188 H);
494 3156 547 3181 tere
565 3163 657 3182 omnes
675 3156 754 3183 codd.
772 3160 832 3189 post
850 3156 985 3184 insinuate
996 3158 1119 3183 omittunt
1137 3159 1181 3190 ut,
1201 3158 1274 3191 quod

319 3204 407 3226 tamen
426 3201 516 3226 Glossa
536 3204 561 3226 et
578 3201 600 3226 H
619 3200 725 3226 habent.
746 3201 803 3227 Vat.
822 3201 904 3227 verba
917 3201 1003 3228 Bedue
1015 3203 1101 3233 affert,
1114 3209 1183 3235 quae
1195 3202 1274 3228 etiam

321 3244 472 3270 immediate
491 3248 550 3277 post
568 3245 686 3270 Glossam
707 3252 756 3277 pro
777 3245 851 3271 Unde
869 3245 919 3272 etsi
935 3245 1067 3272 substituit
1081 3245 1204 3273 Ceterum
1216 3246 1273 3279 etsi,

318 3289 341 3314 Η
363 3288 463 3315 Verum
481 3288 537 3315 etsi.

390 3332 402 3347 ⁴
422 3334 497 3359 Vers.
512 3334 553 3359 la.
565 3348 601 3354 -
614 3330 671 3360 Duo
685 3341 759 3368 seqq.
773 3335 821 3360 10οἰ
835 3338 896 3361 sunt
909 3336 924 3361 l.
938 3334 997 3361 Cor.
1010 3335 1035 3366 5,
1048 3335 1072 3361 7.
1087 3338 1112 3361 et
1124 3335 1196 3361 Cant.
1211 3336 1237 3367 5,
1251 3336 1274 3362 vl.

390 3376 401 3391 ⁶
422 3378 497 3403 Vers.
516 3378 557 3403 20.

390 3420 402 3435 ⁶
421 3422 455 3447 lta
475 3422 555 3451 etiam
573 3421 702 3455 ambros„
717 3423 768 3448 vn.
782 3423 806 3448 in
820 3423 881 3449 Luc.
896 3430 918 3449 c.
938 3423 974 3449 15.
995 3431 1020 3449 11.
1039 3423 1099 3455 234,
1112 3427 1144 3453 ,et
1162 3421 1275 3457 liieron„

900 257 1093 291 COMMENT.
1119 258 1155 290 IN
1180 256 1417 290 EVANGELIUM
1442 255 1559 289 LUCAE
1582 255 1614 288 C.
1640 254 1702 287 XV.

1340 344 1494 387 quinto⁷:
1524 356 1540 371 «
1557 344 1676 384 Surge,
1700 342 1754 384 qui
1785 342 1922 380 dormis,
1946 344 1978 375 et
2009 350 2147 383 exsurge
2170 351 2189 374 a
2212 351 2296 375 mor-

1339 398 1419 437 tuis,
1443 400 1475 430 et
1497 395 1685 429 illuminabit
1708 399 1739 428 te
1761 395 1907 427 Christus
1923 406 1953 433 ³²3
1977 398 2008 427 et
2032 394 2185 427 Psalmus:
2208 407 2223 423 α
2237 395 2297 427 Αυ-

1338 450 1420 483 feres
1451 449 1597 491 spiritum
1624 457 1754 487 eorum,
1779 450 1810 481 et
1832 447 2025 480 deficient».
2054 460 2070 475 α
2089 447 2200 480 Emitte
2234 448 2296 490 spi-

1338 504 1436 536 ritum
1453 507 1552 535 'tuum
1569 515 1584 531 ι)
1612 505 1670 534 etc.
1696 500 1868 540 Perierat,
1892 509 1949 543 per
1972 501 2184 534 amissionem
2202 501 2298 534 iusti-

1339 556 1423 593 tiae,-
1446 555 1485 588 ad
1510 556 1663 588 Romanos
1685 553 1866 587 secundo⁸:
1903 567 1919 582 α
1936 554 1996 596 Qui
2027 554 2094 587 sine
2124 555 2203 596 Lege
2226 563 2298 596 pec-

1339 612 1492 643 caverunt
1525 608 1592 641 51110
1623 608 1702 650 Lege
1733 607 1930 649 peribunt»;
1962 610 1993 640 et
2029 607 2184 640 secundae
2217 608 2297 641 Petri

1339 662 1493 696 secundo:
1522 675 1538 691 «
1554 662 1586 694 In
1610 655 1814 704 corruptione
1830 670 1888 694 sua
1904 660 2067 703 peribunt,
2091 660 2298 702 percipientes

1339 715 1516 748 mercedem
1548 715 1718 748 iniustitiae
1749 723 1825 747 suae
1841 727 1872 746 ιο.
1905 714 1942 745 Ει
1970 713 2121 746 inventus
2152 716 2217 752 est,
2241 721 2298 755 per

1339 768 1621 810 recuperationem
1631 767 1776 811 qratia&
1789 766 1963 800 secundum
1978 766 2054 799 illud
2072 766 2124 798 lob
2140 765 2299 808 trigesimo

1340 821 1475 854 tertio⁹:
1505 834 1521 849 «
1538 820 1660 859 Inveni,
1685 820 1717 853 in
1740 829 1804 862 quo
1827 819 1855 852 ei
1880 819 2032 861 propitier
2048 831 2080 850 n.
2099 818 2134 850 Et
2150 818 2210 851 hoc
2225 817 2299 851 facit

1339 874 1506 913 Dominus,
1537 883 1609 906 cum
1634 874 1766 916 gratiam
1798 882 1888 906 suam
1924 872 2059 905 infundit
2083 872 2114 905 in
2142 872 2296 910 animam;

1340 928 1500 965 Psalmus:
1526 927 1663 960 «Inveni
1687 927 1784 959 David
1809 936 1936 959 servum
1961 935 2084 965 meum;
2108 926 2177 959 oleo
2192 929 2299 959 sancto

1339 989 1409 1013 meo
1432 980 1510 1013 unxi
1547 989 1619 1013 eum
1637 994 1667 1012 n.
1693 999 1733 1003 —
1760 980 1795 1013 Et
1818 980 1893 1022 quia
1919 972 1962 1013 de
1991 980 2051 1012 1100
2082 983 2130 1013 est
2151 976 2298 1012 omnibus

1340 1033 1558 1076 gaudendum,
1583 1033 1652 1066 ideo
1675 1033 1794 1066 subdit:
1813 1034 1854 1066 Et
1870 1038 2044 1075 coeperunt
2068 1043 2179 1066 omnes
2202 1042 2299 1066 man-

1339 1087 1466 1119 ducare
1478 1090 1507 1119 et
1517 1086 1652 1128 epulari
1664 1086 1700 1118 ¹⁰.
1714 1086 1812 1119 Beda:
1835 1099 1851 1114 «
1864 1086 1928 1118 Non
1942 1086 2044 1119 solum
2058 1086 2152 1125 tilius,
2164 1095 2223 1128 pro
2235 1094 2299 1128 quo

1342 1139 1459 1172 vitulus
1482 1139 1605 1172 occisus
1639 1143 1704 1179 est,
1734 1139 1891 1179 reficitur,
1915 1139 1969 1172 sed
1993 1143 2024 1172 et
2047 1142 2136 1181 pater
2160 1143 2192 1172 et
2215 1139 2298 1172 servi

1339 1193 1423 1232 eius,
1447 1193 1522 1236 quia
1545 1193 1674 1226 resectio
1690 1193 1744 1226 Dei
1761 1197 1792 1226 et
1816 1194 2002 1226 Sanctorum
2018 1196 2066 1226 est
2082 1193 2167 1226 salus
2190 1201 2299 1235 pecca-

1340 1250 1445 1279 torum
1461 1260 1492 1279 ».
1518 1247 1550 1279 111
1574 1247 1666 1279 0111115
1690 1247 1734 1279 101
1759 1247 1895 1289 figuram
1919 1246 2034 1279 dicitur
2063 1246 2298 1279 Deuteronomii

1339 1300 1461 1333 decimo
1484 1304 1576 1333 sexto
1590 1301 1633 1331 l¹:
1663 1312 1678 1328 «
1697 1300 1881 1342 Epulaberis
1897 1299 1928 1331 in
1945 1299 2111 1332 festivitate
2127 1304 2200 1338 tua,
2217 1303 2253 1332 tu
2268 1303 2300 1332 et

1340 1354 1424 1386 filius
1447 1357 1523 1387 tuus
1546 1357 1578 1386 et
1600 1354 1664 1386 filia
1687 1357 1742 1386 tua
1765 1357 1796 1386 et
1820 1362 1932 1386 servus
1956 1357 2031 1386 tuus
2052 1356 2083 1386 et
2098 1353 2210 1386 ancilla
2227 1356 2299 1391 tua,

1340 1407 1460 1440 Levites
1483 1416 1628 1449 quoque,
1659 1407 1779 1440 advena
1809 1411 1840 1440 et
1871 1407 2011 1449 pupillus
2042 1410 2074 1439 et
2104 1406 2216 1446 vidua,
2244 1406 2299 1449 qui

1340 1461 1424 1493 intra
1446 1464 1552 1502 portas
1576 1464 1647 1493 tuas
1670 1464 1744 1494 sunt
1758 1474 1773 1490 »
1794 1463 1852 1493 etc.

1429 1514 1482 1546 [12.
1509 1515 1593 1546 Era!
1606 1518 1719 1558 autem
1735 1513 1828 1556 filius
1843 1514 1915 1546 eius
1931 1517 1989 1547 etc.
2012 1514 2178 1556 Postquam
2196 1516 2300 1546 osten-

2318 984 2448 1007 Notandum.

2318 1251 2402 1277 Figura.

2332 1517 2440 1543 Secundo,

2319 1544 2410 1571 placatio
2419 1545 2450 1565 in-

1340 1567 1385 1600 dit
1408 1567 1654 1600 misericordiam
1679 1567 1721 1609 pii
1745 1568 1844 1609 patris
1861 1567 1892 1600 in
1909 1567 2098 1609 acceptando
2121 1567 2299 1600 conversio·
2319 1571 2447 1602 manationi·

1341 1629 1412 1652 nem
1436 1620 1641 1662 poenitentis,
1659 1620 1709 1653 hic
1726 1620 1863 1653 secundo
1879 1620 2015 1653 ostendit
2029 1620 2299 1654 misericordiam

1341 1673 1412 1705 eius
1435 1674 1474 1705 in
1493 1673 1661 1715 placando
1685 1674 1946 1716 indiynationem
1976 1673 2042 1716 filii
2072 1673 2248 1706 obedientis
2261 1673 2298 1705 ¹².

1341 1726 1497 1759 Dividitur
1520 1730 1626 1759 autem
1650 1727 1727 1760 haec
1751 1736 1824 1769 pars
1839 1727 1871 1759 in
1887 1727 2027 1772 duas-ln
2044 1736 2181 1769 quarum
2198 1727 2299 1769 prima

1341 1780 1533 1822 exprimitur
1557 1780 1765 1823 impatientia
1787 1780 1852 1822 filii
1873 1780 1913 1813 ad
1936 1780 2181 1823 indignationem
2198 1781 2300 1813 conci-

1340 1833 1502 1875 piendam;
1527 1833 1680 1872 secundo,
1712 1833 1883 1866 elementia
1911 1834 2024 1876 patris
2052 1833 2091 1866 ad
2115 1833 2300 1876 indignatio-

1340 1896 1412 1920 nem
1428 1887 1621 1929 placandam,
1638 1887 1679 1920 ibi
1695 1887 1739 1920 ¹³:
1756 1888 1859 1920 Pater
1873 1897 1950 1930 eryo
1966 1887 2058 1920 iliius
2073 1897 2225 1930 cyressus
2241 1890 2299 1921 etc.

1342 1960 1382 1963 —
1406 1940 1496 1973 Circa
1520 1940 1763 1983 impatientiam
1785 1941 1850 1983 lilii
1868 1941 2042 1984 tndtynau·
2065 1941 2126 1974 tria
2157 1941 2301 1974 introdu-

1340 1994 1381 2027 cit
1405 1994 1617 2036 Evangelista,
1641 2003 1682 2027 ex
1718 1994 1836 2036 quibus
1866 1994 2038 2037 indignatio
2073 1995 2125 2027 illa
2148 1994 2300 2037 originem

1339 2047 1456 2087 traxit,
1473 2047 1591 2081 scilicet
1605 2047 1831 2091 difficultatem
1848 2047 1973 2081 laboris
1986 2048 2132 2091 peracti,
2148 2048 2301 2081 solemni-

1341 2104 1439 2133 tatem
1461 2101 1583 2143 qaudii
1605 2101 1718 2134 auditi
1739 2104 1770 2134 et
1801 2101 2030 2134 liberalitatem
2050 2102 2188 2144 paterni
2210 2101 2300 2135 bene-

1339 2153 1409 2195 ficii
1434 2153 1576 2186 indicati
1583 2166 1594 2192 ;
1618 2163 1660 2187 ex
1684 2163 1822 2196 quorum
1846 2154 2094 2188 consideratione
2117 2154 2226 2188 incidit
2248 2154 2300 2187 ille

1340 2208 1424 2240 filius
1450 2208 1548 2240 maior
1572 2208 1603 2240 in
1627 2207 1881 2250 indignationem.

1429 2260 1482 2293 43.
1501 2261 1602 2303 (vers.
1621 2262 1698 2302 25).
1726 2261 1828 2293 Primo
1851 2261 1948 2302 igitur
1972 2264 2126 2303 quantum
2151 2261 2189 2294 ad
2213 2261 2299 2305 diffi-

2314 1598 2353 1619 filii
2367 1598 2458 1619 senioris

2322 1624 2450 1645 describitur

2335 1656 2375 1678 per
2387 1650 2437 1673 duo.

2318 1730 2409 1752 Divisio.

2319 1971 2323 1975 Ι
2330 1944 2409 1975 Primo,
2424 1943 2452 1974 de

2318 1973 2451 2019 attii&

2332 2263 2358 2285 ni
2362 2263 2452 2285 mennas

2314 2290 2394 2312 laboris
2404 2296 2451 2318 per-

1340 2313 1493 2346 cultatem
1507 2313 1632 2346 laboris
1644 2314 1774 2356 peracti
1785 2314 1873 2346 dicit:
1895 2315 1977 2347 Erat
1992 2318 2104 2346 autem
2119 2314 2211 2356 filius
2227 2315 2299 2347 eius
2314 2317 2365 2338 ³0²¹·

1339 2367 1450 2399 senior
1480 2367 1516 2399 in
1543 2376 1636 2410 ayro.
1662 2367 1770 2400 Filius
1794 2367 1852 2400 iste
1879 2368 1990 2400 senior
2013 2367 2129 2401 dicitur
2161 2368 2212 2401 ille
2243 2369 2297 2411 qui

1341 2419 1482 2452 moribus
1494 2420 1648 2452 maturior
1665 2424 1722 2459 est,
1735 2420 1816 2463 patri
1833 2420 2024 2453 conformior
2040 2424 2071 2453 et
2087 2420 2298 2461 obedienti0r3

1340 2473 1424 2515 quia,
1442 2473 1615 2515 Sapientiae
1631 2477 1746 2516 quarto
1760 2474 1796 2512 ¹⁴²,
1818 2486 1833 2502 «
1847 2474 1914 2507 cani
1931 2477 2006 2507 sunt
2023 2483 2134 2507 sensus
2151 2474 2297 2514 hominis,

1340 2529 1371 2559 et
1394 2529 1480 2559 aetas
1503 2527 1673 2560 senectutis
1697 2528 1760 2560 vita
1784 2528 2026 2560 immaculata».
2056 2527 2092 2560 Et
2115 2528 2190 2571 quia
2217 2528 2298 2562 bona

1338 2717 1417 2749 Epist.
1438 2718 1481 2742 2l.
1502 2717 1574 2749 (alias
1594 2717 1664 2750 146.)
1684 2725 1713 2743 n:
1729 2718 1777 2749 26;
1795 2719 1842 2744 cfr.
1861 2719 1889 2744 B.
1910 2718 2022 2749 Albert.;
2044 2719 2156 2750 Vulgata
2175 2720 2243 2745 erat.
2262 2733 2296 2738 -

1339 2759 1457 2786 Subinde
1475 2761 1619 2793 allegantur
1639 2762 1679 2787 Ps.
1700 2762 1766 2792 113,
1787 2761 1827 2787 17.
1847 2765 1874 2787 et
1891 2763 1961 2788 101111.
1980 2763 2011 2793 8,
2031 2762 2074 2788 24,

1409 2803 1418 2818 ⁷
1441 2806 1513 2831 Vers.
1536 2805 1582 2837 lt,
1602 2809 1661 2837 post
1679 2813 1759 2839 quem
1779 2806 1821 2832 Ps.
1844 2807 1906 2837 103,
1926 2807 1969 2833 29.
1989 2811 2015 2833 et
2033 2807 2075 2833 30.

1409 2847 1420 2862 ⁸
1440 2849 1515 2875 Vers.
1535 2850 1583 2881 12,
1602 2851 1644 2876 cui
1664 2850 1860 2883 subiunguntur
1878 2852 1908 2877 11.
1926 2852 1991 2877 petr.
2013 2853 2043 2882 2,
2065 2852 2107 2877 12.
2126 2855 2152 2878 et
2172 2852 2213 2878 l3.

1409 2891 1420 2907 ⁹
1440 2894 1515 2919 Vers.
1534 2894 1582 2925 24,
1602 2894 1628 2919 in
1647 2895 1722 2920 cuius
1742 2895 1793 2920 fine
1823 2896 1878 2921 vat
1908 2903 1969 2922 cum
1990 2897 2120 2922 nonnullis
2139 2897 2218 2923 codd.
2233 2904 2296 2931 pro·

1334 2937 1411 2971 pitiet
1428 2938 1459 2964 ei.
1479 2952 1514 2958 -—
1534 2939 1656 2972 Sequitur
1676 2940 1715 2965 Ps.
1735 2940 1784 2971 88,
1804 2941 1847 2966 21.

1409 2981 1431 2996 ¹⁰
1445 2983 1502 3008 Vat.
1513 2990 1573 3008 cum
1589 2983 1712 3014 Vulgata:
1727 2983 1760 3010 Et
1769 2984 2037 3017 coeperuntepulari,
2054 2986 2074 3010 H
2088 2992 2148 3010 cum
2160 2986 2186 3011 S.
2200 2985 2296 3011 Thom.

1340 3024 1404 3057 (Cat.
1423 3033 1502 3051 aurea
1521 3026 1548 3051 in
1568 3026 1630 3052 Luc.
1646 3027 1685 3052 15.
1699 3034 1724 3051 n.
1745 3026 1779 3059 4.)
1799 3030 1825 3052 et
1843 3028 1973 3053 Gorrano:
1995 3028 2027 3054 Et
2040 3031 2186 3062 coeperunt
2203 3035 2295 3055 omnes

1339 3069 1462 3103 φυὰν-ι’,-
1482 3071 1528 3096 cfr.
1548 3078 1573 3096 v.
1594 3071 1637 3096 23.
1648 3084 1684 3090 -
1704 3071 1832 3097 Sententia
1853 3072 1938 3097 Bedue
1951 3071 2061 3098 habetur
2075 3073 2116 3098 lV.
2130 3073 2156 3098 in
2170 3073 2233 3098 Luc.
2248 3073 2297 3104 15,

1339 3113 1381 3139 24.
1400 3117 1426 3139 et
1443 3114 1580 3140 exhibetur
1597 3115 1675 3140 etiam
1694 3115 1720 3141 in
1740 3116 1830 3142 Glossa
1849 3115 1992 3143 ordinaria
1999 3127 2009 3149 ;
2038 3118 2085 3143 csr.
2104 3117 2235 3148 Ambros„
2254 3117 2296 3144 lv.

1340 3158 1365 3183 111
1384 3159 1445 3184 Luc.
1465 3166 1487 3184 c.
1509 3159 1550 3184 ⁴5.
1571 3167 1594 3184 n.
1615 3160 1675 3186 233.

1411 3202 1430 3216 ¹¹
1453 3203 1526 3229 Vers.
1548 3203 1589 3230 Η.

1411 3246 1433 3261 “’
1452 3247 1502 3274 Ctr.
1522 3255 1601 3280 supra
1621 3256 1647 3274 n.
1666 3249 1709 3274 33.

1411 3289 1432 3305 ¹⁸
1452 3292 1527 3318 Vcrs.
1546 3293 1588 3318 28.

1407 3335 1429 3350 ¹⁴
1449 3337 1521 3362 Vers.
1542 3338 1567 3362 8.
1586 3340 1611 3363 et
1631 3338 1656 3363 9.
1669 3350 1704 3356 -
1718 3338 1831 3369 Η101011.,
1851 3338 1929 3370 Epist.
1950 3339 1992 3364 2l.
2014 3338 2087 3369 (alias
2111 3339 2178 3372 146.)
2199 3346 2222 3364 11.
2243 3339 2292 3364 28:

1339 3380 1422 3412 Quem
1442 3379 1585 3414 [seniorem
1605 3381 1702 3414 fllium]
1721 3381 1793 3407 multi
1822 3377 1975 3413 simpliciter
1993 3382 2027 3408 ad
2052 3383 2171 3409 omnium
2192 3383 2296 3408 Sancto-

1339 3431 1398 3449 rum
1417 3431 1571 3456 persouam,
1592 3425 1664 3450 multi
1684 3425 1789 3457 propi-ie
1808 3426 1842 3451 ad
1861 3425 1970 3451 ludaeos
1988 3427 2104 3453 referunt
2121 3430 2170 3453 etc.
