2427 3872
435 222 499 248 GAZ

153 264 200 290 sed
220 264 296 290 intrat
314 265 338 290 in
359 266 487 298 gaudium
507 264 568 292 ibid.
586 279 622 285 -
642 265 667 291 in
684 265 791 291 beatitu·

152 308 214 334 dine
233 311 272 334 est
290 315 431 335 commune
448 309 499 335 477
520 309 552 335 46

206 367 240 371 —
259 353 387 380 iustorum
402 353 499 380 debent
512 361 570 380 esse
583 354 734 381 communia
747 355 791 380 Vll

152 396 203 422 598
235 396 268 423 45
288 412 321 416 —
341 399 393 424 Lex
420 398 533 424 caritatis
558 401 611 431 est,
639 401 668 424 ut
695 398 792 430 gaudia

151 441 337 467 universorum
353 442 404 468 sint
425 443 590 474 communia,
619 450 671 468 non
690 443 807 475 privata·

152 485 202 511 388
230 486 262 511 ⁴8
282 501 316 505 —
335 486 435 513 Caritas
454 488 525 519 cogit
539 488 572 513 de
585 488 656 514 bono
669 487 794 520 'gaudere

152 529 202 555 402
223 530 257 555 52
276 545 311 549 -
348 531 481 557 Debemus
499 532 607 558 caritate
625 532 794 564 congaudere

151 574 185 600 de
204 575 356 601 exaltatione
374 575 468 602 Christi
489 577 521 602 Vl
541 576 592 602 444
612 576 645 602 42

204 619 412 646 Gazornvmcmm
428 633 466 643 .—
484 621 580 646 dicitur
598 628 613 646 a
633 628 706 653 gaza,
719 620 793 654 quod

151 666 190 689 est
208 663 331 696 divitiae,
350 667 376 690 et
395 671 408 690 a
428 665 555 697 phylaxe,
580 665 654 698 quod
679 668 718 691 est
741 672 793 691 ser-

151 715 214 734 vare
234 709 266 734 Vl
286 709 337 734 359
358 709 400 734 26.
420 710 462 735 Vll
483 710 559 735 5201
579 723 613 728 ——
627 712 682 736 erat
695 710 719 735 in
733 710 793 736 dex·

151 755 204 778 tera
224 756 300 785 parte
319 753 409 786 templi
424 755 455 780 Vl
470 754 522 780 359
542 754 575 780 26
589 769 624 772 -
637 757 693 780 erat
712 754 793 786 depu-

150 800 233 823 tatum
261 797 296 823 ad
323 797 468 824 oblationes
493 801 652 830 spontaneas
676 797 738 824 ibid.
757 812 792 817 —-

150 841 289 868 dicebatur
301 842 388 875 locus,
402 842 447 868 ubi
462 842 560 869 flebant
573 842 718 869 oblationes
730 842 791 869 ibid.

149 900 185 904 —-
203 890 243 913 est
261 887 349 920 locus,
370 886 414 913 ubi
434 890 490 913 erat
508 888 695 920 repositorium
714 894 792 920 pecu-

149 930 210 956 niae
228 931 272 956 Vll
292 931 343 957 520
364 932 374 956 1
386 937 427 950 ‘—
441 932 569 964 accipitur
587 932 728 966 aliquando
742 939 791 964 pro

149 976 217 1006 loco,
227 975 253 1001 in
264 983 318 1008 quo
328 975 505 1008 reponebatur
515 977 636 1009 pecunia,
650 977 791 1010 aliquando

149 1026 199 1052 pro
219 1020 299 1046 domo
323 1021 461 1046 levitarum
490 1024 515 1047 et
542 1022 724 1053 sacerdotum,
750 1021 791 1047 ali-

149 1064 257 1097 quando
276 1072 324 1097 pro
344 1066 446 1097 porticu
466 1068 491 1091 et
510 1066 651 1099 aliquando
670 1073 720 1098 pro
734 1066 791 1098 ipsa

148 1115 224 1141 arca,
244 1116 314 1142 quae
332 1109 456 1135 servabat
474 1109 618 1136 oblationes
630 1109 692 1137 ibid.
704 1125 740 1129 ——-
753 1113 792 1136 est

150 1160 224 1186 arca,
254 1153 354 1179 habens
382 1156 499 1180 toramen
527 1155 658 1187 desuper,
687 1155 713 1180 in
739 1162 790 1188 qua

150 1197 288 1224 mittebant
316 1199 466 1224 sacerdotes
486 1199 622 1231 pecunias,
642 1206 712 1233 quae
730 1206 792 1225 con—

150 1241 331 1274 gregabantur
340 1243 374 1269 ad
384 1243 547 1269 necessarios
557 1251 621 1269 usus
631 1244 719 1276 templi
731 1243 793 1270 ibid.

203 1290 307 1315 Gnoson
332 1302 368 1307 —
392 1291 418 1314 et
446 1288 503 1313 eius
530 1288 614 1313 vellus
641 1291 680 1314 est
707 1288 792 1320 figura

148 1333 244 1360 Christi
263 1334 306 1360 Vll
326 1333 377 1359 596
396 1332 432 1358 34

202 1379 322 1405 Geni-:nrm
341 1393 377 1396 —
397 1378 569 1403 Tormentum
589 1378 726 1409 gehennae
739 1384 792 1403 non

148 1426 238 1456 tanget
265 1424 348 1449 iustos
367 1423 401 1448 Vl
423 1423 472 1448 125
492 1429 518 1448 v.
539 1423 549 1447 1
573 1436 609 1440 -
627 1422 791 1448 Recedentes

147 1475 162 1494 a
182 1468 285 1495 Christo
304 1470 438 1493 merentur
464 1466 625 1499 supplicium
654 1467 790 1498 gehennae

148 1513 200 1540 569
220 1513 236 1539 5
255 1526 290 1532 —
309 1512 459 1538 Gehennale
478 1511 638 1543 supplicium
652 1511 737 1537 solum
751 1514 790 1537 est

146 1557 293 1584 timendum
313 1557 356 1583 Vll
376 1557 422 1582 311
448 1556 463 1581 8

200 1603 313 1628 Geni-rus
330 1615 366 1620 —
384 1601 511 1626 Dominus
539 1600 625 1632 magis
651 1599 726 1626 audit
744 1607 789 1632 ge-

147 1636 241 1673 mitum
261 1646 348 1672 cordis
366 1652 447 1678 quam
467 1652 562 1671 sonum
575 1645 629 1670 oris
642 1645 675 1671 Vl
689 1644 740 1670 402
755 1645 787 1670 43

200 1692 359 1717 ῦΕΝΕΛιοσιΑ
373 1704 407 1709 -
421 1689 518 1715 Tribus
530 1688 676 1715 rationibus
694 1695 788 1721 genea-

145 1736 215 1769 logia
235 1734 387 1768 temporalis
405 1734 499 1761 Christi
513 1733 670 1760 describitur
689 1734 732 1759 Vll
753 1734 787 1759 85

146 1781 180 1807 59
193 1795 229 1801 —
242 1780 337 1808 Christi
350 1780 445 1811 duplex
457 1782 510 1810 est,
530 1778 627 1804 scilicet
639 1778 785 1804 secundum

145 1826 244 1858 Legem
272 1828 298 1850 et
324 1823 472 1850 secundum
500 1826 622 1849 naturam
644 1823 678 1848 86
697 1823 731 1849 59
750 1836 787 1842 —-·-

146 1869 303 1902 Genealogia
323 1868 462 1894 mulierum
481 1875 534 1893 non
547 1867 653 1899 ponitur
672 1867 699 1892 in
718 1867 786 1893 Scri-

144 1904 222 1948 ptura
235 1920 310 1940 sacra
329 1913 364 1939 85
383 1913 417 1939 58
430 1926 466 1932 —
479 1912 603 1943 Nomina,
616 1918 686 1945 quae
704 1911 786 1944 expri-

146 1961 253 1985 muntur
281 1958 309 1984 in
337 1957 491 1990 genealogia
516 1956 625 1987 Christi,
644 1956 786 1988 important

144 2003 250 2037 aliquod
269 2003 410 2035 mysticum
430 2001 463 2027 87
483 2002 517 2027 62

196 2048 335 2074 ῦΕΝειιΑιιΕ
352 2060 388 2066 -
407 2048 446 2072 est
463 2052 512 2078 per
530 2045 660 2077 originem
676 2044 718 2070 vel
737 2051 785 2076 per

143 2092 315 2119 imitationem
340 2092 373 2118 Vl
396 2091 447 2116 368
467 2091 500 2115 69
519 2104 556 2109 —
574 2091 659 2115 Homo
678 2095 785 2121 genera-

143 2139 185 2163 tur
203 2139 333 2170 quantum
359 2135 394 2161 ad
421 2134 595 2161 substantiam
615 2134 648 2160 ⁴4
667 2141 693 2166 q.
715 2134 731 2159 2
749 2146 785 2152 -

141 2182 169 2208 ln
188 2184 247 2208 actu
264 2179 442 2213 generationis
463 2182 553 2205 movet
572 2179 641 2205 calor
661 2178 695 2204 94
714 2185 729 2203 a
749 2191 784 2196 —

141 2226 210 2252 Usus
228 2232 341 2252 uxorum
359 2227 399 2250 est
417 2224 452 2250 ad
480 2223 674 2258 generationem
703 2222 784 2255 prolis

142 2271 176 2296 30
203 2277 230 2296 v.
259 2270 275 2295 5
297 2283 333 2289 -
360 2270 494 2295 Generans
511 2268 648 2294 carnaliter
676 2269 784 2299 generat

141 2315 286 2345 carnalem,
305 2320 366 2340 cum
386 2320 438 2339 non
462 2313 495 2339 sit
522 2315 666 2344 purgatus,
693 2318 784 2337 secun-

140 2359 205 2385 dum
223 2359 297 2392 quod
309 2360 349 2384 est
362 2357 537 2390 generationis
555 2356 715 2389 principium
729 2356 776 2381 281

140 2404 174 2430 20
195 2402 223 2429 1*
236 2417 272 2423 -
293 2402 431 2428 Generatio
450 2408 482 2427 ex
502 2407 582 2427 carne
600 2403 639 2427 est
657 2400 782 2431 carnalis,

139 2455 171 2474 ex
189 2448 282 2480 spiritu
295 2450 335 2473 est
346 2446 488 2479 spiritualis
506 2446 557 2471 280
573 2445 601 2471 11
621 2460 656 2465 -
668 2446 781 2471 Genera-

140 2492 175 2517 tio
194 2492 306 2517 tiliorum
321 2491 366 2517 Dei
380 2498 432 2517 non
445 2493 485 2516 est
497 2490 622 2522 earnalis,
641 2490 688 2516 sed
707 2490 781 2522 spiri-

139 2536 215 2562 tualis
243 2536 294 2562 252
320 2535 354 2561 27
372 2549 408 2554 -
427 2535 563 2561 Generatio
581 2534 724 2567 spiritualis
742 2537 781 2560 est

139 2580 240 2606 occulta
259 2580 311 2605 280
331 2580 363 2605 13

191 2637 228 2643 -
245 2624 333 2650 Proles
351 2624 461 2649 carnalis
479 2631 532 2649 non
551 2626 638 2655 potest
659 2624 779 2656 generari

139 2668 195 2694 sine
213 2675 305 2694 amore
323 2668 422 2694 carnali
441 2668 485 2694 Vll
504 2668 519 2693 4
539 2668 555 2693 5
575 2682 610 2687 ·—-
628 2669 717 2694 Proles
729 2668 780 2700 spi-

137 2712 237 2738 ritualis
257 2719 308 2738 non
327 2715 413 2744 potest
436 2712 557 2744 generari
584 2712 641 2738 sine
667 2711 779 2739 benevo-

137 2756 214 2783 lentia
233 2756 359 2789 spirituali
378 2755 440 2783 ibid.

191 2816 227 2820 —
239 2800 390 2827 Secundum
404 2800 600 2833 generationem
618 2807 669 2826 non
683 2803 722 2826 est
734 2801 779 2826 ali-

137 2845 203 2878 quid
215 2852 317 2871 novum
331 2845 364 2871 Vl
380 2845 411 2870 ⁴7
424 2851 450 2877 q.
465 2845 480 2870 3
493 2858 529 2863 —
541 2844 678 2870 Generatio
688 2845 779 2870 transit

137 2889 172 2916 de
185 2889 340 2915 mortalitate
349 2889 383 2915 ad
393 2889 614 2914 immortalitatem
628 2895 675 2920 per
694 2896 778 2915 resur-

137 2934 279 2960 rectionem
294 2934 336 2959 Vll
351 2933 402 2959 537
416 2933 450 2958 32
463 2946 499 2952 -
511 2933 581 2959 Deus
594 2933 717 2959 continue
730 2941 777 2966 per

138 2978 332 3010 generationem
352 2984 410 3003 esse
428 2984 517 3003 rerum
536 2980 625 3003 servat
643 2977 677 3003 Vl
696 2977 730 3003 34
749 2985 776 3011 q.

135 3035 172 3041 —-
190 3020 240 3047 Ubi
252 3024 292 3047 est
303 3022 437 3054 generatio
450 3021 576 3053 univoca,
588 3028 668 3051 causa
680 3022 777 3054 produ-

135 3065 171 3092 cit
188 3065 239 3091 sibi
258 3065 342 3091 simile
360 3064 394 3091 ib.
415 3064 443 3090 ⁴*

187 3123 224 3129 —
243 3110 268 3135 in
286 3110 341 3136 Deo
361 3109 424 3135 dicit
441 3116 536 3141 puram
564 3109 716 3135 relationem
741 3110 775 3136 Vl

137 3153 188 3179 310
207 3153 241 3179 45
259 3167 296 3173 -
312 3153 512 3180 Generationem
540 3156 673 3180 aeternam
700 3160 775 3180 enar-

135 3197 204 3223 ravit
223 3197 335 3230 Spiritus
352 3200 460 3224 sanctus
482 3197 534 3223 244
554 3198 582 3223 11

188 3256 224 3260 -
246 3242 295 3267 Per
318 3241 392 3268 Adae
418 3242 549 3268 carnalem
578 3242 774 3274 generationem

136 3286 265 3312 clauditur
283 3286 385 3312 caelum
405 3286 449 3312 Vll
469 3287 502 3312 83
522 3286 556 3312 52
575 3300 611 3304 —
633 3286 683 3312 Per
701 3286 775 3318 spiri-

137 3330 233 3355 tualem
254 3330 449 3362 generationem
468 3331 570 3357 caelum
583 3330 700 3362 aperitur
712 3329 774 3357 ibid.

819 179 856 211 IN
880 178 1172 212 COMMENTARIOS
1195 180 1224 212 S.
1250 180 1476 213 SCRlPTURAE

883 280 917 284 —-
936 267 962 291 in
991 266 1204 298 generationibus
1237 267 1304 293 ordo
1330 268 1469 293 mulierum

829 310 856 335 in
878 310 1018 342 Scripturis
1046 318 1097 336 non
1126 313 1238 337 refertur
1266 312 1309 338 Vll
1329 312 1363 337 85
1383 313 1416 338 58
1436 327 1471 331 —

830 354 1017 380 Generationes
1036 355 1061 380 in
1090 356 1244 387 genealogia
1264 356 1359 382 Christi
1378 363 1393 381 a
1413 357 1471 382 Mat-

831 399 906 424 thaeo
925 402 951 424 et
969 400 1038 425 Luca
1057 400 1207 425 differenter
1224 400 1413 427 describuntur
1437 401 1470 426 86

831 442 865 468 59
883 456 919 461 —
938 443 1143 469 Generationum
1163 451 1290 470 numerus
1310 444 1334 469 in
1349 445 1471 476 genealo-

831 486 874 519 gia
899 486 992 513 Christi
1013 488 1088 520 plura
1108 488 1239 520 significat
1257 488 1291 515 ib.
1311 489 1344 514 60

885 545 919 549 -
937 532 1076 558 Generatio
1102 533 1259 564 spiritualis,
1279 540 1348 566 quae
1366 537 1404 560 est
1424 541 1471 566 per

831 574 945 601 verbum
964 576 1042 608 vitae,
1061 578 1209 608 praefertur
1233 578 1396 609 generationi
1415 585 1471 603 car-

830 619 882 644 nali
902 620 944 645 Vll
974 620 1024 645 ⁴98
1044 621 1077 646 32
1097 635 1133 640 -
1151 622 1332 648 Generationis
1350 623 1471 654 spiritua-

830 663 861 689 lis
880 665 1018 696 conceptio
1037 665 1065 690 ῆι
1083 665 1109 691 in
1123 666 1189 698 ilde,
1203 669 1294 698 partus
1307 666 1335 692 fit
1349 673 1396 698 per
1408 674 1471 699 ope-

830 708 970 739 rationem,
991 709 1092 735 lactatio
1112 709 1138 735 in
1157 710 1295 736 dilectione
1314 713 1339 736 et
1357 713 1471 737 contem-

830 752 943 784 platione
963 753 1014 778 297
1034 754 1068 779 63
1090 768 1122 772 --
1143 755 1169 780 ln
1194 754 1278 781 tribus
1306 755 1409 781 actibus
1427 763 1470 788 ge·

830 797 970 823 nerationis
988 798 1131 830 spiritualis
1152 799 1316 826 insinuantur
1337 801 1470 833 susceptio

830 842 944 873 gratiae,
966 843 1116 868 exercitatio
1145 844 1247 870 activae
1274 847 1301 870 et
1327 846 1470 871 consolatio

829 886 1048 918 contemplativae
1066 887 1128 914 ibid.
1148 902 1183 907 —
1203 889 1345 921 spiritualis
1363 897 1417 915 non
1442 890 1470 916 flt

829 930 884 955 sine
897 934 998 962 septem
1013 931 1089 958 donis
1102 933 1215 965 Spiritus
1233 934 1314 960 sancti
1335 935 1366 960 Vl
1387 935 1439 961 519
1454 934 1469 960 4

828 988 863 993 -
871 975 919 1000 Per
929 976 1124 1007 generationem
1133 978 1295 1009 spiritualem
1303 979 1469 1011 praedicator

829 1019 889 1050 plus
908 1020 1020 1046 afficitur
1038 1021 1072 1046 ad
1087 1021 1154 1047 filios
1173 1025 1311 1054 generatos
1330 1031 1378 1055 per
1397 1031 1470 1056 prae

829 1063 986 1090 dicationem
1006 1072 1087 1097 quam
1102 1066 1135 1091 ad
1150 1070 1271 1099 parentes
1289 1069 1406 1094 carnales
1426 1069 1469 1095 Vll

831 1108 881 1133 ⁴98
896 1108 928 1134 32
942 1123 977 1127 —
991 1110 1133 1141 spirltualis
1151 1112 1352 1138 commendatur
1365 1120 1380 1138 a
1399 1112 1471 1139 Chri-

829 1154 869 1177 sto
884 1144 935 1178 ‘297
955 1154 988 1179 63

865 1197 1032 1224 Gennsmnrn
1046 1213 1080 1217 —
1093 1202 1132 1225 est
1150 1200 1225 1233 quasi
1244 1207 1322 1227 auras
1340 1209 1471 1234 generans

832 1241 863 1267 Vl
884 1242 935 1267 519
955 1243 970 1268 2
991 1257 1026 1261 -
1050 1243 1146 1269 dicitur
1171 1251 1244 1271 mare
1272 1246 1340 1272 iuxta
1368 1254 1469 1274 morem

831 1285 987 1312 ludaeorum
1007 1288 1054 1313 521
1084 1289 1112 1313 13

883 1331 984 1357 Gauri-:s
1002 1346 1037 1350 —
1056 1333 1169 1359 Gentiles
1191 1333 1315 1360 dicuntur
1337 1336 1470 1368 nationes,

830 1374 892 1407 quia
912 1383 964 1401 non
982 1377 1080 1410 renati,
1108 1378 1155 1403 sed
1183 1378 1209 1404 in
1237 1379 1378 1405 nativitatis
1406 1380 1470 1406 vitio

830 1423 1016 1452 permanentes
1034 1421 1067 1447 Vl
1087 1422 1138 1447 164
1161 1429 1187 1448 v.
1214 1423 1248 1448 14
1275 1437 1312 1442 -
1338 1424 1470 1456 Regiones

829 1468 936 1496 paratae
948 1465 982 1491 ad
1000 1472 1114 1491 messem
1133 1470 1194 1492 sunt
1212 1467 1390 1494 multitudines
1409 1476 1470 1501 gen-

828 1510 910 1535 tilium
931 1511 982 1535 298
1002 1510 1036 1536 55
1055 1524 1091 1529 ——
1109 1511 1281 1543 designantur
1300 1520 1348 1544 per
1363 1513 1468 1539 Petrum

827 1554 879 1579 507
912 1555 944 1580 16
975 1569 1011 1574 -
1041 1555 1215 1588 designantur
1241 1564 1290 1589 per
1319 1558 1468 1584 Zachaeum

828 1600 870 1625 Vll
901 1599 950 1625 473
975 1599 991 1625 7
1017 1615 1052 1618 —
1078 1600 1250 1632 designantur
1277 1609 1325 1634 per
1353 1603 1468 1628 Naaman

826 1643 922 1675 Syrum
952 1644 1003 1670 474
1030 1644 1046 1670 7
1067 1659 1102 1664 -—
1120 1645 1167 1678 qui
1194 1644 1347 1672 obedienter
1371 1647 1468 1679 ample-

825 1691 930 1714 ctuntur
949 1689 1059 1721 vestigia
1080 1689 1228 1715 dominicae
1241 1686 1385 1722 passionis,
1402 1691 1468 1723 flgu-

824 1735 914 1758 rantur
943 1733 970 1758 in
999 1733 1106 1759 Simone
1137 1733 1274 1766 Cyrenaeo
1303 1735 1355 1761 572
1378 1736 1411 1761 30
1430 1749 1466 1755 —-

824 1777 1006 1809 Promptitudo
1031 1778 1150 1810 gentium
1178 1779 1212 1805 ad
1231 1779 1312 1805 fidem
1336 1779 1466 1811 figuratur

825 1821 852 1846 in
871 1822 1024 1847 centurione
1044 1822 1095 1848 582
1115 1823 1149 1848 57
1168 1837 1202 1841 -
1222 1823 1257 1849 ad
1275 1824 1375 1849 cultum
1393 1823 1465 1850 Chri-

822 1866 854 1891 sti
874 1866 1014 1893 redeuntes
1032 1866 1214 1899 significantur
1243 1867 1270 1893 in
1294 1868 1399 1900 leproso
1418 1868 1464 1894 Sa-

814 1910 951 1944 ⁴maritano
965 1910 1017 1936 435
1031 1911 1073 1936 3⁴.
1087 1910 1138 1937 436
1153 1911 1187 1937 33
1201 1925 1236 1930 -
1254 1912 1401 1944 figurantur
1414 1919 1462 1944 per

822 1955 959 1980 mulierem
988 1955 1179 1981 Samaritanam
1209 1956 1242 1981 Vl
1270 1956 1305 1982 97
1323 1964 1351 1982 ν.
1369 1956 1395 1982 7.
1419 1957 1463 1982 Vll

823 1998 873 2024 482
894 2000 926 2025 29
946 2013 981 2017 -
999 2000 1180 2032 significantur
1193 2007 1241 2032 per
1254 2001 1373 2034 quinque
1387 2009 1463 2028 mnas

823 2042 874 2068 482
894 2044 927 2069 29
940 2058 975 2063 -
987 2044 1109 2070 dicuntur
1122 2045 1249 2076 latroneS‚
1262 2045 1325 2078 quia
1339 2045 1364 2071 in
1376 2046 1462 2072 Adam

822 2088 962 2114 voluerunt
979 2089 1131 2121 praeripere
1149 2089 1306 2122 dignitatem
1325 2091 1461 2123 propriam

822 2131 874 2157 575
893 2133 927 2158 38
940 2146 974 2152 -
988 2133 1136 2165 figurantur
1149 2141 1197 2166 per
1209 2135 1350 2167 latronem,
1369 2135 1415 2168 qui
1427 2135 1461 2162 ad

821 2175 915 2202 Christi
934 2177 1069 2204 dexteram
1088 2178 1181 2205 orabat
1199 2178 1260 2206 ibid.

874 2236 909 2241 ——
928 2222 1044 2254 Populus
1062 2224 1166 2256 gentilis
1179 2224 1330 2257 intelligitur
1348 2231 1396 2256 per
1411 2224 1461 2250 asi-

820 2274 884 2292 num
895 2267 937 2293 Vll
952 2267 1004 2293 345
1017 2268 1061 2294 35.
1076 2268 1126 2294 488
1140 2268 1184 2294 46.
1198 2269 1249 2294 490
1261 2268 1304 2295 48.
1315 2268 1361 2294 491
1380 2269 1414 2294 52
1424 2282 1459 2288 -

820 2312 936 2343 Populus
955 2312 1060 2344 gentilis
1072 2313 1168 2339 dicitur
1178 2314 1266 2345 pullus
1276 2314 1393 2340 asininus
1402 2320 1460 2346 pro-

819 2359 877 2388 pter
887 2357 1054 2383 stoliditatem
1065 2358 1226 2390 ignorantiae
1237 2358 1287 2384 489
1299 2357 1332 2384 46
1342 2373 1378 2377 -
1388 2365 1460 2384 com-

818 2404 944 2433 parantur
956 2401 1098 2434 lapidibus,
1107 2402 1169 2436 quia
1180 2403 1312 2429 deformes
1324 2403 1358 2428 ad
1372 2410 1459 2436 usum,

817 2446 883 2471 nudi
901 2446 935 2472 ad
951 2449 1088 2477 ornatum,
1107 2447 1208 2472 steriles
1227 2447 1262 2473 ad
1280 2444 1409 2479 fructtim‚
1428 2448 1459 2473 ir-

816 2491 955 2516 rationales
973 2491 1008 2516 ad
1032 2492 1179 2523 protectum
1204 2491 1238 2517 74
1259 2492 1292 2517 19
1310 2505 1347 2511 -
1360 2492 1459 2519 dicun-

817 2538 859 2561 tur
877 2535 978 2567 lapides
997 2537 1105 2567 propter
1119 2535 1243 2561 duritiam
1256 2536 1343 2562 cordis
1357 2535 1408 2562 495
1423 2537 1456 2562 62

816 2593 851 2598 -
870 2579 1018 2605 Emollitum
1038 2583 1077 2605 est
1096 2577 1142 2605 cor
1170 2587 1262 2606 eorum
1286 2580 1384 2606 durum
1409 2587 1458 2612 per

816 2624 940 2649 virtutem
960 2624 1046 2650 crucis
1065 2623 1126 2651 ibid.

869 2681 905 2687 —
923 2669 1126 2700 congregandae
1153 2669 1188 2695 ad
1215 2661 1285 2695 ovile
1309 2668 1404 2695 Christi
1422 2669 1457 2695 Vl

816 2712 867 2737 388
897 2712 925 2738 21
951 2726 987 2731 -
1015 2713 1139 2739 dicuntur
1165 2720 1230 2739 oves
1258 2713 1365 2747 Christi,
1393 2714 1455 2747 quia

815 2759 877 2781 sunt
899 2757 998 2782 electae
1016 2757 1165 2783 secundum
1191 2758 1455 2790 praedestinationem

815 2803 948 2826 aeternam
976 2801 1028 2826 389
1058 2802 1100 2827 29.
1130 2802 1180 2827 408
1211 2802 1246 2827 70
1276 2817 1313 2821 -
1343 2802 1456 2829 Gentiles

814 2847 876 2870 sunt
907 2845 981 2870 eiecti
1014 2852 1029 2870 a
1064 2845 1166 2871 Christo
1197 2846 1241 2871 Vll
1272 2846 1324 2872 507
1355 2847 1384 2872 21
1419 2860 1455 2866 -

813 2889 928 2915 Gentiles
946 2889 1030 2915 vocati
1051 2892 1112 2915 sunt
1140 2891 1204 2916 hora
1223 2890 1354 2922 passionis
1373 2893 1398 2917 et
1416 2898 1454 2917 re-

813 2933 973 2966 demptionis
998 2934 1030 2959 Vl
1056 2933 1107 2959 417
1132 2934 1167 2960 32
1197 2948 1234 2954 -
1261 2935 1375 2961 Gentiles
1402 2937 1455 2962 rue·

812 2981 874 3004 runt
892 2978 965 3004 electi
984 2981 1092 3010 propter
1111 2985 1203 3005 eorum
1224 2979 1396 3005 humilitatem
1410 2980 1453 3006 Vll

813 3021 865 3048 457
885 3022 918 3048 24
936 3036 972 3041 -
990 3022 1104 3048 Gentiles
1117 3023 1194 3055 longe
1205 3030 1221 3049 a
1236 3024 1289 3049 Deo
1302 3024 1378 3056 positi
1391 3030 1454 3056 pee-

811 3069 868 3092 cata
887 3066 1042 3092 confltentur
1068 3069 1094 3092 et
1120 3067 1287 3094 lamentando
1314 3067 1454 3099 appropin-

811 3113 893 3143 quant
911 3110 966 3136 Deo
985 3113 1010 3136 et
1029 3111 1174 3137 exaltantur
1193 3110 1257 3137 ibid.

864 3167 900 3174 --
918 3155 1032 3180 Gentiles
1051 3155 1174 3181 dicuntur
1199 3155 1285 3181 vocati
1313 3155 1348 3181 de
1374 3156 1452 3188 longe

811 3199 855 3225 Vll
875 3199 926 3224 483
946 3199 980 3224 29
998 3213 1034 3217 -
1052 3199 1166 3225 Gentiles
1191 3199 1328 3226 convocati
1356 3202 1418 3226 sunt
1436 3207 1451 3225 a

811 3242 963 3268 diversitate
982 3249 1086 3268 morum
1106 3243 1140 3269 ad
1159 3243 1286 3269 unitatem
1299 3244 1413 3269 caritatis
1426 3246 1452 3270 et

2081 186 2145 218 755

1793 227 1855 252 GEN

1508 269 1557 294 viis
1575 272 1601 294 et
1626 269 1734 301 sepibus
1760 274 1888 297 vocantur
1906 272 1941 297 ad
1966 279 2075 298 coenam
2095 273 2146 298 374

1509 312 1541 337 49
1562 327 1594 331 -—
1618 314 1811 345 compelluntur
1840 315 1936 341 intrare
1964 323 2012 348 per
2037 318 2146 343 commi-

1507 357 1641 383 nationem
1661 361 1826 384 aeternorum
1847 360 2037 391 suppliciorum
2058 360 2118 387 ibid.

1561 415 1595 419 —
1615 401 1735 433 alligatae
1753 405 1826 428 erant
1845 403 1951 430 {unibus
1979 408 2146 436 peccatorum

1509 444 1550 470 Vll
1578 445 1627 470 489
1659 445 1691 470 46
1710 460 1744 464 -
1770 446 1894 473 carebant
1921 449 1991 473 omni
2020 450 2148 481 regimine

1508 488 1660 520 disciplinae
1679 490 1725 515 Dei
1746 490 1807 516 ibid.
1820 505 1855 511 —
1868 492 1983 524 Populus
1999 494 2101 525 gentilis
2114 494 2148 520 ad

1509 533 1651 559 Ecclesiam
1672 535 1783 561 veniens
1803 536 1912 562 solvitur
1932 537 1965 563 de
1979 538 2084 564 vinculo
2097 546 2147 565 ser-

1509 577 1598 603 vitutis
1618 578 1780 605 idololatriae
1799 584 1824 606 et
1843 582 1952 607 exsultat
1971 582 2023 608 345
2043 584 2076 608 35

1561 636 1596 639 -
1615 623 1726 648 Gentiles
1745 628 1819 650 erant
1847 625 1873 650 in
1901 625 1987 656 bivio,
2006 628 2066 660 quia
2096 636 2148 654 non

1507 665 1685 698 sequebantur
1703 668 1818 700 aliquam
1837 672 1934 695 certam
1950 671 2020 696 viam
2034 672 2075 697 Vll
2097 672 2147 698 490

1508 709 1541 734 48
1555 724 1590 728 -
1606 710 1722 742 Populus
1741 713 1852 744 gentilis,
1865 717 2007 747 antequam
2026 716 2059 741 ad
2079 716 2149 742 Chri-

1507 756 1577 779 stum
1603 755 1711 788 veniret,
1730 757 1792 782 roris
1820 761 1875 783 erat
1894 758 1957 784 ibid.
1976 773 2012 778 —
2030 761 2146 792 Populus

1507 798 1610 830 gentilis
1633 800 1718 825 stabat
1746 801 1841 833 ligatus
1860 803 1885 828 in
1905 803 1993 835 bivio,
2013 805 2073 837 quia
2093 813 2145 831 non

1507 849 1586 868 unam
1614 844 1675 869 fidei
1704 845 1827 879 vitaeque
1858 847 1928 873 viam
1958 849 2075 882 tenebat,
2100 850 2147 876 sed

1506 887 1627 918 pluribus
1646 889 1780 916 erroribus
1798 890 1965 918 deserviebat
1977 892 2038 919 ibid.
2051 907 2087 913 —
2100 901 2147 926 per

1506 932 1625 958 diversas
1644 936 1727 959 sectas
1746 937 1771 960 et
1790 936 1847 962 vias
1865 937 2066 964 idololatrabant
2085 939 2145 965 ibid.

1506 990 1541 995 —
1560 977 1676 1009 Populus
1695 979 1813 1010 gentium
1826 987 1920 1007 servus
1933 986 1988 1007 erat
2001 989 2052 1008 non
2067 984 2145 1009 unlus

1506 1021 1612 1047 Domini
1631 1025 1656 1047 et
1674 1023 1734 1054 Dei,
1754 1024 1801 1050 scd
1821 1026 1963 1052 multorum
1984 1027 2107 1053 vitiorum
2121 1032 2147 1054 et

1506 1065 1666 1092 daemonum
1687 1066 1720 1093 ib.
1739 1068 1773 1093 50
1786 1082 1821 1088 —
1834 1070 1949 1101 Populus
1962 1072 2079 1103 gentium
2094 1079 2146 1098 non

1507 1110 1549 1135 uni
1570 1112 1748 1142 superstitioni
1767 1113 1873 1140 deditus
1893 1118 1960 1147 erat,
1980 1116 2027 1142 sed
2047 1124 2095 1148 pro
2120 1118 2146 1142 li-

1507 1154 1562 1180 bitu
1582 1155 1783 1183 immundorum
1802 1158 1941 1190 spirituum
1960 1161 1993 1185 ad
2008 1161 2096 1186 varios
2109 1168 2147 1186 ra-

1509 1199 1631 1231 ptabatur
1660 1207 1762 1228 errores
1791 1201 1852 1229 ibid.
1880 1217 1916 1223 —-
1934 1204 2081 1236 agebantur
2109 1212 2146 1231 se-

1507 1244 1623 1270 cundum
1643 1245 1714 1277 leges
1732 1253 1858 1273 sensuum
1877 1252 1903 1273 et
1915 1249 2057 1275 carnalium
2073 1251 2146 1276 volu-

1507 1291 1610 1320 ptatum
1630 1289 1681 1315 482
1702 1290 1735 1315 29

1560 1346 1597 1352 —-
1615 1341 1667 1359 non
1686 1339 1797 1366 possunt
1815 1336 1899 1362 lesum
1913 1337 2004 1363 videre
2018 1342 2072 1364 tum
2086 1346 2147 1371 pro·

1507 1380 1565 1409 pter
1592 1378 1816 1410 perturbationem
1842 1382 2070 1415 phantasmatum,
2091 1386 2146 1409 tum

1506 1425 1615 1454 propter
1634 1423 1766 1450 derectum
1786 1426 1910 1451 naturalis
1923 1426 1987 1452 lucis
2007 1427 2049 1452 Vll
2064 1427 2115 1453 474
2127 1428 2144 1453 7

1507 1480 1541 1484 —-
1560 1474 1608 1498 per
1627 1468 1707 1494 fidem
1726 1468 1820 1495 Christi
1848 1471 1984 1496 elevantur
2003 1471 2037 1497 ad
2057 1472 2143 1504 ipsum

1506 1512 1683 1538 contuendum
1705 1512 1766 1539 ibid.
1786 1528 1821 1546 τ·-
1840 1514 1949 1541 libenter
1973 1521 2147 1548 susceperunt

1505 1555 1637 1582 Christum
1658 1557 1709 1583 475
1730 1558 1761 1583 10
1780 1572 1816 1577 -
1835 1559 1948 1585 Gentiles
1961 1567 2022 1586 cum
2042 1562 2146 1587 curiosi-

1505 1603 1557 1627 tate
1575 1602 1685 1628 veniunt
1703 1603 1738 1628 ad
1756 1604 1910 1635 sapientiam
1925 1605 2097 1631 hauriendam
2112 1607 2145 1632 vl

1506 1646 1539 1671 97
1567 1646 1584 1672 7
1611 1660 1647 1665 —-
1674 1648 1789 1673 Gentiles
1816 1652 1972 1680 quaerentes
2003 1650 2145 1676 Dominum

1503 1690 1649 1717 confirmati
1667 1694 1725 1717 sunt
1746 1692 1770 1717 in
1789 1692 1842 1718 tide
1861 1692 1912 1717 417
1933 1694 1966 1718 36

1556 1748 1591 1754 -
1615 1735 1742 1762 Gentibus
1768 1737 1833 1762 sacta
1859 1740 1898 1763 est
1926 1739 2051 1767 revelatio
2080 1740 2144 1765 Scri-

1502 1781 1640 1811 pturarum
1670 1780 1712 1806 Vll
1741 1780 1788 1806 58⁴
1819 1781 1853 1806 55
1881 1796 1916 1800 -
1940 1783 2053 1809 Gentiles
2071 1788 2144 1809 erant

1501 1824 1645 1857 propinqui
1663 1824 1698 1850 ad
1716 1825 1812 1856 fidem,
1829 1827 1912 1858 parati
1932 1827 1966 1852 ad
1979 1828 2140 1854 credendum

1500 1868 1657 1895 nuntiaturis
1677 1869 1709 1895 Vl
1728 1870 1779 1895 298
1800 1870 1835 1895 55
1853 1885 1888 1889 -
1906 1871 2013 1897 Gentilis
2026 1874 2141 1904 populus

1502 1913 1601 1939 tardius
1630 1913 1738 1940 veniens
1766 1914 1877 1941 credidit
1902 1915 1953 1941 507
1984 1917 2015 1941 16
2044 1931 2079 1935 -
2104 1918 2142 1943 De

1501 1957 1623 1989 gentibus
1641 1958 1761 1984 conversi
1780 1959 1813 1985 ad
1833 1959 1911 1985 ritum
1931 1960 2087 1987 ludaeorum
2105 1962 2141 1987 di-

1501 2001 1627 2028 cebantur
1645 2003 1769 2034 proselyti
1790 2003 1841 2030 4⁴7
1861 2005 1894 2029 33
1913 2018 1949 2024 -
1961 2005 2100 2031 adorantes
2112 2006 2140 2032 in

1500 2047 1598 2079 templo
1618 2046 1823 2073 exaudiebantur
1843 2048 1893 2074 416
1915 2049 1948 2074 29

1552 2105 1588 2110 -
1606 2091 1718 2118 Gentiles
1736 2099 1788 2118 non
1807 2093 1911 2118 ruerunt
1929 2100 1944 2118 a
1963 2093 2065 2120 Christo
2093 2095 2136 2120 de-

1499 2136 1580 2168 specti
1598 2136 1699 2162 ratione
1718 2137 1811 2168 culpae
1838 2140 1883 2162 aut
1911 2137 2071 2164 idololatriae
2095 2139 2138 2164 Vll

1500 2181 1551 2206 105
1571 2181 1605 2206 65
1624 2194 1659 2200 -
1677 2187 1725 2213 per
1749 2181 1810 2207 fidei
1829 2182 2039 2213 magnitudinem
2065 2190 2138 2214 prae·

1499 2225 1617 2251 seruntur
1635 2226 1735 2257 populo
1755 2226 1830 2251 lsrael
1854 2226 1901 2251 169
1923 2227 1956 2251 17
1975 2241 2010 2244 -
2023 2227 2136 2253 Gentiles

1498 2273 1623 2303 tanquam
1643 2270 1688 2296 filii
1707 2270 1855 2302 spirituales
1873 2271 1960 2296 vocati
1972 2275 2033 2297 sunt
2051 2272 2085 2297 ad
2097 2279 2135 2297 re-

1498 2322 1581 2347 gnum
1600 2315 1648 2341 Dei
1667 2315 1717 2341 353
1737 2316 1766 2340 61
1789 2329 1825 2335 -
1844 2316 1996 2347 congregati
2024 2319 2083 2341 sunt
2102 2316 2136 2342 ab

1497 2360 1570 2385 omni
1588 2363 1663 2391 parte
1682 2359 1775 2385 mundi
1800 2366 1848 2392 per
1876 2360 2047 2386 ministerium
2067 2362 2135 2392 Apo-

1497 2404 1621 2430 stolorum
1642 2403 1703 2430 ibid.

1549 2462 1585 2467 -
1615 2449 1755 2475 Gentilium
1786 2449 1940 2475 illuminatio
1970 2452 2008 2475 est
2037 2451 2136 2475 fructus

1496 2499 1658 2525 consequens
1677 2493 1827 2525 passionem
1851 2492 1947 2519 Christi
1971 2493 2049 2519 valde
2068 2494 2135 2519 utilis

1496 2538 1528 2563 Vl
1549 2536 1599 2562 4⁴6
1619 2538 1653 2562 28
1672 2551 1708 2557 -
1727 2538 1873 2563 lnsinuatur
1901 2539 1987 2563 sutura
2016 2538 2133 2570 gentium

1495 2582 1598 2608 vocatio
1617 2582 1641 2607 in
1662 2583 1726 2614 hoc,
1746 2582 1818 2615 quod
1835 2582 1977 2608 Dominum
1996 2586 2134 2615 quaerunt,

1494 2629 1520 2652 et
1539 2626 1665 2652 Dominus
1683 2633 1713 2652 se
1735 2627 1810 2652 offert
1834 2626 1994 2652 benevolum
2018 2626 2079 2652 ibid.
2099 2641 2134 2646 —

1490 2671 1615 2696 >Gentium
1634 2671 1781 2697 sollicitudo
1799 2674 1870 2702 patet
1896 2678 1928 2696 ex
1947 2671 2077 2697 desiderio
2100 2672 2134 2697 le-

1493 2722 1553 2741 sum
1572 2715 1716 2748 quaerendi
1742 2718 1767 2741 et
1796 2715 1903 2741 videndi
1921 2715 1954 2741 ib.
1982 2716 2014 2741 29
2034 2730 2069 2734 -
2088 2723 2133 2741 vo-

1493 2759 1597 2785 luerunt
1615 2760 1706 2786 videre
1725 2759 1876 2791 Dominum,
1889 2767 1951 2786 cum
1964 2760 2052 2786 ludaei
2071 2767 2132 2786 eum

1492 2804 1588 2830 vellent
1605 2804 1726 2830 occidere
1744 2803 1778 2830 ib.
1797 2804 1831 2830 30
1850 2817 1885 2823 --
1904 2808 2063 2836 acceperunt
2076 2811 2132 2836 gra-

1492 2848 1541 2874 tias
1559 2855 1575 2874 a
1593 2848 1695 2874 ludaeis
1712 2848 1822 2874 reiectas
1841 2847 1904 2874 ibid.

1545 2906 1581 2911 —
1612 2891 1739 2918 Gentibus
1766 2892 1986 2925 praedicaverunt
2013 2893 2130 2924 Apostoli

1492 2936 1525 2962 Vl
1545 2936 1596 2962 349
1615 2936 1649 2961 50
1667 2950 1703 2954 -
1722 2937 1838 2969 Populus
1851 2937 1968 2968 gentium
1982 2943 2128 2961 conversus

1490 2983 1530 3006 est
1548 2980 1583 3006 ad
1606 2980 1686 3006 fldem
1711 2987 1762 3006 non
1789 2981 1873 3006 solum
1902 2987 1950 3012 per
1976 2980 2129 3011 Apostolos,

1490 3031 1584 3050 verum
1613 3024 1692 3049 etiam
1720 3031 1768 3056 per
1795 3024 1962 3056 septuaginta
1985 3023 2129 3055 discipulos

1492 3068 1533 3093 Vll
1553 3067 1604 3093 490
1624 3068 1657 3093 52
1678 3082 1712 3086 -
1737 3068 1854 3100 Apostoli
1873 3068 2028 3093 invenerunt
2046 3074 2129 3099 popu-

1490 3112 1543 3137 lum
1563 3111 1699 3137 nationum
1718 3112 1844 3144 perfidiae
1859 3111 1971 3137 vinculis
1988 3111 2127 3142 irretitum,

1489 3155 1601 3181 liberum
1626 3158 1653 3181 et
1679 3156 1807 3181 lascivum
1835 3154 1887 3180 489
1913 3154 1946 3180 46
1966 3169 2000 3174 -
2028 3156 2127 3187 Populo

1489 3199 1577 3231 gentili
1597 3200 1683 3226 nullus
1703 3198 1836 3225 rationalis
1848 3198 1941 3224 doctor
1954 3200 2056 3225 [renum
2070 3206 2127 3225 cor-

1488 3243 1609 3270 rectionis
1628 3243 1753 3276 imposuit
1771 3242 1832 3269 ibid.
1857 3256 1893 3262 —
1912 3243 2127 3275 Populus‘genti·

812 3286 943 3326 felicitatis
960 3286 1012 3312 353
1032 3287 1060 3311 6Ι
1084 3300 1119 3306 -
1144 3287 1258 3313 Gentiles
1277 3291 1354 3314 erunt
1372 3288 1451 3320 primi
1487 3288 1518 3313 lis
1536 3288 1638 3314 solutus
1656 3291 1695 3314 est
1713 3286 1747 3313 ab
1765 3287 1894 3319 Apostolis
1907 3294 1960 3313 non
1973 3287 2068 3313 virtute
2082 3289 2127 3313 hu·

811 3333 920 3364 propter
938 3330 1111 3357 humilitatem
1131 3330 1166 3357 ib.
1185 3331 1218 3357 62
1237 3345 1273 3351 -
1291 3331 1405 3358 Gentiles
1417 3331 1451 3358 de
1490 3337 1576 3363 mana,
1594 3331 1641 3357 sed
1660 3331 1748 3357 divina
1769 3330 1830 3357 ibid.
1845 3345 1878 3350 -
1890 3331 1998 3357 Gentilis
2013 3331 2126 3363 populus
