2476 3921
326 222 366 253 cs
928 217 1120 251 COMMENT.
1146 219 1182 250 lN
1207 208 1448 252 EVANGELIUM‘
1469 220 1586 252 LUCAE
1611 220 1642 251 6.
1669 220 1700 252 u.

415 309 485 340 104.
518 308 618 349 (Vers.
650 307 727 347 48).
761 307 796 338 Et
825 315 885 338 non
918 306 1019 338 solum
1051 306 1095 338 illi
1130 306 1281 338 extranei

323 362 503 404 stupebant,
528 360 581 393 sed
616 360 708 393 etiam
742 363 897 402 parentes
906 371 917 397 ;
941 359 1024 391 unde
1059 362 1091 391 et
1113 359 1278 391 subditur:

324 417 363 448 Et
386 415 526 447 videntes
550 413 713 445 admirati
727 416 825 450 sant‚·
841 412 985 445 Matthaei
1003 412 1134 453 septimo
1149 413 1174 443 ¹:
1196 424 1212 440 α
1225 412 1279 444 Mi-

322 472 407 501 ratae
431 471 504 500 sunt
529 466 640 499 turbae
663 475 759 507 super
775 465 916 498 doctrina
932 465 999 497 eius
1015 478 1046 496 ».
1072 465 1108 496 Et
1131 473 1205 497 vere
1220 464 1279 497 mi-

322 520 436 558 rabile,
461 519 544 561 quod
569 518 775 560 respondebat
806 517 890 559 quod
914 526 975 549 000
1000 517 1167 556 didicerat;
1192 517 1279 549 Ioan-

322 574 370 606 nis
393 573 538 614 septimo:
570 571 794 605 «Mirabantur
819 570 920 603 ludaei
945 570 1101 603 dicentes:
1117 569 1279 611 Quomodo

323 626 372 658 1116
397 626 515 657 litteras
539 625 614 663 scit,
639 633 710 657 cum
736 633 797 656 non
821 623 1012 656 didiceritn?

416 679 484 710 105.
512 678 552 709 Et
574 677 659 709 dimit
683 676 788 708 Mater
811 676 883 708 eius
907 679 965 708 etc.
990 675 1042 708 Hic
1066 675 1159 708 tertio
1175 678 1279 708 osten-

159 732 382 778 Terumpoaddit,
408 731 543 773 qualiter
567 731 667 763 sactus
691 734 737 762 est
755 726 821 762 'sub
845 730 911 771 lege
936 728 1045 763 morali
1069 732 1224 771 quantum
1240 728 1279 762 ad

174 767 299 820 ⁰hi⁵³ffllss¹t¹iss¹¹
323 784 467 827 officiam
488 783 641 825 pietatis;
666 783 696 814 in
721 792 784 824 quo
807 782 1020 824 praemittitur
1044 782 1147 823 primo
1170 780 1279 813 hami-

218 820 267 841 d⁰⁰'
323 837 434 875 liatio,
460 840 489 869 et
515 836 660 868 subditur
685 835 903 877 clarificatio,
928 835 969 867 ibi
984 835 1013 866 2:
1033 836 1073 867 Et
1088 834 1193 867 Mater
1208 834 1280 866 eius

322 888 537 921 conservabat
561 888 674 920 omnia
698 887 799 919 verba
822 886 909 920 baec.

411 941 607 973 Hamiliatio
631 944 736 973 autem
760 940 936 973 ostenditur
959 941 991 972 10
1007 940 1150 984 duobus,
1163 940 1281 972 56111661

158 1005 189 1025 oe
206 1004 303 1025 humilia·
322 995 352 1026 in
375 994 574 1026 subiaeendo
598 993 792 1035 corripienti
814 997 845 1025 et
868 993 899 1025 in
923 993 1122 1036 obsequendo
1148 993 1279 1034 praeci-

168 1031 225 1051 tione
232 1031 302 1056 agitur
351 1048 355 1053 ,

167 1057 289 1087 dupliciter.
317 1047 429 1090 pienti.
456 1047 599 1079 Sabieeit
622 1047 705 1078 enim
731 1055 763 1078 se
787 1046 931 1078 Christus
947 1046 1052 1077 matri
1066 1045 1261 1087 corripienti
1269 1057 1280 1083 ,-

170 1084 305 1136 ῗὲῗέῗᾶῗηῗῗ.
320 1104 449 1142 propter
474 1100 558 1141 quod
582 1099 712 1132 dicitur:
732 1100 771 1130 Et
786 1099 871 1130 discit
887 1099 991 1130 Mater
1008 1098 1078 1130 cias
1102 1099 1147 1131 ad
1164 1098 1277 1130 illam:

322 1153 391 1185 Fili
400 1179 408 1191 ,
433 1153 513 1196 quid
536 1151 645 1194 fecisti
668 1151 760 1183 nobis
791 1151 863 1183 sic?
888 1152 955 1193 lpsa
979 1151 1156 1183 fiducialius
1180 1151 1281 1193 loqui-

322 1212 374 1239 tur
398 1210 429 1239 et
453 1206 626 1247 interrogat
650 1214 776 1237 causam
800 1204 1007 1243 dimissionis,
1036 1213 1108 1237 cum
1133 1204 1224 1242 sciat,
1249 1212 1282 1236 se

322 1259 469 1292 honorari
494 1259 608 1291 debere
632 1258 671 1290 ab
694 1267 748 1296 eo,
774 1257 946 1290 secundum
972 1257 1048 1290 illud
1073 1257 1171 1290 Exodi
1196 1257 1281 1299 vige-

321 1314 398 1345 simo
412 1313 439 1344 ³:
470 1326 484 1340 «
498 1312 620 1344 Honora
645 1315 765 1353 patrem
791 1315 880 1343 tuum
906 1314 936 1343 et
954 1314 1084 1343 matrem
1103 1314 1190 1343 tuam
1204 1322 1234 1349 »ς
1252 1314 1283 1343 et

305 1365 563 1398 'l’i‘overbiorum
588 1369 693 1397 sexto:
723 1378 738 1392 «
755 1364 928 1402 Conserva,
952 1364 1014 1403 fili,
1039 1367 1205 1405 praecepta
1228 1372 1282 1405 pa-

324 1420 379 1452 tris
404 1419 467 1457 tui,
492 1423 523 1450 et
548 1427 585 1450 ne
609 1418 747 1454 dimittas
772 1418 870 1459 legem
897 1417 1004 1449 matris
1021 1421 1136 1449 tuae».
1162 1416 1220 1449 Sed
1237 1420 1282 1455 tu,

322 1472 438 1514 inquit,
455 1470 648 1504 conturbasti
666 1480 737 1509 nos;
755 1470 838 1503 unde
862 1474 892 1502 et
916 1470 1034 1503 subdit:
1059 1471 1160 1502 Pater
1185 1475 1282 1508 tuas,

323 1526 439 1559 scilicet
474 1525 636 1566 putativus
668 1524 718 1556 vel
753 1524 918 1565 adoptivus
942 1523 1006 1556 sive
1030 1524 1231 1562 educativus;
1255 1527 1285 1556 et

323 1589 379 1621 eyo
404 1578 544 1611 dolentes
568 1577 811 1621 quaerebamus
836 1582 882 1615 te,
906 1577 994 1619 quasi
1020 1577 1147 1609 insimul
1165 1576 1285 1609 diceba-

323 1641 394 1664 mus
419 1631 495 1663 illud
520 1631 633 1663 Tobiae
656 1630 821 1663 decimo4:
852 1630 949 1662 «ileu
967 1639 1033 1668 me,
1058 1630 1120 1668 fili,
1146 1634 1180 1662 ut
1208 1629 1285 1672 quid

322 1689 353 1718 te
377 1685 519 1718 misimus
544 1684 754 1726 peregrinari,
780 1684 885 1716 lumen
909 1684 1073 1716 oculorum
1091 1687 1284 1722 nostrorum,

322 1739 471 1771 haculum
496 1737 665 1770 senectutis
690 1740 829 1774 nostrae,
858 1737 1004 1769 solatium
1031 1737 1112 1769 vitae
1137 1736 1282 1769 nostrae!

323 1792 433 1824 Omnia
457 1791 539 1824 enim
564 1791 595 1823 in
620 1794 650 1823 te
686 1800 749 1823 uno
786 1790 954 1828 babentes,
979 1793 1009 1822 te
1032 1799 1095 1822 non
1118 1790 1285 1822 debuimus

322 1845 480 1878 dimittere
494 1859 523 1876 ».

415 1899 485 1931 106.
513 1899 613 1939 (Vers.
639 1898 716 1938 aa).
744 1897 778 1930 Et
803 1901 890 1935 nota,
907 1896 992 1938 quod
1008 1895 1047 1928 ad
1071 1896 1286 1938 quaestionem

183 1960 304 1990 nespondet
324 1952 490 1994 respondet
516 1951 678 1983 humiliter
703 1955 734 1983 et
757 1950 929 1992 sapienter;
955 1949 1039 1982 unde
1067 1952 1098 1981 et
1121 1949 1285 1981 subditur:

160 1987 304 2040 Effigffissf‘
327 2006 365 2037 Et
389 2005 436 2037 ait
461 2005 506 2037 ad
530 2005 624 2037 illos:
651 2005 739 2045 Qaid
762 2008 826 2042 est,
852 2003 940 2047 qaod
968 2012 1018 2035 nze
1053 2001 1286 2045 quaerebatis?

325 2059 414 2100 quasi
439 2058 614 2097 absentem,
639 2067 711 2090 cum
735 2067 793 2099 ego
817 2066 918 2090 essem
943 2056 1031 2088 vobis
1055 2063 1217 2097 praesens;
1243 2053 1286 2086 le-

326 2112 442 2144 remiae
477 2111 626 2153 vigesimo
663 2111 796 2144 terti05:
827 2110 986 2143 «Caelum
1023 2112 1055 2142 et
1090 2111 1207 2141 terram
1231 2116 1288 2149 ego

326 2165 439 2206 impleo
456 2177 486 2203 »;
512 2168 543 2197 et
567 2166 626 2197 1106
657 2165 808 2203 ostendit,
833 2164 908 2206 quia
942 2163 1038 2196 Filius
1066 2165 1134 2195 erat
1169 2161 1286 2194 aeterni

328 2218 434 2251 Patris.
454 2218 537 2251 Unde
555 2222 585 2250 et
602 2218 724 2251 subdit:
750 2217 968 2256 Nesciebatis,
985 2217 1067 2260 qaia
1084 2216 1119 2248 in
1137 2214 1188 2248 liis
1204 2224 1289 2258 qaae

328 2272 445 2304 Patris
469 2271 532 2303 mei
554 2276 650 2310 sant,
676 2275 798 2313 oportet
834 2281 883 2303 me
918 2270 1008 2303 esse?
1034 2269 1155 2302 Ioannis
1179 2271 1287 2301 sexto:

332 2339 346 2353 «
361 2325 511 2358 Descendi
535 2325 573 2357 de
590 2326 689 2364 caelo,
707 2335 767 2357 non
785 2328 821 2358 ut
838 2325 946 2357 faciam
964 2324 1288 2360 voluntatemmeam,

328 2379 380 2411 sed
406 2379 598 2411 voluntatem
623 2379 691 2411 eius
714 2379 768 2420 qui
793 2378 877 2411 misit
901 2387 949 2410 me
967 2392 996 2409 ».
1022 2377 1108 2415 Unde
1140 2385 1203 2408 non
1235 2375 1289 2408 de-

328 2432 406 2465 betis
431 2431 558 2470 mirari,
583 2432 607 2463 si
634 2441 688 2463 vos
704 2431 804 2463 dimisi
823 2434 951 2472 propter
969 2431 1090 2463 Patrem
1107 2432 1287 2467 aeternum,

328 2485 402 2527 quia
426 2485 470 2517 sic
494 2484 608 2517 dicitur
633 2486 764 2517 Δ16100111
782 2485 909 2526 quinto:
932 2497 947 2512 «
965 2483 1099 2516 Obedire
1116 2484 1180 2516 Deo
1196 2491 1289 2524 opor—

329 2542 372 2571 tet
397 2538 495 2580 magis
520 2547 615 2580 quam
640 2537 819 2570 hominibus
836 2551 866 2568 n.

1436 308 1507 339 107.
1533 307 1634 348 (Vers.
1660 307 1736 347 50).
1757 308 1791 340 Et
1807 308 1882 350 quia
1898 308 2030 340 verbum
2047 313 2115 341 erat
2129 298 2302 348 occultum,

1344 360 1507 392 subditur:
1526 361 1566 392 Et
1582 360 1649 402 ipsi
1667 370 1734 392 non
1750 360 2021 399 intellexerant&
2042 361 2162 403 primae
2184 362 2223 395 ad
2246 362 2303 395 Co-

1344 412 1478 445 rinthios
1501 413 1659 446 secundo:
1689 426 1704 442 «
1721 413 1909 455 Sapientiam
1927 413 2088 456 loquimur
2104 414 2137 446 in
2153 415 2302 456 mysterio

1343 465 1555 498 absconditam
1577 478 1609 504 »;
1642 469 1673 499 61
1704 466 1818 499 Tobiae
1846 466 2048 499 duodecimo:
2086 479 2101 495 α
2122 467 2304 500 Sacramen-
2457 500 2459 506 ,

1344 521 1412 550 10111
1436 519 1519 560 regis
1534 518 1725 552 abscondere
1741 519 1859 552 bonum
1878 522 1967 552 est».
1993 537 2034 543 -
2056 519 2088 552 10
2105 520 2165 552 hoc
2181 522 2303 560 autem,
2331 527 2373 549 Dat
2385 528 2443 551 nobis

1343 572 1429 614 quod
1452 572 1615 611 Christus,
1639 581 1712 604 cum
1736 574 1902 613 correptus
1926 575 1987 610 est,
2012 581 2045 606 se
2068 573 2230 606 humiliter
2247 582 2304 606 ex·
2326 555 2458 582 exemplans

1343 626 1481 664 cusavit;
1506 629 1537 658 et
1560 634 1633 658 cum
1669 625 1819 657 invitatus
1851 628 1899 658 est
1921 634 1940 657 a
1963 626 2078 663 Matre,
2107 629 2144 658 ut
2167 626 2304 659 miracu-

1344 678 1409 711 lum
1433 678 1563 717 saceret,
1588 677 1748 720 respondit
1771 678 1865 716 dure;
1890 677 1975 710 dedit
2006 677 2096 710 nobis
2119 678 2303 720 exemplum

1343 734 1375 763 et
1409 731 1540 763 formam
1578 731 1782 769 humilitatis,
1814 734 1850 763 ut
1884 730 2030 763 malimus
2061 730 2178 772 corripi
2209 740 2303 773 quam

1344 783 1482 822 laudari;
1519 783 1721 815 Ecclesiastae
1755 782 1927 824 septimo⁷:
1957 795 1973 810 u
1990 782 2099 815 Melius
2133 787 2180 816 est
2211 792 2229 815 a
2257 793 2305 816 sa-

1344 837 1448 879 piente
1471 836 1605 878 corripi,
1629 845 1723 878 quam
1748 836 1919 868 stultorum
1950 835 2128 868 adulatione
2161 836 2305 878 decipi».

1345 891 1443 923 Simul
1460 890 1553 923 etiam
1569 898 1642 922 cum
1659 889 1718 921 hoc
1735 888 1919 927 insinuavit,
1936 888 2019 930 quod
2037 889 2134 930 pietas
2150 889 2188 921 ad
2205 889 2305 922 Deum

1344 942 1549 985 praeferenda
1572 945 1620 975 est
1642 942 1748 983 pietati
1774 944 1920 982 respectu
1944 945 2120 982 parentum.

1437 997 1508 1028 108.
1527 996 1627 1036 (Vers.
1647 996 1723 1035 51.).
1743 994 1918 1026 Sabiaeait
1933 994 2025 1026 etiam
2042 994 2193 1027 Dominus
2206 1004 2305 1036 prae-
2324 1003 2454 1035 suffia-caso,

1345 1048 1498 1090 cipienti;
1522 1051 1650 1089 propter
1675 1047 1760 1088 quod
1790 1046 1955 1078 subditur:
1982 1047 2020 1078 Et
2044 1047 2206 1080 deseendit
2229 1057 2306 1080 cum
2320 1035 2454 1058 ”mmmm

1345 1102 1391 1133 eis
1414 1105 1443 1133 et
1466 1101 1554 1132 venit
1578 1098 1760 1133 Nazareth.
1787 1099 1874 1132 Modo
1898 1099 2060 1141 impletum
2086 1104 2133 1133 est
2157 1100 2235 1133 illud
2250 1101 2307 1133 Ba-

1346 1154 1428 1186 ruch
1452 1153 1585 1185 tertioss:
1615 1167 1629 1181 (ι
1648 1153 1718 1185 Post
1742 1152 1819 1184 haec
1843 1152 1874 1184 in
1900 1152 1993 1184 terris
2009 1152 2096 1185 visus
2112 1156 2159 1185 est
2182 1155 2214 1185 et
2234 1162 2307 1186 cum

1347 1206 1529 1238 hominibus
1560 1209 1764 1238 conversatus
1799 1209 1897 1238 est».
1936 1206 2122 1245 Descendit,
2160 1206 2306 1248 inquam,

1347 1259 1432 1301 quod
1462 1263 1509 1291 est
1541 1259 1665 1300 signum
1698 1258 1940 1296 humiliationis;
1973 1258 2173 1292 Canticorum
2196 1262 2305 1292 sexto:

1352 1326 1368 1341 «ι
1384 1312 1535 1345 Descendi
1559 1312 1590 1344 in
1614 1312 1744 1344 hortum
1767 1320 1889 1350 meum,
1914 1315 1949 1344 ut
1973 1311 2109 1345 viderem
2127 1322 2219 1354 poma
2234 1321 2307 1345 con-

1348 1365 1476 1397 vallium
1494 1378 1524 1403 »,
1550 1364 1581 1396 id
1605 1367 1652 1396 est
1675 1364 1820 1396 humiles.
1851 1377 1866 1392 «
1882 1363 1961 1405 Quia
1984 1365 2129 1397 excelsus
2156 1365 2309 1398 Dominus

1348 1421 1379 1450 et
1403 1418 1535 1450 humilia
1560 1417 1733 1459 respicit»,
1758 1417 1874 1450 scilicet
1897 1417 1935 1449 de
1959 1418 2151 1460 propinquo,
2174 1422 2232 1451 «et
2247 1418 2309 1451 alta

1348 1480 1367 1503 a
1390 1471 1480 1513 longe
1504 1470 1708 1512 cognoscit».
1735 1470 1864 1511 Propter
1893 1470 1977 1512 quod
2008 1474 2039 1503 et
2070 1471 2233 1504 subditur:
2270 1471 2310 1504 Et

1349 1528 1423 1556 erat
1449 1523 1603 1556 subditas
1634 1523 1708 1555 illis.
1746 1523 1966 1555 Bernardus⁹z
2005 1536 2019 1551 «
2037 1524 2140 1565 Quis?
2171 1525 2309 1566 quibus?

1349 1577 1434 1609 Deus
1458 1576 1648 1609 hominibus.
1673 1576 1775 1615 Deus,
1800 1576 1943 1618 inquam,
1972 1585 2004 1609 se
2029 1577 2208 1610 hominibus
2235 1578 2310 1611 sub-

1349 1630 1410 1669 dit3
1436 1633 1466 1662 et
1491 1633 1526 1662 10
1560 1629 1714 1662 dominari
1747 1629 1898 1671 gestiens,
1924 1633 1979 1662 tuo
2010 1633 2040 1662 te
2064 1630 2230 1672 praeponis
2253 1640 2309 1664 au-

1350 1683 1452 1716 ctori?
1487 1683 1615 1724 Quoties
1646 1683 1728 1715 enim
1764 1682 1946 1715 hominibus
1978 1692 2122 1724 praeesse
2149 1683 2310 1722 desidero,

1351 1736 1441 1768 toties
1465 1736 1565 1768 Deum
1589 1744 1694 1768 meum
1729 1736 1852 1778 praeire
1883 1735 2054 1774 contendo,
2090 1739 2126 1768 ut
2150 1736 2211 1769 tale
2234 1737 2311 1770 mihi

1349 1788 1467 1831 aliquid
1491 1788 1642 1821 Dominus
1666 1789 1869 1831 respondeat:
1896 1789 1981 1822 Vade
1993 1793 2070 1831 post
2084 1799 2150 1828 me,
2174 1794 2310 1829 sata-na,

1350 1843 1431 1887 qaia
1454 1851 1521 1873 non
1544 1842 1636 1884 sapis
1653 1852 1737 1885 qaae
1756 1843 1815 1875 Dei
1837 1847 1915 1875 sant
1932 1857 1960 1874 ».
1985 1843 2071 1876 Unde
2095 1852 2169 1876 vere
2190 1846 2312 1885 poterat

1351 1897 1417 1938 ipse
1434 1895 1538 1928 dicere
1555 1895 1632 1927 illud
1650 1896 1768 1937 primae
1784 1896 1823 1928 ad
1839 1896 2018 1929 Corinthios
2035 1905 2117 1929 nono
2132 1896 2175 1928 ¹⁰:
2206 1909 2221 1925 «
2233 1897 2311 1929 Cum

1350 1959 1451 1983 essem
1476 1950 1554 1982 liber
1578 1958 1620 1981 ex
1643 1949 1808 1988 omnibus,
1832 1949 1973 1982 omnium
1989 1958 2040 1982 me
2056 1959 2184 1983 servum
2208 1950 2310 1983 feci».

1352 2003 1388 2035 Et
1411 2011 1467 2035 nos
1490 2001 1638 2034 omnibus
1661 2010 1767 2034 amore
1792 2002 1890 2043 ipsius
1914 2002 2066 2036 debemus
2081 2012 2149 2036 esse
2165 2003 2311 2043 subiecti;

1351 2054 1471 2096 primae
1496 2054 1576 2087 Petri
1601 2054 1755 2086 secundo:
1785 2068 1799 2081 «
1815 2054 1951 2088 Subiecti
1975 2058 2074 2088 estote
2098 2055 2182 2088 011101
2200 2055 2312 2088 huma—

1353 2116 1411 2140 nae
1435 2110 1599 2140 creaturae
1624 2110 1753 2149 propter
1777 2108 1876 2141 Deum
1893 2122 1922 2140 ».

1447 2162 1517 2192 109.
1546 2161 1583 2192 Ει
1607 2160 1712 2192 Mater
1740 2160 1811 2192 eius
1846 2164 1903 2194 ete.
1936 2161 1989 2194 Hic
2023 2161 2213 2194 describitur
2245 2161 2313 2194 eius
2330 2170 2459 2194 necimme-

1353 2213 1570 2256 clarificatio,
1603 2217 1634 2246 et
1666 2214 1725 2247 hoc
1756 2223 1812 2256 per
1844 2215 1921 2254 duo,
1953 2215 2070 2248 scilicet
2101 2224 2157 2257 per
2193 2215 2314 2248 Matris
2337 2199 2459 2253 iigssi'ie‘iffl'ff

1342 2267 1575 2299 testimoniam
1611 2270 1642 2299 et
1677 2276 1733 2308 per
1766 2268 1928 2309 propriae
1964 2268 2101 2301 <virtutis
2139 2268 2312 2302 indiciam.

1353 2321 1512 2362 Quantum
1536 2320 1575 2352 ad
1599 2319 1720 2352 Matris
1745 2320 1965 2353 testimoniam
1989 2321 2122 2354 dicitur:
2148 2322 2188 2354 Et
2209 2321 2314 2354 Mater
2333 2331 2461 2362 111301εὴ1611

1353 2374 1424 2406 eius
1447 2372 1663 2405 conservabat
1687 2373 1800 2405 omnia
1824 2374 1924 2406 verba
1941 2373 2039 2413 llaec,
2057 2379 2093 2407 ut
2117 2384 2174 2417 pro
2199 2375 2266 2408 loco
2284 2379 2314 2407 et
2353 2363 2451 2380 mmmm

1353 2431 1496 2469 tempore
1519 2426 1732 2459 testimonium
1757 2427 1952 2468 perhiberet,
1977 2428 2058 2461 sicut
2081 2428 2155 2461 dicit
2179 2428 2259 2472 Beda
2283 2428 2313 2460 in

1353 2481 1460 2513 Glossa
1475 2481 1509 2512 ¹¹.
1528 2480 1576 2512 Sic
1592 2480 1711 2512 dictum
1728 2483 1775 2512 est
1791 2480 1926 2513 Danielis
1942 2481 2142 2514 duodecimo:
2166 2495 2181 2510 «
2194 2482 2241 2514 Tu
2258 2491 2314 2514 au-

1354 2537 1436 2572 tem,
1461 2532 1579 2570 Daniel,
1604 2532 1713 2565 claude
1738 2532 1854 2565 librum
1878 2537 1908 2565 et
1932 2534 2019 2576 signa
2035 2543 2196 2567 sermones
2212 2543 2314 2576 usque

401 2725 408 2740 ¹
431 2727 505 2751 Vei-s.
524 2727 567 2750 28.
586 2739 620 2745 -—
641 2724 759 2750 Subinde
778 2725 903 2757 allegatur
916 2726 985 2750 toan.
998 2725 1029 2756 7,
1044 2725 1085 2751 15.
1099 2739 1134 2744 -
1148 2725 1237 2751 Glossa
1251 2725 1290 2751 in-

329 2770 500 2797 terlinearis:
522 2771 556 2796 Et
574 2770 704 2801 videntes,
726 2771 789 2800 boc,
809 2768 939 2795 admirati
956 2771 1031 2801 sunt,
1055 2770 1133 2795 Maria
1146 2772 1172 2795 et
1185 2771 1290 2801 loseph,

329 2816 371 2840 vel
390 2816 553 2848 quicumque
572 2814 615 2840 alii
634 2816 683 2840 1106
702 2814 830 2839 videntes.
1121 2813 1132 2828 ²
1152 2815 1228 2840 Vers.
1247 2814 1290 2839 51.

401 2859 412 2873 ¹³
434 2861 507 2885 Vers.
529 2860 571 2885 12.
591 2873 625 2878 ·-
644 2859 768 2891 Sequitur
788 2860 863 2884 Prov.
885 2859 913 2889 6,
933 2860 975 2884 20.

401 2904 412 2918 ⁴
433 2905 505 2930 Vers,
527 2904 551 2930 ll».
574 2907 599 2929 et
619 2905 643 2929 5.

401 2947 412 2962 ⁵
433 2949 506 2974 Vers.
527 2948 569 2974 24.
589 2962 624 2967 -—
644 2949 701 2973 Duo
721 2942 866 2980 seqq.⁰loci
891 2950 951 2973 sunt
974 2948 1043 2973 loen.
1067 2948 1097 2979 6,
1122 2948 1166 2973 38.
1191 2951 1217 2973 et
1235 2947 1292 2972 Act.

331 2995 360 3024 53,
385 2994 428 3019 29.
452 3007 488 3013 --
513 2994 620 3019 Interius
644 3000 693 3025 pro
716 2995 740 3019 et
759 2992 808 3019 hoc
827 2991 940 3018 ostendit
959 2993 980 3017 D
999 2999 1013 3017 a
1033 2992 1147 3018 secunda
1168 2999 1247 3018 manu
1267 2993 1292 3018 et

331 3038 359 3064 in
378 3038 427 3064 hoc
448 3038 515 3069 (Vat.
535 3037 587 3070 hic)
607 3037 728 3064 ostendit.
990 3038 993 3042 '
1074 3039 1078 3043 '

403 3081 414 3095 ⁶
435 3082 545 3114 Vulgata
566 3082 655 3108 addit:
682 3081 809 3113 verbum,
836 3080 908 3115 qaod
933 3080 1038 3107 locatus
1061 3082 1101 3107 est
1125 3080 1161 3106 ad
1185 3087 1237 3106 603.
1256 3094 1291 3101 ·—

332 3127 454 3159 ¹*equitur
474 3128 491 3152 l.
510 3126 569 3153 Cor.
590 3128 620 3157 ,2,
639 3127 664 3157 7;
684 3130 743 3158 post
761 3133 841 3159 quem
863 3125 930 3151 Tob.
950 3125 998 3156 42,
1016 3125 1043 3150 7.
1062 3139 1096 3144 -—
1116 3124 1233 3151 Subinde
1254 3131 1292 3150 re-

332 3171 440 3202 spicitur
459 3172 526 3196 loan.
547 3172 578 3202 2,
600 3171 627 3202 li,
647 3171 692 3196 ubi
713 3172 783 3197 lesus
802 3171 835 3196 ad
854 3170 958 3202 nuptias
976 3169 1000 3194 in
1014 3168 1084 3195 Cana
1098 3172 1207 3194 vocatus
1219 3169 1291 3194 Matri

332 3215 489 3246 respondet:
510 3215 578 3247 Quid
599 3215 661 3241 milii
681 3219 706 3241 et
726 3214 772 3240 tibi
791 3218 841 3246 est,
861 3214 977 3240 muller?
997 3213 1118 3239 Nondum
1137 3213 1209 3238 venit
1228 3214 1291 3238 bora

333 3266 399 3284 inea.
419 3259 471 3285 Csr.
490 3260 601 3291 Bonav.,
621 3259 767 3286 Comment.
787 3259 810 3284 in
831 3260 899 3285 1060.
921 3266 943 3284 6.
965 3261 988 3285 2,
1010 3267 1034 3285 0.
1055 3258 1078 3284 t.
1097 3262 1122 3284 61
1143 3259 1185 3284 17.

404 3301 413 3316 ⁷
435 3304 508 3329 Vers.
531 3305 554 3329 6.
575 3304 623 3330 Csr.
644 3304 780 3336 Ambros„
800 3305 826 3330 ll.
847 3305 871 3330 in
890 3305 951 3330 Luc.
971 3305 996 3329 2.
1016 3311 1041 3329 0.
1062 3303 1105 3329 64.
1124 3310 1179 3336 seq.

405 3346 415 3361 Β
436 3349 508 3374 Vers.
523 3349 564 3374 38.
575 3362 610 3367 —
623 3349 681 3374 Duo
694 3356 768 3381 seqq.
781 3349 830 3374 loci
844 3352 906 3374 sunt
917 3348 991 3374 Cant.
1004 3349 1030 3379 6,
1045 3348 1085 3373 10.
1099 3351 1125 3373 et
1137 3348 1178 3373 rs.
1195 3347 1252 3380 t37,
1267 3348 1291 3372 6.

335 3406 368 3410 —-
388 3392 515 3424 Superius
534 3400 582 3424 pro
602 3391 741 3419 Subiacuit
760 3393 818 3418 Vat.
839 3392 1010 3419 Subieeit-se.

1425 2721 1437 2737 ⁰
1457 2723 1552 2748 llomil.
1573 2722 1595 2747 1.
1616 2728 1695 2753 super
1714 2720 1813 2747 Missas
1833 2722 1879 2751 est,
1899 2728 1924 2746 11.
1943 2721 1968 2746 7.
1988 2724 2013 2747 et
2027 2722 2051 2747 8.
2066 2722 2164 2748 'sextus
2179 2722 2314 2754 originalis

1356 2770 1414 2800 post
1432 2768 1503 2793 Deus
1523 2759 1676 2793 hominibus
1696 2765 1776 2790 multa
1797 2764 1869 2790 addit
1887 2768 1913 2790 61
1931 2765 2010 2790 110601
2030 2765 2173 2791 verborum
2194 2766 2231 2791 sic
2244 2765 2315 2791 611111-

1356 2812 1416 2838 bet:
1435 2812 1505 2837 Deus
1524 2819 1553 2837 se
1572 2810 1748 2837 hominibus...
1763 2809 1884 2835 auctori?
1903 2809 2005 2835 Utinam
2020 2810 2082 2835 milii
2096 2810 2250 2843 aliquando,
2265 2810 2314 2835 tale

1355 2856 1454 2888 aliquid
1473 2855 1613 2887 cogitanti,
1632 2855 1701 2880 Deus
1726 2853 1887 2886 respondere
1915 2853 2053 2884 dignetur,
2077 2854 2150 2886 qnod
2169 2858 2194 2880 et
2213 2862 2261 2880 suo
2280 2855 2315 2880 in-

1355 2900 1488 2932 crepando
1507 2899 1643 2932 respondit
1661 2899 1799 2931 Apostolo:
1833 2896 1917 2929 Vade,
1946 2897 2030 2930 inquit
2057 2897 2158 2931 [Matth.
2187 2899 2234 2931 16,
2254 2898 2314 2932 23],

1351 2946 1415 2978 post
1432 2951 1487 2976 me,
1510 2945 1623 2975 satana,
1644 2943 1709 2977 quia
1728 2949 1783 2969 non
1800 2941 1875 2976 sapis
1894 2949 1926 2968 ea
1945 2949 2013 2975 quae
2041 2941 2090 2968 Dei
2116 2944 2187 2969 sunt.
2208 2943 2315 2975 Quoties

1355 2989 1427 3014 enim
1447 2988 1598 3015 hominibus
1617 2995 1739 3020 praeesse
1757 2987 1893 3019 desidero,
1913 2987 1988 3012 toties
2008 2986 2090 3012 Deum
2106 2994 2193 3013 meum
2214 2987 2315 3019 praeire

1355 3033 1493 3059 contendo.

1427 3078 1449 3093 ¹⁰
1470 3079 1542 3105 Vers.
1565 3080 1605 3104 19.
1624 3092 1659 3097 -
1679 3078 1802 3111 Sequitur
1821 3078 1837 3103 1.
1858 3078 1924 3103 Ρ611.
1944 3077 1974 3108 2,
1995 3077 2035 3101 13.

1427 3122 1448 3137 ¹¹
1470 3124 1572 3149 Scilicet
1584 3122 1727 3149 ordinaria
1740 3122 1896 3155 (secundum
1910 3121 2017 3151 Bedam,
2030 3120 2122 3145 llomil.
2135 3121 2228 3146 Sect.l.
2239 3120 2283 3146 lib.
2298 3122 2315 3146 Ι.

1357 3168 1445 3193 1101011.
1466 3168 1508 3193 12.
1527 3167 1552 3193 in
1566 3167 1699 3192 Dominica
1720 3167 1804 3199 prima
1825 3169 1884 3198 post
1902 3165 2054 3198 Epiphan.):
2074 3164 2166 3190 Omnia
2181 3164 2205 3190 in
2219 3172 2316 3191 memo·

1356 3212 1394 3238 ria
1413 3211 1586 3243 recondebat,
1600 3214 1641 3243 ut,
1654 3212 1762 3244 quando
1776 3214 1880 3243 tempus
1894 3209 2087 3242 praedicandae
2100 3215 2145 3234 seu
2160 3208 2315 3235 scribendae

1356 3256 1538 3283 incarnationis
1557 3256 1613 3282 eius
1632 3256 1782 3287 adveniret,
1801 3255 1958 3281 sufficienter
1977 3253 2114 3284 universa,
2134 3256 2211 3285 prout
2230 3257 2315 3279 essent

1348 3305 1442 3334 gesta,
1461 3304 1550 3334 posset
1568 3301 1697 3333 explicare
1715 3299 1911 3333 quaerentibus.
1924 3313 1960 3318 —
1972 3298 2089 3324 Subinde
2107 3298 2232 3330 allegatur
2247 3298 2314 3324 Dan.

1360 3347 1406 3377 12,
1427 3346 1458 3372 4:
1482 3347 1521 3372 Ta
1540 3346 1645 3377 autem,
1670 3344 1780 3376 Daniel,
1799 3343 1894 3370 obinde
1912 3349 2049 3371 saumones
2068 3344 2094 3369 et
2111 3341 2190 3375 sigma
2214 3336 2322 3368 librani

1356 3398 1440 3425 usque
1459 3394 1507 3416 etc.
