<?xml version="1.0" encoding="UTF-8"?>
<!DOCTYPE html PUBLIC "-//W3C//DTD XHTML 1.0 Transitional//EN"
    "http://www.w3.org/TR/xhtml1/DTD/xhtml1-transitional.dtd">
<html xmlns="http://www.w3.org/1999/xhtml" xml:lang="en" lang="en">
 <head>
  <title>
</title>
<meta http-equiv="Content-Type" content="text/html;charset=utf-8" />
  <meta name='ocr-system' content='tesseract 3.04.00' />
  <meta name='ocr-capabilities' content='ocr_page ocr_carea ocr_par ocr_line ocrx_word'/>
</head>
<body>
  <div class='ocr_page' id='page_1' title='image "./doctorisseraphic07bona_0353.png"; bbox 0 0 2476 3921; ppageno 0'>
   <div class='ocr_carea' id='block_1_1' title="bbox 26 1642 173 1696">
    <p class='ocr_par' dir='ltr' id='par_1_1' title="bbox 26 1642 173 1696">
     <span class='ocr_line' id='line_1_1' title="bbox 26 1642 173 1674; baseline -0.007 -10"><span class='ocrx_word' id='word_1_1' title='bbox 26 1642 128 1674; x_wconf 43' lang='lat' dir='ltr'>§peti-alis</span> <span class='ocrx_word' id='word_1_2' title='bbox 141 1642 173 1663; x_wconf 89' lang='lat' dir='ltr'>in-</span> 
     </span>
     <span class='ocr_line' id='line_1_2' title="bbox 29 1671 173 1696; baseline 0 -6"><span class='ocrx_word' id='word_1_3' title='bbox 29 1671 105 1691; x_wconf 46' lang='lat' dir='ltr'>*vitalio</span> <span class='ocrx_word' id='word_1_4' title='bbox 112 1675 173 1696; x_wconf 86' lang='lat' dir='ltr'>prae-</span> 
     </span>
    </p>
   </div>
   <div class='ocr_carea' id='block_1_2' title="bbox 27 1695 165 1718">
    <p class='ocr_par' dir='ltr' id='par_1_2' title="bbox 27 1695 165 1718">
     <span class='ocr_line' id='line_1_3' title="bbox 27 1695 165 1718; baseline 0 -1"><span class='ocrx_word' id='word_1_5' title='bbox 27 1704 30 1713; x_wconf 75' lang='lat'><strong>»</strong></span> <span class='ocrx_word' id='word_1_6' title='bbox 39 1695 127 1718; x_wconf 81' lang='lat' dir='ltr'>latorum</span> <span class='ocrx_word' id='word_1_7' title='bbox 141 1696 165 1717; x_wconf 84' lang='lat' dir='ltr'>lit</span> 
     </span>
    </p>
   </div>
   <div class='ocr_carea' id='block_1_3' title="bbox 48 1722 167 1751">
    <p class='ocr_par' dir='ltr' id='par_1_3' title="bbox 48 1722 167 1751">
     <span class='ocr_line' id='line_1_4' title="bbox 48 1722 167 1751; baseline 0.008 -7"><span class='ocrx_word' id='word_1_8' title='bbox 48 1722 167 1751; x_wconf 77' lang='lat' dir='ltr'>tripliciter.</span> 
     </span>
    </p>
   </div>
   <div class='ocr_carea' id='block_1_4' title="bbox 30 2015 176 2073">
    <p class='ocr_par' dir='ltr' id='par_1_4' title="bbox 30 2015 171 2070">
     <span class='ocr_line' id='line_1_5' title="bbox 36 2015 171 2037; baseline 0 0"><span class='ocrx_word' id='word_1_9' title='bbox 36 2015 171 2037; x_wconf 79' lang='lat' dir='ltr'>Commenda-</span> 
     </span>
     <span class='ocr_line' id='line_1_6' title="bbox 30 2043 176 2073; baseline 0.022 -11"><span class='ocrx_word' id='word_1_10' title='bbox 30 2044 61 2063; x_wconf 86' lang='lat' dir='ltr'>tur</span> <span class='ocrx_word' id='word_1_11' title='bbox 73 2043 176 2073; x_wconf 80' lang='lat' dir='ltr'>praelato-</span> 
     </span>
    </p>
   </div>
   <div class='ocr_carea' id='block_1_5' title="bbox 786 210 1588 246">
    <p class='ocr_par' dir='ltr' id='par_1_5' title="bbox 786 210 1588 246">
     <span class='ocr_line' id='line_1_7' title="bbox 786 210 1588 246; baseline 0.004 -3"><span class='ocrx_word' id='word_1_12' title='bbox 786 210 980 244; x_wconf 86' lang='lat' dir='ltr'>COMMENT.</span> <span class='ocrx_word' id='word_1_13' title='bbox 1005 211 1043 244; x_wconf 85' lang='grc' dir='ltr'>ΙΝ</span> <span class='ocrx_word' id='word_1_14' title='bbox 1067 211 1305 245; x_wconf 80' lang='lat' dir='ltr'>EVANGELIUM</span> <span class='ocrx_word' id='word_1_15' title='bbox 1329 212 1446 245; x_wconf 74' lang='lat' dir='ltr'>LUCAE</span> <span class='ocrx_word' id='word_1_16' title='bbox 1471 213 1503 245; x_wconf 92' lang='lat' dir='ltr'>C.</span> <span class='ocrx_word' id='word_1_17' title='bbox 1529 214 1588 246; x_wconf 88' lang='lat' dir='ltr'>Xll.</span> 
     </span>
    </p>
   </div>
   <div class='ocr_carea' id='block_1_6' title="bbox 185 299 1159 2056">
    <p class='ocr_par' dir='ltr' id='par_1_6' title="bbox 187 299 1159 1565">
     <span class='ocr_line' id='line_1_8' title="bbox 193 299 1158 344; baseline -0.002 -9"><span class='ocrx_word' id='word_1_18' title='bbox 193 303 246 336; x_wconf 91' lang='lat' dir='ltr'>ille</span> <span class='ocrx_word' id='word_1_19' title='bbox 269 305 419 344; x_wconf 84' lang='lat' dir='ltr'><strong>tanquam</strong></span> <span class='ocrx_word' id='word_1_20' title='bbox 442 301 575 340; x_wconf 83' lang='lat' dir='ltr'>furvos</span> <span class='ocrx_word' id='word_1_21' title='bbox 598 299 844 342; x_wconf 89' lang='lat' dir='ltr'>comprehendat</span> <span class='ocrx_word' id='word_1_22' title='bbox 860 312 890 339; x_wconf 76' lang='lat'>»3</span> <span class='ocrx_word' id='word_1_23' title='bbox 908 303 939 333; x_wconf 91' lang='lat' dir='ltr'>et</span> <span class='ocrx_word' id='word_1_24' title='bbox 957 300 1158 333; x_wconf 86' lang='lat' dir='ltr'>Ecclesiastae</span> 
     </span>
     <span class='ocr_line' id='line_1_9' title="bbox 193 353 1158 395; baseline -0.002 -7"><span class='ocrx_word' id='word_1_25' title='bbox 193 364 294 389; x_wconf 89' lang='lat' dir='ltr'>nono:</span> <span class='ocrx_word' id='word_1_26' title='bbox 323 367 340 383; x_wconf 72' lang='grc' dir='ltr'>α</span> <span class='ocrx_word' id='word_1_27' title='bbox 355 354 460 388; x_wconf 82' lang='lat' dir='ltr'>Nescit</span> <span class='ocrx_word' id='word_1_28' title='bbox 482 354 577 386; x_wconf 90' lang='lat' dir='ltr'>homo</span> <span class='ocrx_word' id='word_1_29' title='bbox 609 353 704 386; x_wconf 86' lang='lat' dir='ltr'>finem</span> <span class='ocrx_word' id='word_1_30' title='bbox 736 362 849 392; x_wconf 91' lang='lat' dir='ltr'>suum,</span> <span class='ocrx_word' id='word_1_31' title='bbox 873 353 927 386; x_wconf 90' lang='lat' dir='ltr'>sed</span> <span class='ocrx_word' id='word_1_32' title='bbox 951 353 1033 386; x_wconf 91' lang='lat' dir='ltr'>sicut</span> <span class='ocrx_word' id='word_1_33' title='bbox 1057 353 1158 395; x_wconf 85' lang='lat' dir='ltr'>pisces</span> 
     </span>
     <span class='ocr_line' id='line_1_10' title="bbox 193 406 1158 451; baseline -0.002 -10"><span class='ocrx_word' id='word_1_34' title='bbox 193 408 364 451; x_wconf 90' lang='lat' dir='ltr'>capiuntur</span> <span class='ocrx_word' id='word_1_35' title='bbox 387 408 498 446; x_wconf 88' lang='lat' dir='ltr'>hamo,</span> <span class='ocrx_word' id='word_1_36' title='bbox 523 407 566 439; x_wconf 89' lang='lat' dir='ltr'>ita</span> <span class='ocrx_word' id='word_1_37' title='bbox 589 406 904 449; x_wconf 90' lang='lat' dir='ltr'>comprehenduntur</span> <span class='ocrx_word' id='word_1_38' title='bbox 920 406 1064 439; x_wconf 89' lang='lat' dir='ltr'>homines</span> <span class='ocrx_word' id='word_1_39' title='bbox 1080 409 1158 439; x_wconf 88' lang='lat' dir='ltr'>tem-</span> 
     </span>
     <span class='ocr_line' id='line_1_11' title="bbox 193 459 1158 504; baseline -0.002 -10"><span class='ocrx_word' id='word_1_40' title='bbox 193 469 270 504; x_wconf 83' lang='lat' dir='ltr'>pore</span> <span class='ocrx_word' id='word_1_41' title='bbox 294 461 377 494; x_wconf 91' lang='lat' dir='ltr'>malo</span> <span class='ocrx_word' id='word_1_42' title='bbox 392 461 424 493; x_wconf 70' lang='lat' dir='ltr'>in.</span> <span class='ocrx_word' id='word_1_43' title='bbox 449 460 498 493; x_wconf 91' lang='lat' dir='ltr'>Sic</span> <span class='ocrx_word' id='word_1_44' title='bbox 520 463 552 493; x_wconf 88' lang='lat' dir='ltr'>et</span> <span class='ocrx_word' id='word_1_45' title='bbox 575 459 619 492; x_wconf 90' lang='lat' dir='ltr'>illi</span> <span class='ocrx_word' id='word_1_46' title='bbox 643 459 698 502; x_wconf 92' lang='lat' dir='ltr'>qui</span> <span class='ocrx_word' id='word_1_47' title='bbox 723 468 786 492; x_wconf 92' lang='lat' dir='ltr'>non</span> <span class='ocrx_word' id='word_1_48' title='bbox 810 468 843 492; x_wconf 87' lang='lat' dir='ltr'>se</span> <span class='ocrx_word' id='word_1_49' title='bbox 866 463 1071 502; x_wconf 88' lang='lat' dir='ltr'>praeparant;</span> <span class='ocrx_word' id='word_1_50' title='bbox 1088 459 1158 492; x_wconf 90' lang='lat' dir='ltr'>ideo</span> 
     </span>
     <span class='ocr_line' id='line_1_12' title="bbox 193 509 1158 556; baseline -0.002 -9"><span class='ocrx_word' id='word_1_51' title='bbox 193 515 309 548; x_wconf 91' lang='lat' dir='ltr'>dicitur</span> <span class='ocrx_word' id='word_1_52' title='bbox 334 513 539 547; x_wconf 86' lang='lat' dir='ltr'>Ecclesiastici</span> <span class='ocrx_word' id='word_1_53' title='bbox 562 509 674 556; x_wconf 82' lang='lat' dir='ltr'>quinto</span> <span class='ocrx_word' id='word_1_54' title='bbox 688 514 717 546; x_wconf 88' lang='lat'>¹:</span> <span class='ocrx_word' id='word_1_55' title='bbox 739 526 756 542; x_wconf 75' lang='grc' dir='ltr'>α</span> <span class='ocrx_word' id='word_1_56' title='bbox 772 513 815 546; x_wconf 90' lang='lat' dir='ltr'>Ne</span> <span class='ocrx_word' id='word_1_57' title='bbox 839 513 945 546; x_wconf 82' lang='lat' dir='ltr'>tardes</span> <span class='ocrx_word' id='word_1_58' title='bbox 961 512 1102 546; x_wconf 87' lang='lat' dir='ltr'>converti</span> <span class='ocrx_word' id='word_1_59' title='bbox 1118 512 1158 545; x_wconf 91' lang='lat' dir='ltr'>ad</span> 
     </span>
     <span class='ocr_line' id='line_1_13' title="bbox 193 566 1157 607; baseline -0.003 -6"><span class='ocrx_word' id='word_1_60' title='bbox 193 568 377 607; x_wconf 90' lang='lat' dir='ltr'>Dominum,</span> <span class='ocrx_word' id='word_1_61' title='bbox 410 571 442 601; x_wconf 90' lang='lat' dir='ltr'>et</span> <span class='ocrx_word' id='word_1_62' title='bbox 476 576 515 601; x_wconf 93' lang='lat' dir='ltr'>ne</span> <span class='ocrx_word' id='word_1_63' title='bbox 545 567 672 600; x_wconf 78' lang='lat' dir='ltr'>differas</span> <span class='ocrx_word' id='word_1_64' title='bbox 699 567 738 600; x_wconf 90' lang='lat' dir='ltr'>de</span> <span class='ocrx_word' id='word_1_65' title='bbox 771 566 822 599; x_wconf 90' lang='lat' dir='ltr'>die</span> <span class='ocrx_word' id='word_1_66' title='bbox 854 567 885 599; x_wconf 93' lang='lat' dir='ltr'>in</span> <span class='ocrx_word' id='word_1_67' title='bbox 921 566 1022 606; x_wconf 80' lang='lat' dir='ltr'>diem3</span> <span class='ocrx_word' id='word_1_68' title='bbox 1052 566 1157 599; x_wconf 84' lang='lat' dir='ltr'>subito</span> 
     </span>
     <span class='ocr_line' id='line_1_14' title="bbox 192 619 1158 662; baseline -0.004 -7"><span class='ocrx_word' id='word_1_69' title='bbox 192 621 277 655; x_wconf 91' lang='lat' dir='ltr'>enim</span> <span class='ocrx_word' id='word_1_70' title='bbox 302 621 406 654; x_wconf 91' lang='lat' dir='ltr'>veniet</span> <span class='ocrx_word' id='word_1_71' title='bbox 428 621 476 654; x_wconf 88' lang='lat' dir='ltr'>ira</span> <span class='ocrx_word' id='word_1_72' title='bbox 499 621 569 654; x_wconf 89' lang='lat' dir='ltr'>eius</span> <span class='ocrx_word' id='word_1_73' title='bbox 584 624 616 654; x_wconf 92' lang='lat' dir='ltr'>et</span> <span class='ocrx_word' id='word_1_74' title='bbox 639 621 670 653; x_wconf 90' lang='lat' dir='ltr'>in</span> <span class='ocrx_word' id='word_1_75' title='bbox 695 624 839 662; x_wconf 89' lang='lat' dir='ltr'>tempore</span> <span class='ocrx_word' id='word_1_76' title='bbox 862 619 1017 652; x_wconf 89' lang='lat' dir='ltr'>vindictae</span> <span class='ocrx_word' id='word_1_77' title='bbox 1036 619 1158 661; x_wconf 90' lang='lat' dir='ltr'>disper-</span> 
     </span>
     <span class='ocr_line' id='line_1_15' title="bbox 192 673 1158 715; baseline -0.003 -7"><span class='ocrx_word' id='word_1_78' title='bbox 192 675 245 708; x_wconf 90' lang='lat' dir='ltr'>det</span> <span class='ocrx_word' id='word_1_79' title='bbox 268 678 299 707; x_wconf 91' lang='lat' dir='ltr'>te</span> <span class='ocrx_word' id='word_1_80' title='bbox 315 687 345 706; x_wconf 70' lang='lat' dir='ltr'>n.</span> <span class='ocrx_word' id='word_1_81' title='bbox 372 674 457 707; x_wconf 90' lang='lat' dir='ltr'>Unde</span> <span class='ocrx_word' id='word_1_82' title='bbox 491 673 685 707; x_wconf 76' lang='lat' dir='ltr'>Alcuinus²z</span> <span class='ocrx_word' id='word_1_83' title='bbox 716 686 731 702; x_wconf 81' lang='grc' dir='ltr'><strong>α</strong></span> <span class='ocrx_word' id='word_1_84' title='bbox 748 673 907 706; x_wconf 83' lang='lat' dir='ltr'>Dissoluta</span> <span class='ocrx_word' id='word_1_85' title='bbox 929 676 978 706; x_wconf 93' lang='lat' dir='ltr'>est</span> <span class='ocrx_word' id='word_1_86' title='bbox 1012 673 1158 715; x_wconf 82' lang='lat' dir='ltr'>cogitatio</span> 
     </span>
     <span class='ocr_line' id='line_1_16' title="bbox 192 726 1159 770; baseline -0.002 -9"><span class='ocrx_word' id='word_1_87' title='bbox 192 728 231 761; x_wconf 88' lang='lat' dir='ltr'>de</span> <span class='ocrx_word' id='word_1_88' title='bbox 255 728 399 761; x_wconf 87' lang='lat' dir='ltr'>crastina·</span> <span class='ocrx_word' id='word_1_89' title='bbox 416 727 621 761; x_wconf 84' lang='lat' dir='ltr'>conversione</span> <span class='ocrx_word' id='word_1_90' title='bbox 645 726 783 770; x_wconf 87' lang='lat' dir='ltr'>cogitare</span> <span class='ocrx_word' id='word_1_91' title='bbox 807 729 839 759; x_wconf 90' lang='lat' dir='ltr'>et</span> <span class='ocrx_word' id='word_1_92' title='bbox 862 726 1046 759; x_wconf 84' lang='lat' dir='ltr'>hodiernam</span> <span class='ocrx_word' id='word_1_93' title='bbox 1063 727 1159 769; x_wconf 87' lang='lat' dir='ltr'>negli-</span> 
     </span>
     <span class='ocr_line' id='line_1_17' title="bbox 192 779 1158 824; baseline -0.002 -10"><span class='ocrx_word' id='word_1_94' title='bbox 192 789 267 824; x_wconf 89' lang='lat' dir='ltr'>gere</span> <span class='ocrx_word' id='word_1_95' title='bbox 283 794 314 813; x_wconf 71' lang='grc' dir='ltr'>ιι.</span> <span class='ocrx_word' id='word_1_96' title='bbox 349 781 385 813; x_wconf 88' lang='lat' dir='ltr'>Et</span> <span class='ocrx_word' id='word_1_97' title='bbox 419 780 580 814; x_wconf 78' lang='lat' dir='ltr'>Seneca⁸:</span> <span class='ocrx_word' id='word_1_98' title='bbox 611 793 626 809; x_wconf 74' lang='grc' dir='ltr'>α</span> <span class='ocrx_word' id='word_1_99' title='bbox 642 780 780 822; x_wconf 82' lang='lat' dir='ltr'>Quilibet</span> <span class='ocrx_word' id='word_1_100' title='bbox 814 779 881 813; x_wconf 91' lang='lat' dir='ltr'>dies</span> <span class='ocrx_word' id='word_1_101' title='bbox 916 779 1000 812; x_wconf 87' lang='lat' dir='ltr'>vitae</span> <span class='ocrx_word' id='word_1_102' title='bbox 1030 783 1158 813; x_wconf 90' lang='lat' dir='ltr'>nostrae</span> 
     </span>
     <span class='ocr_line' id='line_1_18' title="bbox 191 833 1158 876; baseline -0.001 -9"><span class='ocrx_word' id='word_1_103' title='bbox 191 834 386 868; x_wconf 89' lang='lat' dir='ltr'>ordinandus</span> <span class='ocrx_word' id='word_1_104' title='bbox 409 837 458 867; x_wconf 90' lang='lat' dir='ltr'>est</span> <span class='ocrx_word' id='word_1_105' title='bbox 480 834 613 867; x_wconf 89' lang='lat' dir='ltr'>ultimus</span> <span class='ocrx_word' id='word_1_106' title='bbox 629 847 659 866; x_wconf 72' lang='lat' dir='ltr'>n.</span> <span class='ocrx_word' id='word_1_107' title='bbox 685 834 816 876; x_wconf 86' lang='lat' dir='ltr'>Propter</span> <span class='ocrx_word' id='word_1_108' title='bbox 840 833 900 866; x_wconf 90' lang='lat' dir='ltr'>hoc</span> <span class='ocrx_word' id='word_1_109' title='bbox 916 841 1007 876; x_wconf 85' lang='lat' dir='ltr'>ergo,</span> <span class='ocrx_word' id='word_1_110' title='bbox 1023 836 1061 866; x_wconf 89' lang='lat' dir='ltr'>ut</span> <span class='ocrx_word' id='word_1_111' title='bbox 1076 842 1158 866; x_wconf 90' lang='lat' dir='ltr'>sem-</span> 
     </span>
     <span class='ocr_line' id='line_1_19' title="bbox 191 886 1158 930; baseline -0.002 -9"><span class='ocrx_word' id='word_1_112' title='bbox 191 896 249 930; x_wconf 88' lang='lat' dir='ltr'>per</span> <span class='ocrx_word' id='word_1_113' title='bbox 273 888 372 921; x_wconf 82' lang='lat' dir='ltr'>simus</span> <span class='ocrx_word' id='word_1_114' title='bbox 396 887 516 930; x_wconf 89' lang='lat' dir='ltr'>parati,</span> <span class='ocrx_word' id='word_1_115' title='bbox 540 887 641 920; x_wconf 89' lang='lat' dir='ltr'>voluit</span> <span class='ocrx_word' id='word_1_116' title='bbox 664 887 832 926; x_wconf 89' lang='lat' dir='ltr'>Dominus,</span> <span class='ocrx_word' id='word_1_117' title='bbox 857 895 915 920; x_wconf 93' lang='lat' dir='ltr'>nos</span> <span class='ocrx_word' id='word_1_118' title='bbox 937 886 1085 929; x_wconf 87' lang='lat' dir='ltr'>ignorare</span> <span class='ocrx_word' id='word_1_119' title='bbox 1101 887 1158 920; x_wconf 90' lang='lat' dir='ltr'>ho-</span> 
     </span>
     <span class='ocr_line' id='line_1_20' title="bbox 191 940 1158 975; baseline -0.001 -1"><span class='ocrx_word' id='word_1_120' title='bbox 191 951 260 975; x_wconf 87' lang='lat' dir='ltr'>ram</span> <span class='ocrx_word' id='word_1_121' title='bbox 284 941 396 975; x_wconf 90' lang='lat' dir='ltr'>mortis</span> <span class='ocrx_word' id='word_1_122' title='bbox 419 944 451 974; x_wconf 86' lang='lat' dir='ltr'>et</span> <span class='ocrx_word' id='word_1_123' title='bbox 473 941 555 974; x_wconf 87' lang='lat' dir='ltr'>diem</span> <span class='ocrx_word' id='word_1_124' title='bbox 580 940 697 974; x_wconf 90' lang='lat' dir='ltr'>iudicii.</span> <span class='ocrx_word' id='word_1_125' title='bbox 727 953 744 970; x_wconf 74' lang='lat' dir='ltr'>&lt;t</span> <span class='ocrx_word' id='word_1_126' title='bbox 760 940 843 973; x_wconf 88' lang='lat' dir='ltr'>Nihil</span> <span class='ocrx_word' id='word_1_127' title='bbox 866 940 950 973; x_wconf 90' lang='lat' dir='ltr'>enim</span> <span class='ocrx_word' id='word_1_128' title='bbox 974 944 1021 973; x_wconf 89' lang='lat' dir='ltr'>est</span> <span class='ocrx_word' id='word_1_129' title='bbox 1038 941 1158 974; x_wconf 91' lang='lat' dir='ltr'>certius</span> 
     </span>
     <span class='ocr_line' id='line_1_21' title="bbox 190 994 1158 1034; baseline -0.001 -6"><span class='ocrx_word' id='word_1_130' title='bbox 190 999 307 1034; x_wconf 91' lang='lat' dir='ltr'>morte,</span> <span class='ocrx_word' id='word_1_131' title='bbox 332 999 364 1028; x_wconf 89' lang='lat' dir='ltr'>et</span> <span class='ocrx_word' id='word_1_132' title='bbox 394 994 473 1028; x_wconf 89' lang='lat' dir='ltr'>nihil</span> <span class='ocrx_word' id='word_1_133' title='bbox 501 998 549 1027; x_wconf 91' lang='lat' dir='ltr'>est</span> <span class='ocrx_word' id='word_1_134' title='bbox 583 994 736 1027; x_wconf 84' lang='lat' dir='ltr'>incertius</span> <span class='ocrx_word' id='word_1_135' title='bbox 767 994 847 1027; x_wconf 90' lang='lat' dir='ltr'>hora</span> <span class='ocrx_word' id='word_1_136' title='bbox 881 994 1063 1034; x_wconf 75' lang='lat' dir='ltr'>mortis4»;</span> <span class='ocrx_word' id='word_1_137' title='bbox 1088 994 1158 1027; x_wconf 93' lang='lat' dir='ltr'>ideo</span> 
     </span>
     <span class='ocr_line' id='line_1_22' title="bbox 190 1047 1157 1091; baseline -0.002 -9"><span class='ocrx_word' id='word_1_138' title='bbox 190 1048 396 1082; x_wconf 88' lang='lat' dir='ltr'>Ecclesiastici</span> <span class='ocrx_word' id='word_1_139' title='bbox 433 1047 593 1091; x_wconf 85' lang='lat' dir='ltr'>trigesimo</span> <span class='ocrx_word' id='word_1_140' title='bbox 623 1050 752 1081; x_wconf 89' lang='lat' dir='ltr'>octavo:</span> <span class='ocrx_word' id='word_1_141' title='bbox 782 1061 799 1077; x_wconf 71' lang='grc' dir='ltr'><strong>α</strong></span> <span class='ocrx_word' id='word_1_142' title='bbox 814 1048 933 1081; x_wconf 84' lang='lat' dir='ltr'>Memor</span> <span class='ocrx_word' id='word_1_143' title='bbox 956 1051 1023 1081; x_wconf 92' lang='lat' dir='ltr'>esto</span> <span class='ocrx_word' id='word_1_144' title='bbox 1050 1047 1157 1080; x_wconf 89' lang='lat' dir='ltr'>iudicii</span> 
     </span>
     <span class='ocr_line' id='line_1_23' title="bbox 189 1093 1158 1142; baseline -0.001 -7"><span class='ocrx_word' id='word_1_145' title='bbox 189 1102 269 1142; x_wconf 88' lang='lat' dir='ltr'>mei;</span> <span class='ocrx_word' id='word_1_146' title='bbox 293 1102 338 1135; x_wconf 93' lang='lat' dir='ltr'>sic</span> <span class='ocrx_word' id='word_1_147' title='bbox 361 1101 445 1135; x_wconf 92' lang='lat' dir='ltr'>enim</span> <span class='ocrx_word' id='word_1_148' title='bbox 469 1101 530 1135; x_wconf 90' lang='lat' dir='ltr'>erit</span> <span class='ocrx_word' id='word_1_149' title='bbox 553 1104 586 1134; x_wconf 90' lang='lat' dir='ltr'>et</span> <span class='ocrx_word' id='word_1_150' title='bbox 608 1104 720 1134; x_wconf 90' lang='lat' dir='ltr'>tuum:</span> <span class='ocrx_word' id='word_1_151' title='bbox 743 1101 821 1134; x_wconf 92' lang='lat' dir='ltr'>mihi</span> <span class='ocrx_word' id='word_1_152' title='bbox 843 1093 938 1141; x_wconf 83' lang='lat' dir='ltr'>heri,</span> <span class='ocrx_word' id='word_1_153' title='bbox 962 1104 993 1134; x_wconf 92' lang='lat' dir='ltr'>et</span> <span class='ocrx_word' id='word_1_154' title='bbox 1017 1101 1072 1134; x_wconf 87' lang='lat' dir='ltr'>tibi</span> <span class='ocrx_word' id='word_1_155' title='bbox 1102 1101 1158 1134; x_wconf 93' lang='lat' dir='ltr'>ho-</span> 
     </span>
     <span class='ocr_line' id='line_1_24' title="bbox 189 1154 1157 1197; baseline -0.002 -8"><span class='ocrx_word' id='word_1_156' title='bbox 189 1155 240 1189; x_wconf 91' lang='lat' dir='ltr'>die</span> <span class='ocrx_word' id='word_1_157' title='bbox 256 1167 287 1195; x_wconf 77' lang='grc' dir='ltr'>»ς</span> <span class='ocrx_word' id='word_1_158' title='bbox 312 1159 343 1188; x_wconf 90' lang='lat' dir='ltr'>et</span> <span class='ocrx_word' id='word_1_159' title='bbox 365 1154 405 1188; x_wconf 90' lang='lat' dir='ltr'>de</span> <span class='ocrx_word' id='word_1_160' title='bbox 429 1155 535 1188; x_wconf 86' lang='lat' dir='ltr'>iudicii</span> <span class='ocrx_word' id='word_1_161' title='bbox 559 1155 639 1188; x_wconf 90' lang='lat' dir='ltr'>hora</span> <span class='ocrx_word' id='word_1_162' title='bbox 670 1154 788 1188; x_wconf 88' lang='lat' dir='ltr'>dicitur</span> <span class='ocrx_word' id='word_1_163' title='bbox 823 1155 970 1188; x_wconf 83' lang='lat' dir='ltr'>Matthaei</span> <span class='ocrx_word' id='word_1_164' title='bbox 1005 1154 1157 1197; x_wconf 87' lang='lat' dir='ltr'>vigesimo</span> 
     </span>
     <span class='ocr_line' id='line_1_25' title="bbox 189 1208 1156 1252; baseline -0.001 -10"><span class='ocrx_word' id='word_1_165' title='bbox 189 1209 318 1252; x_wconf 88' lang='lat' dir='ltr'>quinto:</span> <span class='ocrx_word' id='word_1_166' title='bbox 348 1209 474 1242; x_wconf 78' lang='lat' dir='ltr'>«Media</span> <span class='ocrx_word' id='word_1_167' title='bbox 497 1212 589 1242; x_wconf 85' lang='lat' dir='ltr'>nocte</span> <span class='ocrx_word' id='word_1_168' title='bbox 612 1209 732 1242; x_wconf 89' lang='lat' dir='ltr'>clamor</span> <span class='ocrx_word' id='word_1_169' title='bbox 755 1208 858 1242; x_wconf 85' lang='lat' dir='ltr'>factus</span> <span class='ocrx_word' id='word_1_170' title='bbox 874 1212 939 1241; x_wconf 89' lang='lat' dir='ltr'>est:</span> <span class='ocrx_word' id='word_1_171' title='bbox 957 1208 1044 1247; x_wconf 92' lang='lat' dir='ltr'>Ecce,</span> <span class='ocrx_word' id='word_1_172' title='bbox 1062 1217 1156 1250; x_wconf 91' lang='lat' dir='ltr'>spon-</span> 
     </span>
     <span class='ocr_line' id='line_1_26' title="bbox 189 1262 1156 1305; baseline -0.003 -8"><span class='ocrx_word' id='word_1_173' title='bbox 189 1272 244 1297; x_wconf 86' lang='lat' dir='ltr'>sus</span> <span class='ocrx_word' id='word_1_174' title='bbox 266 1263 352 1297; x_wconf 87' lang='lat' dir='ltr'>venit</span> <span class='ocrx_word' id='word_1_175' title='bbox 367 1276 399 1303; x_wconf 73' lang='grc' dir='ltr'>»ς</span> <span class='ocrx_word' id='word_1_176' title='bbox 424 1266 455 1296; x_wconf 90' lang='lat' dir='ltr'>et</span> <span class='ocrx_word' id='word_1_177' title='bbox 478 1266 563 1305; x_wconf 89' lang='lat' dir='ltr'>post:</span> <span class='ocrx_word' id='word_1_178' title='bbox 594 1275 610 1292; x_wconf 73' lang='grc' dir='ltr'>ιι</span> <span class='ocrx_word' id='word_1_179' title='bbox 624 1263 712 1304; x_wconf 85' lang='lat' dir='ltr'>Quae</span> <span class='ocrx_word' id='word_1_180' title='bbox 743 1265 872 1304; x_wconf 88' lang='lat' dir='ltr'>paratae</span> <span class='ocrx_word' id='word_1_181' title='bbox 903 1265 994 1295; x_wconf 90' lang='lat' dir='ltr'>erant</span> <span class='ocrx_word' id='word_1_182' title='bbox 1017 1262 1156 1295; x_wconf 89' lang='lat' dir='ltr'>intrave-</span> 
     </span>
     <span class='ocr_line' id='line_1_27' title="bbox 188 1315 1155 1358; baseline -0.002 -8"><span class='ocrx_word' id='word_1_183' title='bbox 188 1320 266 1351; x_wconf 88' lang='lat' dir='ltr'>runt</span> <span class='ocrx_word' id='word_1_184' title='bbox 288 1326 361 1350; x_wconf 91' lang='lat' dir='ltr'>cum</span> <span class='ocrx_word' id='word_1_185' title='bbox 386 1326 423 1350; x_wconf 92' lang='lat' dir='ltr'>eo</span> <span class='ocrx_word' id='word_1_186' title='bbox 446 1316 486 1349; x_wconf 91' lang='lat' dir='ltr'>ad</span> <span class='ocrx_word' id='word_1_187' title='bbox 509 1316 650 1358; x_wconf 88' lang='lat' dir='ltr'>nuptias,</span> <span class='ocrx_word' id='word_1_188' title='bbox 675 1319 707 1349; x_wconf 91' lang='lat' dir='ltr'>et</span> <span class='ocrx_word' id='word_1_189' title='bbox 730 1316 837 1348; x_wconf 84' lang='lat' dir='ltr'>clausa</span> <span class='ocrx_word' id='word_1_190' title='bbox 859 1318 907 1348; x_wconf 90' lang='lat' dir='ltr'>est</span> <span class='ocrx_word' id='word_1_191' title='bbox 923 1315 1060 1348; x_wconf 84' lang='lat' dir='ltr'>ianua».</span> <span class='ocrx_word' id='word_1_192' title='bbox 1078 1315 1155 1348; x_wconf 86' lang='lat' dir='ltr'>Gre-</span> 
     </span>
     <span class='ocr_line' id='line_1_28' title="bbox 188 1368 1155 1413; baseline -0.003 -10"><span class='ocrx_word' id='word_1_193' title='bbox 188 1370 338 1413; x_wconf 75' lang='lat' dir='ltr'>gorius⁶:</span> <span class='ocrx_word' id='word_1_194' title='bbox 369 1383 384 1398; x_wconf 70' lang='lat' dir='ltr'>a</span> <span class='ocrx_word' id='word_1_195' title='bbox 400 1369 427 1402; x_wconf 87' lang='lat'>0</span> <span class='ocrx_word' id='word_1_196' title='bbox 458 1370 484 1402; x_wconf 91' lang='lat' dir='ltr'>si</span> <span class='ocrx_word' id='word_1_197' title='bbox 513 1378 624 1411; x_wconf 85' lang='lat' dir='ltr'>sapere</span> <span class='ocrx_word' id='word_1_198' title='bbox 659 1369 763 1411; x_wconf 91' lang='lat' dir='ltr'>palato</span> <span class='ocrx_word' id='word_1_199' title='bbox 791 1368 895 1401; x_wconf 90' lang='lat' dir='ltr'>cordis</span> <span class='ocrx_word' id='word_1_200' title='bbox 930 1368 1046 1410; x_wconf 86' lang='lat' dir='ltr'>possit,</span> <span class='ocrx_word' id='word_1_201' title='bbox 1079 1368 1155 1410; x_wconf 89' lang='lat' dir='ltr'>quid</span> 
     </span>
     <span class='ocr_line' id='line_1_29' title="bbox 187 1421 1155 1465; baseline -0.003 -8"><span class='ocrx_word' id='word_1_202' title='bbox 187 1423 403 1457; x_wconf 86' lang='lat' dir='ltr'>admirationis</span> <span class='ocrx_word' id='word_1_203' title='bbox 437 1423 534 1456; x_wconf 89' lang='lat' dir='ltr'>habet</span> <span class='ocrx_word' id='word_1_204' title='bbox 560 1422 648 1456; x_wconf 85' lang='lat' dir='ltr'>venit</span> <span class='ocrx_word' id='word_1_205' title='bbox 677 1422 846 1465; x_wconf 77' lang='lat' dir='ltr'>sponsus!</span> <span class='ocrx_word' id='word_1_206' title='bbox 876 1421 952 1464; x_wconf 90' lang='lat' dir='ltr'>quid</span> <span class='ocrx_word' id='word_1_207' title='bbox 981 1421 1155 1455; x_wconf 87' lang='lat' dir='ltr'>dulcedinis</span> 
     </span>
     <span class='ocr_line' id='line_1_30' title="bbox 188 1475 1155 1518; baseline -0.004 -7"><span class='ocrx_word' id='word_1_208' title='bbox 188 1478 402 1511; x_wconf 77' lang='lat' dir='ltr'>intraverunt</span> <span class='ocrx_word' id='word_1_209' title='bbox 423 1486 501 1509; x_wconf 84' lang='lat' dir='ltr'>cum</span> <span class='ocrx_word' id='word_1_210' title='bbox 524 1486 559 1509; x_wconf 92' lang='lat' dir='ltr'>eo</span> <span class='ocrx_word' id='word_1_211' title='bbox 583 1476 630 1509; x_wconf 79' lang='lat' dir='ltr'>ad</span> <span class='ocrx_word' id='word_1_212' title='bbox 651 1475 811 1518; x_wconf 78' lang='lat' dir='ltr'>nuptias!</span> <span class='ocrx_word' id='word_1_213' title='bbox 832 1475 910 1518; x_wconf 91' lang='lat' dir='ltr'>quid</span> <span class='ocrx_word' id='word_1_214' title='bbox 935 1475 1155 1508; x_wconf 84' lang='lat' dir='ltr'>amaritudinis</span> 
     </span>
     <span class='ocr_line' id='line_1_31' title="bbox 188 1529 558 1565; baseline -0.008 0"><span class='ocrx_word' id='word_1_215' title='bbox 188 1531 307 1565; x_wconf 80' lang='lat' dir='ltr'>clausa</span> <span class='ocrx_word' id='word_1_216' title='bbox 330 1534 377 1564; x_wconf 81' lang='lat' dir='ltr'>est</span> <span class='ocrx_word' id='word_1_217' title='bbox 399 1531 508 1563; x_wconf 81' lang='lat' dir='ltr'>ianua</span> <span class='ocrx_word' id='word_1_218' title='bbox 525 1529 558 1562; x_wconf 73' lang='grc' dir='ltr'>»ἱ</span> 
     </span>
    </p>

    <p class='ocr_par' dir='ltr' id='par_1_7' title="bbox 185 1583 1156 1949">
     <span class='ocr_line' id='line_1_32' title="bbox 278 1583 1155 1625; baseline -0.002 -8"><span class='ocrx_word' id='word_1_219' title='bbox 278 1585 331 1617; x_wconf 88' lang='grc'>60.</span> <span class='ocrx_word' id='word_1_220' title='bbox 360 1584 463 1625; x_wconf 89' lang='lat' dir='ltr'>(Vers.</span> <span class='ocrx_word' id='word_1_221' title='bbox 492 1584 571 1625; x_wconf 59' lang='lat' dir='ltr'>lii).</span> <span class='ocrx_word' id='word_1_222' title='bbox 597 1584 656 1616; x_wconf 85' lang='lat' dir='ltr'>Ait</span> <span class='ocrx_word' id='word_1_223' title='bbox 682 1586 794 1615; x_wconf 84' lang='lat' dir='ltr'>autem</span> <span class='ocrx_word' id='word_1_224' title='bbox 826 1583 881 1615; x_wconf 78' lang='lat' dir='ltr'>ei⁰</span> <span class='ocrx_word' id='word_1_225' title='bbox 912 1583 1042 1615; x_wconf 81' lang='lat' dir='ltr'>Petrus.</span> <span class='ocrx_word' id='word_1_226' title='bbox 1069 1583 1155 1615; x_wconf 88' lang='lat' dir='ltr'>Post-</span> 
     </span>
     <span class='ocr_line' id='line_1_33' title="bbox 187 1635 1155 1681; baseline -0.002 -11"><span class='ocrx_word' id='word_1_227' title='bbox 187 1647 283 1681; x_wconf 91' lang='lat' dir='ltr'>quam</span> <span class='ocrx_word' id='word_1_228' title='bbox 306 1637 450 1670; x_wconf 88' lang='lat' dir='ltr'>invitavit</span> <span class='ocrx_word' id='word_1_229' title='bbox 465 1636 504 1670; x_wconf 89' lang='lat' dir='ltr'>ad</span> <span class='ocrx_word' id='word_1_230' title='bbox 527 1635 721 1679; x_wconf 86' lang='lat' dir='ltr'>vigilantiam</span> <span class='ocrx_word' id='word_1_231' title='bbox 743 1644 852 1669; x_wconf 89' lang='lat' dir='ltr'>omnes</span> <span class='ocrx_word' id='word_1_232' title='bbox 877 1636 1085 1678; x_wconf 87' lang='lat' dir='ltr'>generaliter,</span> <span class='ocrx_word' id='word_1_233' title='bbox 1104 1636 1155 1669; x_wconf 89' lang='lat' dir='ltr'>hic</span> 
     </span>
     <span class='ocr_line' id='line_1_34' title="bbox 187 1689 1156 1734; baseline -0.003 -9"><span class='ocrx_word' id='word_1_234' title='bbox 187 1692 300 1725; x_wconf 89' lang='lat' dir='ltr'>invitat</span> <span class='ocrx_word' id='word_1_235' title='bbox 322 1691 492 1734; x_wconf 78' lang='lat' dir='ltr'>praelatos</span> <span class='ocrx_word' id='word_1_236' title='bbox 515 1690 713 1733; x_wconf 77' lang='lat' dir='ltr'>specialiter.</span> <span class='ocrx_word' id='word_1_237' title='bbox 735 1690 826 1731; x_wconf 88' lang='lat' dir='ltr'>Quod</span> <span class='ocrx_word' id='word_1_238' title='bbox 850 1689 978 1732; x_wconf 90' lang='lat' dir='ltr'>quidem</span> <span class='ocrx_word' id='word_1_239' title='bbox 998 1690 1073 1723; x_wconf 87' lang='lat' dir='ltr'>facit</span> <span class='ocrx_word' id='word_1_240' title='bbox 1097 1690 1156 1722; x_wconf 90' lang='lat' dir='ltr'>hoc</span> 
     </span>
     <span class='ocr_line' id='line_1_35' title="bbox 187 1743 1155 1787; baseline -0.004 -8"><span class='ocrx_word' id='word_1_241' title='bbox 187 1746 307 1779; x_wconf 88' lang='lat' dir='ltr'>ordine.</span> <span class='ocrx_word' id='word_1_242' title='bbox 333 1746 438 1778; x_wconf 90' lang='lat' dir='ltr'>Primo</span> <span class='ocrx_word' id='word_1_243' title='bbox 458 1753 597 1787; x_wconf 89' lang='lat' dir='ltr'>namque</span> <span class='ocrx_word' id='word_1_244' title='bbox 621 1744 830 1777; x_wconf 78' lang='lat' dir='ltr'>commendat</span> <span class='ocrx_word' id='word_1_245' title='bbox 848 1743 1085 1786; x_wconf 81' lang='lat' dir='ltr'>praelator-am</span> <span class='ocrx_word' id='word_1_246' title='bbox 1106 1744 1155 1776; x_wconf 83' lang='lat' dir='ltr'>vi-</span> 
     </span>
     <span class='ocr_line' id='line_1_36' title="bbox 185 1797 1156 1842; baseline -0.003 -9"><span class='ocrx_word' id='word_1_247' title='bbox 185 1799 386 1842; x_wconf 57' lang='lat' dir='ltr'>quantiam</span> <span class='ocrx_word' id='word_1_248' title='bbox 403 1798 541 1832; x_wconf 89' lang='lat' dir='ltr'>secundo</span> <span class='ocrx_word' id='word_1_249' title='bbox 557 1798 677 1841; x_wconf 65' lang='lat' dir='ltr'>arguit</span> <span class='ocrx_word' id='word_1_250' title='bbox 692 1797 921 1837; x_wconf 84' lang='lat' dir='ltr'>insolentiam,</span> <span class='ocrx_word' id='word_1_251' title='bbox 939 1797 982 1830; x_wconf 88' lang='lat' dir='ltr'>ibi</span> <span class='ocrx_word' id='word_1_252' title='bbox 996 1797 1007 1817; x_wconf 84' lang='lat'>⁷</span> <span class='ocrx_word' id='word_1_253' title='bbox 1021 1810 1027 1830; x_wconf 92' lang='lat'>:</span> <span class='ocrx_word' id='word_1_254' title='bbox 1046 1798 1156 1839; x_wconf 76' lang='lat' dir='ltr'>Quod—</span> 
     </span>
     <span class='ocr_line' id='line_1_37' title="bbox 187 1851 1156 1895; baseline -0.003 -9"><span class='ocrx_word' id='word_1_255' title='bbox 187 1854 219 1886; x_wconf 85' lang='lat' dir='ltr'>si</span> <span class='ocrx_word' id='word_1_256' title='bbox 240 1853 365 1886; x_wconf 78' lang='lat' dir='ltr'>dixerit</span> <span class='ocrx_word' id='word_1_257' title='bbox 385 1862 503 1886; x_wconf 80' lang='lat' dir='ltr'>servus</span> <span class='ocrx_word' id='word_1_258' title='bbox 518 1852 571 1885; x_wconf 87' lang='lat' dir='ltr'>ille</span> <span class='ocrx_word' id='word_1_259' title='bbox 594 1856 669 1892; x_wconf 88' lang='lat' dir='ltr'>etc.;</span> <span class='ocrx_word' id='word_1_260' title='bbox 687 1852 780 1886; x_wconf 87' lang='lat' dir='ltr'>tertio</span> <span class='ocrx_word' id='word_1_261' title='bbox 805 1855 974 1895; x_wconf 71' lang='lat' dir='ltr'>ayyravat</span> <span class='ocrx_word' id='word_1_262' title='bbox 990 1851 1156 1895; x_wconf 73' lang='lat' dir='ltr'>neyliqen-</span> 
     </span>
     <span class='ocr_line' id='line_1_38' title="bbox 189 1905 1008 1949; baseline -0.002 -9"><span class='ocrx_word' id='word_1_263' title='bbox 189 1907 373 1946; x_wconf 73' lang='lat' dir='ltr'>tiam,&#39;ihi:</span> <span class='ocrx_word' id='word_1_264' title='bbox 391 1906 448 1939; x_wconf 85' lang='lat' dir='ltr'>Ille</span> <span class='ocrx_word' id='word_1_265' title='bbox 471 1910 584 1939; x_wconf 84' lang='lat' dir='ltr'>autem</span> <span class='ocrx_word' id='word_1_266' title='bbox 606 1915 744 1944; x_wconf 73' lang='lat' dir='ltr'>servas,</span> <span class='ocrx_word' id='word_1_267' title='bbox 769 1905 829 1949; x_wconf 81' lang='lat' dir='ltr'>qui</span> <span class='ocrx_word' id='word_1_268' title='bbox 847 1905 1008 1948; x_wconf 68' lang='lat' dir='ltr'>cognovit.</span> 
     </span>
    </p>

    <p class='ocr_par' dir='ltr' id='par_1_8' title="bbox 189 1953 1155 2056">
     <span class='ocr_line' id='line_1_39' title="bbox 280 1953 1155 2002; baseline -0.002 -9"><span class='ocrx_word' id='word_1_269' title='bbox 280 1959 522 1993; x_wconf 78' lang='lat' dir='ltr'>Commendans</span> <span class='ocrx_word' id='word_1_270' title='bbox 542 1962 648 1992; x_wconf 88' lang='lat' dir='ltr'>autem</span> <span class='ocrx_word' id='word_1_271' title='bbox 679 1958 893 2002; x_wconf 65' lang='lat' dir='ltr'>vigilantiam</span> <span class='ocrx_word' id='word_1_272' title='bbox 920 1953 1155 2001; x_wconf 84' lang='lat' dir='ltr'>praelatorum</span> 
     </span>
     <span class='ocr_line' id='line_1_40' title="bbox 189 2012 1155 2056; baseline -0.001 -10"><span class='ocrx_word' id='word_1_273' title='bbox 189 2013 305 2056; x_wconf 86' lang='lat' dir='ltr'>primo</span> <span class='ocrx_word' id='word_1_274' title='bbox 302 2013 513 2046; x_wconf 87' lang='lat' dir='ltr'>commendat</span> <span class='ocrx_word' id='word_1_275' title='bbox 543 2022 612 2046; x_wconf 89' lang='lat' dir='ltr'>eam</span> <span class='ocrx_word' id='word_1_276' title='bbox 644 2016 801 2055; x_wconf 84' lang='lat' dir='ltr'>quantum</span> <span class='ocrx_word' id='word_1_277' title='bbox 832 2012 871 2045; x_wconf 93' lang='lat' dir='ltr'>ad</span> <span class='ocrx_word' id='word_1_278' title='bbox 903 2012 1155 2054; x_wconf 85' lang='lat' dir='ltr'>praerogativam</span> 
     </span>
    </p>
   </div>
   <div class='ocr_carea' id='block_1_7' title="bbox 0 2065 1155 2109">
    <p class='ocr_par' dir='ltr' id='par_1_9' title="bbox 0 2065 1155 2109">
     <span class='ocr_line' id='line_1_41' title="bbox 0 2065 1155 2109; baseline -0.002 -9"><span class='ocrx_word' id='word_1_279' title='bbox 0 2070 3 2085; x_wconf 74' lang='lat'><em>¹</em></span> <span class='ocrx_word' id='word_1_280' title='bbox 29 2074 73 2099; x_wconf 71' lang='grc' dir='ltr'>ΡΙιι</span> <span class='ocrx_word' id='word_1_281' title='bbox 87 2069 175 2096; x_wconf 64' lang='grc' dir='ltr'>’ΨΙΡΡ-</span> <span class='ocrx_word' id='word_1_282' title='bbox 189 2067 316 2106; x_wconf 85' lang='lat' dir='ltr'>meriti;</span> <span class='ocrx_word' id='word_1_283' title='bbox 339 2066 496 2106; x_wconf 89' lang='lat' dir='ltr'>secundo,</span> <span class='ocrx_word' id='word_1_284' title='bbox 521 2070 676 2109; x_wconf 87' lang='lat' dir='ltr'>quantum</span> <span class='ocrx_word' id='word_1_285' title='bbox 701 2065 740 2098; x_wconf 90' lang='lat' dir='ltr'>ad</span> <span class='ocrx_word' id='word_1_286' title='bbox 761 2065 1033 2108; x_wconf 76' lang='lat' dir='ltr'>praecellentiam</span> <span class='ocrx_word' id='word_1_287' title='bbox 1053 2075 1155 2108; x_wconf 86' lang='lat' dir='ltr'>prae-</span> 
     </span>
    </p>
   </div>
   <div class='ocr_carea' id='block_1_8' title="bbox 30 2095 182 2124">
    <p class='ocr_par' dir='ltr' id='par_1_10' title="bbox 30 2095 182 2124">
     <span class='ocr_line' id='line_1_42' title="bbox 30 2095 182 2124; baseline 0.014 -8.101"><span class='ocrx_word' id='word_1_288' title='bbox 30 2095 56 2117; x_wconf 68' lang='lat' dir='ltr'>tia</span> <span class='ocrx_word' id='word_1_289' title='bbox 62 2095 182 2124; x_wconf 78' lang='lat' dir='ltr'>dupliciter.</span> 
     </span>
    </p>
   </div>
   <div class='ocr_carea' id='block_1_9' title="bbox 187 2118 1155 2215">
    <p class='ocr_par' dir='ltr' id='par_1_11' title="bbox 187 2118 1155 2215">
     <span class='ocr_line' id='line_1_43' title="bbox 187 2118 752 2159; baseline -0.004 -6"><span class='ocrx_word' id='word_1_290' title='bbox 187 2120 268 2159; x_wconf 86' lang='lat' dir='ltr'>mii;</span> <span class='ocrx_word' id='word_1_291' title='bbox 291 2120 378 2153; x_wconf 69' lang='lat' dir='ltr'>ihiss:</span> <span class='ocrx_word' id='word_1_292' title='bbox 403 2120 527 2152; x_wconf 81' lang='lat' dir='ltr'>Beatus</span> <span class='ocrx_word' id='word_1_293' title='bbox 550 2118 603 2152; x_wconf 84' lang='lat' dir='ltr'>ille</span> <span class='ocrx_word' id='word_1_294' title='bbox 625 2128 752 2151; x_wconf 73' lang='lat' dir='ltr'>servits.</span> 
     </span>
     <span class='ocr_line' id='line_1_44' title="bbox 277 2172 1155 2215; baseline -0.003 -8"><span class='ocrx_word' id='word_1_295' title='bbox 277 2174 419 2207; x_wconf 89' lang='lat' dir='ltr'>Primum</span> <span class='ocrx_word' id='word_1_296' title='bbox 442 2173 577 2207; x_wconf 91' lang='lat' dir='ltr'>ostendit</span> <span class='ocrx_word' id='word_1_297' title='bbox 600 2173 632 2205; x_wconf 93' lang='lat' dir='ltr'>in</span> <span class='ocrx_word' id='word_1_298' title='bbox 650 2172 868 2215; x_wconf 89' lang='lat' dir='ltr'>respondendo</span> <span class='ocrx_word' id='word_1_299' title='bbox 883 2172 922 2204; x_wconf 92' lang='lat' dir='ltr'>ad</span> <span class='ocrx_word' id='word_1_300' title='bbox 939 2172 1155 2214; x_wconf 89' lang='lat' dir='ltr'>quaestionem</span> 
     </span>
    </p>
   </div>
   <div class='ocr_carea' id='block_1_10' title="bbox 32 2225 1157 2266">
    <p class='ocr_par' dir='ltr' id='par_1_12' title="bbox 32 2225 1157 2266">
     <span class='ocr_line' id='line_1_45' title="bbox 32 2225 1157 2266; baseline -0.001 -9"><span class='ocrx_word' id='word_1_301' title='bbox 32 2228 96 2251; x_wconf 68' lang='lat' dir='ltr'>⁹rim⁰</span> <span class='ocrx_word' id='word_1_302' title='bbox 99 2230 178 2257; x_wconf 73' lang='lat' dir='ltr'>quoad</span> <span class='ocrx_word' id='word_1_303' title='bbox 187 2227 289 2266; x_wconf 86' lang='lat' dir='ltr'>Petri,</span> <span class='ocrx_word' id='word_1_304' title='bbox 304 2236 379 2260; x_wconf 87' lang='lat' dir='ltr'>cum</span> <span class='ocrx_word' id='word_1_305' title='bbox 395 2226 488 2259; x_wconf 92' lang='lat' dir='ltr'>dicit:</span> <span class='ocrx_word' id='word_1_306' title='bbox 507 2226 564 2259; x_wconf 88' lang='lat' dir='ltr'>Ait</span> <span class='ocrx_word' id='word_1_307' title='bbox 587 2231 701 2258; x_wconf 83' lang='lat' dir='ltr'>autem</span> <span class='ocrx_word' id='word_1_308' title='bbox 724 2225 755 2257; x_wconf 90' lang='lat' dir='ltr'>ei</span> <span class='ocrx_word' id='word_1_309' title='bbox 776 2225 918 2257; x_wconf 80' lang='lat' dir='ltr'>Petrus:</span> <span class='ocrx_word' id='word_1_310' title='bbox 937 2225 1092 2264; x_wconf 78' lang='lat' dir='ltr'>Domine,</span> <span class='ocrx_word' id='word_1_311' title='bbox 1110 2225 1157 2257; x_wconf 72' lang='lat' dir='ltr'>act</span> 
     </span>
    </p>
   </div>
   <div class='ocr_carea' id='block_1_11' title="bbox 52 2257 151 2278">
    <p class='ocr_par' dir='ltr' id='par_1_13' title="bbox 52 2257 151 2278">
     <span class='ocr_line' id='line_1_46' title="bbox 52 2257 151 2278; baseline 0.013 -1"><span class='ocrx_word' id='word_1_312' title='bbox 52 2257 151 2278; x_wconf 83' lang='lat' dir='ltr'>meritum</span> 
     </span>
    </p>
   </div>
   <div class='ocr_carea' id='block_1_12' title="bbox 187 2277 1156 2378">
    <p class='ocr_par' dir='ltr' id='par_1_14' title="bbox 187 2277 1156 2378">
     <span class='ocr_line' id='line_1_47' title="bbox 187 2277 1156 2322; baseline -0.003 -8"><span class='ocrx_word' id='word_1_313' title='bbox 187 2291 248 2315; x_wconf 82' lang='lat' dir='ltr'>nos</span> <span class='ocrx_word' id='word_1_314' title='bbox 267 2281 354 2314; x_wconf 83' lang='lat' dir='ltr'>dicis</span> <span class='ocrx_word' id='word_1_315' title='bbox 378 2279 465 2313; x_wconf 76' lang='lat' dir='ltr'>lianc</span> <span class='ocrx_word' id='word_1_316' title='bbox 494 2279 718 2322; x_wconf 86' lang='lat' dir='ltr'>parabolam,</span> <span class='ocrx_word' id='word_1_317' title='bbox 746 2278 818 2310; x_wconf 73' lang='lat' dir='ltr'>an⁹</span> <span class='ocrx_word' id='word_1_318' title='bbox 844 2277 892 2310; x_wconf 88' lang='lat' dir='ltr'>ad</span> <span class='ocrx_word' id='word_1_319' title='bbox 914 2277 1050 2310; x_wconf 78' lang='lat' dir='ltr'>omnes?</span> <span class='ocrx_word' id='word_1_320' title='bbox 1074 2278 1156 2311; x_wconf 87' lang='lat' dir='ltr'>Bene</span> 
     </span>
     <span class='ocr_line' id='line_1_48' title="bbox 188 2331 1154 2378; baseline -0.005 -10"><span class='ocrx_word' id='word_1_321' title='bbox 188 2335 314 2378; x_wconf 89' lang='lat' dir='ltr'>quaerit</span> <span class='ocrx_word' id='word_1_322' title='bbox 329 2337 360 2368; x_wconf 91' lang='lat' dir='ltr'>et</span> <span class='ocrx_word' id='word_1_323' title='bbox 375 2334 512 2373; x_wconf 88' lang='lat' dir='ltr'>utiliter,</span> <span class='ocrx_word' id='word_1_324' title='bbox 537 2336 574 2366; x_wconf 89' lang='lat' dir='ltr'>ut</span> <span class='ocrx_word' id='word_1_325' title='bbox 597 2332 692 2371; x_wconf 86' lang='lat' dir='ltr'>sciat,</span> <span class='ocrx_word' id='word_1_326' title='bbox 717 2332 756 2364; x_wconf 91' lang='lat' dir='ltr'>ad</span> <span class='ocrx_word' id='word_1_327' title='bbox 772 2331 849 2373; x_wconf 90' lang='lat' dir='ltr'>quid</span> <span class='ocrx_word' id='word_1_328' title='bbox 865 2331 978 2364; x_wconf 85' lang='lat' dir='ltr'>debeat</span> <span class='ocrx_word' id='word_1_329' title='bbox 1004 2331 1154 2374; x_wconf 87' lang='lat' dir='ltr'>obligari;</span> 
     </span>
    </p>
   </div>
   <div class='ocr_carea' id='block_1_13' title="bbox 189 2495 1156 2705">
    <p class='ocr_par' dir='ltr' id='par_1_15' title="bbox 259 2495 411 2521">
     <span class='ocr_line' id='line_1_49' title="bbox 259 2495 411 2521; baseline -0.007 0"><span class='ocrx_word' id='word_1_330' title='bbox 259 2495 269 2510; x_wconf 81' lang='lat'>¹</span> <span class='ocrx_word' id='word_1_331' title='bbox 289 2495 365 2521; x_wconf 88' lang='lat' dir='ltr'>Vers.</span> <span class='ocrx_word' id='word_1_332' title='bbox 385 2495 411 2520; x_wconf 87' lang='grc'>8.</span> 
     </span>
    </p>

    <p class='ocr_par' dir='ltr' id='par_1_16' title="bbox 260 2537 833 2569">
     <span class='ocr_line' id='line_1_50' title="bbox 260 2537 833 2569; baseline -0.003 -4"><span class='ocrx_word' id='word_1_333' title='bbox 260 2538 271 2554; x_wconf 77' lang='lat'>²</span> <span class='ocrx_word' id='word_1_334' title='bbox 290 2539 361 2566; x_wconf 89' lang='lat' dir='ltr'>Libr.</span> <span class='ocrx_word' id='word_1_335' title='bbox 380 2539 414 2565; x_wconf 88' lang='lat' dir='ltr'>de</span> <span class='ocrx_word' id='word_1_336' title='bbox 434 2537 581 2565; x_wconf 80' lang='lat' dir='ltr'>Virtutibus</span> <span class='ocrx_word' id='word_1_337' title='bbox 599 2540 625 2564; x_wconf 87' lang='lat' dir='ltr'>et</span> <span class='ocrx_word' id='word_1_338' title='bbox 644 2537 729 2569; x_wconf 86' lang='lat' dir='ltr'>vitiis,</span> <span class='ocrx_word' id='word_1_339' title='bbox 748 2545 771 2564; x_wconf 92' lang='lat' dir='ltr'>c.</span> <span class='ocrx_word' id='word_1_340' title='bbox 792 2537 833 2563; x_wconf 72' lang='lat'>⁴4.</span> 
     </span>
    </p>

    <p class='ocr_par' dir='ltr' id='par_1_17' title="bbox 189 2582 1156 2705">
     <span class='ocr_line' id='line_1_51' title="bbox 259 2582 1155 2616; baseline -0.003 -6"><span class='ocrx_word' id='word_1_341' title='bbox 259 2584 271 2601; x_wconf 84' lang='lat'><strong>³</strong></span> <span class='ocrx_word' id='word_1_342' title='bbox 290 2584 370 2616; x_wconf 87' lang='lat' dir='ltr'>Epist.</span> <span class='ocrx_word' id='word_1_343' title='bbox 391 2584 433 2609; x_wconf 81' lang='lat'>⁴2.</span> <span class='ocrx_word' id='word_1_344' title='bbox 453 2583 468 2616; x_wconf 69' lang='lat' dir='ltr'>S</span> <span class='ocrx_word' id='word_1_345' title='bbox 486 2583 518 2609; x_wconf 81' lang='lat'>7:</span> <span class='ocrx_word' id='word_1_346' title='bbox 538 2584 627 2616; x_wconf 85' lang='lat' dir='ltr'>ltaque</span> <span class='ocrx_word' id='word_1_347' title='bbox 652 2583 689 2608; x_wconf 90' lang='lat' dir='ltr'>sic</span> <span class='ocrx_word' id='word_1_348' title='bbox 715 2582 880 2609; x_wconf 84' lang='lat' dir='ltr'>ordinandus</span> <span class='ocrx_word' id='word_1_349' title='bbox 904 2585 943 2608; x_wconf 86' lang='lat' dir='ltr'>est</span> <span class='ocrx_word' id='word_1_350' title='bbox 971 2583 1027 2609; x_wconf 87' lang='lat' dir='ltr'>dies</span> <span class='ocrx_word' id='word_1_351' title='bbox 1055 2583 1155 2613; x_wconf 84' lang='lat' dir='ltr'>omnis,</span> 
     </span>
     <span class='ocr_line' id='line_1_52' title="bbox 189 2626 1156 2662; baseline -0.003 -7"><span class='ocrx_word' id='word_1_352' title='bbox 189 2631 314 2662; x_wconf 84' lang='lat' dir='ltr'>tanquam</span> <span class='ocrx_word' id='word_1_353' title='bbox 333 2631 412 2660; x_wconf 83' lang='lat' dir='ltr'>cogat</span> <span class='ocrx_word' id='word_1_354' title='bbox 430 2635 528 2660; x_wconf 81' lang='lat' dir='ltr'>agmen</span> <span class='ocrx_word' id='word_1_355' title='bbox 547 2631 573 2653; x_wconf 88' lang='lat' dir='ltr'>et</span> <span class='ocrx_word' id='word_1_356' title='bbox 591 2630 757 2653; x_wconf 87' lang='lat' dir='ltr'>consummet</span> <span class='ocrx_word' id='word_1_357' title='bbox 777 2629 856 2660; x_wconf 88' lang='lat' dir='ltr'>atque</span> <span class='ocrx_word' id='word_1_358' title='bbox 874 2627 975 2659; x_wconf 84' lang='lat' dir='ltr'>expleat</span> <span class='ocrx_word' id='word_1_359' title='bbox 991 2627 1074 2654; x_wconf 86' lang='lat' dir='ltr'>vitam</span> <span class='ocrx_word' id='word_1_360' title='bbox 1097 2626 1156 2659; x_wconf 86' lang='lat' dir='ltr'>(pro</span> 
     </span>
     <span class='ocr_line' id='line_1_53' title="bbox 189 2671 1111 2705; baseline -0.004 -5"><span class='ocrx_word' id='word_1_361' title='bbox 189 2672 359 2700; x_wconf 80' lang='lat' dir='ltr'>ordinandus</span> <span class='ocrx_word' id='word_1_362' title='bbox 380 2673 439 2699; x_wconf 87' lang='lat' dir='ltr'>Vat.</span> <span class='ocrx_word' id='word_1_363' title='bbox 458 2671 623 2705; x_wconf 76' lang='lat' dir='ltr'>ordimcus).</span> <span class='ocrx_word' id='word_1_364' title='bbox 642 2671 695 2698; x_wconf 79' lang='lat' dir='ltr'>Cir.</span> <span class='ocrx_word' id='word_1_365' title='bbox 714 2672 816 2702; x_wconf 64' lang='lat' dir='ltr'>Horat„</span> <span class='ocrx_word' id='word_1_366' title='bbox 835 2672 852 2697; x_wconf 94' lang='grc'>1.</span> <span class='ocrx_word' id='word_1_367' title='bbox 871 2672 952 2704; x_wconf 88' lang='lat' dir='ltr'>Epist.</span> <span class='ocrx_word' id='word_1_368' title='bbox 974 2671 997 2697; x_wconf 78' lang='lat'>⁴.</span> <span class='ocrx_word' id='word_1_369' title='bbox 1017 2679 1042 2697; x_wconf 87' lang='lat' dir='ltr'>v.</span> <span class='ocrx_word' id='word_1_370' title='bbox 1065 2672 1111 2697; x_wconf 84' lang='lat'>⁴3:</span> 
     </span>
    </p>
   </div>
   <div class='ocr_carea' id='block_1_14' title="bbox 332 2761 1024 2794">
    <p class='ocr_par' dir='ltr' id='par_1_18' title="bbox 332 2761 1024 2794">
     <span class='ocr_line' id='line_1_54' title="bbox 332 2761 1024 2794; baseline -0.003 -6"><span class='ocrx_word' id='word_1_371' title='bbox 332 2762 443 2788; x_wconf 87' lang='lat' dir='ltr'>Omnem</span> <span class='ocrx_word' id='word_1_372' title='bbox 462 2762 541 2788; x_wconf 87' lang='lat' dir='ltr'>crede</span> <span class='ocrx_word' id='word_1_373' title='bbox 561 2761 632 2787; x_wconf 90' lang='lat' dir='ltr'>diem</span> <span class='ocrx_word' id='word_1_374' title='bbox 651 2761 697 2787; x_wconf 87' lang='lat' dir='ltr'>tibi</span> <span class='ocrx_word' id='word_1_375' title='bbox 717 2761 841 2788; x_wconf 80' lang='lat' dir='ltr'>diluxisse</span> <span class='ocrx_word' id='word_1_376' title='bbox 859 2768 1024 2794; x_wconf 86' lang='lat' dir='ltr'>supremum.</span> 
     </span>
    </p>
   </div>
   <div class='ocr_carea' id='block_1_15' title="bbox 190 2850 1158 3418">
    <p class='ocr_par' dir='ltr' id='par_1_19' title="bbox 190 2850 1157 3105">
     <span class='ocr_line' id='line_1_55' title="bbox 261 2850 1156 2883; baseline -0.001 -7"><span class='ocrx_word' id='word_1_377' title='bbox 261 2850 273 2865; x_wconf 73' lang='lat'><strong>⁴</strong></span> <span class='ocrx_word' id='word_1_378' title='bbox 292 2852 324 2877; x_wconf 94' lang='lat' dir='ltr'>Ut</span> <span class='ocrx_word' id='word_1_379' title='bbox 343 2851 407 2877; x_wconf 90' lang='lat' dir='ltr'>dicit</span> <span class='ocrx_word' id='word_1_380' title='bbox 424 2851 555 2882; x_wconf 82' lang='lat' dir='ltr'>Anselm.,</span> <span class='ocrx_word' id='word_1_381' title='bbox 574 2851 687 2877; x_wconf 73' lang='lat' dir='ltr'>Meditat.</span> <span class='ocrx_word' id='word_1_382' title='bbox 701 2850 726 2876; x_wconf 86' lang='lat'>7.</span> <span class='ocrx_word' id='word_1_383' title='bbox 740 2858 763 2877; x_wconf 83' lang='lat' dir='ltr'>c.</span> <span class='ocrx_word' id='word_1_384' title='bbox 778 2852 802 2877; x_wconf 87' lang='lat'>⁴.</span> <span class='ocrx_word' id='word_1_385' title='bbox 815 2850 868 2877; x_wconf 79' lang='lat' dir='ltr'>Cl&#39;r.</span> <span class='ocrx_word' id='word_1_386' title='bbox 882 2853 946 2876; x_wconf 90' lang='lat' dir='ltr'>tom.</span> <span class='ocrx_word' id='word_1_387' title='bbox 960 2851 1001 2876; x_wconf 94' lang='lat' dir='ltr'>Vl.</span> <span class='ocrx_word' id='word_1_388' title='bbox 1015 2857 1076 2883; x_wconf 82' lang='lat' dir='ltr'>pag.</span> <span class='ocrx_word' id='word_1_389' title='bbox 1091 2851 1156 2881; x_wconf 83' lang='lat'>588,</span> 
     </span>
     <span class='ocr_line' id='line_1_56' title="bbox 190 2895 1157 2928; baseline -0.001 -7"><span class='ocrx_word' id='word_1_390' title='bbox 190 2898 250 2922; x_wconf 87' lang='lat' dir='ltr'>nota</span> <span class='ocrx_word' id='word_1_391' title='bbox 270 2896 295 2920; x_wconf 84' lang='lat'>9.</span> <span class='ocrx_word' id='word_1_392' title='bbox 315 2909 349 2913; x_wconf 89' lang='lat'>—</span> <span class='ocrx_word' id='word_1_393' title='bbox 369 2896 522 2927; x_wconf 82' lang='lat' dir='ltr'>Smaragd.‚</span> <span class='ocrx_word' id='word_1_394' title='bbox 542 2895 721 2921; x_wconf 86' lang='lat' dir='ltr'>Summarium</span> <span class='ocrx_word' id='word_1_395' title='bbox 741 2896 766 2921; x_wconf 93' lang='lat' dir='ltr'>in</span> <span class='ocrx_word' id='word_1_396' title='bbox 786 2896 866 2928; x_wconf 83' lang='lat' dir='ltr'>Epist.</span> <span class='ocrx_word' id='word_1_397' title='bbox 885 2899 911 2921; x_wconf 90' lang='lat' dir='ltr'>et</span> <span class='ocrx_word' id='word_1_398' title='bbox 930 2896 1054 2928; x_wconf 83' lang='lat' dir='ltr'>Evangel.</span> <span class='ocrx_word' id='word_1_399' title='bbox 1074 2895 1157 2927; x_wconf 84' lang='lat' dir='ltr'>(Sma-</span> 
     </span>
     <span class='ocr_line' id='line_1_57' title="bbox 190 2939 1157 2973; baseline -0.001 -8"><span class='ocrx_word' id='word_1_400' title='bbox 190 2940 275 2972; x_wconf 78' lang='lat' dir='ltr'>ragdo</span> <span class='ocrx_word' id='word_1_401' title='bbox 294 2939 425 2973; x_wconf 83' lang='lat' dir='ltr'>additum)</span> <span class='ocrx_word' id='word_1_402' title='bbox 445 2940 473 2965; x_wconf 89' lang='lat' dir='ltr'>in</span> <span class='ocrx_word' id='word_1_403' title='bbox 492 2940 573 2966; x_wconf 83' lang='lat' dir='ltr'>Natali</span> <span class='ocrx_word' id='word_1_404' title='bbox 593 2941 748 2966; x_wconf 87' lang='lat' dir='ltr'>Sanctorum</span> <span class='ocrx_word' id='word_1_405' title='bbox 774 2940 880 2972; x_wconf 85' lang='lat' dir='ltr'>plurim.</span> <span class='ocrx_word' id='word_1_406' title='bbox 905 2941 1007 2972; x_wconf 83' lang='lat' dir='ltr'>Evang.</span> <span class='ocrx_word' id='word_1_407' title='bbox 1032 2941 1094 2966; x_wconf 87' lang='lat' dir='ltr'>Luc.</span> <span class='ocrx_word' id='word_1_408' title='bbox 1116 2940 1157 2964; x_wconf 81' lang='lat'>⁴2.</span> 
     </span>
     <span class='ocr_line' id='line_1_58' title="bbox 190 2984 1156 3017; baseline -0.001 -7"><span class='ocrx_word' id='word_1_409' title='bbox 190 2992 216 3010; x_wconf 88' lang='lat' dir='ltr'>n.</span> <span class='ocrx_word' id='word_1_410' title='bbox 236 2985 266 3010; x_wconf 87' lang='lat'>3:</span> <span class='ocrx_word' id='word_1_411' title='bbox 286 2984 354 3010; x_wconf 89' lang='lat' dir='ltr'>Mors</span> <span class='ocrx_word' id='word_1_412' title='bbox 372 2987 412 3010; x_wconf 87' lang='lat' dir='ltr'>est</span> <span class='ocrx_word' id='word_1_413' title='bbox 430 2987 515 3015; x_wconf 85' lang='lat' dir='ltr'>certa,</span> <span class='ocrx_word' id='word_1_414' title='bbox 535 2984 632 3010; x_wconf 79' lang='lat' dir='ltr'>incerta</span> <span class='ocrx_word' id='word_1_415' title='bbox 649 2985 720 3016; x_wconf 85' lang='lat' dir='ltr'>dies,</span> <span class='ocrx_word' id='word_1_416' title='bbox 735 2985 857 3011; x_wconf 89' lang='lat' dir='ltr'>incertior</span> <span class='ocrx_word' id='word_1_417' title='bbox 869 2986 947 3017; x_wconf 88' lang='lat' dir='ltr'>hora;</span> <span class='ocrx_word' id='word_1_418' title='bbox 961 2984 1079 3010; x_wconf 87' lang='lat' dir='ltr'>consulat</span> <span class='ocrx_word' id='word_1_419' title='bbox 1092 2990 1156 3016; x_wconf 82' lang='lat' dir='ltr'>crgo</span> 
     </span>
     <span class='ocr_line' id='line_1_59' title="bbox 190 3028 1155 3061; baseline 0 -7"><span class='ocrx_word' id='word_1_420' title='bbox 190 3028 307 3059; x_wconf 86' lang='lat' dir='ltr'>animae,</span> <span class='ocrx_word' id='word_1_421' title='bbox 326 3028 374 3061; x_wconf 90' lang='lat' dir='ltr'>qui</span> <span class='ocrx_word' id='word_1_422' title='bbox 391 3029 460 3060; x_wconf 87' lang='lat' dir='ltr'>sapit</span> <span class='ocrx_word' id='word_1_423' title='bbox 479 3029 533 3060; x_wconf 87' lang='lat' dir='ltr'>ille,</span> <span class='ocrx_word' id='word_1_424' title='bbox 552 3036 623 3055; x_wconf 81' lang='lat' dir='ltr'>suae.</span> <span class='ocrx_word' id='word_1_425' title='bbox 644 3043 679 3048; x_wconf 96' lang='lat'><strong>—</strong></span> <span class='ocrx_word' id='word_1_426' title='bbox 698 3029 817 3055; x_wconf 84' lang='lat' dir='ltr'>Subinde</span> <span class='ocrx_word' id='word_1_427' title='bbox 841 3030 988 3061; x_wconf 75' lang='lat' dir='ltr'>allegantur</span> <span class='ocrx_word' id='word_1_428' title='bbox 1012 3029 1088 3055; x_wconf 86' lang='lat' dir='ltr'>Eccli.</span> <span class='ocrx_word' id='word_1_429' title='bbox 1108 3028 1155 3060; x_wconf 85' lang='lat'>38,</span> 
     </span>
     <span class='ocr_line' id='line_1_60' title="bbox 191 3072 569 3105; baseline 0.005 -8"><span class='ocrx_word' id='word_1_430' title='bbox 191 3073 240 3104; x_wconf 65' lang='lat'>233</span> <span class='ocrx_word' id='word_1_431' title='bbox 259 3072 347 3097; x_wconf 81' lang='lat' dir='ltr'>Matth-</span> <span class='ocrx_word' id='word_1_432' title='bbox 366 3073 416 3105; x_wconf 83' lang='lat'>25,</span> <span class='ocrx_word' id='word_1_433' title='bbox 435 3073 459 3098; x_wconf 87' lang='grc'>6.</span> <span class='ocrx_word' id='word_1_434' title='bbox 479 3075 506 3098; x_wconf 89' lang='lat' dir='ltr'>et</span> <span class='ocrx_word' id='word_1_435' title='bbox 525 3073 569 3099; x_wconf 85' lang='lat'>⁴0.</span> 
     </span>
    </p>

    <p class='ocr_par' dir='ltr' id='par_1_20' title="bbox 191 3115 1158 3286">
     <span class='ocr_line' id='line_1_61' title="bbox 261 3115 1158 3150; baseline 0.002 -8"><span class='ocrx_word' id='word_1_436' title='bbox 261 3115 273 3130; x_wconf 78' lang='lat'>⁵</span> <span class='ocrx_word' id='word_1_437' title='bbox 291 3116 362 3143; x_wconf 90' lang='lat' dir='ltr'>Libr.</span> <span class='ocrx_word' id='word_1_438' title='bbox 381 3118 398 3143; x_wconf 94' lang='grc'>1.</span> <span class='ocrx_word' id='word_1_439' title='bbox 417 3118 513 3144; x_wconf 84' lang='lat' dir='ltr'>Ilomil.</span> <span class='ocrx_word' id='word_1_440' title='bbox 531 3118 559 3144; x_wconf 91' lang='lat' dir='ltr'>in</span> <span class='ocrx_word' id='word_1_441' title='bbox 584 3119 684 3150; x_wconf 81' lang='lat' dir='ltr'>Evang.</span> <span class='ocrx_word' id='word_1_442' title='bbox 710 3118 800 3144; x_wconf 89' lang='lat' dir='ltr'>homil.</span> <span class='ocrx_word' id='word_1_443' title='bbox 820 3119 862 3144; x_wconf 76' lang='lat'>⁴2.</span> <span class='ocrx_word' id='word_1_444' title='bbox 881 3125 908 3144; x_wconf 93' lang='lat' dir='ltr'>n.</span> <span class='ocrx_word' id='word_1_445' title='bbox 929 3118 952 3144; x_wconf 75' lang='lat'>4.</span> <span class='ocrx_word' id='word_1_446' title='bbox 971 3131 1008 3137; x_wconf 90' lang='lat'><em>—</em></span> <span class='ocrx_word' id='word_1_447' title='bbox 1027 3119 1075 3144; x_wconf 83' lang='lat' dir='ltr'>Pro</span> <span class='ocrx_word' id='word_1_448' title='bbox 1095 3118 1158 3144; x_wconf 81' lang='lat' dir='ltr'>Gre-</span> 
     </span>
     <span class='ocr_line' id='line_1_62' title="bbox 191 3161 1158 3196; baseline 0.001 -9"><span class='ocrx_word' id='word_1_449' title='bbox 191 3161 286 3196; x_wconf 68' lang='lat' dir='ltr'>gorius</span> <span class='ocrx_word' id='word_1_450' title='bbox 306 3162 351 3194; x_wconf 87' lang='lat' dir='ltr'>(ita</span> <span class='ocrx_word' id='word_1_451' title='bbox 376 3162 454 3188; x_wconf 86' lang='lat' dir='ltr'>etiam</span> <span class='ocrx_word' id='word_1_452' title='bbox 476 3163 532 3188; x_wconf 88' lang='lat' dir='ltr'>Vat.</span> <span class='ocrx_word' id='word_1_453' title='bbox 557 3165 583 3188; x_wconf 89' lang='lat' dir='ltr'>et</span> <span class='ocrx_word' id='word_1_454' title='bbox 601 3162 680 3189; x_wconf 86' lang='lat' dir='ltr'>Card.</span> <span class='ocrx_word' id='word_1_455' title='bbox 697 3163 787 3196; x_wconf 74' lang='lat' dir='ltr'>nugo)</span> <span class='ocrx_word' id='word_1_456' title='bbox 807 3163 917 3190; x_wconf 85' lang='lat' dir='ltr'>CDFG</span> <span class='ocrx_word' id='word_1_457' title='bbox 936 3162 1110 3196; x_wconf 66' lang='lat' dir='ltr'>Bernartius</span> <span class='ocrx_word' id='word_1_458' title='bbox 1132 3166 1158 3189; x_wconf 86' lang='lat' dir='ltr'>et</span> 
     </span>
     <span class='ocr_line' id='line_1_63' title="bbox 191 3205 1158 3242; baseline 0.002 -10"><span class='ocrx_word' id='word_1_459' title='bbox 191 3206 267 3232; x_wconf 85' lang='lat' dir='ltr'>dein·</span> <span class='ocrx_word' id='word_1_460' title='bbox 288 3205 310 3232; x_wconf 93' lang='grc'>0</span> <span class='ocrx_word' id='word_1_461' title='bbox 328 3205 354 3233; x_wconf 80' lang='lat' dir='ltr'>si</span> <span class='ocrx_word' id='word_1_462' title='bbox 370 3208 478 3240; x_wconf 78' lang='lat' dir='ltr'>saperet</span> <span class='ocrx_word' id='word_1_463' title='bbox 495 3206 587 3241; x_wconf 86' lang='lat' dir='ltr'>[Card.</span> <span class='ocrx_word' id='word_1_464' title='bbox 605 3207 683 3240; x_wconf 82' lang='lat' dir='ltr'>Hugo</span> <span class='ocrx_word' id='word_1_465' title='bbox 696 3207 819 3241; x_wconf 77' lang='lat' dir='ltr'>saperes]</span> <span class='ocrx_word' id='word_1_466' title='bbox 829 3207 924 3242; x_wconf 79' lang='lat' dir='ltr'>palato</span> <span class='ocrx_word' id='word_1_467' title='bbox 938 3202 1059 3271; x_wconf 77' lang='lat' dir='ltr'>[Gregor.</span> <span class='ocrx_word' id='word_1_468' title='bbox 1072 3207 1101 3234; x_wconf 81' lang='lat' dir='ltr'>in</span> <span class='ocrx_word' id='word_1_469' title='bbox 1112 3214 1158 3241; x_wconf 89' lang='lat' dir='ltr'>pa-</span> 
     </span>
     <span class='ocr_line' id='line_1_64' title="bbox 191 3250 793 3286; baseline 0.002 -9"><span class='ocrx_word' id='word_1_470' title='bbox 191 3250 261 3282; x_wconf 87' lang='lat' dir='ltr'>lato</span> <span class='ocrx_word' id='word_1_471' title='bbox 280 3252 301 3276; x_wconf 84' lang='lat' dir='ltr'>A</span> <span class='ocrx_word' id='word_1_472' title='bbox 312 3250 331 3277; x_wconf 90' lang='lat' dir='ltr'>C</span> <span class='ocrx_word' id='word_1_473' title='bbox 342 3251 364 3277; x_wconf 90' lang='lat' dir='ltr'>D</span> <span class='ocrx_word' id='word_1_474' title='bbox 378 3250 516 3286; x_wconf 76' lang='lat' dir='ltr'>palatum]</span> <span class='ocrx_word' id='word_1_475' title='bbox 536 3251 640 3284; x_wconf 70' lang='lat' dir='ltr'>cordis,</span> <span class='ocrx_word' id='word_1_476' title='bbox 660 3251 726 3286; x_wconf 78' lang='lat' dir='ltr'>quid</span> <span class='ocrx_word' id='word_1_477' title='bbox 743 3255 793 3278; x_wconf 86' lang='lat' dir='ltr'>etc..</span> 
     </span>
    </p>

    <p class='ocr_par' dir='ltr' id='par_1_21' title="bbox 262 3293 1109 3330">
     <span class='ocr_line' id='line_1_65' title="bbox 262 3293 1109 3330; baseline 0.002 -9"><span class='ocrx_word' id='word_1_478' title='bbox 262 3293 273 3309; x_wconf 81' lang='lat'><strong>⁰</strong></span> <span class='ocrx_word' id='word_1_479' title='bbox 292 3295 377 3321; x_wconf 84' lang='lat' dir='ltr'>Codd.</span> <span class='ocrx_word' id='word_1_480' title='bbox 395 3296 438 3321; x_wconf 90' lang='lat' dir='ltr'>hic</span> <span class='ocrx_word' id='word_1_481' title='bbox 457 3299 483 3322; x_wconf 87' lang='lat' dir='ltr'>et</span> <span class='ocrx_word' id='word_1_482' title='bbox 500 3296 633 3330; x_wconf 87' lang='lat' dir='ltr'>aliquanto</span> <span class='ocrx_word' id='word_1_483' title='bbox 651 3296 760 3323; x_wconf 81' lang='lat' dir='ltr'>interius</span> <span class='ocrx_word' id='word_1_484' title='bbox 778 3296 835 3329; x_wconf 60' lang='grc' dir='ltr'>Μ’,-</span> <span class='ocrx_word' id='word_1_485' title='bbox 854 3298 901 3323; x_wconf 77' lang='lat' dir='ltr'>cfr.</span> <span class='ocrx_word' id='word_1_486' title='bbox 922 3304 1003 3330; x_wconf 81' lang='lat' dir='ltr'>supra</span> <span class='ocrx_word' id='word_1_487' title='bbox 1022 3304 1046 3323; x_wconf 89' lang='lat' dir='ltr'>n.</span> <span class='ocrx_word' id='word_1_488' title='bbox 1067 3296 1109 3323; x_wconf 69' lang='grc'>49.</span> 
     </span>
    </p>

    <p class='ocr_par' dir='ltr' id='par_1_22' title="bbox 263 3337 717 3372">
     <span class='ocr_line' id='line_1_66' title="bbox 263 3337 717 3372; baseline 0.007 -8"><span class='ocrx_word' id='word_1_489' title='bbox 263 3337 273 3353; x_wconf 84' lang='lat'>⁷</span> <span class='ocrx_word' id='word_1_490' title='bbox 294 3339 370 3365; x_wconf 85' lang='lat' dir='ltr'>Vei-s.</span> <span class='ocrx_word' id='word_1_491' title='bbox 390 3340 438 3372; x_wconf 80' lang='grc'>45,</span> <span class='ocrx_word' id='word_1_492' title='bbox 458 3343 484 3366; x_wconf 86' lang='lat' dir='ltr'>et</span> <span class='ocrx_word' id='word_1_493' title='bbox 503 3341 607 3367; x_wconf 89' lang='lat' dir='ltr'>tertium</span> <span class='ocrx_word' id='word_1_494' title='bbox 627 3348 654 3367; x_wconf 88' lang='lat' dir='ltr'>v.</span> <span class='ocrx_word' id='word_1_495' title='bbox 674 3341 717 3367; x_wconf 78' lang='lat'>47.</span> 
     </span>
    </p>

    <p class='ocr_par' dir='ltr' id='par_1_23' title="bbox 263 3381 1157 3418">
     <span class='ocr_line' id='line_1_67' title="bbox 263 3381 1157 3418; baseline 0.002 -9"><span class='ocrx_word' id='word_1_496' title='bbox 263 3381 273 3397; x_wconf 80' lang='lat'>⁸</span> <span class='ocrx_word' id='word_1_497' title='bbox 294 3384 369 3410; x_wconf 87' lang='lat' dir='ltr'>Vcrs.</span> <span class='ocrx_word' id='word_1_498' title='bbox 388 3384 430 3410; x_wconf 80' lang='grc'>43.</span> <span class='ocrx_word' id='word_1_499' title='bbox 451 3385 485 3411; x_wconf 85' lang='lat' dir='ltr'>lta</span> <span class='ocrx_word' id='word_1_500' title='bbox 505 3387 540 3417; x_wconf 88' lang='lat' dir='ltr'>A,</span> <span class='ocrx_word' id='word_1_501' title='bbox 564 3386 607 3411; x_wconf 86' lang='lat' dir='ltr'>alii</span> <span class='ocrx_word' id='word_1_502' title='bbox 635 3386 714 3412; x_wconf 87' lang='lat' dir='ltr'>codd.</span> <span class='ocrx_word' id='word_1_503' title='bbox 742 3389 768 3412; x_wconf 86' lang='lat' dir='ltr'>et</span> <span class='ocrx_word' id='word_1_504' title='bbox 793 3386 851 3413; x_wconf 79' lang='lat' dir='ltr'>vat.</span> <span class='ocrx_word' id='word_1_505' title='bbox 880 3387 947 3412; x_wconf 86' lang='lat' dir='ltr'>hanc</span> <span class='ocrx_word' id='word_1_506' title='bbox 973 3386 1157 3418; x_wconf 75' lang='lat' dir='ltr'>allegationem</span> 
     </span>
    </p>
   </div>
   <div class='ocr_carea' id='block_1_16' title="bbox 1201 1583 1721 1626">
    <p class='ocr_par' dir='ltr' id='par_1_24' title="bbox 1201 1583 1721 1626">
     <span class='ocr_line' id='line_1_68' title="bbox 1201 1583 1721 1626; baseline 0.002 -11"><span class='ocrx_word' id='word_1_507' title='bbox 1201 1583 1259 1625; x_wconf 51' lang='lat' dir='ltr'>,ad</span> <span class='ocrx_word' id='word_1_508' title='bbox 1282 1587 1416 1616; x_wconf 88' lang='lat' dir='ltr'>mortem</span> <span class='ocrx_word' id='word_1_509' title='bbox 1434 1596 1464 1615; x_wconf 86' lang='lat'>&gt;›.</span> <span class='ocrx_word' id='word_1_510' title='bbox 1491 1584 1531 1616; x_wconf 87' lang='lat' dir='ltr'>Et</span> <span class='ocrx_word' id='word_1_511' title='bbox 1552 1583 1721 1626; x_wconf 79' lang='lat' dir='ltr'>prudens,</span> 
     </span>
    </p>
   </div>
   <div class='ocr_carea' id='block_1_17' title="bbox 2121 217 2185 250">
    <p class='ocr_par' dir='ltr' id='par_1_25' title="bbox 2121 217 2185 250">
     <span class='ocr_line' id='line_1_69' title="bbox 2121 217 2185 250; baseline -0.016 0"><span class='ocrx_word' id='word_1_512' title='bbox 2121 217 2185 250; x_wconf 75' lang='lat'>3⁰27</span> 
     </span>
    </p>
   </div>
   <div class='ocr_carea' id='block_1_18' title="bbox 1222 300 2187 610">
    <p class='ocr_par' dir='ltr' id='par_1_26' title="bbox 1222 300 2187 610">
     <span class='ocr_line' id='line_1_70' title="bbox 1223 300 2185 347; baseline 0.005 -14"><span class='ocrx_word' id='word_1_513' title='bbox 1223 300 1307 333; x_wconf 91' lang='lat' dir='ltr'>unde</span> <span class='ocrx_word' id='word_1_514' title='bbox 1324 301 1528 334; x_wconf 86' lang='lat' dir='ltr'>Ecclesiastici</span> <span class='ocrx_word' id='word_1_515' title='bbox 1547 303 1656 335; x_wconf 86' lang='lat' dir='ltr'>tertio:</span> <span class='ocrx_word' id='word_1_516' title='bbox 1687 316 1703 332; x_wconf 74' lang='grc' dir='ltr'><strong>α</strong></span> <span class='ocrx_word' id='word_1_517' title='bbox 1719 304 1804 345; x_wconf 89' lang='lat' dir='ltr'>Quae</span> <span class='ocrx_word' id='word_1_518' title='bbox 1829 305 1982 347; x_wconf 85' lang='lat' dir='ltr'>praecipit</span> <span class='ocrx_word' id='word_1_519' title='bbox 2014 306 2067 338; x_wconf 86' lang='lat' dir='ltr'>tihi</span> <span class='ocrx_word' id='word_1_520' title='bbox 2086 306 2185 344; x_wconf 88' lang='lat' dir='ltr'>Deus,</span> 
     </span>
     <span class='ocr_line' id='line_1_71' title="bbox 1223 353 2185 396; baseline 0.005 -11"><span class='ocrx_word' id='word_1_521' title='bbox 1223 353 1276 386; x_wconf 91' lang='lat' dir='ltr'>illa</span> <span class='ocrx_word' id='word_1_522' title='bbox 1307 354 1409 396; x_wconf 88' lang='lat' dir='ltr'>cogita</span> <span class='ocrx_word' id='word_1_523' title='bbox 1431 363 1555 396; x_wconf 85' lang='lat' dir='ltr'>semper</span> <span class='ocrx_word' id='word_1_524' title='bbox 1573 368 1603 394; x_wconf 76' lang='grc' dir='ltr'>»ς</span> <span class='ocrx_word' id='word_1_525' title='bbox 1629 359 1659 388; x_wconf 89' lang='lat' dir='ltr'>et</span> <span class='ocrx_word' id='word_1_526' title='bbox 1684 357 1823 389; x_wconf 88' lang='lat' dir='ltr'>maxime</span> <span class='ocrx_word' id='word_1_527' title='bbox 1848 357 1899 389; x_wconf 90' lang='lat' dir='ltr'>illa</span> <span class='ocrx_word' id='word_1_528' title='bbox 1923 362 1998 390; x_wconf 90' lang='lat' dir='ltr'>sunt</span> <span class='ocrx_word' id='word_1_529' title='bbox 2021 358 2185 396; x_wconf 74' lang='lat' dir='ltr'>discenda,</span> 
     </span>
     <span class='ocr_line' id='line_1_72' title="bbox 1222 408 2185 453; baseline 0.006 -15"><span class='ocrx_word' id='word_1_530' title='bbox 1222 415 1305 448; x_wconf 89' lang='lat' dir='ltr'>quae</span> <span class='ocrx_word' id='word_1_531' title='bbox 1340 410 1415 439; x_wconf 90' lang='lat' dir='ltr'>sunt</span> <span class='ocrx_word' id='word_1_532' title='bbox 1446 408 1624 449; x_wconf 85' lang='lat' dir='ltr'>parabolice</span> <span class='ocrx_word' id='word_1_533' title='bbox 1650 409 1755 448; x_wconf 86' lang='lat' dir='ltr'>dicta;</span> <span class='ocrx_word' id='word_1_534' title='bbox 1789 410 2185 453; x_wconf 76' lang='lat' dir='ltr'>proverbiorum-primo:</span> 
     </span>
     <span class='ocr_line' id='line_1_73' title="bbox 1227 460 2187 506; baseline 0.005 -14"><span class='ocrx_word' id='word_1_535' title='bbox 1227 460 1392 493; x_wconf 69' lang='lat' dir='ltr'>«Audiens</span> <span class='ocrx_word' id='word_1_536' title='bbox 1408 461 1532 502; x_wconf 89' lang='lat' dir='ltr'>sapiens</span> <span class='ocrx_word' id='word_1_537' title='bbox 1543 487 1550 499; x_wconf 94' lang='lat'>‚</span> <span class='ocrx_word' id='word_1_538' title='bbox 1567 462 1737 503; x_wconf 88' lang='lat' dir='ltr'>sapientior</span> <span class='ocrx_word' id='word_1_539' title='bbox 1753 463 1823 495; x_wconf 91' lang='lat' dir='ltr'>erit.</span> <span class='ocrx_word' id='word_1_540' title='bbox 1842 464 2073 497; x_wconf 81' lang='lat' dir='ltr'>Animadvertet</span> <span class='ocrx_word' id='word_1_541' title='bbox 2097 474 2187 506; x_wconf 90' lang='lat' dir='ltr'>para-</span> 
     </span>
     <span class='ocr_line' id='line_1_74' title="bbox 1222 510 2186 558; baseline 0.006 -13"><span class='ocrx_word' id='word_1_542' title='bbox 1222 513 1310 546; x_wconf 86' lang='lat' dir='ltr'>bolas</span> <span class='ocrx_word' id='word_1_543' title='bbox 1340 516 1372 546; x_wconf 91' lang='lat' dir='ltr'>et</span> <span class='ocrx_word' id='word_1_544' title='bbox 1403 513 1709 556; x_wconf 85' lang='lat' dir='ltr'>interpretationem,</span> <span class='ocrx_word' id='word_1_545' title='bbox 1736 516 1832 548; x_wconf 88' lang='lat' dir='ltr'>verba</span> <span class='ocrx_word' id='word_1_546' title='bbox 1865 510 2040 558; x_wconf 77' lang='lat' dir='ltr'>sapientum</span> <span class='ocrx_word' id='word_1_547' title='bbox 2076 521 2107 550; x_wconf 87' lang='lat' dir='ltr'>et</span> <span class='ocrx_word' id='word_1_548' title='bbox 2135 527 2186 551; x_wconf 89' lang='lat' dir='ltr'>ae-</span> 
     </span>
     <span class='ocr_line' id='line_1_75' title="bbox 1222 567 1544 610; baseline 0.003 -11"><span class='ocrx_word' id='word_1_549' title='bbox 1222 567 1363 610; x_wconf 87' lang='lat' dir='ltr'>nigmata</span> <span class='ocrx_word' id='word_1_550' title='bbox 1385 576 1496 600; x_wconf 90' lang='lat' dir='ltr'>eorum</span> <span class='ocrx_word' id='word_1_551' title='bbox 1515 582 1544 600; x_wconf 73' lang='lat' dir='ltr'>n.</span> 
     </span>
    </p>
   </div>
   <div class='ocr_carea' id='block_1_19' title="bbox 1313 621 2351 665">
    <p class='ocr_par' dir='ltr' id='par_1_27' title="bbox 1313 621 2351 665">
     <span class='ocr_line' id='line_1_76' title="bbox 1313 621 2351 665; baseline 0.005 -12"><span class='ocrx_word' id='word_1_552' title='bbox 1313 621 1365 653; x_wconf 82' lang='lat'>61.</span> <span class='ocrx_word' id='word_1_553' title='bbox 1399 621 1500 661; x_wconf 92' lang='lat' dir='ltr'>(Vers.</span> <span class='ocrx_word' id='word_1_554' title='bbox 1533 621 1611 663; x_wconf 69' lang='grc'>42).</span> <span class='ocrx_word' id='word_1_555' title='bbox 1646 622 1722 655; x_wconf 87' lang='lat' dir='ltr'>Huic</span> <span class='ocrx_word' id='word_1_556' title='bbox 1753 626 1859 655; x_wconf 90' lang='lat' dir='ltr'>autem</span> <span class='ocrx_word' id='word_1_557' title='bbox 1896 624 2070 665; x_wconf 83' lang='lat' dir='ltr'>quaestioni</span> <span class='ocrx_word' id='word_1_558' title='bbox 2105 625 2351 658; x_wconf 69' lang='lat' dir='ltr'>Petrinespousioad</span> 
     </span>
    </p>
   </div>
   <div class='ocr_carea' id='block_1_20' title="bbox 1218 674 2188 2374">
    <p class='ocr_par' dir='ltr' id='par_1_28' title="bbox 1218 674 2187 1840">
     <span class='ocr_line' id='line_1_77' title="bbox 1222 674 2185 719; baseline 0.004 -13"><span class='ocrx_word' id='word_1_559' title='bbox 1222 674 1486 717; x_wconf 83' lang='lat' dir='ltr'>superficietenus</span> <span class='ocrx_word' id='word_1_560' title='bbox 1509 684 1571 707; x_wconf 91' lang='lat' dir='ltr'>non</span> <span class='ocrx_word' id='word_1_561' title='bbox 1596 675 1721 708; x_wconf 90' lang='lat' dir='ltr'>videtur</span> <span class='ocrx_word' id='word_1_562' title='bbox 1738 676 1889 709; x_wconf 86' lang='lat' dir='ltr'>Dominus</span> <span class='ocrx_word' id='word_1_563' title='bbox 1907 678 2114 719; x_wconf 87' lang='lat' dir='ltr'>respondere;</span> <span class='ocrx_word' id='word_1_564' title='bbox 2132 678 2185 711; x_wconf 89' lang='lat' dir='ltr'>sed</span> 
     </span>
     <span class='ocr_line' id='line_1_78' title="bbox 1223 728 2186 772; baseline 0.003 -12"><span class='ocrx_word' id='word_1_565' title='bbox 1223 728 1247 760; x_wconf 90' lang='lat' dir='ltr'>si</span> <span class='ocrx_word' id='word_1_566' title='bbox 1273 728 1462 770; x_wconf 85' lang='lat' dir='ltr'>profundius</span> <span class='ocrx_word' id='word_1_567' title='bbox 1495 728 1694 768; x_wconf 88' lang='lat' dir='ltr'>attendatur,</span> <span class='ocrx_word' id='word_1_568' title='bbox 1727 730 1895 771; x_wconf 87' lang='lat' dir='ltr'>respondet</span> <span class='ocrx_word' id='word_1_569' title='bbox 1931 730 2086 772; x_wconf 72' lang='lat' dir='ltr'>perfecte,</span> <span class='ocrx_word' id='word_1_570' title='bbox 2111 731 2186 763; x_wconf 89' lang='lat' dir='ltr'>insi-</span> 
     </span>
     <span class='ocr_line' id='line_1_79' title="bbox 1223 782 2186 826; baseline 0.003 -12"><span class='ocrx_word' id='word_1_571' title='bbox 1223 790 1340 821; x_wconf 88' lang='lat' dir='ltr'>nuans,</span> <span class='ocrx_word' id='word_1_572' title='bbox 1365 782 1450 824; x_wconf 91' lang='lat' dir='ltr'>quod</span> <span class='ocrx_word' id='word_1_573' title='bbox 1473 782 1633 824; x_wconf 83' lang='lat' dir='ltr'>praedicta</span> <span class='ocrx_word' id='word_1_574' title='bbox 1657 783 1805 824; x_wconf 88' lang='lat' dir='ltr'>parabola</span> <span class='ocrx_word' id='word_1_575' title='bbox 1828 783 1867 816; x_wconf 89' lang='lat' dir='ltr'>de</span> <span class='ocrx_word' id='word_1_576' title='bbox 1892 784 2050 826; x_wconf 84' lang='lat' dir='ltr'>vigilantia</span> <span class='ocrx_word' id='word_1_577' title='bbox 2067 788 2186 826; x_wconf 81' lang='lat' dir='ltr'>spectat</span> 
     </span>
     <span class='ocr_line' id='line_1_80' title="bbox 1222 835 2186 879; baseline 0.002 -12"><span class='ocrx_word' id='word_1_578' title='bbox 1222 835 1443 868; x_wconf 76' lang='lat' dir='ltr'>communiter</span> <span class='ocrx_word' id='word_1_579' title='bbox 1466 835 1513 867; x_wconf 62' lang='lat' dir='ltr'>all</span> <span class='ocrx_word' id='word_1_580' title='bbox 1535 836 1727 875; x_wconf 69' lang='lat' dir='ltr'>anivers-03,</span> <span class='ocrx_word' id='word_1_581' title='bbox 1752 836 1807 869; x_wconf 91' lang='lat' dir='ltr'>sed</span> <span class='ocrx_word' id='word_1_582' title='bbox 1823 837 2012 879; x_wconf 72' lang='lat' dir='ltr'>specialiter</span> <span class='ocrx_word' id='word_1_583' title='bbox 2028 837 2074 869; x_wconf 72' lang='lat' dir='ltr'>acl</span> <span class='ocrx_word' id='word_1_584' title='bbox 2086 846 2186 879; x_wconf 86' lang='lat' dir='ltr'>prae-</span> 
     </span>
     <span class='ocr_line' id='line_1_81' title="bbox 1222 888 2187 932; baseline 0.003 -12"><span class='ocrx_word' id='word_1_585' title='bbox 1222 888 1322 927; x_wconf 77' lang='lat' dir='ltr'>latos,</span> <span class='ocrx_word' id='word_1_586' title='bbox 1339 896 1412 921; x_wconf 92' lang='lat' dir='ltr'>cum</span> <span class='ocrx_word' id='word_1_587' title='bbox 1429 888 1521 921; x_wconf 90' lang='lat' dir='ltr'>dicit:</span> <span class='ocrx_word' id='word_1_588' title='bbox 1548 888 1643 921; x_wconf 70' lang='lat' dir='ltr'>Dixit</span> <span class='ocrx_word' id='word_1_589' title='bbox 1664 893 1776 922; x_wconf 82' lang='lat' dir='ltr'>autem</span> <span class='ocrx_word' id='word_1_590' title='bbox 1802 890 1982 922; x_wconf 80' lang='lat' dir='ltr'>Dominus:</span> <span class='ocrx_word' id='word_1_591' title='bbox 2010 890 2107 931; x_wconf 80' lang='lat' dir='ltr'>Quis,</span> <span class='ocrx_word' id='word_1_592' title='bbox 2124 900 2187 932; x_wconf 83' lang='lat' dir='ltr'>pu-</span> 
     </span>
     <span class='ocr_line' id='line_1_82' title="bbox 1223 941 2186 986; baseline 0.002 -12"><span class='ocrx_word' id='word_1_593' title='bbox 1223 946 1286 981; x_wconf 80' lang='lat' dir='ltr'>tas,</span> <span class='ocrx_word' id='word_1_594' title='bbox 1304 946 1350 974; x_wconf 84' lang='lat' dir='ltr'>est</span> <span class='ocrx_word' id='word_1_595' title='bbox 1364 941 1471 984; x_wconf 78' lang='lat' dir='ltr'>fidelis</span> <span class='ocrx_word' id='word_1_596' title='bbox 1495 942 1705 985; x_wconf 78' lang='lat' dir='ltr'>dispensator</span> <span class='ocrx_word' id='word_1_597' title='bbox 1729 947 1757 975; x_wconf 89' lang='lat' dir='ltr'>et</span> <span class='ocrx_word' id='word_1_598' title='bbox 1779 943 1949 986; x_wconf 74' lang='lat' dir='ltr'>prudens?</span> <span class='ocrx_word' id='word_1_599' title='bbox 1975 944 2186 986; x_wconf 74' lang='lat' dir='ltr'>Dispensato—</span> 
     </span>
     <span class='ocr_line' id='line_1_83' title="bbox 1222 995 2184 1041; baseline 0.002 -14"><span class='ocrx_word' id='word_1_600' title='bbox 1222 1004 1276 1027; x_wconf 83' lang='lat' dir='ltr'>res</span> <span class='ocrx_word' id='word_1_601' title='bbox 1299 995 1456 1037; x_wconf 85' lang='lat' dir='ltr'>praelatos</span> <span class='ocrx_word' id='word_1_602' title='bbox 1481 998 1587 1034; x_wconf 86' lang='lat' dir='ltr'>vocat;</span> <span class='ocrx_word' id='word_1_603' title='bbox 1613 995 1734 1041; x_wconf 87' lang='lat' dir='ltr'>primae</span> <span class='ocrx_word' id='word_1_604' title='bbox 1750 996 1788 1029; x_wconf 91' lang='lat' dir='ltr'>ad</span> <span class='ocrx_word' id='word_1_605' title='bbox 1805 997 1983 1029; x_wconf 87' lang='lat' dir='ltr'>Corinthios</span> <span class='ocrx_word' id='word_1_606' title='bbox 2008 1000 2122 1038; x_wconf 88' lang='lat' dir='ltr'>quarto</span> <span class='ocrx_word' id='word_1_607' title='bbox 2137 997 2184 1029; x_wconf 84' lang='lat'>¹⁰:</span> 
     </span>
     <span class='ocr_line' id='line_1_84' title="bbox 1228 1048 2186 1083; baseline 0.002 -2"><span class='ocrx_word' id='word_1_608' title='bbox 1228 1048 1309 1082; x_wconf 77' lang='lat' dir='ltr'>«Sic</span> <span class='ocrx_word' id='word_1_609' title='bbox 1332 1057 1390 1081; x_wconf 87' lang='lat' dir='ltr'>nos</span> <span class='ocrx_word' id='word_1_610' title='bbox 1414 1048 1577 1082; x_wconf 83' lang='lat' dir='ltr'>existimet</span> <span class='ocrx_word' id='word_1_611' title='bbox 1612 1050 1706 1082; x_wconf 90' lang='lat' dir='ltr'>homo</span> <span class='ocrx_word' id='word_1_612' title='bbox 1742 1053 1778 1082; x_wconf 89' lang='lat' dir='ltr'>ut</span> <span class='ocrx_word' id='word_1_613' title='bbox 1810 1050 1972 1083; x_wconf 87' lang='lat' dir='ltr'>ministros</span> <span class='ocrx_word' id='word_1_614' title='bbox 2006 1050 2122 1083; x_wconf 89' lang='lat' dir='ltr'>Christi</span> <span class='ocrx_word' id='word_1_615' title='bbox 2155 1053 2186 1083; x_wconf 89' lang='lat' dir='ltr'>et</span> 
     </span>
     <span class='ocr_line' id='line_1_85' title="bbox 1221 1102 2184 1145; baseline 0.001 -10"><span class='ocrx_word' id='word_1_616' title='bbox 1221 1102 1453 1145; x_wconf 87' lang='lat' dir='ltr'>dispensatores</span> <span class='ocrx_word' id='word_1_617' title='bbox 1477 1103 1704 1144; x_wconf 88' lang='lat' dir='ltr'>mysteriorum</span> <span class='ocrx_word' id='word_1_618' title='bbox 1729 1104 1814 1137; x_wconf 79' lang='lat' dir='ltr'>Dei»</span> <span class='ocrx_word' id='word_1_619' title='bbox 1851 1108 1908 1137; x_wconf 89' lang='lat' dir='ltr'>etc.</span> <span class='ocrx_word' id='word_1_620' title='bbox 1939 1104 2028 1137; x_wconf 89' lang='lat' dir='ltr'>Tales</span> <span class='ocrx_word' id='word_1_621' title='bbox 2059 1104 2184 1137; x_wconf 85' lang='lat' dir='ltr'>difficile</span> 
     </span>
     <span class='ocr_line' id='line_1_86' title="bbox 1222 1157 2184 1200; baseline 0.001 -11"><span class='ocrx_word' id='word_1_622' title='bbox 1222 1160 1270 1189; x_wconf 86' lang='lat' dir='ltr'>est</span> <span class='ocrx_word' id='word_1_623' title='bbox 1305 1157 1448 1189; x_wconf 90' lang='lat' dir='ltr'>invenire</span> <span class='ocrx_word' id='word_1_624' title='bbox 1483 1157 1615 1196; x_wconf 79' lang='lat' dir='ltr'>fideles3</span> <span class='ocrx_word' id='word_1_625' title='bbox 1651 1157 1736 1190; x_wconf 90' lang='lat' dir='ltr'>unde</span> <span class='ocrx_word' id='word_1_626' title='bbox 1771 1158 1892 1200; x_wconf 89' lang='lat' dir='ltr'>primae</span> <span class='ocrx_word' id='word_1_627' title='bbox 1927 1158 1964 1191; x_wconf 84' lang='lat' dir='ltr'>ad</span> <span class='ocrx_word' id='word_1_628' title='bbox 2005 1158 2184 1191; x_wconf 90' lang='lat' dir='ltr'>Corinthios</span> 
     </span>
     <span class='ocr_line' id='line_1_87' title="bbox 1221 1210 2184 1254; baseline 0.001 -11"><span class='ocrx_word' id='word_1_629' title='bbox 1221 1213 1354 1252; x_wconf 89' lang='lat' dir='ltr'>quarto:</span> <span class='ocrx_word' id='word_1_630' title='bbox 1385 1223 1400 1239; x_wconf 77' lang='grc' dir='ltr'><em>α</em></span> <span class='ocrx_word' id='word_1_631' title='bbox 1416 1210 1469 1243; x_wconf 89' lang='lat' dir='ltr'>Hic</span> <span class='ocrx_word' id='word_1_632' title='bbox 1494 1210 1554 1243; x_wconf 90' lang='lat' dir='ltr'>iam</span> <span class='ocrx_word' id='word_1_633' title='bbox 1580 1211 1746 1252; x_wconf 87' lang='lat' dir='ltr'>quaeritur</span> <span class='ocrx_word' id='word_1_634' title='bbox 1771 1211 1853 1244; x_wconf 90' lang='lat' dir='ltr'>inter</span> <span class='ocrx_word' id='word_1_635' title='bbox 1877 1211 2123 1254; x_wconf 80' lang='lat' dir='ltr'>dispensatores,</span> <span class='ocrx_word' id='word_1_636' title='bbox 2148 1215 2184 1244; x_wconf 90' lang='lat' dir='ltr'>ut</span> 
     </span>
     <span class='ocr_line' id='line_1_88' title="bbox 1221 1263 2182 1307; baseline 0.001 -11"><span class='ocrx_word' id='word_1_637' title='bbox 1221 1263 1322 1296; x_wconf 87' lang='lat' dir='ltr'>fidelis</span> <span class='ocrx_word' id='word_1_638' title='bbox 1345 1264 1416 1306; x_wconf 89' lang='lat' dir='ltr'>quis</span> <span class='ocrx_word' id='word_1_639' title='bbox 1440 1264 1619 1296; x_wconf 78' lang='lat' dir='ltr'>inveniatur</span> <span class='ocrx_word' id='word_1_640' title='bbox 1635 1276 1666 1303; x_wconf 85' lang='lat'>»;</span> <span class='ocrx_word' id='word_1_641' title='bbox 1692 1267 1723 1297; x_wconf 91' lang='lat' dir='ltr'>et</span> <span class='ocrx_word' id='word_1_642' title='bbox 1745 1265 1987 1298; x_wconf 86' lang='lat' dir='ltr'>Proverbiorum</span> <span class='ocrx_word' id='word_1_643' title='bbox 2015 1265 2182 1307; x_wconf 84' lang='lat' dir='ltr'>vigesimo:</span> 
     </span>
     <span class='ocr_line' id='line_1_89' title="bbox 1226 1316 2180 1357; baseline 0.002 -8"><span class='ocrx_word' id='word_1_644' title='bbox 1226 1316 1346 1349; x_wconf 79' lang='lat' dir='ltr'>«Multi</span> <span class='ocrx_word' id='word_1_645' title='bbox 1371 1317 1514 1350; x_wconf 90' lang='lat' dir='ltr'>homines</span> <span class='ocrx_word' id='word_1_646' title='bbox 1542 1317 1761 1350; x_wconf 89' lang='lat' dir='ltr'>misericordes</span> <span class='ocrx_word' id='word_1_647' title='bbox 1789 1322 1961 1357; x_wconf 90' lang='lat' dir='ltr'>vocantur,</span> <span class='ocrx_word' id='word_1_648' title='bbox 1990 1319 2094 1351; x_wconf 79' lang='lat' dir='ltr'>virum</span> <span class='ocrx_word' id='word_1_649' title='bbox 2123 1328 2180 1351; x_wconf 89' lang='lat' dir='ltr'>au-</span> 
     </span>
     <span class='ocr_line' id='line_1_90' title="bbox 1221 1370 2182 1414; baseline 0.003 -12"><span class='ocrx_word' id='word_1_650' title='bbox 1221 1374 1283 1403; x_wconf 93' lang='lat' dir='ltr'>tem</span> <span class='ocrx_word' id='word_1_651' title='bbox 1300 1370 1423 1403; x_wconf 88' lang='lat' dir='ltr'>fidelem</span> <span class='ocrx_word' id='word_1_652' title='bbox 1441 1371 1512 1412; x_wconf 89' lang='lat' dir='ltr'>quis</span> <span class='ocrx_word' id='word_1_653' title='bbox 1529 1371 1667 1404; x_wconf 92' lang='lat' dir='ltr'>inveniet</span> <span class='ocrx_word' id='word_1_654' title='bbox 1683 1375 1720 1404; x_wconf 71' lang='lat' dir='ltr'>n?</span> <span class='ocrx_word' id='word_1_655' title='bbox 1736 1372 1830 1412; x_wconf 76' lang='lat' dir='ltr'>Quis,</span> <span class='ocrx_word' id='word_1_656' title='bbox 1845 1376 1959 1414; x_wconf 77' lang='lat' dir='ltr'>putas,</span> <span class='ocrx_word' id='word_1_657' title='bbox 1978 1376 2116 1414; x_wconf 81' lang='lat' dir='ltr'>ergo-est</span> <span class='ocrx_word' id='word_1_658' title='bbox 2132 1373 2182 1405; x_wconf 83' lang='lat' dir='ltr'>di-</span> 
     </span>
     <span class='ocr_line' id='line_1_91' title="bbox 1218 1423 2181 1466; baseline 0.002 -11"><span class='ocrx_word' id='word_1_659' title='bbox 1218 1427 1393 1465; x_wconf 81' lang='lat' dir='ltr'>spensator</span> <span class='ocrx_word' id='word_1_660' title='bbox 1404 1423 1531 1464; x_wconf 75' lang='lat' dir='ltr'>fidelis?</span> <span class='ocrx_word' id='word_1_661' title='bbox 1544 1424 1575 1456; x_wconf 92' lang='lat' dir='ltr'>in</span> <span class='ocrx_word' id='word_1_662' title='bbox 1590 1424 1781 1462; x_wconf 83' lang='lat' dir='ltr'>intentione,·</span> <span class='ocrx_word' id='word_1_663' title='bbox 1794 1424 1915 1466; x_wconf 90' lang='lat' dir='ltr'>primae</span> <span class='ocrx_word' id='word_1_664' title='bbox 1928 1424 1967 1457; x_wconf 88' lang='lat' dir='ltr'>ad</span> <span class='ocrx_word' id='word_1_665' title='bbox 1980 1425 2181 1457; x_wconf 88' lang='lat' dir='ltr'>Timotheum</span> 
     </span>
     <span class='ocr_line' id='line_1_92' title="bbox 1220 1476 2184 1518; baseline 0.002 -10"><span class='ocrx_word' id='word_1_666' title='bbox 1220 1476 1324 1518; x_wconf 91' lang='lat' dir='ltr'>primo</span> <span class='ocrx_word' id='word_1_667' title='bbox 1338 1477 1381 1508; x_wconf 85' lang='lat'>¹¹:</span> <span class='ocrx_word' id='word_1_668' title='bbox 1411 1489 1426 1504; x_wconf 74' lang='grc' dir='ltr'><strong>α</strong></span> <span class='ocrx_word' id='word_1_669' title='bbox 1444 1477 1687 1509; x_wconf 88' lang='lat' dir='ltr'>Misericordiam</span> <span class='ocrx_word' id='word_1_670' title='bbox 1712 1481 1900 1510; x_wconf 87' lang='lat' dir='ltr'>consecutus</span> <span class='ocrx_word' id='word_1_671' title='bbox 1921 1486 2006 1515; x_wconf 89' lang='lat' dir='ltr'>sum,</span> <span class='ocrx_word' id='word_1_672' title='bbox 2028 1481 2064 1510; x_wconf 90' lang='lat' dir='ltr'>ut</span> <span class='ocrx_word' id='word_1_673' title='bbox 2084 1477 2184 1510; x_wconf 80' lang='lat' dir='ltr'>tidelis</span> 
     </span>
     <span class='ocr_line' id='line_1_93' title="bbox 1219 1529 2184 1572; baseline 0.001 -10"><span class='ocrx_word' id='word_1_674' title='bbox 1219 1538 1321 1562; x_wconf 87' lang='lat' dir='ltr'>essem</span> <span class='ocrx_word' id='word_1_675' title='bbox 1337 1542 1368 1569; x_wconf 89' lang='lat'>»;</span> <span class='ocrx_word' id='word_1_676' title='bbox 1392 1532 1425 1562; x_wconf 92' lang='lat' dir='ltr'>et</span> <span class='ocrx_word' id='word_1_677' title='bbox 1448 1529 1647 1572; x_wconf 83' lang='lat' dir='ltr'>Apocalypsis</span> <span class='ocrx_word' id='word_1_678' title='bbox 1671 1530 1823 1563; x_wconf 90' lang='lat' dir='ltr'>secundo:</span> <span class='ocrx_word' id='word_1_679' title='bbox 1846 1543 1861 1559; x_wconf 79' lang='grc' dir='ltr'><em>α</em></span> <span class='ocrx_word' id='word_1_680' title='bbox 1875 1530 1947 1563; x_wconf 87' lang='lat' dir='ltr'>Esto</span> <span class='ocrx_word' id='word_1_681' title='bbox 1964 1530 2064 1563; x_wconf 85' lang='lat' dir='ltr'>fidelis</span> <span class='ocrx_word' id='word_1_682' title='bbox 2081 1539 2184 1572; x_wconf 92' lang='lat' dir='ltr'>usque</span> 
     </span>
     <span class='ocr_line' id='line_1_94' title="bbox 1749 1583 2186 1621; baseline 0 -5"><span class='ocrx_word' id='word_1_683' title='bbox 1749 1584 1780 1616; x_wconf 93' lang='lat' dir='ltr'>in</span> <span class='ocrx_word' id='word_1_684' title='bbox 1808 1583 1975 1621; x_wconf 82' lang='lat' dir='ltr'>electione,·</span> <span class='ocrx_word' id='word_1_685' title='bbox 1999 1584 2186 1617; x_wconf 81' lang='lat' dir='ltr'>Proverbio-</span> 
     </span>
     <span class='ocr_line' id='line_1_95' title="bbox 1220 1637 2185 1680; baseline 0.002 -11"><span class='ocrx_word' id='word_1_686' title='bbox 1220 1646 1293 1670; x_wconf 91' lang='lat' dir='ltr'>rum</span> <span class='ocrx_word' id='word_1_687' title='bbox 1318 1637 1439 1670; x_wconf 88' lang='lat' dir='ltr'>decimo</span> <span class='ocrx_word' id='word_1_688' title='bbox 1460 1641 1575 1680; x_wconf 87' lang='lat' dir='ltr'>quarto</span> <span class='ocrx_word' id='word_1_689' title='bbox 1589 1638 1633 1670; x_wconf 81' lang='lat'>¹²:</span> <span class='ocrx_word' id='word_1_690' title='bbox 1664 1650 1680 1666; x_wconf 77' lang='lat' dir='ltr'>&lt;c</span> <span class='ocrx_word' id='word_1_691' title='bbox 1697 1639 1848 1679; x_wconf 81' lang='lat' dir='ltr'>Acceptus</span> <span class='ocrx_word' id='word_1_692' title='bbox 1880 1642 1927 1670; x_wconf 87' lang='lat' dir='ltr'>est</span> <span class='ocrx_word' id='word_1_693' title='bbox 1951 1638 2016 1680; x_wconf 87' lang='lat' dir='ltr'>regi</span> <span class='ocrx_word' id='word_1_694' title='bbox 2041 1638 2185 1671; x_wconf 85' lang='lat' dir='ltr'>minister</span> 
     </span>
     <span class='ocr_line' id='line_1_96' title="bbox 1220 1690 2184 1734; baseline 0.001 -11"><span class='ocrx_word' id='word_1_695' title='bbox 1220 1690 1399 1733; x_wconf 84' lang='lat' dir='ltr'>intelligens</span> <span class='ocrx_word' id='word_1_696' title='bbox 1415 1703 1446 1730; x_wconf 88' lang='lat'>»;</span> <span class='ocrx_word' id='word_1_697' title='bbox 1471 1690 1555 1723; x_wconf 87' lang='lat' dir='ltr'>unde</span> <span class='ocrx_word' id='word_1_698' title='bbox 1579 1690 1824 1724; x_wconf 87' lang='lat' dir='ltr'>Proverbiorum</span> <span class='ocrx_word' id='word_1_699' title='bbox 1857 1691 2007 1733; x_wconf 82' lang='lat' dir='ltr'>vigesimo</span> <span class='ocrx_word' id='word_1_700' title='bbox 2035 1691 2184 1734; x_wconf 86' lang='lat' dir='ltr'>septimo:</span> 
     </span>
     <span class='ocr_line' id='line_1_97' title="bbox 1225 1744 2185 1787; baseline 0.003 -12"><span class='ocrx_word' id='word_1_701' title='bbox 1225 1757 1241 1773; x_wconf 74' lang='grc' dir='ltr'>«ι</span> <span class='ocrx_word' id='word_1_702' title='bbox 1259 1744 1432 1786; x_wconf 87' lang='lat' dir='ltr'>Diligenter</span> <span class='ocrx_word' id='word_1_703' title='bbox 1467 1753 1601 1786; x_wconf 81' lang='lat' dir='ltr'>agnosce</span> <span class='ocrx_word' id='word_1_704' title='bbox 1633 1744 1757 1777; x_wconf 89' lang='lat' dir='ltr'>vultum</span> <span class='ocrx_word' id='word_1_705' title='bbox 1789 1745 1912 1787; x_wconf 89' lang='lat' dir='ltr'>pecoris</span> <span class='ocrx_word' id='word_1_706' title='bbox 1943 1745 2009 1784; x_wconf 89' lang='lat' dir='ltr'>tui,</span> <span class='ocrx_word' id='word_1_707' title='bbox 2050 1749 2185 1787; x_wconf 90' lang='lat' dir='ltr'>tuosque</span> 
     </span>
     <span class='ocr_line' id='line_1_98' title="bbox 1221 1798 1568 1840; baseline -0.003 -9"><span class='ocrx_word' id='word_1_708' title='bbox 1221 1806 1334 1840; x_wconf 83' lang='lat' dir='ltr'>greges</span> <span class='ocrx_word' id='word_1_709' title='bbox 1355 1798 1522 1831; x_wconf 86' lang='lat' dir='ltr'>considera</span> <span class='ocrx_word' id='word_1_710' title='bbox 1539 1811 1568 1830; x_wconf 86' lang='lat'>».</span> 
     </span>
    </p>

    <p class='ocr_par' dir='ltr' id='par_1_29' title="bbox 1219 1851 2188 2374">
     <span class='ocr_line' id='line_1_99' title="bbox 1312 1851 2186 1895; baseline -0.001 -10"><span class='ocrx_word' id='word_1_711' title='bbox 1312 1853 1364 1885; x_wconf 73' lang='lat'>602.</span> <span class='ocrx_word' id='word_1_712' title='bbox 1384 1852 1485 1893; x_wconf 81' lang='lat' dir='ltr'>Quem</span> <span class='ocrx_word' id='word_1_713' title='bbox 1502 1851 1672 1884; x_wconf 69' lang='lat' dir='ltr'>eoiwtitait</span> <span class='ocrx_word' id='word_1_714' title='bbox 1688 1852 1853 1884; x_wconf 76' lang='lat' dir='ltr'>Dominus</span> <span class='ocrx_word' id='word_1_715' title='bbox 1864 1862 1966 1894; x_wconf 79' lang='lat' dir='ltr'>super</span> <span class='ocrx_word' id='word_1_716' title='bbox 1977 1852 2002 1872; x_wconf 81' lang='lat'>¹⁸</span> <span class='ocrx_word' id='word_1_717' title='bbox 2014 1851 2186 1895; x_wconf 82' lang='lat' dir='ltr'>familiam</span> 
     </span>
     <span class='ocr_line' id='line_1_100' title="bbox 1219 1906 2187 1948; baseline 0 -9"><span class='ocrx_word' id='word_1_718' title='bbox 1219 1916 1340 1945; x_wconf 81' lang='lat' dir='ltr'>suam,</span> <span class='ocrx_word' id='word_1_719' title='bbox 1365 1914 1422 1948; x_wconf 89' lang='lat' dir='ltr'>per</span> <span class='ocrx_word' id='word_1_720' title='bbox 1453 1906 1675 1938; x_wconf 89' lang='lat' dir='ltr'>auctoritatem</span> <span class='ocrx_word' id='word_1_721' title='bbox 1706 1906 1922 1945; x_wconf 83' lang='lat' dir='ltr'>commissam3</span> <span class='ocrx_word' id='word_1_722' title='bbox 1959 1906 1997 1939; x_wconf 86' lang='lat' dir='ltr'>ad</span> <span class='ocrx_word' id='word_1_723' title='bbox 2030 1906 2187 1939; x_wconf 87' lang='lat' dir='ltr'>Hebraeos</span> 
     </span>
     <span class='ocr_line' id='line_1_101' title="bbox 1221 1958 2186 2002; baseline 0 -10"><span class='ocrx_word' id='word_1_724' title='bbox 1221 1960 1351 2002; x_wconf 90' lang='lat' dir='ltr'>quinto:</span> <span class='ocrx_word' id='word_1_725' title='bbox 1381 1972 1397 1988; x_wconf 86' lang='grc'><strong><em>«</em></strong></span> <span class='ocrx_word' id='word_1_726' title='bbox 1413 1959 1474 1992; x_wconf 90' lang='lat' dir='ltr'>Nec</span> <span class='ocrx_word' id='word_1_727' title='bbox 1491 1958 1659 2001; x_wconf 88' lang='lat' dir='ltr'>quisquam</span> <span class='ocrx_word' id='word_1_728' title='bbox 1677 1959 1774 1992; x_wconf 89' lang='lat' dir='ltr'>sumit</span> <span class='ocrx_word' id='word_1_729' title='bbox 1792 1959 1850 1992; x_wconf 90' lang='lat' dir='ltr'>sibi</span> <span class='ocrx_word' id='word_1_730' title='bbox 1876 1959 2043 1998; x_wconf 89' lang='lat' dir='ltr'>honorem,</span> <span class='ocrx_word' id='word_1_731' title='bbox 2060 1959 2114 1992; x_wconf 88' lang='lat' dir='ltr'>sed</span> <span class='ocrx_word' id='word_1_732' title='bbox 2131 1960 2186 2001; x_wconf 89' lang='lat' dir='ltr'>qui</span> 
     </span>
     <span class='ocr_line' id='line_1_102' title="bbox 1220 2012 2186 2054; baseline 0 -9"><span class='ocrx_word' id='word_1_733' title='bbox 1220 2016 1354 2046; x_wconf 89' lang='lat' dir='ltr'>vocatur</span> <span class='ocrx_word' id='word_1_734' title='bbox 1378 2022 1396 2045; x_wconf 93' lang='lat' dir='ltr'>a</span> <span class='ocrx_word' id='word_1_735' title='bbox 1414 2012 1545 2044; x_wconf 87' lang='lat' dir='ltr'>Domino</span> <span class='ocrx_word' id='word_1_736' title='bbox 1569 2015 1718 2054; x_wconf 86' lang='lat' dir='ltr'>tanquam</span> <span class='ocrx_word' id='word_1_737' title='bbox 1735 2013 1836 2044; x_wconf 87' lang='lat' dir='ltr'>Aaron</span> <span class='ocrx_word' id='word_1_738' title='bbox 1852 2024 1888 2051; x_wconf 79' lang='lat'>»;</span> <span class='ocrx_word' id='word_1_739' title='bbox 1907 2013 2064 2045; x_wconf 89' lang='lat' dir='ltr'>Psalmus:</span> <span class='ocrx_word' id='word_1_740' title='bbox 2091 2025 2107 2040; x_wconf 73' lang='grc' dir='ltr'><em>α</em></span> <span class='ocrx_word' id='word_1_741' title='bbox 2124 2012 2186 2054; x_wconf 88' lang='lat' dir='ltr'>Ego</span> 
     </span>
     <span class='ocr_line' id='line_1_103' title="bbox 1219 2065 2188 2108; baseline -0.002 -9"><span class='ocrx_word' id='word_1_742' title='bbox 1219 2070 1326 2099; x_wconf 82' lang='lat' dir='ltr'>autem</span> <span class='ocrx_word' id='word_1_743' title='bbox 1351 2066 1543 2099; x_wconf 87' lang='lat' dir='ltr'>constitutus</span> <span class='ocrx_word' id='word_1_744' title='bbox 1567 2074 1637 2098; x_wconf 90' lang='lat' dir='ltr'>sum</span> <span class='ocrx_word' id='word_1_745' title='bbox 1663 2074 1723 2098; x_wconf 84' lang='lat' dir='ltr'>rex</span> <span class='ocrx_word' id='word_1_746' title='bbox 1747 2065 1787 2098; x_wconf 85' lang='lat' dir='ltr'>ab</span> <span class='ocrx_word' id='word_1_747' title='bbox 1810 2074 1846 2098; x_wconf 90' lang='lat' dir='ltr'>eo</span> <span class='ocrx_word' id='word_1_748' title='bbox 1871 2075 1967 2108; x_wconf 84' lang='lat' dir='ltr'>super</span> <span class='ocrx_word' id='word_1_749' title='bbox 1992 2066 2079 2104; x_wconf 87' lang='lat' dir='ltr'>Sion,</span> <span class='ocrx_word' id='word_1_750' title='bbox 2096 2074 2188 2098; x_wconf 87' lang='lat' dir='ltr'>mon-</span> 
     </span>
     <span class='ocr_line' id='line_1_104' title="bbox 1220 2118 2186 2161; baseline 0 -10"><span class='ocrx_word' id='word_1_751' title='bbox 1220 2123 1284 2152; x_wconf 91' lang='lat' dir='ltr'>tem</span> <span class='ocrx_word' id='word_1_752' title='bbox 1308 2122 1452 2152; x_wconf 88' lang='lat' dir='ltr'>sanctum</span> <span class='ocrx_word' id='word_1_753' title='bbox 1477 2118 1546 2151; x_wconf 88' lang='lat' dir='ltr'>eius</span> <span class='ocrx_word' id='word_1_754' title='bbox 1564 2132 1593 2151; x_wconf 80' lang='lat'>».</span> <span class='ocrx_word' id='word_1_755' title='bbox 1610 2138 1656 2143; x_wconf 93' lang='lat'>—</span> <span class='ocrx_word' id='word_1_756' title='bbox 1677 2119 1717 2151; x_wconf 81' lang='lat' dir='ltr'>Ut</span> <span class='ocrx_word' id='word_1_757' title='bbox 1739 2119 1792 2151; x_wconf 84' lang='lat' dir='ltr'>alet</span> <span class='ocrx_word' id='word_1_758' title='bbox 1814 2118 1880 2151; x_wconf 79' lang='lat' dir='ltr'>illis</span> <span class='ocrx_word' id='word_1_759' title='bbox 1908 2119 1944 2151; x_wconf 78' lang='lat' dir='ltr'>in</span> <span class='ocrx_word' id='word_1_760' title='bbox 1968 2123 2110 2161; x_wconf 85' lang='lat' dir='ltr'>tempore</span> <span class='ocrx_word' id='word_1_761' title='bbox 2126 2118 2186 2151; x_wconf 81' lang='lat' dir='ltr'>tri-</span> 
     </span>
     <span class='ocr_line' id='line_1_105' title="bbox 1220 2172 2184 2212; baseline 0.001 -8"><span class='ocrx_word' id='word_1_762' title='bbox 1220 2173 1279 2205; x_wconf 81' lang='lat' dir='ltr'>tici</span> <span class='ocrx_word' id='word_1_763' title='bbox 1309 2181 1521 2210; x_wconf 81' lang='lat' dir='ltr'>mensuram,</span> <span class='ocrx_word' id='word_1_764' title='bbox 1556 2172 1817 2205; x_wconf 88' lang='lat' dir='ltr'>communicando</span> <span class='ocrx_word' id='word_1_765' title='bbox 1849 2181 1955 2205; x_wconf 88' lang='lat' dir='ltr'>sanam</span> <span class='ocrx_word' id='word_1_766' title='bbox 1987 2172 2184 2212; x_wconf 88' lang='lat' dir='ltr'>doctrinam;</span> 
     </span>
     <span class='ocr_line' id='line_1_106' title="bbox 1220 2225 2186 2268; baseline -0.001 -10"><span class='ocrx_word' id='word_1_767' title='bbox 1220 2225 1424 2258; x_wconf 85' lang='lat' dir='ltr'>Ecclesiastae</span> <span class='ocrx_word' id='word_1_768' title='bbox 1451 2229 1562 2258; x_wconf 85' lang='lat' dir='ltr'>octavo</span> <span class='ocrx_word' id='word_1_769' title='bbox 1575 2226 1620 2258; x_wconf 74' lang='lat'>¹4:</span> <span class='ocrx_word' id='word_1_770' title='bbox 1642 2238 1659 2255; x_wconf 85' lang='lat'>«</span> <span class='ocrx_word' id='word_1_771' title='bbox 1675 2226 1812 2268; x_wconf 92' lang='lat' dir='ltr'>Tempus</span> <span class='ocrx_word' id='word_1_772' title='bbox 1832 2228 1865 2258; x_wconf 91' lang='lat' dir='ltr'>et</span> <span class='ocrx_word' id='word_1_773' title='bbox 1880 2225 2114 2267; x_wconf 89' lang='lat' dir='ltr'>responsionem</span> <span class='ocrx_word' id='word_1_774' title='bbox 2131 2234 2186 2258; x_wconf 89' lang='lat' dir='ltr'>cor</span> 
     </span>
     <span class='ocr_line' id='line_1_107' title="bbox 1220 2278 2186 2321; baseline 0 -10"><span class='ocrx_word' id='word_1_775' title='bbox 1220 2279 1369 2321; x_wconf 88' lang='lat' dir='ltr'>sapientis</span> <span class='ocrx_word' id='word_1_776' title='bbox 1396 2278 1548 2321; x_wconf 87' lang='lat' dir='ltr'>intelliget</span> <span class='ocrx_word' id='word_1_777' title='bbox 1570 2293 1587 2308; x_wconf 83' lang='lat'>»</span> <span class='ocrx_word' id='word_1_778' title='bbox 1615 2282 1673 2312; x_wconf 88' lang='lat' dir='ltr'>etc.</span> <span class='ocrx_word' id='word_1_779' title='bbox 1702 2279 1846 2312; x_wconf 86' lang='lat' dir='ltr'>Attendat</span> <span class='ocrx_word' id='word_1_780' title='bbox 1872 2279 1964 2312; x_wconf 91' lang='lat' dir='ltr'>etiam</span> <span class='ocrx_word' id='word_1_781' title='bbox 1992 2278 2186 2311; x_wconf 89' lang='lat' dir='ltr'>audientium</span> 
     </span>
     <span class='ocr_line' id='line_1_108' title="bbox 1221 2332 2186 2374; baseline -0.001 -9"><span class='ocrx_word' id='word_1_782' title='bbox 1221 2332 1441 2374; x_wconf 86' lang='lat' dir='ltr'>capacitatem;</span> <span class='ocrx_word' id='word_1_783' title='bbox 1458 2333 1543 2365; x_wconf 90' lang='lat' dir='ltr'>unde</span> <span class='ocrx_word' id='word_1_784' title='bbox 1559 2332 1648 2366; x_wconf 91' lang='lat' dir='ltr'>dicit:</span> <span class='ocrx_word' id='word_1_785' title='bbox 1665 2342 1870 2365; x_wconf 79' lang='lat' dir='ltr'>mensuram.</span> <span class='ocrx_word' id='word_1_786' title='bbox 1887 2332 2072 2374; x_wconf 81' lang='lat' dir='ltr'>Gregorius:</span> <span class='ocrx_word' id='word_1_787' title='bbox 2095 2344 2111 2360; x_wconf 76' lang='grc' dir='ltr'><strong>α</strong></span> <span class='ocrx_word' id='word_1_788' title='bbox 2128 2332 2186 2364; x_wconf 85' lang='lat' dir='ltr'>Pro</span> 
     </span>
    </p>
   </div>
   <div class='ocr_carea' id='block_1_21' title="bbox 1221 2491 2188 2839">
    <p class='ocr_par' dir='ltr' id='par_1_30' title="bbox 1221 2491 2188 2617">
     <span class='ocr_line' id='line_1_109' title="bbox 1221 2491 2188 2526; baseline -0.003 -5"><span class='ocrx_word' id='word_1_789' title='bbox 1221 2496 1359 2526; x_wconf 78' lang='lat' dir='ltr'>omittunt,</span> <span class='ocrx_word' id='word_1_790' title='bbox 1379 2495 1461 2520; x_wconf 88' lang='lat' dir='ltr'>immo</span> <span class='ocrx_word' id='word_1_791' title='bbox 1481 2495 1507 2520; x_wconf 86' lang='lat' dir='ltr'>in</span> <span class='ocrx_word' id='word_1_792' title='bbox 1526 2494 1656 2520; x_wconf 84' lang='lat' dir='ltr'>nonnullis</span> <span class='ocrx_word' id='word_1_793' title='bbox 1676 2497 1728 2519; x_wconf 88' lang='lat' dir='ltr'>tota</span> <span class='ocrx_word' id='word_1_794' title='bbox 1748 2494 1892 2526; x_wconf 83' lang='lat' dir='ltr'>propositio</span> <span class='ocrx_word' id='word_1_795' title='bbox 1911 2492 2054 2519; x_wconf 77' lang='lat' dir='ltr'>secundo...</span> <span class='ocrx_word' id='word_1_796' title='bbox 2074 2491 2118 2518; x_wconf 82' lang='lat' dir='ltr'>ille</span> <span class='ocrx_word' id='word_1_797' title='bbox 2130 2498 2188 2518; x_wconf 80' lang='lat' dir='ltr'>ser·</span> 
     </span>
     <span class='ocr_line' id='line_1_110' title="bbox 1221 2537 2187 2572; baseline -0.004 -6"><span class='ocrx_word' id='word_1_798' title='bbox 1221 2547 1272 2566; x_wconf 65' lang='lat' dir='ltr'>vus</span> <span class='ocrx_word' id='word_1_799' title='bbox 1291 2540 1465 2566; x_wconf 80' lang='lat' dir='ltr'>desideratur.</span> <span class='ocrx_word' id='word_1_800' title='bbox 1484 2540 1533 2565; x_wconf 80' lang='lat' dir='ltr'>Pro</span> <span class='ocrx_word' id='word_1_801' title='bbox 1550 2537 1771 2572; x_wconf 77' lang='lat' dir='ltr'>praecellentiam</span> <span class='ocrx_word' id='word_1_802' title='bbox 1784 2539 1809 2563; x_wconf 93' lang='lat' dir='ltr'>in</span> <span class='ocrx_word' id='word_1_803' title='bbox 1824 2538 1845 2563; x_wconf 94' lang='lat' dir='ltr'>D</span> <span class='ocrx_word' id='word_1_804' title='bbox 1858 2537 1991 2564; x_wconf 85' lang='lat' dir='ltr'>substituit</span> <span class='ocrx_word' id='word_1_805' title='bbox 2004 2537 2119 2563; x_wconf 84' lang='lat' dir='ltr'>secunda</span> <span class='ocrx_word' id='word_1_806' title='bbox 2134 2544 2187 2562; x_wconf 87' lang='lat' dir='ltr'>ma-</span> 
     </span>
     <span class='ocr_line' id='line_1_111' title="bbox 1221 2581 2097 2617; baseline -0.005 -7"><span class='ocrx_word' id='word_1_807' title='bbox 1221 2591 1271 2610; x_wconf 86' lang='lat' dir='ltr'>nus</span> <span class='ocrx_word' id='word_1_808' title='bbox 1286 2583 1542 2617; x_wconf 79' lang='lat' dir='ltr'>praeeminentiam,</span> <span class='ocrx_word' id='word_1_809' title='bbox 1562 2582 1635 2615; x_wconf 87' lang='lat' dir='ltr'>quod</span> <span class='ocrx_word' id='word_1_810' title='bbox 1653 2582 1731 2607; x_wconf 86' lang='lat' dir='ltr'>etiam</span> <span class='ocrx_word' id='word_1_811' title='bbox 1751 2582 1816 2607; x_wconf 77' lang='lat' dir='ltr'>infra</span> <span class='ocrx_word' id='word_1_812' title='bbox 1837 2589 1863 2607; x_wconf 90' lang='lat' dir='ltr'>n.</span> <span class='ocrx_word' id='word_1_813' title='bbox 1883 2582 1926 2607; x_wconf 84' lang='lat'>63.</span> <span class='ocrx_word' id='word_1_814' title='bbox 1945 2581 2048 2607; x_wconf 80' lang='lat' dir='ltr'>exhibet</span> <span class='ocrx_word' id='word_1_815' title='bbox 2067 2582 2097 2607; x_wconf 70' lang='lat' dir='ltr'>A.</span> 
     </span>
    </p>

    <p class='ocr_par' dir='ltr' id='par_1_31' title="bbox 1221 2626 2187 2704">
     <span class='ocr_line' id='line_1_112' title="bbox 1292 2626 2187 2662; baseline -0.003 -8"><span class='ocrx_word' id='word_1_816' title='bbox 1292 2627 1304 2642; x_wconf 82' lang='lat'>⁹</span> <span class='ocrx_word' id='word_1_817' title='bbox 1323 2630 1349 2654; x_wconf 93' lang='lat' dir='ltr'>ln</span> <span class='ocrx_word' id='word_1_818' title='bbox 1369 2628 1482 2662; x_wconf 78' lang='lat' dir='ltr'>Vulgata</span> <span class='ocrx_word' id='word_1_819' title='bbox 1501 2627 1606 2653; x_wconf 81' lang='lat' dir='ltr'>additur</span> <span class='ocrx_word' id='word_1_820' title='bbox 1625 2629 1658 2653; x_wconf 83' lang='lat' dir='ltr'>et.</span> <span class='ocrx_word' id='word_1_821' title='bbox 1678 2641 1713 2645; x_wconf 97' lang='lat'><strong>—</strong></span> <span class='ocrx_word' id='word_1_822' title='bbox 1732 2627 1832 2652; x_wconf 86' lang='lat' dir='ltr'>Deinde</span> <span class='ocrx_word' id='word_1_823' title='bbox 1852 2630 1998 2659; x_wconf 84' lang='lat' dir='ltr'>sequuntur</span> <span class='ocrx_word' id='word_1_824' title='bbox 2012 2626 2129 2659; x_wconf 32' lang='lat' dir='ltr'>Eccli.·3‚</span> <span class='ocrx_word' id='word_1_825' title='bbox 2143 2626 2187 2651; x_wconf 82' lang='lat'>22.</span> 
     </span>
     <span class='ocr_line' id='line_1_113' title="bbox 1221 2672 1480 2704; baseline -0.008 -6"><span class='ocrx_word' id='word_1_826' title='bbox 1221 2676 1247 2698; x_wconf 85' lang='lat' dir='ltr'>et</span> <span class='ocrx_word' id='word_1_827' title='bbox 1265 2672 1390 2698; x_wconf 85' lang='lat' dir='ltr'>Proverb.</span> <span class='ocrx_word' id='word_1_828' title='bbox 1413 2673 1436 2704; x_wconf 86' lang='lat'>⁴,</span> <span class='ocrx_word' id='word_1_829' title='bbox 1457 2672 1480 2697; x_wconf 83' lang='lat'>5.</span> 
     </span>
    </p>

    <p class='ocr_par' dir='ltr' id='par_1_32' title="bbox 1221 2715 2188 2839">
     <span class='ocr_line' id='line_1_114' title="bbox 1293 2715 2186 2747; baseline -0.002 -5"><span class='ocrx_word' id='word_1_830' title='bbox 1293 2715 1315 2731; x_wconf 89' lang='lat'>¹⁰</span> <span class='ocrx_word' id='word_1_831' title='bbox 1336 2717 1410 2742; x_wconf 85' lang='lat' dir='ltr'>Vcrs.</span> <span class='ocrx_word' id='word_1_832' title='bbox 1440 2717 1469 2747; x_wconf 77' lang='lat'>⁴,</span> <span class='ocrx_word' id='word_1_833' title='bbox 1498 2716 1593 2742; x_wconf 80' lang='lat' dir='ltr'>deinde</span> <span class='ocrx_word' id='word_1_834' title='bbox 1622 2723 1648 2741; x_wconf 80' lang='lat' dir='ltr'>v.</span> <span class='ocrx_word' id='word_1_835' title='bbox 1677 2717 1702 2741; x_wconf 85' lang='lat'>2.</span> <span class='ocrx_word' id='word_1_836' title='bbox 1727 2719 1752 2742; x_wconf 87' lang='lat' dir='ltr'>et</span> <span class='ocrx_word' id='word_1_837' title='bbox 1777 2716 1854 2741; x_wconf 81' lang='lat' dir='ltr'>Prov.</span> <span class='ocrx_word' id='word_1_838' title='bbox 1880 2716 1928 2747; x_wconf 79' lang='lat'>20,</span> <span class='ocrx_word' id='word_1_839' title='bbox 1949 2716 1974 2741; x_wconf 84' lang='lat'>6.</span> <span class='ocrx_word' id='word_1_840' title='bbox 1993 2715 2078 2747; x_wconf 79' lang='lat' dir='ltr'>Beda,</span> <span class='ocrx_word' id='word_1_841' title='bbox 2098 2715 2140 2740; x_wconf 83' lang='lat' dir='ltr'>lV.</span> <span class='ocrx_word' id='word_1_842' title='bbox 2159 2715 2186 2741; x_wconf 92' lang='lat' dir='ltr'>in</span> 
     </span>
     <span class='ocr_line' id='line_1_115' title="bbox 1221 2759 2186 2794; baseline -0.003 -6"><span class='ocrx_word' id='word_1_843' title='bbox 1221 2762 1283 2788; x_wconf 90' lang='lat' dir='ltr'>Luc.</span> <span class='ocrx_word' id='word_1_844' title='bbox 1304 2762 1352 2792; x_wconf 79' lang='lat'>⁴2,</span> <span class='ocrx_word' id='word_1_845' title='bbox 1373 2761 1420 2787; x_wconf 74' lang='lat'>43:</span> <span class='ocrx_word' id='word_1_846' title='bbox 1440 2761 1507 2786; x_wconf 79' lang='lat' dir='ltr'>Sane</span> <span class='ocrx_word' id='word_1_847' title='bbox 1525 2760 1599 2793; x_wconf 87' lang='lat' dir='ltr'>quod</span> <span class='ocrx_word' id='word_1_848' title='bbox 1618 2760 1666 2785; x_wconf 87' lang='lat' dir='ltr'>ait:</span> <span class='ocrx_word' id='word_1_849' title='bbox 1688 2759 1754 2792; x_wconf 81' lang='lat' dir='ltr'>Quis</span> <span class='ocrx_word' id='word_1_850' title='bbox 1764 2762 1847 2794; x_wconf 73' lang='lat' dir='ltr'>putas</span> <span class='ocrx_word' id='word_1_851' title='bbox 1861 2761 1913 2791; x_wconf 82' lang='lat' dir='ltr'>est,</span> <span class='ocrx_word' id='word_1_852' title='bbox 1927 2760 2121 2790; x_wconf 81' lang='lat' dir='ltr'>difficultatem,</span> <span class='ocrx_word' id='word_1_853' title='bbox 2134 2767 2186 2785; x_wconf 90' lang='lat' dir='ltr'>non</span> 
     </span>
     <span class='ocr_line' id='line_1_116' title="bbox 1221 2804 2188 2839; baseline -0.002 -7"><span class='ocrx_word' id='word_1_854' title='bbox 1221 2806 1456 2839; x_wconf 84' lang='lat' dir='ltr'>impossibilitatem</span> <span class='ocrx_word' id='word_1_855' title='bbox 1476 2805 1651 2837; x_wconf 74' lang='lat' dir='ltr'>perficiendae</span> <span class='ocrx_word' id='word_1_856' title='bbox 1670 2805 1774 2831; x_wconf 84' lang='lat' dir='ltr'>virtutis</span> <span class='ocrx_word' id='word_1_857' title='bbox 1793 2805 1919 2836; x_wconf 81' lang='lat' dir='ltr'>insinuat,</span> <span class='ocrx_word' id='word_1_858' title='bbox 1933 2805 2071 2838; x_wconf 87' lang='lat' dir='ltr'>quomodo</span> <span class='ocrx_word' id='word_1_859' title='bbox 2084 2804 2188 2830; x_wconf 78' lang='lat' dir='ltr'>Psalmi-</span> 
     </span>
    </p>
   </div>
   <div class='ocr_carea' id='block_1_22' title="bbox 1222 2848 2193 2883">
    <p class='ocr_par' dir='ltr' id='par_1_33' title="bbox 1222 2848 2193 2883">
     <span class='ocr_line' id='line_1_117' title="bbox 1222 2848 2193 2883; baseline -0.003 -6"><span class='ocrx_word' id='word_1_860' title='bbox 1222 2854 1274 2877; x_wconf 88' lang='lat' dir='ltr'>sta:</span> <span class='ocrx_word' id='word_1_861' title='bbox 1291 2850 1357 2882; x_wconf 80' lang='lat' dir='ltr'>Quis</span> <span class='ocrx_word' id='word_1_862' title='bbox 1370 2850 1492 2883; x_wconf 78' lang='lat' dir='ltr'>sapiens,</span> <span class='ocrx_word' id='word_1_863' title='bbox 1506 2851 1532 2876; x_wconf 78' lang='lat' dir='ltr'>et</span> <span class='ocrx_word' id='word_1_864' title='bbox 1549 2848 1678 2876; x_wconf 74' lang='lat' dir='ltr'>custodiet</span> <span class='ocrx_word' id='word_1_865' title='bbox 1696 2849 1762 2876; x_wconf 77' lang='lat' dir='ltr'>haec</span> <span class='ocrx_word' id='word_1_866' title='bbox 1782 2849 1832 2882; x_wconf 83' lang='lat' dir='ltr'>(Ps.</span> <span class='ocrx_word' id='word_1_867' title='bbox 1854 2850 1919 2880; x_wconf 81' lang='lat'>⁴06,</span> <span class='ocrx_word' id='word_1_868' title='bbox 1940 2849 2016 2882; x_wconf 51' lang='lat'>430?</span> <span class='ocrx_word' id='word_1_869' title='bbox 2035 2856 2088 2874; x_wconf 90' lang='lat' dir='ltr'>non</span> <span class='ocrx_word' id='word_1_870' title='bbox 2107 2849 2193 2874; x_wconf 82' lang='lat' dir='ltr'>nemi--</span> 
     </span>
    </p>
   </div>
   <div class='ocr_carea' id='block_1_23' title="bbox 1221 2893 2187 3369">
    <p class='ocr_par' dir='ltr' id='par_1_34' title="bbox 1221 2893 2186 2971">
     <span class='ocr_line' id='line_1_118' title="bbox 1221 2893 2186 2926; baseline -0.003 -5"><span class='ocrx_word' id='word_1_871' title='bbox 1221 2903 1296 2926; x_wconf 82' lang='lat' dir='ltr'>nem,</span> <span class='ocrx_word' id='word_1_872' title='bbox 1315 2895 1363 2921; x_wconf 86' lang='lat' dir='ltr'>sed</span> <span class='ocrx_word' id='word_1_873' title='bbox 1382 2902 1472 2920; x_wconf 82' lang='lat' dir='ltr'>rarum</span> <span class='ocrx_word' id='word_1_874' title='bbox 1491 2894 1630 2926; x_wconf 79' lang='lat' dir='ltr'>significat.</span> <span class='ocrx_word' id='word_1_875' title='bbox 1649 2894 1713 2919; x_wconf 88' lang='lat' dir='ltr'>Nam</span> <span class='ocrx_word' id='word_1_876' title='bbox 1731 2894 1793 2920; x_wconf 85' lang='lat' dir='ltr'>alibi</span> <span class='ocrx_word' id='word_1_877' title='bbox 1821 2894 1891 2920; x_wconf 87' lang='lat' dir='ltr'>idem</span> <span class='ocrx_word' id='word_1_878' title='bbox 1919 2893 2033 2919; x_wconf 74' lang='lat' dir='ltr'>verbum</span> <span class='ocrx_word' id='word_1_879' title='bbox 2059 2900 2112 2919; x_wconf 93' lang='lat' dir='ltr'>non</span> <span class='ocrx_word' id='word_1_880' title='bbox 2137 2900 2186 2925; x_wconf 86' lang='lat' dir='ltr'>pro</span> 
     </span>
     <span class='ocr_line' id='line_1_119' title="bbox 1222 2939 1536 2971; baseline -0.003 -6"><span class='ocrx_word' id='word_1_881' title='bbox 1222 2940 1332 2971; x_wconf 82' lang='lat' dir='ltr'>difficili,</span> <span class='ocrx_word' id='word_1_882' title='bbox 1352 2939 1398 2965; x_wconf 89' lang='lat' dir='ltr'>sed</span> <span class='ocrx_word' id='word_1_883' title='bbox 1418 2946 1466 2971; x_wconf 87' lang='lat' dir='ltr'>pro</span> <span class='ocrx_word' id='word_1_884' title='bbox 1486 2943 1536 2964; x_wconf 88' lang='lat' dir='ltr'>etc.</span> 
     </span>
    </p>

    <p class='ocr_par' dir='ltr' id='par_1_35' title="bbox 1221 2981 2187 3192">
     <span class='ocr_line' id='line_1_120' title="bbox 1293 2981 2186 3016; baseline -0.002 -8"><span class='ocrx_word' id='word_1_885' title='bbox 1293 2983 1314 2998; x_wconf 79' lang='lat'>¹¹</span> <span class='ocrx_word' id='word_1_886' title='bbox 1335 2984 1410 3009; x_wconf 85' lang='lat' dir='ltr'>Vers.</span> <span class='ocrx_word' id='word_1_887' title='bbox 1431 2984 1471 3008; x_wconf 73' lang='lat'>⁴2.</span> <span class='ocrx_word' id='word_1_888' title='bbox 1492 2990 1562 3016; x_wconf 80' lang='lat' dir='ltr'>seq:</span> <span class='ocrx_word' id='word_1_889' title='bbox 1582 2983 1697 3008; x_wconf 88' lang='lat' dir='ltr'>Fidelem</span> <span class='ocrx_word' id='word_1_890' title='bbox 1710 2990 1753 3008; x_wconf 85' lang='lat' dir='ltr'>me</span> <span class='ocrx_word' id='word_1_891' title='bbox 1765 2982 1936 3013; x_wconf 76' lang='lat' dir='ltr'>existimavit,</span> <span class='ocrx_word' id='word_1_892' title='bbox 1952 2988 2055 3014; x_wconf 85' lang='lat' dir='ltr'>ponens</span> <span class='ocrx_word' id='word_1_893' title='bbox 2075 2982 2098 3007; x_wconf 90' lang='lat' dir='ltr'>in</span> <span class='ocrx_word' id='word_1_894' title='bbox 2112 2981 2186 3007; x_wconf 89' lang='lat' dir='ltr'>mini-</span> 
     </span>
     <span class='ocr_line' id='line_1_121' title="bbox 1222 3026 2187 3061; baseline -0.003 -7"><span class='ocrx_word' id='word_1_895' title='bbox 1222 3029 1310 3054; x_wconf 85' lang='lat' dir='ltr'>sterio.</span> <span class='ocrx_word' id='word_1_896' title='bbox 1330 3028 1378 3061; x_wconf 87' lang='lat' dir='ltr'>Qui</span> <span class='ocrx_word' id='word_1_897' title='bbox 1399 3028 1473 3060; x_wconf 87' lang='lat' dir='ltr'>prius</span> <span class='ocrx_word' id='word_1_898' title='bbox 1492 3027 1663 3059; x_wconf 84' lang='lat' dir='ltr'>blasphemus</span> <span class='ocrx_word' id='word_1_899' title='bbox 1687 3027 1722 3052; x_wconf 78' lang='lat' dir='ltr'>rui</span> <span class='ocrx_word' id='word_1_900' title='bbox 1743 3031 1768 3052; x_wconf 87' lang='lat' dir='ltr'>et</span> <span class='ocrx_word' id='word_1_901' title='bbox 1793 3030 1944 3058; x_wconf 85' lang='lat' dir='ltr'>persecutor</span> <span class='ocrx_word' id='word_1_902' title='bbox 1970 3029 1994 3051; x_wconf 87' lang='lat' dir='ltr'>et</span> <span class='ocrx_word' id='word_1_903' title='bbox 2019 3026 2187 3051; x_wconf 89' lang='lat' dir='ltr'>contumelio-</span> 
     </span>
     <span class='ocr_line' id='line_1_122' title="bbox 1221 3070 2185 3105; baseline -0.004 -6"><span class='ocrx_word' id='word_1_904' title='bbox 1221 3081 1281 3105; x_wconf 79' lang='lat' dir='ltr'>sus3</span> <span class='ocrx_word' id='word_1_905' title='bbox 1300 3073 1348 3099; x_wconf 86' lang='lat' dir='ltr'>sed</span> <span class='ocrx_word' id='word_1_906' title='bbox 1367 3072 1573 3102; x_wconf 83' lang='lat' dir='ltr'>inisericordiam</span> <span class='ocrx_word' id='word_1_907' title='bbox 1594 3071 1640 3097; x_wconf 86' lang='lat' dir='ltr'>Dei</span> <span class='ocrx_word' id='word_1_908' title='bbox 1660 3073 1816 3097; x_wconf 82' lang='lat' dir='ltr'>consecutus</span> <span class='ocrx_word' id='word_1_909' title='bbox 1834 3078 1907 3101; x_wconf 83' lang='lat' dir='ltr'>sum,</span> <span class='ocrx_word' id='word_1_910' title='bbox 1921 3070 1983 3103; x_wconf 82' lang='lat' dir='ltr'>quia</span> <span class='ocrx_word' id='word_1_911' title='bbox 1997 3070 2123 3102; x_wconf 82' lang='lat' dir='ltr'>ignorans</span> <span class='ocrx_word' id='word_1_912' title='bbox 2137 3070 2185 3095; x_wconf 83' lang='lat' dir='ltr'>reci</span> 
     </span>
     <span class='ocr_line' id='line_1_123' title="bbox 1223 3115 2186 3146; baseline -0.003 -3"><span class='ocrx_word' id='word_1_913' title='bbox 1223 3119 1248 3143; x_wconf 87' lang='lat' dir='ltr'>in</span> <span class='ocrx_word' id='word_1_914' title='bbox 1267 3117 1454 3143; x_wconf 79' lang='lat' dir='ltr'>incredulitate.</span> <span class='ocrx_word' id='word_1_915' title='bbox 1483 3115 1535 3142; x_wconf 85' lang='lat' dir='ltr'>Csr.</span> <span class='ocrx_word' id='word_1_916' title='bbox 1561 3116 1577 3140; x_wconf 93' lang='grc' dir='ltr'>Ι.</span> <span class='ocrx_word' id='word_1_917' title='bbox 1597 3115 1656 3141; x_wconf 90' lang='lat' dir='ltr'>Cor.</span> <span class='ocrx_word' id='word_1_918' title='bbox 1675 3115 1705 3146; x_wconf 85' lang='lat'>7,</span> <span class='ocrx_word' id='word_1_919' title='bbox 1725 3115 1774 3140; x_wconf 80' lang='lat'>25:</span> <span class='ocrx_word' id='word_1_920' title='bbox 1799 3115 2004 3140; x_wconf 84' lang='lat' dir='ltr'>Misericordiam</span> <span class='ocrx_word' id='word_1_921' title='bbox 2029 3118 2186 3140; x_wconf 74' lang='lat' dir='ltr'>consecutus</span> 
     </span>
     <span class='ocr_line' id='line_1_124' title="bbox 1221 3159 2019 3192; baseline -0.006 -4"><span class='ocrx_word' id='word_1_922' title='bbox 1221 3170 1236 3188; x_wconf 81' lang='lat' dir='ltr'>a</span> <span class='ocrx_word' id='word_1_923' title='bbox 1256 3162 1383 3192; x_wconf 85' lang='lat' dir='ltr'>DominO,</span> <span class='ocrx_word' id='word_1_924' title='bbox 1402 3164 1430 3187; x_wconf 89' lang='lat' dir='ltr'>ut</span> <span class='ocrx_word' id='word_1_925' title='bbox 1449 3161 1497 3186; x_wconf 83' lang='lat' dir='ltr'>sim</span> <span class='ocrx_word' id='word_1_926' title='bbox 1516 3160 1610 3185; x_wconf 82' lang='lat' dir='ltr'>tidelis.</span> <span class='ocrx_word' id='word_1_927' title='bbox 1628 3172 1663 3179; x_wconf 88' lang='lat'>—</span> <span class='ocrx_word' id='word_1_928' title='bbox 1681 3159 1806 3192; x_wconf 85' lang='lat' dir='ltr'>Sequitur</span> <span class='ocrx_word' id='word_1_929' title='bbox 1824 3160 1905 3191; x_wconf 68' lang='lat' dir='ltr'>Apoc.</span> <span class='ocrx_word' id='word_1_930' title='bbox 1925 3160 1955 3189; x_wconf 77' lang='lat'>2,</span> <span class='ocrx_word' id='word_1_931' title='bbox 1976 3159 2019 3184; x_wconf 88' lang='lat'>⁴0.</span> 
     </span>
    </p>

    <p class='ocr_par' dir='ltr' id='par_1_36' title="bbox 1295 3203 1789 3237">
     <span class='ocr_line' id='line_1_125' title="bbox 1295 3203 1789 3237; baseline -0.006 -5"><span class='ocrx_word' id='word_1_932' title='bbox 1295 3205 1316 3220; x_wconf 80' lang='lat'>¹¹</span> <span class='ocrx_word' id='word_1_933' title='bbox 1338 3207 1413 3231; x_wconf 85' lang='lat' dir='ltr'>Vers.</span> <span class='ocrx_word' id='word_1_934' title='bbox 1433 3205 1481 3237; x_wconf 80' lang='lat'>35,</span> <span class='ocrx_word' id='word_1_935' title='bbox 1501 3208 1560 3236; x_wconf 85' lang='lat' dir='ltr'>post</span> <span class='ocrx_word' id='word_1_936' title='bbox 1579 3211 1658 3237; x_wconf 89' lang='lat' dir='ltr'>quem</span> <span class='ocrx_word' id='word_1_937' title='bbox 1679 3203 1726 3235; x_wconf 80' lang='lat'>27,</span> <span class='ocrx_word' id='word_1_938' title='bbox 1746 3204 1789 3229; x_wconf 83' lang='lat'>23.</span> 
     </span>
    </p>

    <p class='ocr_par' dir='ltr' id='par_1_37' title="bbox 1222 3247 2186 3328">
     <span class='ocr_line' id='line_1_126' title="bbox 1295 3247 2186 3281; baseline -0.005 -5"><span class='ocrx_word' id='word_1_939' title='bbox 1295 3249 1318 3265; x_wconf 78' lang='lat'>¹⁸</span> <span class='ocrx_word' id='word_1_940' title='bbox 1337 3252 1371 3277; x_wconf 84' lang='lat' dir='ltr'>lta</span> <span class='ocrx_word' id='word_1_941' title='bbox 1391 3250 1468 3275; x_wconf 86' lang='lat' dir='ltr'>etiam</span> <span class='ocrx_word' id='word_1_942' title='bbox 1488 3249 1573 3280; x_wconf 83' lang='lat' dir='ltr'>Beda,</span> <span class='ocrx_word' id='word_1_943' title='bbox 1591 3248 1668 3275; x_wconf 88' lang='lat' dir='ltr'>Card.</span> <span class='ocrx_word' id='word_1_944' title='bbox 1688 3249 1779 3280; x_wconf 68' lang='lat'><strong>⁸⁰8⁰,</strong></span> <span class='ocrx_word' id='word_1_945' title='bbox 1792 3248 1822 3273; x_wconf 87' lang='lat' dir='ltr'>B.</span> <span class='ocrx_word' id='word_1_946' title='bbox 1835 3247 1946 3276; x_wconf 45' lang='lat' dir='ltr'>Albertq</span> <span class='ocrx_word' id='word_1_947' title='bbox 1965 3247 2077 3279; x_wconf 79' lang='lat' dir='ltr'>Vulgata</span> <span class='ocrx_word' id='word_1_948' title='bbox 2090 3254 2186 3281; x_wconf 83' lang='lat' dir='ltr'>supra</span> 
     </span>
     <span class='ocr_line' id='line_1_127' title="bbox 1222 3293 1967 3328; baseline -0.004 -7"><span class='ocrx_word' id='word_1_949' title='bbox 1222 3310 1258 3316; x_wconf 95' lang='lat'>—</span> <span class='ocrx_word' id='word_1_950' title='bbox 1276 3296 1334 3321; x_wconf 91' lang='lat' dir='ltr'>Duo</span> <span class='ocrx_word' id='word_1_951' title='bbox 1353 3302 1427 3328; x_wconf 83' lang='lat' dir='ltr'>seqq.</span> <span class='ocrx_word' id='word_1_952' title='bbox 1446 3294 1494 3320; x_wconf 88' lang='lat' dir='ltr'>loci</span> <span class='ocrx_word' id='word_1_953' title='bbox 1514 3297 1576 3319; x_wconf 87' lang='lat' dir='ltr'>sunt</span> <span class='ocrx_word' id='word_1_954' title='bbox 1594 3293 1673 3319; x_wconf 83' lang='lat' dir='ltr'>Hebr.</span> <span class='ocrx_word' id='word_1_955' title='bbox 1693 3293 1724 3326; x_wconf 84' lang='lat'>5,</span> <span class='ocrx_word' id='word_1_956' title='bbox 1746 3293 1769 3319; x_wconf 70' lang='lat'>6.</span> <span class='ocrx_word' id='word_1_957' title='bbox 1788 3296 1814 3319; x_wconf 85' lang='lat' dir='ltr'>et</span> <span class='ocrx_word' id='word_1_958' title='bbox 1833 3293 1873 3319; x_wconf 81' lang='lat' dir='ltr'>Ps.</span> <span class='ocrx_word' id='word_1_959' title='bbox 1892 3294 1922 3325; x_wconf 80' lang='lat'>2,</span> <span class='ocrx_word' id='word_1_960' title='bbox 1943 3293 1967 3318; x_wconf 85' lang='grc'>6.</span> 
     </span>
    </p>

    <p class='ocr_par' dir='ltr' id='par_1_38' title="bbox 1294 3336 2186 3369">
     <span class='ocr_line' id='line_1_128' title="bbox 1294 3336 2186 3369; baseline -0.005 -4"><span class='ocrx_word' id='word_1_961' title='bbox 1294 3338 1317 3353; x_wconf 77' lang='grc'>“</span> <span class='ocrx_word' id='word_1_962' title='bbox 1338 3340 1410 3365; x_wconf 80' lang='lat' dir='ltr'>vers.</span> <span class='ocrx_word' id='word_1_963' title='bbox 1429 3339 1453 3364; x_wconf 92' lang='grc'>5.</span> <span class='ocrx_word' id='word_1_964' title='bbox 1467 3352 1504 3358; x_wconf 93' lang='grc'>-</span> <span class='ocrx_word' id='word_1_965' title='bbox 1516 3338 1647 3364; x_wconf 80' lang='lat' dir='ltr'>Sententia</span> <span class='ocrx_word' id='word_1_966' title='bbox 1666 3337 1785 3369; x_wconf 82' lang='lat' dir='ltr'>Gregorii</span> <span class='ocrx_word' id='word_1_967' title='bbox 1799 3336 1910 3363; x_wconf 83' lang='lat' dir='ltr'>habetur</span> <span class='ocrx_word' id='word_1_968' title='bbox 1923 3336 2009 3363; x_wconf 76' lang='lat' dir='ltr'>XXX.</span> <span class='ocrx_word' id='word_1_969' title='bbox 2023 3336 2110 3362; x_wconf 76' lang='lat' dir='ltr'>Moral.</span> <span class='ocrx_word' id='word_1_970' title='bbox 2123 3342 2146 3361; x_wconf 88' lang='lat' dir='ltr'>c.</span> <span class='ocrx_word' id='word_1_971' title='bbox 2161 3336 2186 3361; x_wconf 87' lang='lat'>3.</span> 
     </span>
    </p>
   </div>
   <div class='ocr_carea' id='block_1_24' title="bbox 1224 3382 1835 3416">
    <p class='ocr_par' dir='ltr' id='par_1_39' title="bbox 1224 3382 1835 3416">
     <span class='ocr_line' id='line_1_129' title="bbox 1224 3382 1835 3416; baseline -0.005 -6"><span class='ocrx_word' id='word_1_972' title='bbox 1224 3392 1250 3410; x_wconf 92' lang='lat' dir='ltr'>n.</span> <span class='ocrx_word' id='word_1_973' title='bbox 1270 3384 1314 3409; x_wconf 85' lang='lat'>⁴2.</span> <span class='ocrx_word' id='word_1_974' title='bbox 1332 3387 1357 3409; x_wconf 90' lang='lat' dir='ltr'>et</span> <span class='ocrx_word' id='word_1_975' title='bbox 1376 3383 1468 3416; x_wconf 86' lang='lat' dir='ltr'>Regul.</span> <span class='ocrx_word' id='word_1_976' title='bbox 1488 3383 1610 3415; x_wconf 81' lang='lat' dir='ltr'>pastoral.</span> <span class='ocrx_word' id='word_1_977' title='bbox 1630 3389 1656 3414; x_wconf 90' lang='lat' dir='ltr'>p.</span> <span class='ocrx_word' id='word_1_978' title='bbox 1676 3382 1713 3408; x_wconf 91' lang='lat' dir='ltr'>lll.</span> <span class='ocrx_word' id='word_1_979' title='bbox 1733 3382 1835 3414; x_wconf 71' lang='lat' dir='ltr'>Prolog-</span> 
     </span>
    </p>
   </div>
   <div class='ocr_carea' id='block_1_25' title="bbox 2205 659 2351 706">
    <p class='ocr_par' dir='ltr' id='par_1_40' title="bbox 2205 659 2351 706">
     <span class='ocr_line' id='line_1_130' title="bbox 2205 659 2351 706; baseline 0.014 -28"><span class='ocrx_word' id='word_1_980' title='bbox 2205 659 2351 706; x_wconf 47' lang='lat' dir='ltr'>valentionem</span> 
     </span>
     <span class='ocr_line' id='line_1_131' title="bbox 2224 686 2263 706; baseline 0 0"><span class='ocrx_word' id='word_1_981' title='bbox 2224 686 2263 706; x_wconf 72' lang='lat' dir='ltr'>etri</span> 
     </span>
    </p>
   </div>
   <div class='ocr_carea' id='block_1_26' title="bbox 2205 951 2351 1053">
    <p class='ocr_par' dir='ltr' id='par_1_41' title="bbox 2205 951 2351 1053">
     <span class='ocr_line' id='line_1_132' title="bbox 2205 951 2351 973; baseline 0.007 -1"><span class='ocrx_word' id='word_1_982' title='bbox 2205 951 2351 973; x_wconf 77' lang='lat' dir='ltr'>Praelatorum</span> 
     </span>
     <span class='ocr_line' id='line_1_133' title="bbox 2226 979 2327 1000; baseline 0 -1"><span class='ocrx_word' id='word_1_983' title='bbox 2226 979 2327 1000; x_wconf 85' lang='lat' dir='ltr'>bonorum</span> 
     </span>
     <span class='ocr_line' id='line_1_134' title="bbox 2205 1004 2351 1032; baseline 0 -6"><span class='ocrx_word' id='word_1_984' title='bbox 2205 1004 2282 1032; x_wconf 81' lang='lat' dir='ltr'>duplex</span> <span class='ocrx_word' id='word_1_985' title='bbox 2299 1011 2351 1032; x_wconf 73' lang='lat' dir='ltr'>qua-</span> 
     </span>
     <span class='ocr_line' id='line_1_135' title="bbox 2244 1032 2301 1053; baseline 0.018 -1"><span class='ocrx_word' id='word_1_986' title='bbox 2244 1032 2301 1053; x_wconf 70' lang='lat' dir='ltr'>litas.</span> 
     </span>
    </p>
   </div>
   <div class='ocr_carea' id='block_1_27' title="bbox 2205 1858 2351 1933">
    <p class='ocr_par' dir='ltr' id='par_1_42' title="bbox 2205 1858 2351 1933">
     <span class='ocr_line' id='line_1_136' title="bbox 2205 1858 2350 1880; baseline 0 0"><span class='ocrx_word' id='word_1_987' title='bbox 2205 1858 2294 1880; x_wconf 69' lang='lat' dir='ltr'>Vocatio</span> <span class='ocrx_word' id='word_1_988' title='bbox 2315 1865 2350 1880; x_wconf 84' lang='lat' dir='ltr'>eo-</span> 
     </span>
     <span class='ocr_line' id='line_1_137' title="bbox 2218 1886 2351 1916; baseline 0.008 -11"><span class='ocrx_word' id='word_1_989' title='bbox 2218 1891 2265 1916; x_wconf 74' lang='lat' dir='ltr'>rum</span> <span class='ocrx_word' id='word_1_990' title='bbox 2275 1888 2296 1908; x_wconf 84' lang='lat' dir='ltr'>et</span> <span class='ocrx_word' id='word_1_991' title='bbox 2306 1886 2351 1907; x_wconf 82' lang='lat' dir='ltr'>offi-</span> 
     </span>
     <span class='ocr_line' id='line_1_138' title="bbox 2219 1918 2284 1933; baseline 0 0"><span class='ocrx_word' id='word_1_992' title='bbox 2219 1918 2284 1933; x_wconf 72' lang='lat' dir='ltr'>mum.</span> 
     </span>
    </p>
   </div>
  </div>
 </body>
</html>
