2476 3921
0 655 3 712 l

0 781 3 907 l

0 909 2 984 1

0 1004 47 1042 innis
62 1018 142 1040 Christi

1 1046 134 1069 *describitur

3 1079 30 1096 ἐι·
44 1075 141 1100 quatuor.

0 1232 134 1255 *Pei-turbatio

25 1259 107 1281 mundi.

0 1339 135 1361 tenti-arietes

17 1366 111 1388 solvitur.

735 230 930 263 COMMENT.
956 231 993 264 IN
1016 231 1257 265 EVANGELIUM
1281 233 1400 266 LUCAE
1425 234 1456 266 C.
1481 235 1581 267 XXIII.

158 324 206 354 est
229 320 293 354 vita
315 322 457 359 aeterna,
482 323 517 353 ut
541 323 729 362 cognoscant
753 323 783 353 te
807 320 910 353 solum
938 320 1039 353 Deum
1071 328 1124 353 ve-

159 382 251 413 rum,
276 375 307 406 et
330 382 425 415 quem
447 372 559 406 misisti
584 373 686 406 lesum
710 373 871 406 Christum
889 385 919 405 ».

206 478 249 513 De
272 478 391 514 Christi
414 478 515 514 morte
539 478 572 513 et
596 478 809 514 tumulatione
832 478 984 513 dicuntur
1008 478 1077 513 duo.

247 585 298 619 53.
326 587 410 619 Erat
434 589 545 619 autem
568 585 639 629 fere
663 585 748 619 liora
771 590 867 619 sexta
890 589 949 619 etc.
976 587 1046 620 Post
1069 586 1123 620 de-

157 638 305 680 scriptam
335 639 451 675 Christi
484 640 816 682 comprehensionem,
849 640 1047 679 illusionem,
1072 650 1123 674 ac-

156 692 350 725 cusationem
373 695 404 725 et
431 692 721 726 condemnationem
745 696 776 726 et
799 693 1039 726 crucifixionem
1072 694 1123 727 hic

156 745 305 778 describit
321 746 516 788 Evangelista
532 746 600 779 eius
616 750 755 779 mortem
772 750 802 779 et
821 746 1076 780 tumulationem
1090 749 1123 786 ¹,-

156 802 187 831 et
210 799 288 832 haec
312 799 407 832 habet
429 802 535 841 partes
559 799 647 832 duas.
673 800 705 832 In
730 809 868 842 quarum
893 800 995 843 prima
1017 801 1123 843 agitur

155 851 194 885 de
217 856 339 891 morte;
362 852 395 885 in
418 852 571 892 secunda,
595 853 634 886 de
657 853 847 895 sepultura,
872 853 915 886 ibi
929 855 960 886 ²:
988 855 1027 886 Et
1042 864 1121 894 ecce,

155 905 209 938 vir
232 905 365 938 nomine
388 905 512 949 Ioseph.

245 959 334 992 Circa
357 959 609 1002 descriptionem
632 963 739 994 autem
764 961 883 993 mortis
902 959 1028 994 Christi
1043 971 1121 1004 qua-

155 1014 229 1044 tuor
264 1012 527 1052 introducuntur‚
556 1013 674 1047 scilicet
709 1013 878 1047 mirabilis
912 1014 1120 1057 perturbatio

155 1065 290 1105 muntii,
315 1066 507 1110 lacrymosa
530 1068 714 1109 exspiratio
745 1067 886 1107 Christi,
910 1068 1017 1110 fidelis
1045 1078 1121 1101 con-

153 1118 255 1162 fessio
279 1120 484 1153 centurionis
500 1124 531 1154 et
551 1121 767 1154 tremebunda
784 1123 992 1164 compunctio
1005 1122 1119 1165 plebis.

245 1174 296 1206 54.
315 1174 417 1216 (Vers.
434 1175 488 1207 [tlt.
502 1175 580 1216 45).
595 1175 699 1208 Primo
716 1176 813 1218 igitur
829 1180 985 1218 quantum
1003 1176 1040 1209 ad
1059 1177 1121 1209 nti-

154 1227 291 1260 rabilem
301 1228 589 1270 perturbationem
601 1229 739 1268 mundi,
758 1238 839 1271 quae
853 1233 987 1262 mortem
1004 1229 1121 1262 Christi

153 1281 334 1321 antecessit,
357 1281 446 1315 dicit:
466 1283 548 1315 Erat
565 1286 676 1315 autem
692 1281 762 1325 fere
778 1281 864 1315 liora
887 1287 991 1315 sexta.
1009 1302 1053 1307 —
1069 1283 1121 1315 Di—

154 1334 237 1368 citur
253 1339 359 1368 autem
384 1335 506 1368 loannis
528 1335 650 1368 decimo
666 1345 748 1368 nono
762 1336 785 1374 ⁸,
810 1335 895 1378 quod
925 1349 940 1365 c<
957 1339 1025 1369 erat
1042 1336 1121 1368 hora

155 1391 246 1421 sexta
258 1401 290 1428 »,
315 1388 440 1431 quando
456 1389 633 1422 crucifixus
649 1392 697 1422 est
712 1389 816 1429 Iesus;
835 1392 866 1422 et
881 1389 975 1422 Marci
999 1389 1121 1422 decimo

155 1441 284 1484 quinto,
309 1442 393 1484 quod
422 1455 438 1470 «
454 1446 523 1475 erat
547 1443 626 1475 hora
650 1442 743 1475 tertia
763 1454 799 1482 »;
824 1446 856 1475 et
879 1443 992 1482 Lucas,
1018 1452 1120 1475 remo-

154 1497 206 1527 vet
229 1494 321 1527 istam
345 1495 610 1534 controversiam,
635 1494 821 1534 ostendens,
845 1495 928 1537 quod
954 1495 1013 1528 fuit
1037 1495 1120 1528 inter

154 1546 279 1579 tertiam
295 1549 327 1580 et
342 1550 465 1579 sextam
478 1547 605 1587 horam,
622 1548 676 1580 sed
694 1548 765 1590 plus
781 1548 912 1581 accessit
928 1548 966 1581 ad
980 1552 1119 1588 sextam;

154 1599 238 1632 unde
256 1600 468 1642 Evangelistae
484 1601 536 1633 alii
553 1601 715 1643 nominant
730 1604 890 1641 extrema,
903 1604 935 1634 et
950 1602 1050 1635 Lucas
1067 1611 1120 1635 ex-

153 1653 262 1695 primit
285 1653 419 1687 mediam
438 1654 584 1687 horam4.
610 1655 643 1687 In
668 1655 842 1694 hac-sexta
867 1655 946 1688 hora
974 1659 1005 1688 et
1029 1659 1121 1688 sexta

153 1710 254 1741 aetate
270 1712 301 1741 et
321 1710 412 1741 sexta
435 1707 513 1740 feria
529 1708 705 1741 crucifixus
729 1711 776 1741 est
793 1708 878 1741 Iesus
902 1718 960 1750 pro
977 1709 1126 1748 homine,

154 1761 210 1804 qui
233 1761 292 1794 fuit
316 1764 407 1794 sexta
430 1761 480 1794 die
503 1761 659 1795 formatus
671 1762 694 1794 ⁵.
725 1780 766 1785 —
796 1762 867 1794 Post
890 1762 971 1794 hanc
996 1765 1119 1795 sextam

154 1815 284 1855 horam,
308 1815 433 1849 Christo
457 1815 612 1858 pendente
640 1816 671 1848 in
696 1824 791 1849 cruce
815 1820 846 1848 et
877 1815 1120 1858 approximante

154 1868 192 1900 ad
216 1872 369 1908 mortem,
393 1868 474 1902 facta
504 1871 552 1902 est
574 1868 762 1902 universalis
794 1868 962 1901 commotio
995 1872 1121 1901 creatu-

102 1922 104 1925 ’
156 1930 228 1961 rae;
253 1921 337 1955 unde
354 1921 455 1955 addit:
476 1923 515 1955 Et
531 1921 680 1955 tenebrae
695 1921 807 1965 factae
829 1926 908 1954 sunt
928 1922 964 1955 in
988 1923 1120 1955 univer-

0 2031 134 2054 mutandum.

153 1984 228 2008 sam
246 1979 373 2009 terram
385 1976 397 1996 ⁶
415 1985 519 2020 usque
535 1976 570 2009 in
584 1975 704 2009 boram
719 1985 856 2016 nonam,
873 1981 903 2009 et
922 1975 1121 2009 obscuratus

155 2032 202 2062 est
223 2029 281 2062 sot.
306 2030 368 2063 Hae
391 2033 496 2063 autem
522 2030 670 2063 tenebrae
694 2040 756 2063 non
781 2033 955 2072 potuerunt
972 2039 1040 2063 esse
1063 2039 1120 2072 per

154 2085 319 2123 naturam,
344 2083 426 2116 sicut
449 2083 485 2116 fit
516 2083 657 2125 eclipsis,
682 2083 797 2126 triplici
828 2092 870 2116 ex
901 2092 1014 2122 causa,
1039 2083 1120 2116 scili—

155 2138 204 2169 cet
227 2136 303 2178 quia
325 2136 401 2169 luna
424 2139 493 2170 erat
516 2136 752 2179 quartadecima
765 2137 788 2176 ⁷,
812 2139 844 2169 et
867 2136 911 2169 ita
927 2136 957 2169 in
982 2136 1121 2178 perfecta

154 2189 300 2223 distantia
324 2199 343 2223 a
366 2190 448 2230 sole;
473 2193 504 2223 et
529 2190 604 2233 quia
627 2190 751 2232 eclipsis
774 2199 837 2222 non
861 2189 965 2222 aufert
992 2189 1120 2222 omnino

155 2243 262 2276 lumen
287 2243 434 2277 omnibus
458 2243 601 2285 partibus
624 2246 746 2282 terrae;
771 2246 802 2276 et
825 2242 901 2285 quia
923 2251 986 2275 non
1017 2245 1120 2284 potest

155 2304 212 2337 per
235 2299 300 2330 tres
324 2297 420 2330 horas
442 2296 577 2330 durare:
602 2299 634 2330 et
664 2296 733 2329 ideo
757 2296 809 2329 hic
840 2295 958 2338 triplex
982 2295 1119 2328 miracu-

227 2470 237 2485 ¹
257 2470 309 2497 Csr.
327 2478 407 2503 supra
427 2478 448 2497 c.
469 2473 511 2497 22.
528 2479 553 2497 n.
574 2472 617 2498 59.
950 2470 960 2487 ⁹
982 2473 1056 2498 Vers.
1075 2472 1118 2497 50.

228 2514 238 2529 ³
258 2515 333 2540 Vers.
353 2515 400 2548 tt,
420 2520 479 2548 post
502 2523 582 2549 quein
609 2517 686 2543 Marc.
707 2516 754 2549 ts,
781 2517 822 2543 25.
843 2517 901 2543 Vat.
926 2517 1021 2550 allegat
1039 2517 1118 2543 etiam

158 2559 244 2584 Mattli.
265 2558 311 2591 27,
334 2558 376 2584 45.

228 2602 239 2617 ⁴
258 2602 310 2629 Cir.
330 2604 355 2629 S.
375 2604 485 2636 Bonav.,
505 2604 652 2631 Comment.
671 2605 696 2631 in
716 2606 784 2631 loan.
803 2612 827 2632 c.
853 2606 892 2631 l9.
911 2613 936 2631 n.
956 2607 1000 2632 25.

229 2647 240 2662 ⁵
259 2648 309 2674 Csr.
329 2649 392 2673 Gen.
414 2649 442 2679 l,
464 2649 506 2674 26.
525 2656 599 2682 seqq.
619 2649 687 2675 Vide
706 2657 785 2682 supra
800 2657 861 2682 pag.
882 2651 929 2683 20,
948 2654 1038 2676 notam
1059 2651 1100 2676 lo.

228 2690 239 2706 ⁵
258 2692 342 2719 Codd.
361 2691 380 2718 C
392 2692 412 2718 D
422 2693 443 2718 G
454 2693 475 2718 H
492 2692 521 2719 in
533 2693 662 2720 universa
675 2690 768 2726 terra,-
782 2694 814 2720 ita
829 2695 907 2720 etiam
920 2695 991 2721 Beda
1004 2698 1030 2721 et
1042 2695 1119 2721 Card.

158 2737 243 2768 Ilugo.
256 2750 291 2755 —
304 2736 393 2768 Cyrill.
411 2736 547 2762 Alexandr.
562 2737 586 2762 in
600 2738 662 2762 Luc.
682 2738 728 2769 23„
744 2736 790 2763 44:
804 2738 861 2769 lpsa
874 2745 982 2771 quoqne
1000 2741 1120 2765 creatura

159 2781 300 2806 Dominum
320 2787 398 2806 sunm
417 2779 545 2811 deflebat,
565 2780 680 2814 ideoque
699 2781 737 2806 sol
756 2780 980 2807 obtenebrabatur
999 2784 1047 2807 etc.

229 2823 239 2838 ⁷
259 2825 311 2851 Csr.
340 2832 420 2858 snpra
448 2833 471 2851 c.
497 2826 539 2851 22.
564 2832 591 2851 n.
616 2825 641 2850 9.
666 2828 691 2850 et
715 2825 835 2858 Hieron,
860 2826 902 2851 lV.
926 2825 1073 2852 Comment.
1093 2826 1119 2851 in

159 2869 246 2895 Matth.
266 2870 313 2901 27,
334 2870 376 2896 45.

230 2912 240 2927 ⁸
261 2914 328 2939 Vide
348 2914 421 2940 lilioli.
443 2914 572 2946 Syngelli,
587 2915 683 2940 Encon.
698 2914 844 2946 inlDionys.
859 2915 1005 2946 Arcopag.;
1025 2914 1051 2939 P.
1065 2914 1121 2939 Hal-

160 2956 222 2988 loix,
242 2957 302 2983 Vita
321 2959 347 2983 S.
368 2958 472 2991 Dionys.
492 2966 515 2985 e.
536 2960 558 2985 1.
580 2960 605 2985 ln
629 2959 744 2985 Breviar.
770 2960 889 2985 Romano
913 2959 948 2992 (9.
973 2958 1039 2991 Oet.)
1060 2958 1121 2990 legi-

161 3003 215 3026 tur:
237 3011 250 3024 «
268 3002 346 3033 Qui...
359 3003 517 3029 exclamasse
537 3003 660 3030 truditur:
674 3005 724 3029 Ant
743 3004 813 3030 Dens
826 3007 934 3029 naturae
953 3003 1063 3036 patitur,
1076 3006 1121 3029 ant

161 3045 251 3070 mundi
272 3046 391 3072 machina
411 3047 569 3074 dissolvetur
582 3058 607 3073 n.

231 3087 242 3102 ⁰
261 3089 343 3121 Epist.
370 3090 396 3115 7.
427 3090 471 3123 (ad
499 3092 645 3125 Polycarp.)
671 3093 687 3125 S
707 3094 736 3124 2,
764 3092 809 3118 ubi
840 3093 984 3125 Polycarpo
1010 3093 1120 3119 modum

161 3132 315 3164 praescribit
333 3134 428 3165 agendi
448 3142 508 3160 cum
527 3135 709 3168 Apollophane
727 3137 898 3169 philosopho,
918 3137 965 3170 qni
989 3143 1040 3163 nna
1059 3144 1120 3163 cum

161 3177 284 3208 Dionysio
304 3177 372 3203 iuxta
392 3178 547 3210 Heliopolim
572 3179 612 3212 (in
637 3180 768 3213 Aegypto)
794 3181 976 3213 prodigiosam
1001 3182 1120 3213 eclipsim

162 3220 234 3246 vidit.
255 3220 346 3246 Versio
368 3224 407 3247 est
429 3222 497 3247 Scoti
518 3222 644 3254 Erigenae
664 3223 733 3256 (Vnt.
750 3224 828 3250 aliam
851 3226 947 3250 horum
970 3225 1120 3251 versionem

160 3264 266 3290 exhibet
283 3265 470 3299 diffusiorem),
491 3266 516 3292 in
534 3274 586 3299 qua
606 3269 693 3293 tamen
713 3274 762 3299 pro
781 3267 938 3295 subeuntem
964 3272 1048 3295 textus
1071 3269 1121 3295 ori-

162 3309 254 3340 ginalis
267 3307 426 3336 incidentem
445 3313 470 3335 et
488 3317 536 3342 pro
556 3309 768 3337 conscissionem
782 3310 871 3345 ipsam
887 3311 1021 3338 substituit
1040 3312 1121 3339 Occa-

161 3359 224 3379 sum
236 3351 325 3386 ipsum
346 3350 401 3386 (τὴν
420 3350 548 3387 ’ἔμπτωσιν
569 3350 669 3387 αὐτὴν),
690 3355 716 3380 S.
736 3355 830 3380 Thom.
857 3354 922 3388 (Cat.
943 3356 1032 3389 aurea)
1054 3355 1121 3382 Inci-

162 3395 296 3429 dentiam,
310 3397 359 3422 alia
378 3397 466 3423 versio
487 3396 638 3424 Occursum
658 3397 747 3424 illum.

2089 240 2148 272 581

1188 321 1253 354 lum
1278 321 1347 354 fuit.
1374 323 1409 355 Et
1432 327 1600 366 propterea
1628 325 1765 358 refertur
1779 325 1802 366 ⁸,
1828 327 1911 368 quod
1939 327 2050 361 beatus
2083 328 2154 361 Dio-

1188 375 1315 417 nysius,
1339 385 1412 409 cum
1434 380 1516 410 esset
1532 377 1562 409 in
1587 378 1724 420 Aegypto
1740 382 1771 412 et
1795 379 1915 413 videret
1931 381 2014 413 illam
2040 382 2153 414 obscu-

1188 428 1359 468 rationem,
1383 429 1481 462 dixit:
1513 443 1528 458 ‹r
1544 431 1604 463 Aut
1626 432 1780 465 elementa
1796 437 1979 474 mutantur,
1996 438 2051 467 aut
2068 435 2152 468 Deus

1187 484 1320 514 naturae
1337 482 1466 523 patitur,
1479 485 1510 515 et
1526 483 1679 516 elementa
1695 484 1753 517 sibi
1771 487 2006 527 compatiuntur
2019 501 2049 519 ι).
2067 488 2153 521 Unde

1187 538 1218 566 et
1234 533 1301 576 ipse
1317 534 1391 567 dicit
1408 535 1439 567 in
1459 535 1592 577 Epistola
1609 540 1719 570 contra
1742 539 2025 580 Apollophanem9:
2052 553 2067 568 α
2083 541 2151 579 Dic,

1188 587 1265 629 quid
1296 587 1374 621 dicis
1404 588 1443 621 de
1467 589 1589 631 eclipsi,
1614 599 1695 632 quae
1720 590 1779 623 fuit
1811 592 1841 624 in
1866 593 1995 625 salutari
2028 597 2152 627 cruce?

1188 640 1319 683 Utrique
1343 641 1427 674 enim
1451 642 1545 675 simul
1570 644 1730 676 constituti
1763 645 1846 686 apud
1871 646 2026 679 civitatem
2060 647 2150 686 solis,

1187 694 1373 727 mirabiliter
1398 695 1536 728 vidimus
1553 696 1659 729 lunam
1684 697 1871 730 subeuntem
1890 699 1962 737 soli;
1988 709 2049 731 non
2067 700 2151 732 enim

1187 750 1255 779 erat
1279 750 1405 789 tempus
1428 748 1674 789 coniunctionis3
1700 754 1764 783 eta
1788 760 1869 783 nona
1892 752 1970 784 hora
1994 762 2095 794 usque
2113 753 2151 785 ad

1187 809 1351 842 vesperam
1378 802 1485 834 lunam
1510 812 1529 834 a
1544 802 1698 836 diametro
1715 804 1770 836 soli
1796 806 2080 846 supernaturaliter
2097 815 2152 848 op-

1187 855 1319 896 positam
1337 867 1372 894 ¹³3
1398 858 1429 888 et
1447 859 1532 897 post:
1556 869 1571 885 «
1587 857 1834 890 Conscissionem
1851 858 1949 900 ipsam
1974 859 2013 891 ab
2030 860 2151 893 oriente

1186 907 1323 941 vidimus
1347 908 1547 950 incipientem
1571 913 1603 942 et
1626 910 1802 943 venientem
1830 920 1930 953 usque
1954 912 1992 944 ad
2017 913 2149 946 solarem

1187 961 1374 1000 terminum,
1399 962 1511 995 deinde
1535 963 1830 997 retrocedentem».

1277 1016 1327 1047 55.
1347 1015 1383 1047 Et
1400 1015 1474 1057 quia
1490 1016 1636 1049 Christus
1650 1026 1710 1049 non
1728 1018 1830 1050 solum
1848 1021 1916 1050 erat
1928 1017 2074 1051 dominus
2088 1028 2150 1051 na-

1186 1070 1303 1106 turae,
1322 1076 1435 1100 verum
1452 1068 1544 1100 etiam
1564 1068 1679 1111 leyalis
1696 1069 1943 1108 observantiae,-
1961 1070 2029 1103 ideo
2045 1070 2146 1103 addit:

1187 1122 1227 1153 Et
1250 1122 1359 1154 velum
1384 1121 1495 1163 templi
1516 1122 1659 1155 scissum
1685 1127 1731 1155 est
1753 1123 1923 1161 meatuum
1948 1133 2004 1157 nec
2026 1128 2149 1157 tantum

1186 1175 1246 1207 hoc
1271 1175 1395 1214 velum,
1429 1184 1539 1208 verum
1573 1175 1665 1208 etiam
1690 1176 1768 1209 aliae
1796 1180 1960 1209 creaturae
1989 1186 2064 1210 snae
2090 1178 2149 1210 sibi

1185 1236 1366 1269 compassae
1390 1231 1465 1261 sunt
1474 1240 1482 1267 ;
1511 1229 1594 1262 unde
1611 1229 1756 1262 Matthaei
1782 1229 1931 1272 vigesimo
1956 1230 2087 1272 septimo
2103 1231 2148 1263 ¹⁰:

1190 1293 1205 1309 c<
1224 1281 1331 1314 Petrae
1355 1281 1469 1314 scissae
1493 1285 1584 1321 sunt,
1609 1286 1639 1315 et
1663 1286 1866 1315 monumenta
1890 1287 1999 1325 aperta
2023 1288 2096 1316 sunt
2113 1296 2148 1317 »z

1184 1338 1216 1367 et
1239 1335 1299 1367 hoc
1322 1337 1423 1367 totum
1454 1335 1485 1367 in
1518 1335 1731 1368 testimonium
1758 1336 1934 1369 Divinitatis
1958 1336 2083 1369 Christi.
2115 1337 2150 1369 Et

1184 1387 1222 1421 de
1239 1388 1299 1420 hoc
1316 1388 1523 1430 Hieronymus
1536 1390 1580 1421 ¹1:
1611 1402 1626 1418 <t
1643 1389 1884 1431 Compatiuntur
1901 1390 2054 1422 elementa
2071 1390 2149 1422 Con-

1184 1442 1277 1474 ditori
1303 1451 1378 1475 suo:
1404 1442 1520 1485 refugit
1544 1443 1607 1482 sol,
1632 1443 1707 1484 quia
1730 1452 1792 1475 non
1810 1444 1912 1485 potuit
1937 1443 2042 1477 videre
2063 1453 2148 1476 mor-

1184 1498 1246 1528 tem
1272 1495 1406 1534 Christi,
1430 1495 1602 1528 collaborat
1626 1496 1779 1529 laboranti
1804 1500 1834 1529 et
1859 1496 2150 1538 blasphemantibus

1185 1557 1260 1582 suae
1283 1548 1364 1582 lucis
1387 1548 1576 1582 beneficium
1600 1549 1752 1589 retraxit;
1778 1550 1880 1582 omnis
1903 1554 2050 1583 creatura
2066 1559 2150 1583 com-

1184 1602 1304 1644 patitur
1328 1601 1454 1634 Christo
1477 1602 1633 1634 morienti.
1659 1602 1734 1634 Nam
1760 1602 1806 1634 sol
1822 1602 2030 1642 obscuratur,
2061 1607 2146 1636 terra

1184 1658 1346 1693 movetur,
1371 1658 1480 1696 petrae
1504 1654 1703 1694 scinduntur,
1729 1655 1833 1688 velum
1860 1655 1968 1697 templi
1988 1655 2149 1693 dividitur,

1185 1707 1332 1749 sepulcra
1354 1707 1558 1749 aperiuntur,
1584 1708 1669 1740 solus
1693 1707 1789 1740 miser
1814 1708 1907 1740 homo
1938 1717 2000 1740 non
2025 1717 2150 1750 eompa-

1184 1762 1274 1800 titur,
1299 1770 1357 1802 pro
1381 1770 1445 1803 quo
1468 1761 1535 1793 solo
1558 1760 1704 1794 Christus
1728 1761 1847 1802 patitur
1865 1775 1895 1793 n.
1920 1761 2149 1795 Attendendum

1184 1818 1305 1853 autem,
1331 1814 1416 1856 quod
1441 1814 1471 1846 in
1504 1814 1556 1846 illa
1587 1814 1667 1846 solis
1698 1813 1929 1847 obscuratione
1961 1815 2147 1856 intelligitur

1185 1867 1371 1900 obcaecatio
1397 1867 1617 1906 Iudaeorum,
1642 1870 1673 1900 et
1697 1868 1728 1900 in
1752 1867 1909 1900 scissione
1933 1867 1995 1900 veli
2027 1867 2149 1900 revela-

1185 1921 1229 1954 tio
1247 1921 1526 1963 Scripturarum,
1551 1930 1632 1963 quae
1649 1921 1730 1954 facta
1753 1925 1799 1954 est
1816 1920 1978 1963 gentibus;
2003 1920 2087 1953 unde
2103 1920 2150 1953 di-

1185 1975 1268 2008 citur
1293 1974 1414 2008 loannis
1438 1984 1521 2007 nono
1534 1975 1578 2006 ¹2:
1602 1988 1618 2003 «
1631 1974 1693 2016 Ego
1710 1975 1740 2007 in
1758 1974 1909 2007 iudicium
1928 1974 1997 2007 veni
2015 1974 2045 2006 in
2063 1975 2147 2007 hunc

1185 2028 1359 2067 mundum,
1384 2032 1420 2060 ut
1444 2028 1499 2070 qui
1524 2037 1586 2060 non
1612 2028 1718 2060 vident
1742 2027 1884 2065 videant,
1909 2030 1939 2060 et
1964 2027 2018 2069 qui
2043 2027 2148 2059 vident

1186 2082 1269 2115 caeci
1295 2082 1373 2114 siant
1393 2095 1423 2113 υ.
1449 2081 1523 2119 Vel,
1546 2081 1585 2113 ad
1610 2085 1737 2122 tempus
1764 2080 1864 2122 finale
1888 2083 1990 2121 potest
2018 2079 2147 2118 referri,

1184 2135 1222 2168 de
1246 2145 1310 2178 quo
1333 2135 1365 2167 in
1383 2135 1502 2167 Psalmo
1515 2134 1559 2166 1³:
1590 2148 1605 2163 a
1623 2134 1754 2167 Posuisti
1772 2134 1934 2172 tenebam,
1952 2137 1983 2166 et
2000 2133 2080 2166 sacta
2101 2137 2147 2166 est

1184 2198 1268 2227 nox;
1293 2188 1325 2220 in
1349 2188 1417 2230 ipsa
1440 2188 1680 2230 pertransibunt
1702 2195 1810 2219 omnes
1834 2186 1951 2219 bestiae
1975 2186 2071 2219 silvae
2094 2200 2122 2218 ».

1275 2241 1327 2272 56.
1353 2240 1453 2282 (Vers.
1483 2240 1560 2280 list).
1579 2239 1721 2272 Secundo
1746 2242 1900 2281 quantum
1918 2239 1956 2271 ad
1981 2239 2145 2283 lacrymo-

1183 2303 1259 2326 sam
1282 2293 1540 2336 exspirationem
1559 2292 1683 2326 Christi
1705 2293 1828 2326 subdit:
1847 2293 1886 2325 Et
1902 2292 2053 2325 clamans
2075 2302 2147 2325 uoce

1254 2469 1277 2485 ²⁰
1297 2471 1372 2496 Vers.
1392 2470 1433 2496 51.
1454 2473 1480 2496 et
1498 2470 1540 2496 52.

1254 2514 1275 2530 ¹¹
1295 2515 1346 2541 Csr.
1366 2515 1407 2540 lV.
1427 2514 1574 2541 Cominent.
1588 2513 1614 2539 in
1634 2514 1719 2539 Matth.
1734 2513 1780 2545 27,
1802 2513 1847 2545 45,
1863 2512 1907 2538 nbi
1922 2513 2006 2545 prima
2021 2520 2081 2544 pars
2102 2513 2146 2537 hn-

1183 2561 1223 2587 ius
1242 2560 1383 2586 sententiae
1402 2559 1561 2585 insinuatur:
1586 2568 1598 2582 ι
1613 2558 1778 2591 videturque
1797 2558 1888 2583 milii...
1913 2557 2040 2583 luminare
2064 2557 2147 2581 mains

1182 2605 1321 2631 retraxisse
1338 2604 1426 2630 radios
1440 2611 1515 2635 snos,
1534 2610 1567 2629 ne
1580 2606 1625 2629 aut
1643 2603 1802 2635 pendentem
1820 2602 1921 2627 videret
1934 2602 2089 2631 Dominum,
2103 2605 2145 2625 aut

1183 2650 1258 2682 impii
1277 2649 1490 2681 blasphemantes
1508 2655 1555 2674 sua
1574 2648 1632 2673 luce
1652 2648 1798 2673 fruerentur
1812 2656 1836 2672 ».
1857 2647 1946 2672 Glossa
1964 2645 2146 2672 interlinearis

1185 2694 1212 2719 in
1230 2694 1345 2719 eundem
1365 2694 1429 2719 loc.:
1453 2691 1679 2724 «Compatinntur
1704 2692 1831 2717 elementa
1856 2690 1972 2717 Creatori
1996 2696 2056 2721 suo;
2082 2691 2148 2715 lene-

1185 2736 1249 2764 brae
1266 2737 1355 2771 sactae
1373 2738 1449 2769 sunt,
1469 2744 1502 2763 ne
1522 2737 1560 2762 sol
1579 2736 1739 2768 pendentem
1759 2735 1900 2760 Dominum
1920 2734 2035 2765 videret,
2054 2734 2095 2759 vel
2115 2740 2147 2758 ne

1184 2782 1258 2814 impii
1278 2788 1325 2807 sna
1353 2783 1501 2807 iruerentur
1520 2782 1578 2806 lnce
1597 2790 1621 2806 υ.
1639 2780 1729 2806 Glossa
1748 2778 1929 2805 interlinearis
1954 2778 1977 2803 in
1998 2779 2074 2803 Marc.
2104 2778 2145 2803 13.

1185 2826 1233 2851 33:
1258 2835 1270 2848 κ
1286 2825 1419 2852 Tenebrae
1438 2826 1526 2859 factae
1550 2826 1617 2851 sunt
1634 2827 1695 2856 etc.,
1715 2824 1753 2850 sol
1772 2824 1882 2855 refugit,
1901 2823 1962 2856 quia
1989 2830 2041 2848 non
2063 2825 2147 2854 potest

1184 2868 1277 2894 videre
1305 2871 1417 2894 mortem
1443 2868 1536 2894 Christi
1560 2871 1586 2893 et
1609 2867 1750 2893 collaborat
1775 2867 1917 2897 laboranti,
1943 2867 1985 2891 vel
2010 2873 2043 2891 ne
2072 2865 2146 2897 impii

1185 2912 1398 2944 blasphemantes
1417 2919 1464 2937 sua
1483 2912 1541 2937 lnce
1561 2913 1707 2937 lruerentnr
1720 2921 1745 2936 n.
1767 2911 1802 2936 De
1815 2911 1930 2936 secunda
1944 2913 2018 2941 parte
2032 2910 2076 2934 cfr.
2091 2909 2147 2934 llic-

1185 2963 1255 2986 ron.,
1269 2956 1317 2981 loc.
1331 2955 1374 2980 cit.
1388 2955 1413 2980 in
1433 2962 1459 2979 v.
1479 2954 1525 2979 52:
1549 2963 1561 2977 <x
1574 2954 1638 2980 Nulli
1657 2954 1769 2979 dubium
1789 2957 1841 2984 est,
1856 2953 1921 2985 quin
1935 2953 2063 2983 significet
2076 2952 2146 2976 iuxta

1185 3001 1295 3026 litteram
1315 2992 1470 3031 magnitudo
1490 2999 1642 3030 signorum,
1669 3001 1697 3023 ut
1721 2997 1874 3023 crucifixum
1902 2997 2042 3022 Dominum
2067 3003 2145 3021 sunm

1185 3048 1211 3071 et
1230 3045 1331 3071 caelum
1350 3047 1375 3069 et
1394 3047 1462 3069 terra
1481 3045 1506 3068 et
1525 3042 1612 3068 omnia
1637 3042 1886 3068 demonstrarent».
1916 3041 1982 3066 Vide
2008 3041 2032 3065 in
2053 3041 2100 3071 28,
2122 3041 2144 3065 2.

1185 3089 1239 3116 cfr.
1260 3089 1384 3121 August,
1405 3088 1487 3113 Serm.
1511 3086 1568 3111 ¹54.
1584 3086 1609 3111 in
1624 3085 1775 3117 Appendice
1796 3086 1869 3118 (alias
1891 3086 1946 3110 120.
1961 3085 1994 3110 dc
2015 3085 2145 3116 Tempore

1185 3137 1211 3161 et
1236 3137 1295 3167 post
1319 3133 1359 3159 45.
1387 3133 1412 3157 in
1440 3130 1605 3163 Appendice)
1625 3137 1650 3155 n.
1669 3130 1693 3155 7.
1715 3130 1763 3155 Pro
1784 3129 1964 3163 Hieronymus
1984 3129 2065 3154 ΑΒΕ
2086 3128 2145 3154 Ideo

1188 3180 1232 3213 (ita
1254 3179 1331 3205 etiam
1351 3177 1370 3203 C
1389 3176 1524 3209 primitus,
1545 3175 1591 3200 sed
1614 3174 1730 3200 secunda
1753 3181 1847 3199 manns
1868 3173 2000 3199 substituit
2019 3172 2146 3206 Hierony]-

1185 3229 1262 3254 mus,
1276 3228 1355 3255 quem
1376 3221 1487 3251 allegant
1505 3219 1583 3244 etiam
1603 3218 1680 3244 Card.
1703 3219 1779 3249 Ilugo
1799 3221 1825 3243 et
1842 3217 1995 3249 Gorranns).
2015 3217 2062 3242 Pro
2083 3215 2145 3242 dit-i-

1186 3267 1260 3294 ditur
1281 3267 1302 3292 D
1320 3264 1461 3292 scinditur.

1257 3309 1279 3325 ¹⁹
1299 3310 1374 3335 Vers.
1394 3309 1435 3334 39.
1461 3307 1511 3334 Cir.
1537 3306 1671 3338 Ambros.,
1698 3307 1731 3332 X.
1752 3307 1778 3332 in
1802 3307 1864 3332 Luc.
1884 3313 1907 3332 c.
1927 3306 1968 3331 23.
1990 3313 2015 3331 n.
2040 3306 2095 3331 128.
2121 3309 2145 3330 et

1185 3355 1303 3385 Hieron,
1323 3354 1365 3379 lV.
1386 3352 1531 3379 Cominont.
1552 3351 1576 3376 in
1596 3351 1682 3376 Manli.
1702 3351 1749 3381 27,
1769 3351 1811 3376 5¹.

1257 3398 1279 3413 ¹³
1298 3398 1390 3424 Psalm.
1412 3397 1474 3429 103,
1495 3395 1538 3421 20.
1556 3394 1608 3421 Csr.
1627 3395 1694 3420 Petr.
1713 3388 1867 3423 Ldmbard..
1887 3395 1912 3420 in
1932 3395 2001 3420 hunc
2021 3394 2068 3419 loc.

2187 1029 2283 1050 Christus

2171 1059 2300 1077 monstratur

2187 1083 2285 1104 dominus

2202 1109 2271 1136 Legis.

2170 1773 2299 1795 Notandum.

2169 2092 2246 2113 Aliter.

2164 2251 2285 2278 Exspirano

2179 2278 2266 2299 Christi.
