2476 3921
13 646 14 672 l
35 647 161 671 Notandum.

16 2345 47 2367 De
56 2345 119 2367 modo
129 2352 166 2373 ap-

0 2381 5 2411 ἷκ
15 2373 103 2399 parendi
115 2373 165 2394 duo.

0 2505 1 2509 ¹
42 2522 43 2525 =
59 2509 160 2531 Primum.

759 231 954 264 COMMENT.
979 231 1015 264 IN
1039 231 1282 265 EVANGELIUM
1306 232 1423 265 LUCAE
1447 233 1479 265 C.
1504 234 1590 266 xvii.

185 321 246 354 Hoc
269 320 351 354 enim
376 319 526 353 haeretici
544 319 713 362 aliquando
737 319 805 352 ausi
833 322 908 352 sunt
930 322 962 352 et
985 318 1148 352 audebunt

183 373 306 412 (licere,
330 376 362 406 et
385 372 525 405 maxime
549 372 601 405 ille
624 371 710 405 filius
735 371 929 413 perditionis.
946 371 1033 404 Unde
1050 371 1148 404 Beda:

189 439 205 454 «
221 426 309 458 Multi
334 425 484 459 haeretici
508 425 640 458 fuerunt
663 427 694 457 et
710 424 811 457 futuri
829 427 921 463 sunt,
937 424 991 466 qui
1009 432 1043 457 se
1058 424 1149 456 Chri-

184 481 249 512 stos
271 481 436 517 asserunt,
454 487 592 520 quorum
617 477 741 519 primus
765 477 871 510 Simon
896 485 1021 519 magus,
1046 480 1077 510 et
1100 477 1150 510 ul-

183 532 281 565 timus
303 531 510 565 antichristus
526 531 669 564 „Unde
700 530 793 563 etiam
827 530 879 563 ille
910 530 964 572 qui
989 530 1049 562 fuit
1080 529 1148 562 dux

182 589 285 619 sectae
316 585 588 623 Manichaeorum,
619 583 719 623 dixit,
744 592 777 616 se
801 592 869 616 esse
893 583 1045 625 Spiritum
1077 592 1148 616 san-

182 642 288 677 ctum,
313 638 395 671 sicut
425 638 500 671 dicit
531 637 726 680 Augustinus
741 638 761 669 ¹.
788 637 875 670 Unde
899 637 975 679 quia
998 636 1148 669 haeretici

181 691 378 730 discordant;
396 700 481 724 unus
497 691 572 724 dicit
589 700 688 723 unum
701 716 708 729 ,
725 691 805 723 alter
822 690 918 723 sentit
934 690 1147 729 contrarium;

182 744 252 777 ideo
274 744 367 784 dicit,
391 744 477 786 quod
500 753 586 777 unus
609 743 705 776 dicit:
730 753 800 776 eece
816 742 888 781 liic,
905 743 1006 776 alter:
1024 752 1094 775 eece
1109 742 1148 775 it-

182 798 234 831 lie.
258 798 345 831 Unde
369 797 515 830 Matthaei
533 796 684 839 vigesimo
701 800 817 839 quarto
830 796 860 828 ²:
884 809 899 824 <r
917 796 1004 828 Multi
1022 796 1149 829 venient

181 852 213 884 in
237 851 363 884 nomine
388 860 475 890 meo,
491 850 632 883 dicentes
646 862 653 882 ι
670 850 734 892 Ego
750 859 821 882 sum
838 849 1002 888 Christus,
1019 853 1050 882 et
1066 849 1148 882 mul-

181 909 230 938 tos
252 904 403 937 seducent
419 917 449 936 υ.
474 904 678 937 Seducuntur
701 907 807 936 autem
826 903 880 945 qui
898 903 1075 945 suscipiunt
1096 912 1148 936 eo-

181 967 253 990 rum
277 957 452 990 doctrinam
477 960 509 990 et
533 957 774 999 subsequuntur
797 956 903 989 vitam.
933 975 974 980 —
1000 956 1070 989 ldeo
1093 956 1148 988 ad-

180 1010 247 1043 dit:
281 1010 386 1043 Nolite
418 1011 486 1049 ire,
519 1019 592 1043 cum
625 1009 707 1048 illis;
732 1008 888 1042 Glossa³:
919 1009 989 1041 «Ut
1012 1008 1148 1041 credatis

180 1072 262 1106 quae
277 1063 388 1097 dicunt
403 1076 434 1103 »;
452 1063 547 1096 Isaiae
564 1063 714 1105 vigesimo
737 1065 868 1095 octavo:
892 1075 907 1090 α
923 1062 982 1103 Qui
1007 1061 1147 1094 credide-

180 1117 223 1149 rit
244 1126 307 1150 non
331 1117 456 1150 festinet
472 1129 503 1155 »;
527 1126 585 1149 nec
607 1115 797 1154 sectemini,·
821 1115 976 1148 Glossa4:
1006 1128 1022 1144 <r
1044 1115 1147 1147 Vitam

180 1180 290 1204 eorum
307 1183 339 1209 »;
365 1170 609 1203 proverbiorum
634 1169 758 1211 primo:
792 1181 807 1197 α
824 1169 877 1200 Fili
912 1169 974 1208 mi,
998 1169 1022 1201 si
1048 1172 1079 1201 te
1104 1169 1147 1201 la-

180 1223 336 1257 ctaverint
358 1227 557 1265 peccatores,
582 1231 621 1254 ne
645 1221 827 1263 acquiescas
843 1221 888 1254 eis
905 1235 935 1253 ».
955 1221 1024 1254 Ideo
1040 1225 1146 1254 autem

180 1281 244 1310 tam
268 1277 434 1319 diligenter
454 1279 578 1314 monet,
595 1275 670 1317 quia
686 1275 813 1307 difficile
830 1274 890 1307 erit
907 1275 1034 1307 illorum
1053 1284 1147 1317 pseu-

179 1331 450 1373 doprophetarum
474 1332 506 1362 et
528 1328 782 1371 praedicatorum
808 1328 909 1360 vitare
926 1328 1144 1367 seductiones;

180 1383 325 1417 Matthaei
351 1383 502 1425 vigesimo
525 1382 688 1425 quarto⁵x
719 1395 735 1410 «
751 1382 889 1424 Surgent
913 1381 1145 1423 pseudochristi

180 1440 212 1470 et
234 1436 529 1479 pseudoprophetae
561 1438 592 1469 et
625 1435 747 1468 dabunt
770 1435 860 1477 signa
883 1444 996 1476 magna
1019 1437 1050 1467 et
1074 1444 1146 1476 pro-

180 1489 280 1532 digia,
304 1490 348 1522 ita
371 1492 407 1522 ut
430 1489 461 1521 in
486 1498 629 1522 errorem
662 1488 847 1526 mittantur,
873 1487 897 1520 si
923 1487 990 1520 fieri
1025 1490 1145 1529 potest,

179 1542 272 1575 etiam
297 1543 386 1575 electi
404 1556 435 1574 ».
468 1542 555 1575 Unde
578 1541 870 1583 Chrysostomus⁶:
900 1553 915 1568 «
933 1540 1030 1572 Homo
1062 1540 1146 1572 circa

181 1600 313 1629 mortem
338 1595 519 1638 phantasias
543 1595 649 1634 videt;
667 1595 712 1627 sic
728 1598 759 1627 et
775 1593 914 1626 mundus
931 1592 1069 1634 in,exitu
1087 1601 1146 1625 suo

180 1649 296 1682 multos
319 1649 457 1691 patietur
480 1657 607 1682 errores
623 1662 653 1680 n.

380 1763 415 1790 De
433 1762 536 1790 ratione
554 1762 633 1789 huius
651 1760 856 1797 reprehensionis
875 1760 940 1787 liria-

268 1861 321 1893 41.
347 1860 436 1894 Nam
459 1856 547 1893 sicu-t
561 1859 683 1903 fulgur
699 1863 757 1892 etc.
777 1859 847 1892 Post
863 1858 1144 1901 reprehensionem

179 1914 320 1947 Iudaicae
344 1914 535 1947 curiositatis
559 1913 707 1946 subditur
731 1912 783 1946 hic
806 1912 896 1945 ratio
920 1910 1145 1954 reprehensio-

178 1967 277 2006 nis-⁷,
309 1976 391 2010 quae
423 1967 561 1999 sumitur
592 1975 635 1999 ex
662 1966 754 1999 modo
778 1966 922 1999 veniendi
947 1966 1047 2008 ipsius
1078 1965 1143 1997 Filii

178 2021 252 2059 Dei,
277 2021 331 2062 qui
356 2030 419 2053 non
443 2020 558 2062 poterit
587 2021 702 2059 latere,
728 2029 799 2053 cum
826 2019 965 2057 venerit,
989 2028 1047 2052 nec
1071 2022 1144 2051 ante

178 2074 364 2116 praevideri.
389 2074 546 2106 Dividitur
562 2077 667 2107 autem
686 2074 762 2106 haec
779 2082 852 2115 pars
869 2073 900 2105 in
918 2076 1000 2106 tres:
1018 2073 1049 2105 in
1066 2082 1145 2115 qua-

179 2136 252 2160 rum
276 2127 379 2169 prima
401 2127 464 2169 agit
480 2127 518 2160 de
536 2127 629 2160 modo
645 2126 837 2169 apparendi
844 2138 855 2164 ;
872 2126 903 2158 in
925 2125 1081 2164 secunda,
1105 2125 1144 2158 de

178 2180 270 2213 inodo
293 2180 462 2218 veniendi,
487 2180 529 2213 ibi
543 2180 574 2212 ⁸:
602 2181 640 2212 Et
656 2180 744 2212 sicat
757 2177 887 2221 factum
911 2183 958 2211 est
974 2179 1010 2210 in
1026 2178 1142 2211 diebus

179 2233 247 2266 Noe
254 2245 266 2272 ‚·
282 2234 314 2266 in
331 2234 434 2272 tertia,
451 2233 490 2266 de
508 2233 600 2266 modo
615 2232 787 2270 evadendi,
804 2232 865 2264 ibi:
883 2232 923 2264 In
941 2231 999 2264 illa
1015 2231 1068 2264 die
1084 2234 1142 2264 etc.

268 2286 358 2320 Circa
373 2286 502 2319 modum
520 2285 710 2328 apparendi
724 2285 788 2317 duo
804 2284 1067 2323 introducuntur,
1084 2284 1144 2317 sci-

178 2340 252 2373 licet
274 2340 390 2372 Christi
423 2339 619 2382 apparentis
649 2336 878 2380 manifestatio
902 2340 933 2370 et
956 2337 1143 2380 apparitio-

178 2393 232 2426 nis
255 2394 346 2426 ordo.

268 2447 321 2479 42.
347 2446 448 2487 (Vers.
474 2446 551 2483 24).
577 2445 681 2477 Primo
697 2453 773 2486 ergo
794 2447 949 2486 quantum
974 2443 1013 2476 ad
1037 2453 1143 2486 appa-

179 2500 313 2533 ritionis
337 2497 641 2541 manifestationem
671 2498 766 2530 dicit:
800 2496 890 2529 Nam
913 2497 1000 2529 sicul
1023 2496 1144 2539 fulyur

179 2561 362 2585 coruscans
385 2551 424 2584 cle
445 2551 507 2583 sub
531 2551 620 2584 caelo
644 2550 679 2583 in
703 2559 742 2582 ea
759 2559 844 2593 quae
859 2549 920 2582 sub
937 2549 1025 2582 eaelo
1048 2553 1142 2587 sunt,

178 2604 302 2649 sulyet,
334 2605 451 2638 scilicet
476 2604 623 2637 velociter
647 2608 678 2637 et
701 2607 819 2646 aperte.
852 2602 1142 2644 Chrysostomus⁹z

251 2774 260 2790 ¹
280 2775 350 2802 Libr.
370 2776 402 2801 V.
421 2775 535 2802 Confess.
556 2782 579 2800 c.
598 2774 625 2800 5.
644 2782 668 2800 n.
690 2775 718 2807 8;
737 2775 782 2799 cl'r.
803 2773 883 2805 Epist.
904 2774 963 2799 237.
985 2773 1059 2805 (alias
1071 2772 1143 2805 253.)

180 2827 207 2846 n.
225 2821 255 2852 2;
276 2820 309 2845 de
327 2820 439 2845 Utilitate
457 2819 596 2851 credendi,
609 2827 633 2845 c.
647 2819 672 2844 3.
691 2826 717 2844 n.
736 2818 771 2849 75
790 2820 879 2843 contra
894 2818 974 2849 Epist.
988 2817 1143 2847 ManicliaeI,

179 2872 205 2890 c.
222 2865 248 2890 7.
268 2872 292 2890 n.
312 2865 336 2889 Β.
355 2871 428 2896 seq.;
457 2865 519 2890 Xlll.
549 2866 639 2889 contra
665 2864 806 2895 Faustum,
828 2869 850 2887 c.
872 2862 915 2887 47.
934 2865 960 2887 et
979 2862 995 2886 1.
1016 2861 1050 2887 de
1074 2861 1144 2886 Actis

180 2915 241 2934 cum
260 2908 342 2933 Felice
362 2908 524 2938 Manichaeo,
545 2914 567 2933 c.
587 2908 611 2932 9.
994 2904 1004 2919 ²
1026 2906 1098 2931 Vers.
1119 2905 1143 2930 5.

252 2951 262 2967 ³
283 2952 384 2978 Scilicet
404 2951 605 2978 interlinearis:
634 2951 722 2979 Nolite
747 2951 799 2982 ire,
827 2958 889 2976 cum
916 2950 979 2981 illis,
1006 2953 1034 2975 ut
1057 2949 1144 2975 creda-

181 2998 213 3022 tis
231 3000 297 3029 etc.;
316 2998 363 3022 cfr.
383 2997 502 3027 Hieron,
523 2997 564 3022 lV.
583 2996 731 3021 Comment.
751 2996 775 3021 in
795 2996 881 3020 Matth.
903 2992 951 3026 24,
972 2995 1014 3020 25.
1027 3001 1097 3026 seq:
1118 2993 1144 3018 Si

181 3042 241 3074 quis
260 3040 310 3067 sub
335 3041 440 3066 nomine
459 3040 554 3067 Christi
573 3047 601 3065 se
620 3040 717 3066 iactare
737 3039 862 3070 voluerit,
877 3046 928 3064 non
943 3039 1029 3064 statim
1044 3044 1144 3063 accom-

182 3086 295 3112 modetis
314 3085 402 3111 fldem.
421 3099 457 3104 —
476 3085 600 3117 Sequitur
619 3085 674 3110 lsai.
694 3085 742 3116 28,
764 3085 805 3109 ⁴6.

252 3129 263 3144 ⁴
283 3130 384 3161 Nempe
402 3127 601 3159 interlinearis,
620 3128 663 3154 cui
682 3127 851 3159 subiungitur
869 3128 946 3152 Prov.
968 3127 991 3158 l,
1014 3127 1055 3152 lo.

253 3171 264 3186 ⁵
284 3174 359 3199 Vers.
373 3173 421 3203 24,
442 3172 487 3197 nbi
500 3179 549 3204 pro
561 3171 708 3197 mittantur
728 3172 748 3196 11
768 3178 829 3197 cum
846 3171 955 3202 Vulgata
969 3169 1144 3196 inducantur.

253 3216 265 3231 ⁶
283 3217 376 3243 llomil.
397 3217 438 3243 48.
460 3217 484 3242 in
505 3217 590 3241 Matth.
611 3215 658 3246 24,
678 3215 703 3240 5.
723 3215 783 3248 (Op.
806 3215 971 3247 imperfect).

253 3259 263 3275 ⁷
283 3261 335 3288 Cir.
354 3268 434 3294 supra
453 3269 480 3287 n.
499 3261 541 3287 35.

254 3304 265 3319 ⁸
287 3306 360 3331 Vers.
380 3306 430 3338 26;
459 3305 532 3331 tertia
562 3304 652 3337 incipit
679 3312 705 3329 v.
731 3305 774 3335 31,
799 3303 844 3329 ubi
865 3310 914 3334 pro
933 3302 975 3328 die
994 3302 1039 3333 (ita
1065 3302 1142 3327 etiam

182 3349 260 3376 Card.
281 3350 372 3381 Ilugo,
391 3351 420 3375 B.
438 3349 548 3380 Albert.,
572 3350 705 3375 Gorrnnus
723 3351 748 3374 et
766 3348 895 3381 Lyrauus)
916 3348 1027 3379 Vulgata
1047 3345 1124 3372 hora.

253 3393 265 3408 ⁹
283 3394 376 3420 Homil.
396 3395 439 3420 76.
461 3395 532 3427 (alias
550 3394 605 3427 77.)
626 3394 652 3419 in
672 3394 757 3419 Matth.
778 3400 804 3418 u.
824 3393 849 3418 3.

2104 239 2168 271 Ιι39

1219 332 1235 348 α
1250 319 1432 353 Coruscatio
1456 330 1517 353 non
1546 322 1663 364 indiget
1686 332 1856 365 praecone,
1881 324 1933 357 sed
1959 325 1990 357 in
2013 329 2170 359 momento

1213 372 1244 404 in
1269 373 1416 406 thalamis
1438 377 1469 406 et
1493 374 1523 406 in
1547 375 1692 408 domibus
1716 380 1747 409 et
1770 386 1825 418 per
1850 377 2034 410 universum
2057 379 2167 411 orbem

1213 424 1432 458 manifestatur
1448 439 1479 457 ι».
1504 445 1548 450 -
1572 428 1625 460 Ιια
1649 428 1710 460 erit
1735 429 1843 460 Filius
1875 428 2018 462 hominis
2052 431 2086 462 in
2117 431 2169 463 die

1212 486 1302 515 ιςαα;
1326 477 1433 510 Glossa
1447 479 1494 510 ¹⁰:
1526 492 1541 507 α
1557 480 1686 513 Subitus
1710 484 1740 513 et
1764 490 1932 520 coruscus,
1957 486 1993 515 ut
2016 483 2122 516 nullus
2139 483 2169 515 in

1213 539 1271 563 sua
1293 534 1397 564 mente
1422 531 1519 565 latere
1547 533 1765 574 permittatur,
1798 535 1874 576 quin
1908 535 2018 580 iudicis
2048 536 2170 578 fulgore

1212 587 1397 624 penetretur
1414 597 1444 616 n.
1470 584 1505 616 Et
1529 589 1618 624 nota,
1643 586 1726 627 quod
1750 587 1903 628 apparitio
1922 587 2040 619 Domini
2067 588 2097 620 in
2123 588 2171 620 iu-

1211 635 1293 668 dicio
1324 640 1526 678 comparatur
1557 638 1784 671 coruscatiom·
1809 638 1977 681 sulyuris,
2003 640 2076 681 quia
2100 651 2171 673 ma-

1211 687 1358 731 nifesla;
1382 690 1584 722 Psalmus¹¹:
1615 703 1630 719 «
1647 691 1730 723 Deus
1758 691 1918 724 manifeste
1944 693 2062 731 veniet,
2088 693 2172 725 Deus

1212 745 1337 781 noster,
1370 746 1400 775 et
1431 752 1492 776 non
1522 743 1671 783 silebitn;
1697 744 1772 786 quia
1796 744 1977 782 terribilis;
2004 746 2172 778 Ezechielis

1212 796 1338 837 primo:
1369 809 1384 824 «
1401 797 1479 829 Haec
1504 800 1573 829 erat
1597 797 1673 829 visio
1697 797 1896 836 discurrens,
1914 798 2061 839 splendor
2079 798 2172 840 ignis,

1211 852 1243 881 et
1265 849 1303 882 de
1327 849 1399 891 igne
1421 849 1529 891 fulgur
1546 850 1709 892 egrediens
1726 863 1756 889 »;
1781 851 1856 892 quia
1872 851 2063 893 repentina,-
2080 851 2174 884 lsaiae

1211 901 1362 944 vigesimo
1385 912 1488 935 nono:
1520 916 1535 931 «
1552 903 1681 945 Eritque
1706 907 1855 945 repente;
1879 913 1897 936 a
1921 904 2051 936 Domino
2080 913 2173 936 exer—

1211 955 1334 988 cituum
1359 956 1538 989 visitabitur
1563 956 1594 988 in
1619 957 1758 989 tonitruo
1782 960 1813 989 et
1836 957 2044 989 commotione
2068 961 2172 990 terrae

1211 1012 1242 1042 et
1273 1018 1349 1042 voce
1381 1019 1494 1051 magna
1525 1010 1662 1042 turbinis
1693 1013 1724 1043 et
1757 1010 1948 1052 tempestatis
1972 1014 2003 1042 et
2028 1011 2173 1043 flammae

1211 1062 1291 1104 ignis
1315 1062 1495 1095 devorantis
1512 1076 1541 1094 υ.
1567 1081 1610 1086 —
1634 1063 1721 1096 Sicut
1737 1063 1833 1105 igitur
1850 1064 1981 1096 stultum
2000 1068 2046 1096 est
2062 1063 2172 1096 deno-

1211 1118 1260 1148 cte
1283 1115 1442 1148 sollicitari
1460 1115 1498 1148 de
1514 1115 1710 1158 apparitione
1734 1116 1824 1155 solis,
1849 1116 1974 1158 quando
1998 1116 2170 1158 apparebit,

1211 1177 1284 1201 cum
1310 1169 1378 1201 eius
1409 1172 1500 1201 ortus
1523 1169 1611 1201 nullo
1635 1169 1728 1201 modo
1752 1169 1849 1210 possit
1874 1169 1987 1207 latere,
2010 1173 2041 1201 et
2072 1169 2171 1211 magis

1211 1222 1344 1255 stultum
1369 1226 1416 1255 est
1439 1222 1477 1255 de
1501 1222 1697 1264 apparitione
1727 1222 1885 1264 fulguris;
1919 1223 1962 1255 sic
1994 1226 2024 1255 et
2047 1223 2086 1255 de
2116 1222 2170 1254 ad-

1210 1278 1307 1308 ventu
1323 1275 1383 1308 diei
1401 1275 1500 1314 illius,
1525 1275 1713 1317 inquirendo
1737 1279 1859 1308 certum
1885 1279 2076 1308 momentum
2095 1279 2172 1308 tem-

1209 1328 1314 1370 poris,
1339 1337 1412 1360 cum
1436 1327 1513 1360 illud
1542 1328 1690 1360 omnibus
1715 1328 1877 1361 manifeste
1901 1329 2090 1367 innotescat,
2123 1337 2171 1361 se-

1210 1381 1348 1413 cundum
1363 1380 1441 1413 illud
1453 1380 1652 1422 Apocalypsis
1668 1381 1770 1422 primo
1783 1380 1809 1399 ¹²
1825 1393 1831 1412 :
1853 1394 1869 1409 α
1888 1381 1980 1419 Ecce,
1999 1381 2083 1414 venit
2099 1390 2172 1413 cum

1210 1433 1367 1472 nubibus,
1396 1436 1427 1466 et
1451 1433 1568 1465 videbit
1593 1442 1664 1465 eum
1689 1433 1791 1465 omnis
1814 1434 1926 1466 oculus
1943 1447 1957 1461 »
1987 1438 2044 1466 etc.
2071 1434 2107 1465 Et
2130 1442 2171 1466 ex

1210 1487 1269 1519 hoc
1293 1486 1455 1519 manifeste
1480 1494 1648 1528 possumus
1671 1485 1850 1518 discernere
1870 1486 2029 1518 Christum
2055 1486 2094 1518 ab
2117 1495 2173 1518 an-

1209 1539 1371 1578 tichristo,
1396 1539 1471 1581 quia
1494 1539 1702 1571 antichristus
1719 1539 1749 1571 in
1768 1543 1926 1571 momento
1943 1539 2094 1580 temporis
2110 1548 2171 1572 non

1211 1593 1327 1635 poterit
1350 1602 1383 1625 se
1407 1592 1529 1625 cunctis
1553 1592 1685 1625 reddere
1709 1592 1920 1625 manifestum.

1298 1646 1352 1679 lt3.
1378 1646 1480 1687 (Vers.
1505 1645 1582 1686 25).
1615 1645 1758 1678 Secundo
1789 1648 1942 1687 quantum
1970 1645 2009 1678 ad
2033 1645 2172 1688 appari-

1209 1699 1309 1732 tionis
1332 1699 1481 1731 ordinem
1506 1698 1632 1731 subdit:
1661 1698 1816 1730 Primam
1840 1703 1949 1731 autem
1973 1703 2115 1740 oportet,
2133 1698 2171 1730 it-

1209 1753 1280 1785 lum
1311 1752 1419 1785 multa
1448 1752 1524 1794 pati
1551 1755 1580 1784 et
1604 1751 1783 1794 reprobari
1813 1761 1835 1784 a
1864 1752 2075 1795 generatione
2098 1750 2169 1784 hac.

1208 1807 1271 1839 Hoc
1294 1809 1400 1839 autem
1426 1805 1611 1848 intelligitur
1635 1805 1673 1838 de
1697 1805 1821 1837 Christo
1850 1805 1950 1847 capite
1984 1809 2014 1837 et
2046 1805 2172 1838 Iudaeo-

1208 1868 1280 1892 rum
1306 1859 1426 1901 perfida
1449 1858 1660 1901 generatione,
1677 1867 1696 1890 a
1712 1867 1775 1900 qua
1798 1858 1898 1890 multa
1922 1867 2090 1900 perpessus
2106 1862 2171 1897 est,

1207 1912 1247 1945 de
1263 1922 1326 1954 qua
1342 1912 1574 1945 Deuteronomii
1601 1911 1761 1953 trigesimo
1784 1911 1921 1943 secundo
1935 1911 1977 1943 ¹⁸:
2006 1925 2021 1939 «
2037 1911 2171 1943 Genera-

1208 1966 1251 1998 tio
1275 1975 1425 2008 perversa
1449 1968 1513 2004 est,
1537 1968 1569 1997 et
1592 1965 1732 1997 infideles
1756 1965 1810 1997 filii
1829 1977 1858 2003 ¹³5
1880 1969 1911 1997 et
1929 1965 2169 1997 proverbiorum

1209 2019 1390 2061 trigesimo:
1416 2032 1437 2049 .«
1453 2018 1635 2056 Generatio‚
1661 2026 1742 2060 quae
1769 2012 1931 2059 patri'suo
1949 2017 2122 2054 maledicit,
2139 2020 2171 2049 et

1208 2081 1289 2114 quae
1314 2072 1406 2104 matri
1432 2080 1507 2104 suae
1531 2080 1591 2103 non
1617 2070 1771 2103 benedicit
1788 2083 1818 2102 υ.
1837 2070 1879 2102 Ab
1897 2070 1954 2102 hac
1970 2070 2170 2110 generatione

1208 2124 1353 2156 Christus
1378 2124 1478 2156 multa
1501 2132 1613 2165 passus
1636 2127 1683 2155 est
1706 2122 1892 2164 opprobria,
1921 2122 2073 2160 convitia,
2098 2130 2168 2154 ver-

1210 2177 1287 2210 bera
1310 2180 1341 2209 et
1365 2180 1538 2214 tormenta,
1564 2175 1736 2208 secundum
1755 2175 1831 2207 illud
1856 2175 1950 2207 Isaiae
1974 2175 2169 2216 quinquage-

1208 2230 1287 2262 simo
1312 2229 1404 2261 tertio
1417 2229 1465 2260 ¹⁴:
1496 2241 1511 2256 «
1528 2228 1588 2260 Nos
1611 2227 1829 2269 reputavimus
1852 2236 1924 2259 eum
1953 2227 2042 2269 quasi
2069 2227 2169 2268 lepro-

1208 2292 1279 2315 sum
1303 2286 1335 2315 et
1359 2290 1544 2324 percussum
1569 2290 1587 2313 a
1611 2281 1675 2313 Deo
1698 2286 1728 2313 et
1753 2281 1962 2313 humiliatum.
1981 2280 2047 2321 lpse
2063 2284 2168 2312 autem

1208 2336 1394 2368 vulneratus
1410 2338 1457 2367 est
1475 2337 1602 2376 propter
1626 2333 1806 2375 iniquitates
1823 2337 1961 2370 nostras,
1978 2333 2106 2364 attritus
2122 2335 2169 2364 est

1208 2392 1338 2431 propter
1362 2388 1481 2420 scelera
1502 2390 1610 2419 nostra
1626 2400 1656 2418 ».

1297 2441 1350 2474 lili.
1369 2441 1449 2473 Haec
1464 2443 1568 2472 autem
1586 2438 1688 2481 passio
1705 2439 1819 2480 incepit
1841 2448 1860 2471 a
1879 2438 1978 2480 capite
1995 2442 2025 2471 et
2041 2438 2168 2470 descen-

1207 2495 1252 2527 dit
1276 2494 1306 2526 in
1331 2494 1436 2526 omnia
1451 2493 1565 2525 Christi
1588 2492 1747 2530 membra;
1765 2501 1827 2534 qua
1844 2495 2076 2529 consummata,
2094 2495 2168 2523 tunc

1207 2548 1279 2580 finis
1303 2547 1363 2580 erit
1386 2550 1417 2579 et
1439 2549 1563 2588 tempus
1578 2545 1731 2578 adventus
1747 2544 1884 2577 secundi.
1903 2544 1988 2577 Unde
2003 2544 2166 2576 Glossa¹⁵:

1213 2615 1229 2630 «ι
1247 2593 1394 2643 Oportet,
1418 2599 1595 2641 reprobari
1610 2608 1632 2631 a>
1647 2598 1856 2641 penei-atione
1872 2596 1950 2636 hac,
1968 2606 2029 2629 non
2046 2600 2168 2629 tantum

1280 2769 1302 2784 ¹⁰
1322 2770 1424 2796 Scilicet
1443 2767 1638 2799 interlinearis,
1658 2774 1727 2800 quae
1741 2770 1799 2799 post
1812 2766 1922 2793 Subitus
1941 2766 2036 2792 omittit
2055 2767 2099 2798 ιη,-
2119 2767 2167 2791 cfr.

1208 2816 1247 2841 Du
1267 2815 1370 2846 Gange,
1399 2813 1558 2839 Glossarium
1578 2815 1644 2837 etc.:
1674 2810 1822 2842 Coruscns,
1851 2811 2030 2842 Fulgetrum...
2054 2810 2166 2835 Plinius:

1207 2860 1356 2891 Fulgetrum
1377 2859 1449 2890 prius
1468 2857 1595 2886 cernitur,
1615 2863 1695 2888 quam
1719 2855 1993 2881 tonitrumauditur...
2021 2854 2167 2880 Coruscus.

1207 2905 1319 2936 Ugutio:
1340 2903 1488 2932 Coi-mous,
1508 2900 1678 2932 splendidus,
1697 2900 1815 2931 crispus,
1836 2900 1969 2924 tremulus.

1280 2948 1301 2962 ²¹
1321 2948 1415 2972 Psalm.
1438 2947 1484 2977 49,
1501 2946 1529 2971 3.
1548 2958 1583 2964 --
1604 2945 1659 2970 Duo
1679 2951 1754 2977 seqq.
1773 2937 1900 2969 loci'sunt
1920 2944 2010 2968 Ezecli.
2032 2943 2055 2973 l,
2078 2943 2116 2967 13.
2142 2945 2168 2967 et

1208 2993 1265 3019 lsai.
1286 2993 1333 3022 29,
1354 2992 1377 3016 6,

1280 3036 1301 3050 ¹⁵¹
1323 3036 1394 3061 vers.
1414 3035 1438 3059 7.
1452 3048 1487 3053 —
1501 3033 1627 3065 Superius
1640 3039 1688 3064 pro
1701 3033 1867 3057 momentum
1881 3030 2008 3064 temporis
2029 3030 2049 3055 D
2067 3036 2166 3056 nomen

1209 3080 1262 3107 loci
1278 3080 1320 3106 vel
1338 3078 1480 3112 temporis,
1503 3079 1523 3103 11
1544 3078 1708 3103 momentum
1727 3075 1854 3109 temporis
1874 3074 1915 3101 vel
1934 3074 2021 3100 locum
2044 3073 2083 3099 rel
2096 3072 2166 3099 diem

1208 3124 1250 3151 ecl
1268 3123 1349 3150 etiam
1364 3129 1521 3156 perso-nam.
1542 3121 1649 3147 interius
1668 3127 1716 3152 pro
1735 3119 1837 3146 eminetis
1857 3118 1906 3144 AC
1918 3118 1969 3143 DG
1981 3118 2001 3143 11
2021 3116 2123 3143 ceteris.

1281 3166 1302 3182 ¹⁸
1322 3168 1394 3193 Vers.
1416 3167 1465 3197 20,
1484 3170 1543 3197 post
1561 3172 1640 3198 quem
1663 3165 1737 3190 Prov.
1757 3164 1806 3193 30,
1830 3164 1869 3188 ll.

1280 3212 1301 3226 ¹¹
1322 3212 1395 3236 Vcrs.
1408 3210 1430 3235 4.
1443 3213 1467 3235 et
1481 3210 1505 3234 5.
1518 3223 1553 3229 -
1566 3210 1656 3235 Glossa
1671 3206 1851 3234 interlinearis
1866 3206 2022 3236 (secundum
2036 3205 2145 3237 Bedam)
2158 3214 2164 3230 :

2191 649 2292 671 nationes
2310 652 2313 657 ¹

2218 679 2269 697 trec.

2192 1071 2322 1093 notandum.

2191 1654 2320 1676 Secundum.

2184 2448 2281 2479 Notanda
2296 2448 2334 2469 do-

2213 2478 2289 2497 dnm.

1208 3249 1333 3283 Primum
1352 3256 1443 3281 antem
1461 3257 1525 3284 etc.,
1545 3253 1577 3278 ita
1598 3253 1682 3278 clarus
1702 3252 1802 3282 veniet,
1816 3251 1863 3276 sed
1882 3250 1916 3276 ad
1935 3251 2002 3275 hanc
2021 3249 2163 3274 clariuitem
2188 3286 2191 3288 q

1208 3303 1312 3332 oportet
1330 3299 1421 3324 venire
1440 3305 1486 3330 per
1505 3297 1672 3329 passionem,
1691 3299 1717 3322 et
1735 3296 1756 3322 si
1776 3295 1883 3327 diligitis
1902 3296 1968 3320 hanc
1988 3293 2112 3325 gloriam,
2131 3299 2164 3318 ne

1208 3351 1256 3376 pro
1276 3345 1325 3369 huc
1345 3343 1456 3368 timeatis
1475 3342 1527 3373 pati
1547 3344 1667 3366 mortem.

1280 3386 1302 3401 ¹⁶
1322 3387 1423 3412 Scilicet
1442 3384 1638 3416 interlinearis,
1658 3385 1699 3410 cui
1718 3382 1880 3409 subnectitur
1898 3382 1952 3408 Col.
1973 3382 1996 3412 l,
2017 3381 2059 3407 24.
