2476 3921
739 246 933 280 COMMENT.
958 246 995 279 ΙΝ
1019 245 1258 279 EVANGELlUM
1282 246 1399 279 LUCAE
1423 247 1454 280 C.
1480 248 1580 280 XXIV.

4 348 5 384 1
24 341 152 365 Notandum·
170 337 274 380 effigie
289 350 320 369 n.
335 355 377 361 —
395 337 431 369 Et
445 336 617 369 notandum
634 338 700 374 est,
723 334 808 378 quod
824 334 917 374 dicit,
942 334 1026 377 quod
1043 334 1132 367 oculi

3 385 5 418 ‘l
171 389 518 428 eorumtenebantum
541 397 583 422 ex
607 397 671 431 quo
686 391 817 430 apparet
840 387 1020 426 evidenter,
1045 386 1130 429 quod

171 443 316 476 Christus
340 442 514 476 secundum
538 441 702 475 veritatem
734 449 797 473 non
820 440 955 473 mutavit
979 441 1027 473 sui
1060 449 1128 472 cor-

170 496 257 539 poris
279 495 413 538 effigiem
438 503 496 528 nec
518 494 671 536 figuram,
695 493 748 526 sed
766 493 939 526 secundum
961 493 1058 526 solam
1075 502 1129 534 ap-

170 549 363 591 parentiam
388 556 460 580 nam
484 547 520 580 in
552 547 657 579 oculis
687 546 932 588 discipulorum
963 546 1044 579 alius
1074 555 1130 587 ap-

169 601 310 644 parebat.
336 600 421 634 Unde
444 600 552 632 Glossa
575 599 651 632 dicit
673 607 770 640 super
793 598 914 631 decimo
939 607 1021 631 nono
1035 600 1045 617 ¹
1071 598 1129 631 Ge-

170 654 271 694 nesis,
305 653 390 696 quod
421 652 567 694 discipuli
599 654 690 685 erant
720 651 862 693 percussi
894 651 1033 690 aorasia,
1066 660 1130 693 qua

169 708 296 751 quidem
321 707 374 745 fit,
398 708 435 739 ut
458 714 510 738 res
532 705 639 747 aliquo
666 704 758 737 modo
789 704 934 737 videatur
966 707 998 737 et
1023 704 1130 746 aliquo

169 761 262 794 modo
296 760 494 797 occultetur;
532 758 613 791 sicut
645 757 738 790 etiam
773 757 848 790 dicit
883 756 1077 799 Augustinus
1097 757 1128 796 ²,

169 814 254 857 quod
277 813 316 846 de
339 811 505 845 Sodomitis
528 811 588 844 fuit
612 810 739 844 factum.
763 810 825 843 Nec
849 810 908 843 fuit
931 810 1064 842 mutatio
1097 810 1128 842 in

168 875 301 909 corpore
324 866 478 908 glorioso,
501 873 559 898 nec
575 864 635 897 fuit
657 864 799 906 deceptio
815 872 857 897 ex
881 867 971 906 parte
987 863 1128 903 Domini,

168 920 221 954 sed
245 919 454 961 dispensative
478 918 586 951 oculos
608 927 720 951 eorum
745 917 877 956 velavit,
902 921 969 949 turn
999 920 1129 958 propter

167 973 246 1012 hoc,
270 972 355 1015 quod
378 972 423 1005 sic
446 971 667 1010 conveniebat,
692 979 750 1004 nec
773 974 864 1004 erant
887 970 988 1002 idonei
1020 970 1059 1002 ad
1075 979 1128 1003 su-

168 1025 358 1068 scipiendam
375 1025 489 1058 Christi
511 1024 721 1067 praesentiam
737 1027 878 1066 apertam
892 1023 920 1062 ⁸3
935 1026 1001 1056 tum
1019 1024 1127 1062 etiam,

168 1078 243 1120 quia
259 1078 434 1110 ordinatius
451 1076 642 1119 perducendi
656 1079 746 1109 erant
761 1076 800 1108 ad
817 1075 885 1108 eius
902 1075 1043 1107 notitiam
1060 1084 1128 1117 per-

168 1130 358 1173 cipiendam;
383 1133 414 1163 et
437 1130 549 1169 etiam,
573 1129 648 1172 quia
671 1138 734 1162 non
759 1127 944 1171 habuissent
968 1128 1010 1160 ita
1038 1128 1127 1160 sami-

167 1184 277 1217 liarem
300 1183 539 1217 collocutionem
563 1183 595 1215 in
620 1183 679 1216 via.

38 930 98 952 natio
112 930 150 952 tri-

59 957 114 985 plex.

189 1288 360 1324 Associatio
375 1288 410 1323 in
426 1287 625 1323 collocutione
640 1287 831 1322 describitur
847 1286 949 1332 quoad
965 1286 1111 1332 quatuor.

257 1398 309 1430 22.
334 1397 435 1438 (Vers.
464 1396 538 1437 17.).
570 1396 611 1428 Et
641 1395 690 1427 ait
714 1395 760 1427 ad
783 1394 856 1427 ilios
879 1397 938 1428 etc.
973 1395 1043 1427 Post
1075 1394 1129 1427 de-

167 1450 316 1492 scriptam
339 1448 574 1482 associationem
599 1447 714 1480 Christi
739 1456 812 1480 61111]
836 1447 998 1489 discipulis
1022 1447 1053 1479 in
1077 1447 1127 1479 iti—

166 1512 243 1536 nere
274 1503 326 1535 hic
356 1501 506 1534 describit
538 1500 791 1533 associationem
815 1500 852 1532 in
875 1499 1085 1532 collocutione
1101 1500 1126 1539 4,

166 1557 250 1590 circa
266 1564 361 1597 quam
381 1554 619 1588 describendam
636 1557 774 1596 quatuor
791 1554 1050 1592 introducuntur,
1068 1554 1127 1586 sci-

166 1609 239 1642 licet
262 1608 434 1652 inquisitio
457 1607 635 1646 materiae,
659 1607 698 1639 de
721 1616 784 1649 qua
805 1615 928 1646 serm0;
953 1606 1127 1639 enarratio

165 1661 337 1699 materiae,
353 1660 392 1693 de
408 1669 472 1702 qua
494 1659 598 1699 dolor;
622 1659 797 1702 explicatio
817 1659 990 1697 materiae,
1007 1659 1045 1691 de
1063 1668 1127 1701 qua

164 1715 258 1748 animi
283 1714 465 1753 haesitatio;
490 1713 671 1746 declaratio
703 1713 916 1756 Scripturae,
941 1722 998 1755 per
1029 1722 1125 1755 quam

164 1768 237 1801 fidei
261 1767 428 1801 certitudo.

254 1821 358 1854 Primo
381 1821 478 1863 igitur
501 1823 656 1863 quantum
680 1820 719 1852 ad
743 1819 989 1864 inquisitionem
1022 1823 1126 1852 mate-

165 1874 253 1913 riae,
279 1874 317 1907 de
332 1884 401 1918 qua
423 1877 469 1906 esi
484 1883 608 1913 sermo,
633 1873 723 1907 dicit:
749 1874 788 1906 Et
813 1873 860 1906 aii
875 1873 922 1906 ad
945 1873 1037 1906 iilos:
1061 1873 1128 1914 Qui

164 1932 245 1961 sunt
271 1926 307 1961 lii
328 1937 513 1967 sermones,
538 1937 620 1971 quos
643 1926 800 1970 confertis
824 1927 869 1960 ad
893 1927 1033 1960 invicem
1054 1937 1126 1959 am-

166 1981 334 2020 bulantes,
362 1985 392 2014 et
421 1981 499 2014 estis
523 1980 658 2013 tristes?
683 1981 742 2014 Iste
773 1990 910 2023 namque
934 1980 1047 2014 modus
1078 1984 1126 2014 est

165 2034 330 2067 ordinatus
361 2033 556 2076 ingrediendi
580 2033 612 2066 in
643 2033 754 2072 verba,
787 2036 823 2066 ut
854 2033 961 2066 audiat
992 2033 1063 2075 quis
1095 2036 1126 2065 et

165 2091 316 2131 quaerat,
341 2087 516 2121 secundum
544 2087 622 2120 illud
647 2087 852 2120 Ecclesiastici
884 2087 1046 2128 trigesimo
1078 2095 1126 2120 se-

165 2141 312 2174 cund05:
341 2154 357 2170 α
374 2140 451 2173 Audi
476 2143 582 2173 tacens
606 2139 700 2173 simul
723 2143 755 2172 et
778 2148 934 2181 quaerens
952 2153 981 2171 n.

255 2193 307 2226 23.
333 2193 434 2235 (Vers.
467 2193 541 2233 18.).
567 2192 603 2224 Et
626 2192 701 2234 quia
724 2201 788 2224 non
810 2194 858 2224 est
885 2191 1055 2224 cuiuslibet
1078 2191 1125 2223 in-

165 2255 276 2288 gerere
299 2254 332 2279 se
356 2245 387 2278 in
412 2245 567 2286 colloquia
597 2248 739 2283 secreta,
763 2243 937 2276 secundum
968 2243 1045 2276 illud
1069 2243 1124 2276 do-

165 2301 349 2331 cumentum
362 2298 393 2330 ⁶:
416 2310 431 2326 α
444 2298 487 2330 Ν6
503 2297 673 2330 accesseris
696 2297 735 2329 ad
751 2296 931 2335 consilium,
955 2299 1123 2338 antequam

165 2350 286 2384 voceris
301 2363 338 2390 »;
355 2350 531 2383 ostenditur
548 2358 588 2382 ex
606 2349 823 2391 responsione,
841 2348 925 2391 quod
941 2348 1123 2381 huiusmodi

59 1566 147 1589 Divisio.

37 1883 147 1910 inquisitio

37 1910 144 1932 materiae.

30 2254 140 2277 Sermones

13 2286 51 2302 nou
65 2282 149 2303 secreti.

235 2515 244 2530 ¹
265 2516 339 2541 Vers.
362 2516 407 2541 il:
428 2515 462 2542 Et
479 2521 522 2541 eos
543 2514 590 2549 qui
607 2514 675 2548 soris
695 2516 775 2541 erant
795 2514 990 2549 [Sodomitus]⁷
1014 2521 1122 2548 percus·

163 2562 257 2587 serunt
276 2559 401 2587 caecitate
419 2563 482 2591 etc„
511 2560 536 2585 in
565 2566 645 2593 quem
665 2560 755 2585 Glossa
775 2559 917 2586 ordinaria
938 2560 978 2592 (ex
999 2560 1123 2591 August„

164 2606 212 2638 Qq.
232 2605 258 2630 in
277 2605 341 2630 Gen.
361 2612 386 2638 q.
408 2604 480 2638 43.):
500 2604 598 2629 Graece
618 2598 747 2638 ἆορασία,
769 2604 795 2630 id
814 2607 853 2630 est
866 2603 1015 2636 avidentia,
1032 2605 1052 2629 si
1067 2611 1124 2636 pos-

163 2650 196 2676 sit
215 2649 280 2681 dici,
300 2656 368 2683 quae
388 2649 465 2675 saciat
483 2656 535 2675 non
555 2649 655 2682 videri,
675 2656 727 2675 non
749 2650 852 2680 onmia,
872 2649 918 2675 scd
933 2649 1005 2682 quod
1019 2656 1071 2674 non
1085 2652 1124 2674 est

163 2702 257 2727 opus...
277 2695 330 2721 llac
350 2688 463 2728 ἄοραςία
491 2694 610 2726 percussi
638 2699 725 2724 erant,
754 2695 799 2727 qui
828 2695 941 2720 Eliseum
961 2694 1125 2727 quaerebant

163 2739 220 2773 [tv.
248 2740 314 2771 neg.
345 2740 375 2771 6,
396 2738 466 2773 48.],
486 2742 511 2765 ct
530 2739 575 2773 qui
594 2739 726 2766 Christum
748 2743 807 2772 post
825 2740 1043 2765 resurreetIOnem
1063 2746 1124 2765 cuni

163 2783 221 2815 ipso
240 2783 404 2810 ambulantes
423 2791 474 2810 non
495 2783 698 2816 cognoscebant.
726 2784 778 2810 Csr.
807 2787 870 2810 tom.
901 2784 943 2809 Vt.
971 2791 1031 2816 pag.
1058 2785 1124 2816 232,

162 2830 223 2852 nota
244 2828 269 2852 1.
289 2828 337 2853 Pro
355 2827 466 2854 aorasia
485 2828 574 2860 plures
592 2829 671 2854 codd.
689 2827 810 2860 aurisia,
830 2828 887 2854 Vat.
906 2827 1016 2854 acrisia.
1030 2841 1065 2847 —
1080 2828 1124 2853 Su-

162 2871 252 2902 perius
270 2871 289 2897 C
301 2872 353 2897 DG
372 2872 496 2898 omittunt
514 2872 594 2898 alins.

235 2914 246 2929 ²
265 2915 317 2941 Cir.
337 2919 397 2941 nota
417 2917 587 2948 praecedens.

234 2957 244 2972 ³
264 2959 332 2985 Vide
352 2960 393 2985 lV.
414 2961 484 2986 Sent.
503 2961 529 2986 d.
550 2962 592 2987 42.
611 2969 638 2993 p.
657 2962 675 2987 1.
696 2960 760 2987 dub.
782 2962 805 2987 ¹t.
826 2975 859 2979 —
879 2960 987 2987 inferius
1006 2967 1054 2992 pro
1074 2960 1124 2987 col-

164 3001 323 3028 locutionem
343 3003 396 3028 DII
415 3004 594 3031 collationem.

234 3044 245 3058 ⁴
264 3044 315 3071 Cir.
335 3053 415 3077 supra
434 3053 461 3072 n.
485 3047 526 3073 17.

234 3088 244 3102 ⁵
264 3089 339 3114 Vers.
358 3090 382 3114 9.
402 3103 437 3109 -
457 3091 585 3122 Superius
604 3099 652 3124 pro
671 3092 814 3120 ordinatus
835 3093 893 3118 Vat.
912 3091 1092 3119 inordinatus.

233 3130 244 3146 θ
264 3132 370 3164 D10nys.
388 3132 492 3159 Catonis
511 3134 609 3161 breves
629 3137 783 3169 Sententiae,
803 3144 828 3162 n.
848 3138 873 3162 8.

234 3174 243 3190 ⁷
263 3175 338 3201 Vers.
359 3175 381 3201 4.
402 3183 473 3208 seq.,
494 3176 519 3202 in
539 3178 614 3203 cuius
642 3179 694 3205 ssnc
719 3180 832 3212 Vulgata
858 3179 980 3214 diliqenli
996 3178 1122 3210 scientia,

162 3221 273 3253 August.
294 3220 410 3253 (specul.
428 3220 463 3246 de
487 3220 573 3254 Eccli.)
600 3221 721 3255 diligenti
744 3224 899 3257 scientiam,
925 3224 1001 3251 Card.
1028 3224 1122 3255 Ilugo:

163 3264 297 3299 diliqentis
315 3263 469 3296 scientiam,
493 3264 519 3290 id
537 3268 577 3291 est
596 3265 656 3296 Dei,
675 3267 721 3300 qui
740 3268 826 3300 diligit
849 3269 1001 3301 scicntiam;
1021 3270 1039 3294 l.
1058 3269 1122 3300 ch.

163 3311 193 3342 2,
214 3310 247 3336 3:
268 3310 337 3336 Deus
356 3308 532 3336 scientiarum
552 3308 684 3336 Dominus
703 3312 750 3337 est.

213 3345 216 3349 ¹
234 3353 244 3368 ⁸
263 3355 386 3386 Gregor„
405 3354 513 3379 Praesat.
534 3353 592 3379 libr.
614 3354 702 3380 Moral.
721 3362 744 3381 c.
765 3356 788 3381 1.
808 3363 834 3381 11.
854 3357 884 3382 3:
908 3367 921 3380 n
935 3357 1018 3389 Quem
1039 3358 1125 3389 prose·

162 3404 203 3424 cto
222 3397 322 3431 alium,
342 3398 406 3424 dum
430 3401 483 3423 tam
511 3398 627 3423 studiose
656 3398 748 3431 tacuit,
777 3403 805 3425 ut
833 3400 942 3432 quidam
972 3401 1076 3433 dicunt,
1096 3407 1123 3426 sc

269 3451 300 3478 S.
315 3451 465 3478 Bonav.—
478 3451 554 3477 Tom.
571 3451 629 3476 Vti-

2086 251 2148 284 593

1194 343 1298 367 sermo
1321 338 1369 368 est
1397 335 1551 377 publicus
1575 341 1603 369 et
1634 338 1829 370 eommunis.
1860 338 1895 370 Et
1926 338 1994 371 ideo
2026 340 2147 372 subdit:

1197 388 1234 419 Et
1257 389 1456 430 respondens
1487 399 1592 429 unus,
1621 391 1678 423 cui
1708 400 1824 423 nomen
1857 391 2032 434 Cleopltas,
2065 394 2150 426 dixit

1194 440 1242 473 ei:
1274 442 1323 473 Tu
1346 441 1437 474 solus
1457 443 1658 485 pereqrinus
1681 453 1714 476 es
1737 444 1774 476 in
1802 445 2000 484 Ierusalem,
2025 451 2054 478 et
2083 457 2150 479 non

1193 494 1375 536 cognovisti
1397 504 1482 537 quae
1505 494 1598 537 facta
1614 501 1692 529 sunt
1716 497 1752 529 in
1784 497 1842 530 illa
1871 497 1921 530 liis
1945 499 2083 531 diebus?
2100 502 2149 533 At-

1195 546 1385 580 tendendum
1401 552 1524 587 autem,
1549 549 1631 590 quod
1651 550 1721 582 licet
1744 554 1846 583 essent
1863 551 1940 590 duo,
1965 561 2026 584 non
2053 553 2149 585 intro-

1193 599 1279 632 ducit
1304 600 1402 633 Lucas
1426 601 1604 643 loquentem
1630 603 1686 635 nisi
1713 612 1812 635 unum
1839 607 1986 646 tanquam
2011 607 2147 647 praecel-

1194 652 1326 692 lentem;
1352 663 1423 686 nam
1449 655 1552 687 iunior
1575 655 1667 688 debet
1683 657 1793 689 cedere
1818 658 1947 696 maiori,
1972 659 2144 692 secundum

1193 705 1269 738 illud
1307 706 1509 739 Ecclesiastici
1547 709 1705 750 trigesimo
1729 710 1915 742 secundo⁷:
1951 712 2146 753 «Loquere,

1195 758 1294 790 maior
1318 762 1412 798 natu;
1437 759 1525 793 decet
1548 761 1630 793 enim
1652 765 1682 793 te
1706 762 1842 803 primum
1863 764 1994 796 verbum
2018 765 2145 806 diligen-

1194 811 1233 844 tis
1257 811 1417 844 scientiam
1437 826 1466 844 n.
1491 813 1567 845 Cum
1593 814 1657 846 duo
1680 815 1772 847 etiarn
1801 820 1921 855 essent,
1946 817 2046 849 solum
2071 819 2146 851 alte-

1194 873 1264 896 rum
1290 864 1443 904 nominat,
1468 866 1560 907 quia,
1592 870 1628 899 ut
1651 866 1759 899 dicunt
1790 868 1885 910 aliqui
1911 870 2106 911 expositores
2123 870 2146 909 ⁸,

1194 917 1292 950 Lucas
1307 921 1376 950 erat
1398 918 1477 951 alter
1494 919 1626 952 istorum
1647 920 1889 962 discipulorum,
1907 927 1937 955 et
1954 925 2147 957 consuetudo

1192 972 1239 1002 est
1262 970 1425 1012 scriptoris
1456 980 1562 1004 sacrae
1593 972 1788 1014 scripturae,
1813 978 1848 1006 ut
1879 975 1917 1007 de
1942 977 2069 1018 proprio
2093 987 2147 1009 no-

1193 1023 1275 1056 mine
1295 1032 1357 1056 non
1378 1024 1512 1056 multum
1530 1024 1620 1057 saciat
1644 1026 1848 1065 mentionem;
1873 1029 1954 1060 sicut
1970 1033 2000 1061 ct
2021 1030 2148 1063 loannes

1191 1085 1224 1109 se
1248 1085 1309 1108 non
1333 1076 1489 1116 nominat,
1513 1077 1565 1110 sed
1590 1078 1706 1110 dicit9:
1737 1092 1752 1107 «
1769 1080 1819 1113 ille
1844 1080 2029 1123 discipulus,
2052 1092 2145 1124 quem

1191 1129 1338 1171 diligebat
1362 1130 1446 1162 lesus
1463 1143 1493 1161 n.
1517 1130 1697 1164 Ambrosius
1720 1136 1825 1165 autem
1849 1134 1944 1173 dicit,
1969 1135 2051 1177 quod
2085 1145 2146 1168 non

1192 1181 1287 1214 fuerit
1319 1183 1425 1215 Luc-as.
1452 1183 1505 1216 Hic
1536 1192 1611 1226 ergo
1634 1185 1786 1227 Cleophas
1818 1187 1952 1220 ostendit
1985 1189 2145 1221 materiam

1192 1244 1267 1268 suae
1290 1236 1456 1269 locutionis
1472 1237 1617 1270 omnibus
1641 1242 1760 1277 notam,
1778 1249 1838 1271 non
1865 1243 1984 1273 tantum
2010 1242 2145 1280 civibus,

1192 1289 1246 1322 sed
1270 1289 1361 1322 etiam
1398 1290 1575 1329 extraneis;
1611 1295 1642 1324 et
1677 1292 1745 1325 ideo
1779 1293 1927 1332 miratur,
1966 1294 2049 1336 quod
2082 1295 2146 1336 ipse

1193 1344 1342 1384 tanquam
1364 1343 1562 1385 pereyrinus
1586 1344 1708 1386 ignoret
1732 1345 1831 1378 istam.
1859 1346 1927 1379 11160
1951 1355 2022 1379 eum
2053 1357 2146 1389 perc-

1190 1395 1330 1437 9rinum.
1355 1396 1511 1435 nominat,
1544 1398 1592 1430 vel
1617 1398 1691 1439 quia
1716 1398 1745 1430 in
1778 1398 1879 1440 effigie
1904 1400 2069 1442 peregrina
2093 1409 2146 1442 ap-

1191 1448 1336 1489 parebat,
1361 1449 1409 1481 vel
1427 1449 1500 1491 quia
1517 1453 1665 1492 tanquam
1683 1451 1868 1493 peregrinus
1885 1453 2044 1485 notissima
2061 1453 2147 1494 igno-

1192 1501 1281 1533 rabat
1295 1501 1330 1533 ¹⁰.
1356 1519 1398 1524 —
1425 1502 1515 1534 Recte
1542 1507 1646 1535 autem
1667 1504 1866 1545 percyrinus
1894 1505 1937 1537 eis
1961 1506 2145 1546 apparebat,

1191 1555 1266 1596 quia
1279 1555 1478 1597 pereyrz'nus
1490 1559 1558 1587 erat
1570 1556 1605 1588 in
1621 1557 1765 1594 munzun
1779 1557 1898 1590 Ioannis
1912 1558 2011 1599 primo
2026 1560 2049 1578 ¹¹
2063 1572 2068 1590 ε
2088 1572 2102 1587 α
2114 1560 2144 1591 111

1191 1607 1309 1640 mundo
1333 1612 1414 1646 erat,
1439 1611 1470 1640 et
1487 1608 1623 1641 mundus
1647 1617 1718 1641 eum
1743 1619 1803 1641 non
1822 1611 2012 1651 cognovit»,
2030 1615 2060 1643 et
2078 1611 2145 1644 ideo

1191 1660 1338 1692 Ieremiae
1362 1660 1482 1693 decimo
1498 1664 1625 1702 quarto:
1653 1662 1783 1702 «Quare
1800 1663 1888 1703 quasi
1914 1663 2043 1696 colonus
2059 1663 2144 1696 sutu-

1191 1721 1248 1745 rus
1271 1721 1304 1745 es
1329 1713 1360 1745 in
1384 1717 1470 1746 terra
1493 1717 1525 1746 et
1548 1714 1636 1756 quasi
1659 1714 1758 1746 viator
1775 1714 1932 1747 declinans
1955 1716 1992 1748 ad
2018 1725 2144 1749 manen-

1190 1765 1266 1798 dum
1291 1769 1329 1798 n?
1361 1766 1566 1809 Peregrinus
1597 1770 1664 1799 erat
1693 1768 1728 1799 in
1763 1767 1866 1800 oculis
1901 1768 2142 1810 discipulorum

1190 1828 1253 1851 non
1277 1819 1491 1858 credentium;
1517 1819 1568 1852 Iob
1591 1819 1711 1852 decimo
1735 1830 1815 1853 nono
1829 1821 1874 1852 ¹²:
1905 1834 1920 1849 α
1937 1822 2029 1862 Quasi
2056 1831 2144 1864 pere-

1190 1872 1302 1915 grinus
1332 1872 1377 1905 fui
1413 1873 1445 1905 in
1479 1873 1579 1905 oculis
1613 1882 1722 1905 eorum
1748 1886 1782 1912 »;
1818 1877 1849 1906 et
1883 1874 1952 1907 ideo
1988 1875 2144 1908 psalmus:

1195 1925 1402 1958 «Extraneus
1426 1925 1526 1958 factus
1542 1935 1612 1959 sum
1636 1926 1787 1959 fratribus
1811 1927 1889 1959 meis
1905 1931 1935 1959 et
1959 1928 2145 1970 peregrinus

1191 1979 1263 2012 filiis
1287 1979 1396 2011 matris
1420 1988 1554 2012 meae».
1576 1979 1780 2021 Pereyrinus
1796 1980 1889 2012 etiam
1916 1980 1949 2012 in
1974 1980 2144 2018 membris;

1190 2032 1229 2065 ad
1252 2033 1407 2065 Hebraeos
1439 2031 1603 2065 undecimo
1618 2033 1661 2064 ¹³:
1695 2046 1710 2061 «
1732 2033 1919 2065 Confitentes
1943 2034 2030 2075 quasi
2056 2042 2145 2075 pere-

1190 2086 1271 2127 grini
1296 2090 1327 2118 et
1350 2085 1487 2118 advenae
1510 2089 1584 2117 sunt
1613 2094 1708 2126 super
1733 2089 1849 2117 terram
1868 2098 1901 2124 n;
1927 2090 1958 2118 et
1990 2086 2144 2118 secundae

1189 2139 1229 2171 ad
1252 2139 1431 2171 Corinthios
1454 2139 1578 2180 quinto:
1601 2151 1616 2166 «
1633 2139 1714 2170 Dum
1739 2147 1849 2171 sumus
1866 2139 1896 2170 in
1922 2139 1978 2171 hoc
1996 2147 2142 2180 corpore,

1190 2191 1431 2232 peregrinamur
1455 2200 1473 2223 a
1496 2191 1670 2223 Domino».
1697 2191 1732 2223 Et
1756 2190 1823 2223 ideo
1848 2191 1966 2232 primae
1991 2191 2070 2223 Petri
2096 2200 2142 2223 se-

1189 2243 1309 2276 cundo:
1339 2256 1354 2271 α
1372 2243 1509 2276 Obsecro
1533 2252 1588 2275 vos
1612 2246 1760 2284 tanquam
1788 2243 1921 2275 advenas
1946 2247 1975 2275 et
2004 2244 2142 2285 peregri-

1189 2305 1245 2328 nos
1261 2309 1291 2327 n.
1318 2296 1353 2327 Et
1377 2299 1543 2337 propterea
1567 2304 1600 2327 se
1631 2295 1831 2337 peregrinum
1858 2305 1918 2327 non
1948 2300 2056 2337 negat,
2089 2296 2142 2329 sed

1188 2348 1323 2381 ostendit
1347 2351 1378 2380 et
1401 2348 1525 2390 quaerit
1548 2348 1639 2380 etiam
1664 2348 1704 2380 ab
1728 2348 1796 2380 illis.

1187 2515 1273 2546 ipsum
1294 2514 1373 2540 fuisse
1393 2513 1583 2539 monstravit».
1604 2514 1805 2546 Tlu=opuylact.‚
1836 2514 1858 2538 in
1885 2515 1946 2539 Luc.
1975 2513 2022 2544 21,
2049 2514 2142 2539 ¹3:25:

1190 2569 1203 2581 «ι
1218 2559 1338 2584 Nonnulli
1358 2565 1440 2584 11111101
1461 2565 1490 2583 ex
1510 2557 1616 2583 duobus
1637 2558 1683 2582 illis
1703 2558 1798 2583 Luc-aui
1819 2558 1906 2589 ipsum
1937 2558 2013 2582 fuisse
2039 2558 2142 2587 dicunt:

1187 2603 1284 2629 idcirco
1304 2606 1329 2628 ct
1348 2603 1485 2628 abscondit
1504 2609 1599 2627 nomen
1619 2609 1696 2627 suum
1718 2602 1879 2633 [ΤΛ-0011611510
1895 2612 1917 2626 ».
1948 2601 2051 2634 (Contra
2079 2603 2143 2627 hane

1188 2648 1338 2680 opinionem
1359 2650 1496 2679 opponunt
1514 2647 1632 2672 nonnulli
1651 2647 1713 2672 illud
1733 2648 1796 2673 Luc.
1819 2648 1838 2678 i,
1859 2648 1891 2677 2;
1911 2648 1957 2672 esr.
1977 2654 2055 2677 supra
2076 2654 2098 2672 e.
2124 2649 2143 2672 Ι.

1188 2701 1213 2719 u.
1233 2694 1258 2719 3.
1278 2696 1304 2719 et
1323 2694 1371 2725 6.).
1387 2707 1420 2710 -
1442 2693 1549 2718 Inferius
1568 2699 1616 2724 pro
1636 2691 1798 2718 consuetudo
1818 2691 1866 2717 AC
1878 2692 1898 2716 D
1918 2691 2125 2717 consuetudinis.

1259 2735 1270 2751 ⁹
1289 2737 1352 2769 Cap.
1376 2738 1420 2768 ¹3,
1440 2738 1491 2768 233
1512 2731 1559 2768 sil,
1580 2737 1621 2762 26.
1642 2740 1667 2761 et
1686 2737 1728 2765 21,
1757 2736 1807 2765 -20;
1837 2737 1881 2760 cfr.
1901 2736 2018 2766 (ιι-61101,
2045 2736 2091 2760 loe.
2119 2735 2142 2760 in

1189 2782 1362 2814 praecedente
1383 2784 1442 2807 nota
1462 2782 1503 2807 eit.
1524 2795 1558 2800 —
1578 2780 1712 2810 Ambros.,
1742 2780 1775 2805 X.
1796 2780 1819 2804 in
1845 2781 1905 2805 Luc.
1927 2786 1949 2804 c.
1971 2779 2011 2804 25.
2039 2787 2063 2804 n.
2088 2779 2143 2804 173.

1189 2829 1265 2852 vocat
1292 2826 1363 2851 illum
1393 2826 1471 2851 alium
1500 2826 1658 2856 discipulum
1685 2825 1859 2850 Ammaotwm
1888 2822 1926 2856 [id
1947 2827 1997 2853 651,
2018 2827 2045 2848 ut
2065 2823 2142 2855 aliqui

1188 2870 1329 2902 explicant,
1358 2870 1443 2894 civem
1473 2869 1507 2894 de
1535 2867 1678 2900 Enunaus}
1707 2868 1823 2899 lifigen„
1853 2867 2000 2892 Comment.
2031 2867 2054 2891 in
2075 2867 2142 2891 loan.

1188 2918 1249 2939 tom.
1271 2915 1286 2939 1.
1307 2914 1415 2938 Praesat.
1435 2920 1459 2938 n.
1479 2913 1504 2937 7.
1523 2913 1607 2942 refert,
1629 2912 1714 2942 ipsum
1737 2911 1813 2935 fuisse
1832 2910 1965 2942 quendam
1990 2909 2141 2936 Sirmmrm.

1193 2968 1204 2981 a
1218 2965 1270 2983 non
1290 2960 1376 2983 tamen
1397 2957 1515 2985 Petrum,
1536 2959 1563 2981 ut
1582 2955 1668 2986 Cyl-ill.
1689 2954 1824 2979 ¹xlexandr.
1845 2955 1868 2979 in
1889 2955 1949 2979 Luc.
1969 2954 2016 2984 -25,
2043 2954 2082 2979 13.
2108 2954 2143 2978 ι11-

1188 3002 1235 3032 rit,
1255 3008 1341 3033 neque
1361 3001 1431 3025 ilium
1451 3000 1650 3028 Cliananaeum,
1670 2998 1716 3023 sed
1735 2998 1768 3023 de
1789 2997 1921 3028 praedicto
1942 2997 1986 3029 172
2007 2997 2143 3028 discipulo-

1187 3045 1257 3079 rum]
1278 3050 1387 3070 numero
1407 3043 1485 3068 atium
1500 3053 1523 3066 ιι.
1545 3041 1689 3073 Epiphanio
1710 3041 1737 3072 (1.
1758 3041 1886 3065 adversus
1912 3041 2015 3065 naeres.
2042 3042 2141 3065 naeres.

1188 3091 1230 3115 23.
1250 3097 1271 3115 e.
1293 3089 1327 3119 6.)
1349 3088 1388 3113 1116
1408 3087 1473 3112 alius
1492 3086 1635 3116 discipulus
1654 3089 1692 3110 est
1713 3084 1872 3110 Nullmnuel.

1259 3133 1280 3147 ¹⁰
1299 3133 1412 3158 Primam
1432 3130 1618 3162 expositionem
1634 3129 1743 3154 insinuat
1759 3129 1844 3159 lledn,
1865 3129 1903 3153 vt.
1918 3127 1943 3153 in
1959 3127 2020 3153 Luc.
2034 3128 2080 3157 24„
2101 3129 2142 3159 ¹8,

1187 3178 1329 3204 secundam
1350 3175 1550 3207 Theophyiaet„
1571 3174 1595 3198 in
1616 3174 1676 3198 Lae.
1698 3173 1746 3203 25,
1770 3173 1853 3198 ili-25.

1259 3221 1279 3235 ¹¹
1300 3222 1374 3246 Yers.
1400 3221 1443 3250 10,
1464 3222 1522 3250 post
1541 3225 1620 3250 quein
1641 3218 1685 3242 161.
1711 3217 1754 3247 t-t,
1775 3218 1799 3242 8.

1259 3264 1280 3279 ¹²
1300 3265 1374 3290 Vers.
1398 3263 1436 3288 15.
1457 3266 1481 3288 et
1501 3262 1595 3287 dciudc
1615 3262 1653 3286 ps.
1675 3261 1721 3291 68,
1742 3262 1766 3286 9.

1258 3310 1280 3324 ¹³
1299 3310 1375 3334 Vcrs.
1398 3308 1444 3333 ¹3:
1474 3306 1630 3332 Confitentes
1658 3305 1720 3339 quia
1750 3305 1880 3337 peregrini
1910 3309 1935 3331 et
1954 3305 2069 3340 hospites
2094 3311 2142 3332 etc.

1188 3356 1245 3387 (cfr.
1269 3355 1332 3386 Ε1111.
1353 3354 1385 3382 2,
1411 3353 1469 3383 Ι9.).
1488 3365 1522 3370 -
1541 3351 1598 3376 Duo
1617 3358 1692 3383 seqq.
1712 3350 1759 3375 loci
1780 3354 1839 3376 sunt
1859 3351 1885 3376 ΙΙ.
1905 3350 1962 3376 Cor.
1984 3351 2014 3381 5,
2038 3351 2061 3375 6.
2082 3354 2106 3376 ct
2126 3351 2141 3376 1.

1188 3400 1256 3424 Pctr.
1277 3399 1290 3422 2
1301 3416 1307 3428 ‚
1331 3397 1368 3421 11.

2007 3457 2036 3472 AO

2172 506 2201 527 ne
2213 505 2314 534 cleopha.

2166 1510 2293 1536 Peregrinus

2165 1537 2204 1557 snit
2219 1537 2297 1566 triplici

2186 1566 2276 1584 ratione.
