2476 3921
163 371 264 393 Deiectio.

124 860 210 882 Gratiae
216 860 269 890 haul>-

161 889 241 908 tractio,

129 1199 206 1219 Sensus
224 1198 272 1218 alle-

152 1225 232 1250 goricus
251 1226 272 1245 et

152 1251 243 1272 moralis.

133 1436 163 1457 De
178 1438 268 1462 potesta-

126 1463 153 1483 tis
163 1463 268 1483 ablatione

126 1489 248 1516 dupliciter.

141 1634 269 1655 Subdivisio.

142 1876 227 1896 Ablalio
239 1881 275 1901 po-

129 1903 207 1922 tentiae
223 1903 274 1922 resi-

128 1928 198 1949 stendi
205 1928 274 1954 quoad

129 1955 178 1975 duo.

168 1981 268 2002 Primum.

145 2649 272 2670 Secundum.

290 276 351 308 6⁹26

285 364 426 399 regioneS,
450 361 552 397 oppida
567 360 595 389 et
611 360 663 388 vici
678 359 757 394 filiae
772 357 779 372 ¹
794 370 821 385 ».
837 374 875 378 -
890 357 945 385 Pro
960 356 1079 385 secundo
1094 354 1239 390 sequitur:

284 412 412 440 Proiecit
439 410 471 438 de
491 410 583 445 caelo,
605 408 683 436 cultu
708 407 756 435 illo
785 405 947 442 reprobato,
970 405 999 433 et
1026 404 1133 432 abiecto
1162 403 1241 438 regni

284 461 365 493 solio,
388 460 416 488 et
430 460 523 487 divino
544 458 639 487 favore
653 456 749 485 ablato
770 456 798 484 et
819 455 944 491 angelico
959 453 1113 489 praesidi03
1136 452 1167 480 in
1186 453 1242 479 ter-

285 519 363 545 ram,
385 509 459 538 omni
480 507 630 536 altitudine
652 505 812 538 subtracta;
833 512 883 532 nec
904 504 978 531 enim
1000 501 1136 530 remansit
1156 501 1185 528 in
1209 508 1241 528 ea

285 559 357 594 lapis
389 566 473 593 super
504 556 642 592 lapidem,
673 554 706 583 ut
737 552 911 589 praedictum
942 551 986 580 est
1016 551 1106 579 Lucae
1137 550 1241 577 decimo

286 615 372 640 nono;
395 606 550 641 inclytam,
572 603 715 632 civitatem
737 602 856 635 scilicet,
879 600 992 635 Israel,
1020 607 1090 635 quae
1111 598 1177 626 olim
1198 598 1242 625 in-

286 656 361 691 clyta
383 663 442 683 esse
464 653 587 687 solebat3
603 653 749 681 Ieremias:
771 662 784 676 ‹<
797 650 936 684 Quomodo
956 648 1040 683 capta
1063 646 1149 676 estet
1168 653 1241 674 com-

288 704 424 739 prehensa
445 702 550 738 inclyta
571 702 718 729 universae
747 700 838 727 terrae
853 700 884 725 »l
908 697 1026 732 Antiqui
1047 695 1075 724 et
1095 694 1241 723 Hebraeus

287 761 342 781 non
363 752 468 779 habent
490 751 520 778 in
542 752 662 783 terram,
685 749 732 776 sed
753 749 786 776 dc
808 747 886 775 caelo
909 747 1026 780 terram,
1048 744 1077 772 et
1092 743 1186 779 potest
1201 750 1241 770 so-

288 810 354 829 nare
375 801 470 836 quasi:
494 800 523 827 in
545 800 667 831 terram,·
689 797 731 825 vel
755 798 875 829 terram,
897 795 924 822 id
946 794 990 822 est
1010 792 1165 821 Ierusalem
1188 791 1241 818 ter-

288 857 383 877 renam
405 848 548 883 inclytam.
563 863 601 866 -—
616 845 667 873 Sed
690 853 739 880 pro
761 844 844 871 tertio
866 842 1007 877 sequitur:
1030 841 1102 869 Non
1128 841 1170 867 est
1196 846 1242 866 rc-

287 898 436 931 corclatus,
458 896 492 923 ad
514 894 712 927 miserendum,
733 892 851 920 scabelli
867 890 975 926 pedum
993 897 1127 923 suorum,
1150 888 1177 915 id
1198 887 1243 915 est

288 945 396 981 populi,
419 945 465 980 qui
487 944 538 972 sibi
560 942 702 971 humiliter
717 941 779 969 erat
800 940 956 973 subiectus3
979 939 1023 966 vel
1044 937 1198 966 Ierusalem
1215 935 1243 964 et

288 994 400 1028 templi,
422 993 468 1020 ubi
491 993 625 1020 Dominus
648 999 731 1025 super
759 988 987 1024 propitiatorium
1015 993 1153 1027 apparere
1175 985 1242 1012 sole-

289 1042 337 1070 bat
358 1042 460 1077 Moysi,
485 1041 599 1076 propter
614 1039 686 1075 quod
706 1037 863 1066 scabellum
874 1037 981 1071 pedum
996 1036 1058 1063 eius
1079 1034 1194 1067 dicitur3
1212 1033 1243 1060 in

288 1091 333 1118 die
353 1089 464 1123 furoris
485 1089 544 1123 sui,
566 1088 592 1115 id
614 1088 657 1116 est
678 1086 816 1114 vindictae
838 1084 1051 1120 irrefragabilis.

366 1138 529 1172 Alleyoricc
557 1136 705 1171 exponitur
732 1135 761 1162 in
790 1132 912 1162 Glossa²
941 1133 969 1161 et
994 1132 1157 1166 moraliter,
1178 1138 1243 1166 quo-

287 1187 362 1214 niam
390 1186 553 1221 quicumque
586 1183 714 1212 solebant
735 1192 794 1212 esse
816 1182 1037 1218 sapientissimi,
1059 1179 1243 1208 excaecantur

285 1234 384 1262 merito
400 1233 575 1269 peccatorum
591 1240 716 1265 suorum,
733 1231 805 1259 sicut
825 1231 914 1266 primo
929 1230 1037 1265 Regum
1052 1228 1131 1256 Naas
1153 1227 1244 1256 voluit

287 1283 406 1318 recipere
428 1283 502 1310 viros
528 1281 623 1314 IabeS,
645 1281 678 1308 ut
706 1280 815 1308 erueret
836 1278 986 1307 cuiuslibet
1014 1277 1125 1306 oculum
1152 1276 1242 1304 dexte-

287 1340 367 1364 rum;
388 1331 415 1358 et
437 1330 606 1358 sanctissimi
628 1330 707 1365 prius
728 1329 756 1356 in
772 1328 900 1356 sordibus
922 1326 1083 1355 versantur.

365 1379 392 1407 3.
416 1379 508 1414 (Vers.
527 1379 578 1414 2.).
594 1378 683 1406 Earn.
706 1376 920 1412 Praecipitavit
937 1376 1083 1403 Dominus
1097 1374 1149 1402 etc.
1164 1374 1243 1402 Post-

287 1436 369 1463 quain
390 1427 562 1456 lamentatus
584 1426 627 1454 est
642 1420 861 1454 excaecationem
883 1431 1055 1459 synagogae,
1070 1422 1115 1450 hic
1136 1422 1244 1449 lamen-

288 1476 366 1504 tatur
382 1476 534 1511 potestatis
549 1475 783 1504 subtractionem.
804 1473 843 1501 Et
857 1473 922 1508 quia
940 1472 1042 1507 duplex
1058 1471 1100 1499 est
1116 1469 1243 1506 potestas

290 1533 467 1561 magnorum,
489 1524 594 1552 scilicet
607 1523 758 1552 resistendi
773 1522 801 1550 et
816 1520 992 1555 invadendi,
1010 1521 1100 1556 primo
1115 1519 1245 1554 deplorat

289 1574 457 1602 ablationem
467 1573 599 1608 primae,
614 1572 711 1600 deinde
731 1571 872 1600 secundae
885 1571 914 1598 in
929 1578 1013 1598 versu
1028 1568 1172 1604 sequenti,
1187 1568 1244 1595 ibi:

293 1622 441 1658 Confregsit
463 1623 493 1649 in
515 1622 562 1649 ira
582 1621 634 1649 etc.
659 1637 698 1641 -—
723 1620 862 1648 Potentia
884 1618 979 1647 autem
1007 1617 1160 1646 resistendi
1185 1625 1246 1645 con-

290 1671 408 1699 sistebat
428 1671 456 1698 in
476 1670 686 1698 munitionibus
708 1669 736 1696 et
757 1669 786 1696 in
806 1667 940 1703 personis
962 1666 1032 1695 illas
1060 1665 1247 1702 regentibus,-

291 1728 340 1754 pro
377 1720 465 1754 primo
496 1718 579 1747 dicit:
613 1717 843 1752 Praecipitavit,
875 1724 926 1751 pro
961 1714 1099 1743 secundo:
1132 1713 1248 1742 Polluit

293 1776 421 1803 regynum.

371 1816 446 1844 Dicit
466 1823 546 1850 ergo:
570 1812 894 1849 Praecipitavit,.quod
919 1812 963 1840 est
985 1812 1049 1847 plus
1074 1820 1159 1847 quam
1181 1810 1247 1838 deii-

291 1873 364 1899 cere;
381 1864 591 1899 praecipitare,
624 1863 676 1891 hoc
703 1862 746 1890 est
768 1861 935 1897 proiiciendo
962 1861 1147 1896 confringere.
1169 1860 1247 1888 Unde

290 1913 429 1948 sequitur:
454 1913 515 1940 Nec
540 1911 682 1946 pepercit,
715 1910 787 1946 quod
819 1910 903 1938 etiam
935 1910 1057 1945 amplius
1089 1909 1132 1937 est
1163 1917 1247 1944 quam

286 1960 494 1995 praecipitare;
515 1959 588 1994 quod
613 1959 642 1986 in
668 1958 769 1986 ultima
794 1957 960 1993 captivitate
988 1957 1032 1985 est
1059 1956 1245 1992 completum,

290 2008 435 2037 exstinctis
467 2008 645 2036 caeremoniis
676 2007 860 2040 Iudaeorum,
893 2006 1044 2034 secundum
1074 2006 1204 2034 Glossam
1219 2004 1247 2041 ⁸,

290 2058 406 2086 Domino
428 2057 603 2092 providente,
626 2056 658 2084 ut
690 2064 739 2091 per
765 2064 797 2084 ea
825 2064 895 2091 quae
923 2055 1093 2089 evenerunt,
1122 2054 1246 2083 ventura

291 2106 418 2134 videatur
440 2105 617 2141 prophetare.
638 2105 762 2133 Econtra
783 2105 815 2132 de
843 2104 917 2133 iusto
939 2104 1041 2132 dicitur
1062 2104 1091 2131 in
1112 2103 1245 2132 Psalmo:

295 2167 308 2180 «
324 2155 391 2183 Cum
413 2154 541 2183 ceciderit
558 2154 666 2187 iustuS,
688 2162 744 2182 non
759 2153 922 2187 collidetur,
943 2153 1010 2188 quia
1031 2143 1169 2181 Dominus
1183 2160 1247 2187 sup-

290 2204 369 2239 ponit
390 2212 503 2231 manum
525 2211 604 2230 suam
616 2214 644 2230 ».
663 2201 770 2231 Omnia
789 2202 918 2237 speciosa
933 2201 1036 2236 Iacob,
1058 2201 1184 2229 aedificia
1199 2201 1248 2228 sci-

289 2252 366 2285 licet,
389 2260 459 2287 quae
480 2251 562 2279 erant
583 2259 638 2279 non
660 2251 750 2279 solum
778 2251 807 2278 in
829 2250 1050 2283 munimentum,
1080 2249 1128 2277 sed
1149 2250 1178 2277 in
1206 2257 1247 2277 or-

289 2300 452 2328 namentum
473 2299 585 2335 templi,
611 2299 640 2327 et
660 2299 716 2327 alia
744 2299 868 2327 civitatis
893 2298 1032 2332 aedificia,
1054 2298 1199 2327 destruxit
1218 2298 1248 2325 in

290 2348 389 2382 furore
409 2356 476 2383 suo,
498 2347 525 2375 id
546 2347 590 2375 est
610 2348 639 2375 in
654 2347 824 2382 implacabili
846 2347 903 2380 ira,
925 2347 1103 2374 munitiones
1118 2345 1153 2373 ad
1174 2345 1248 2373 litte-

291 2406 366 2429 ram,
387 2396 511 2432 viryinis
540 2395 631 2430 Iuda,
659 2395 801 2423 civitatem
822 2395 857 2423 ab
880 2395 954 2423 omni
983 2394 1078 2423 fructu
1104 2394 1247 2427 sterilem,

291 2453 347 2473 non
367 2444 515 2471 habentem
537 2451 569 2470 ex
591 2451 620 2471 se
635 2444 850 2476 successionem3
872 2443 1021 2471 Ieremias:
1047 2453 1060 2467 ‹<
1075 2442 1177 2470 Totum
1191 2451 1249 2470 mu-

292 2500 354 2519 rum
375 2491 529 2519 Ierusalem
550 2499 600 2526 per
614 2491 760 2519 circuitum
782 2490 921 2519 destruxit
935 2490 1074 2518 exercitus
1096 2490 1250 2518 Chaldaeo-

293 2549 354 2568 rum
366 2551 377 2564 »
387 2562 393 2567 .
409 2540 469 2573 Vel,
484 2540 512 2567 in
527 2540 659 2574 speciosis
680 2540 807 2575 intellige
829 2539 1002 2575 opulentiam
1012 2560 1018 2572 ,
1034 2539 1063 2566 in
1077 2539 1251 2567 munitioni-

292 2589 343 2617 bus
365 2588 529 2623 potentiam.
550 2587 661 2616 Deiecit
681 2588 713 2616 in
735 2589 858 2623 terram,
879 2587 969 2615 dictas
991 2587 1096 2616 scilicet
1122 2587 1251 2616 munitio-

293 2645 351 2665 nes.
366 2653 405 2656 —
419 2637 470 2664 Sed
492 2644 542 2671 pro
563 2636 734 2664 desolatione
750 2644 947 2671 personarum
968 2635 1110 2671 sequitur:
1134 2635 1252 2663 Polluit

294 2694 427 2722 regnum,
443 2686 471 2714 id
485 2685 528 2713 est
543 2686 616 2713 omni
638 2685 788 2719 pollutioni
802 2684 830 2712 et
844 2685 1012 2720 ignominiae
1027 2684 1169 2719 exposuit,
1185 2685 1251 2719 quia

294 2734 453 2763 hominibus
475 2733 591 2761 subiecit
611 2733 825 2765 incircumcisis,
848 2741 966 2768 quornm
987 2732 1128 2761 consortio
1143 2732 1172 2760 et
1194 2732 1252 2759 ritu

295 2782 436 2818 profanati
458 2781 538 2815 sunt3
560 2782 586 2809 et
602 2781 751 2816 principes
773 2782 849 2816 cius,
873 2781 978 2809 scilicet
1000 2781 1118 2816 polluit,
1141 2780 1169 2808 id
1189 2780 1251 2813 est,

296 2830 418 2866 pollutos
438 2829 591 2858 denotavit.
613 2829 656 2857 Sic
676 2837 742 2865 ergo
764 2829 843 2864 patet
864 2829 1019 2857 subtractio
1041 2828 1183 2864 potentiae
1210 2836 1253 2855 re-

296 2878 422 2907 sistendi.

367 3123 375 3139 ¹
396 3126 429 3150 lta
445 3126 519 3157 llugo
532 3132 545 3150 a
558 3126 583 3150 S.
594 3126 674 3155 vict„
688 3125 919 3151 Annotatiunculae
934 3125 1119 3151 elucidatoriae
1132 3126 1156 3151 in
1173 3127 1251 3151 'l'lire-

296 3168 342 3186 uos
362 3161 495 3220 'er{mia}⁷
521 3168 544 3186 c.
563 3161 588 3185 2.
607 3161 674 3186 circa
695 3161 804 3186 initium.
823 3174 859 3179 —
878 3162 1029 3193 Sequuntur
1053 3161 1114 3186 Luc.
1145 3162 1188 3192 19,
1209 3161 1251 3187 44.

296 3200 321 3221 et
339 3197 386 3221 ler.
427 3198 452 3227 t,
494 3197 515 3220 t.

367 3229 376 3244 ²
398 3229 545 3256 Ordinaria
565 3231 588 3255 in
609 3232 677 3256 hunc
697 3232 798 3261 locum,
818 3231 964 3257 secundum
978 3238 1100 3262 sensum,
1121 3232 1192 3263 apud
1206 3232 1252 3263 Ly-

297 3272 402 3295 ranum.
416 3265 552 3291 llab'anum
572 3269 597 3291 et
615 3267 683 3297 Hug.
705 3273 719 3291 a
739 3267 765 3291 S.
788 3266 863 3297 Vict.,
876 3266 921 3292 ubi
939 3267 1078 3299 respicitur
1092 3268 1108 3292 Ι.
1124 3268 1187 3299 Reg.
1203 3267 1231 3292 tt
1245 3286 1252 3297 ,

297 3302 320 3325 2.
340 3315 373 3318 —
391 3302 444 3325 Vat.
466 3301 506 3325 liic
526 3301 626 3332 penitus
644 3302 741 3333 differt,
763 3302 845 3327 citans
868 3302 948 3327 ludic.
970 3303 997 3327 24
1011 3321 1018 3333 ,
1037 3303 1062 3328 6.
1084 3310 1176 3336 seqq.:
1199 3301 1253 3329 Sic-

299 3337 326 3361 al
350 3335 431 3361 ludas
454 3335 539 3362 voluit
561 3336 678 3369 recipere
702 3336 819 3370 viraines
839 3336 928 3369 labes,
947 3344 981 3363 ne
1003 3337 1128 3371 perderet
1151 3336 1252 3364 tribum

297 3370 404 3410 electam
425 3371 522 3397 lsrael:
543 3373 567 3397 el
579 3372 742 3399 sanctissimi
760 3376 823 3405 etc.;
842 3380 911 3405 quae
927 3373 1062 3406 quomodo
1080 3373 1113 3398 ad
1128 3380 1182 3398 rem
1197 3379 1253 3404 per-

299 3410 409 3437 tineant,
430 3413 482 3431 non
502 3407 631 3432 videmus.

997 265 1193 300 EXPOSlTlO
1217 263 1447 297 THRENORUM
1471 263 1502 294 C.
1528 262 1560 294 ll.

1385 352 1414 380 4.
1428 350 1600 386 Alleyorice,
1616 349 1661 377 vel
1676 348 1843 376 moraliter:
1854 347 1924 376 Post
1938 347 2157 376 excaecationem
2172 346 2268 375 subdit

1305 399 1506 436 consequenter
1522 397 1807 434 praecipitationem.
1822 396 2009 431 Praecipitat
2018 395 2108 432 igitur
2122 396 2268 428 Dominus,

1305 449 1378 479 sicut
1399 447 1535 481 obdurat,
1556 455 1608 475 nec
1624 446 1740 481 parcit,
1769 445 1835 473 dum
1862 444 2021 480 pertinaces
2042 444 2096 472 sibi
2124 443 2268 479 relinquit.

1306 498 1442 534 Speciosa
1462 496 1566 531 Iacob,
1596 495 1689 524 clerici
1710 494 1739 522 et
1767 493 1907 529 religiosi,
1936 501 2006 529 quos
2034 492 2172 527 destruit,
2202 492 2269 519 dum

1305 546 1412 575 destrui
1434 544 1590 581 permittit;
1606 542 1707 572 Ioel⁴z
1735 555 1749 568 (ι
1763 543 1809 571 Ad
1830 542 1870 576 te,
1891 542 2025 575 Domine,
2047 540 2188 573 clamabo,
2204 540 2270 575 quia

1305 596 1379 631 ignis
1400 593 1546 622 devoravit
1568 593 1693 628 speciosa
1713 591 1818 619 deserti
1832 602 1860 618 n.
1882 590 1938 618 Isti
1960 589 2062 618 debent
2076 596 2147 617 esse
2175 588 2270 616 Eccle-

1306 644 1362 672 siae
1383 642 1569 674 munitiones,
1592 641 1640 669 sed
1655 640 1754 669 deiecti
1766 641 1838 668 swnt
1855 639 1887 667 in
1902 640 2024 673 terram,
2043 638 2111 666 solis
2128 636 2269 665 terrestri-

1306 693 1358 720 bus
1379 691 1537 724 inhiantes;
1567 689 1714 717 Psalmus:
1742 699 1756 713 «
1770 687 1872 716 Oculos
1901 694 1967 715 suos
1995 684 2161 713 statuerunt
2188 685 2269 713 decli-

1306 749 1374 768 nare
1395 741 1425 768 in
1446 740 1552 767 terram
1567 750 1595 766 >›.
1609 754 1650 758 ——-
1664 737 1811 772 Amplius,
1833 735 1961 764 claustra
1982 734 2111 763 solebant
2132 742 2192 762 esse
2206 742 2271 761 mu-

1306 789 1431 817 nitiones
1462 788 1562 816 contra
1583 786 1740 819 diabolum,
1767 785 1814 813 ubi
1846 784 1972 812 Ecclesia
1999 782 2148 818 reponeret
2175 783 2271 818 pullos

1307 846 1388 871 suos,
1410 837 1490 865 modo
1523 836 1590 864 sunt
1621 835 1711 863 factae
1738 834 1832 862 turres
1863 832 1967 861 diaboli
2000 840 2050 867 per
2081 831 2271 867 exemptiones

1307 886 1414 914 erectae
1425 907 1431 919 ,
1447 886 1506 914 suis
1521 885 1678 921 privilegiis
1692 882 1857 916 abutentes,
1873 881 1975 917 quibus
1989 881 2120 917 indignos
2134 888 2181 909 eos
2195 888 2269 915 esse,

1307 935 1430 963 ostendit
1457 935 1583 969 ipsorum
1612 933 1671 961 vita
1699 932 1822 960 infamis.
1844 930 1974 966 Polluit,
2002 929 2036 958 ut
2064 938 2168 965 supra,
2197 929 2272 965 regi-

1307 992 1370 1011 men
1392 983 1532 1011 Ecclesiae
1546 981 1615 1014 etc.;
1638 981 1682 1008 vel
1702 980 1834 1015 speciosa
1855 978 1957 1014 Iacob,
1980 978 2048 1007 vota
2076 978 2271 1014 religiosorum

1308 1032 1336 1060 et
1357 1032 1530 1060 clericorum.

1386 1080 1478 1108 Aliter
1490 1078 1501 1093 ⁵
1523 1079 1679 1114 allegorice
1698 1077 1864 1113 deploratur
1878 1077 1923 1105 hic
1939 1077 2039 1111 lapsus
2055 1076 2178 1104 humani
2193 1083 2273 1111 qene-

1306 1130 1348 1157 ris
1373 1128 1465 1164 quoad
1496 1128 1553 1155 tria
1584 1128 1733 1162 praecipue
1765 1125 1958 1154 incommoda:
1982 1126 2072 1161 primo
2099 1124 2275 1153 excaecatio-

1305 1178 1370 1211 nis,·
1392 1176 1489 1205 deinde
1513 1176 1723 1204 mortalitatis:
1744 1175 1876 1203 Proiecit
1897 1174 1931 1202 cle
1951 1173 2030 1202 caelo
2042 1183 2051 1207 ;
2079 1173 2180 1206 tertio,
2209 1180 2273 1200 con-

1306 1226 1496 1261 cupiscentiae
1517 1225 1649 1253 carnalis
1662 1247 1669 1260 ,
1691 1224 1748 1252 ibi:
1769 1223 1875 1252 Omnia
1889 1223 2018 1258 speciosa
2039 1222 2135 1250 Iacob.
2157 1238 2196 1241 —
2217 1221 2274 1250 Pro

1307 1276 1397 1311 primo
1431 1275 1516 1303 dicit:
1557 1273 1704 1311 Quomodo
1740 1273 1848 1301 obtexit
1879 1272 2006 1308 caliyine
2039 1271 2092 1300 etc.
2127 1271 2275 1299 Dominus

1306 1324 1400 1359 filiam
1422 1323 1504 1352 Sion.
1534 1322 1607 1351 Sion
1627 1321 1836 1357 interpretatur
1857 1320 1975 1356 specula
2001 1320 2029 1348 et
2050 1319 2193 1356 sig-nificat
2218 1319 2274 1347 sta-

1307 1373 1369 1400 tum
1390 1373 1499 1400 animae
1521 1371 1670 1400 rationalis
1698 1371 1728 1398 in
1749 1369 1922 1402 innocentia,
1949 1377 2020 1404 quae
2048 1368 2144 1397 creata
2165 1367 2209 1396 est
2237 1368 2273 1396 ad

1307 1420 1488 1449 aeternitatis
1508 1420 1617 1448 lumina
1631 1419 1861 1454 contemplanda,
1881 1426 1965 1453 quam
1981 1417 2075 1453 posuit
2097 1418 2127 1445 iu
2141 1416 2274 1453 specula,

1308 1478 1371 1497 cum
1392 1466 1503 1496 dixit⁶z
1531 1479 1545 1492 «
1560 1468 1601 1495 De
1632 1467 1709 1502 ligno
1732 1466 1864 1495 scientiae
1885 1466 1950 1494 boni
1978 1466 2007 1493 et
2034 1465 2102 1493 mali
2131 1473 2166 1502 ne
2187 1473 2274 1493 come-

1309 1518 1360 1545 das
1372 1529 1385 1542 »
1405 1517 1457 1545 etc.
1473 1516 1559 1550 Quasi
1574 1517 1647 1544 enim
1662 1516 1691 1543 in
1712 1515 1829 1551 specula
1843 1514 1978 1550 erigitur,
2001 1514 2112 1550 quando
2132 1513 2276 1542 imminen-

1310 1567 1348 1594 tis
1369 1567 1437 1594 mali
1470 1565 1624 1601 periculum
1652 1573 1701 1600 per
1728 1563 2005 1599 circumspectionem
2034 1571 2132 1591 cavere
2153 1562 2276 1590 iubetur.

1310 1615 1396 1643 Filia
1417 1623 1483 1650 ergo
1505 1613 1591 1648 Sion,
1624 1614 1718 1641 anima
1739 1613 1870 1647 hominis,
1892 1613 1952 1640 filia
1979 1611 2197 1648 speculationis,
2219 1619 2277 1639 non

1311 1663 1406 1691 tamen
1428 1662 1542 1690 firmata
1564 1663 1592 1690 in
1621 1670 1683 1690 arce
1711 1661 1968 1696 contemplationis.
1998 1660 2071 1688 Sunt
2092 1661 2166 1688 enim
2194 1659 2277 1694 filiae

1311 1711 1486 1746 Ierusalem,
1501 1711 1530 1738 id
1544 1711 1588 1739 est
1602 1711 1842 1745 contemplativae
1863 1710 1937 1738 clare
1953 1709 2094 1743 videntes3
2116 1708 2184 1736 sunt
2198 1707 2278 1742 filiae

1312 1760 1397 1795 Sion,
1419 1760 1448 1788 id
1469 1760 1513 1788 est
1533 1759 1742 1794 speculativae,
1764 1759 1792 1787 id
1814 1759 1858 1787 est
1880 1767 1930 1794 per
1951 1758 2095 1794 speculum
2111 1756 2276 1790 cernentes,

1312 1809 1379 1837 sunt
1399 1809 1480 1843 filiae
1507 1808 1689 1844 Babylonis,
1712 1808 1740 1836 id
1761 1808 1804 1836 est
1832 1807 2028 1842 confusionis,
2057 1815 2128 1842 quae
2154 1817 2169 1831 κ
2183 1806 2278 1834 oculos

1311 1866 1377 1886 suos
1392 1857 1557 1886 statuerunt
1578 1857 1718 1885 declinare
1732 1858 1762 1885 in
1783 1857 1890 1885 terram
1904 1868 1933 1884 ».
1948 1856 2026 1884 Haec
2039 1864 2106 1891 ergo
2120 1854 2187 1890 filia
2206 1853 2279 1883 Sion

1311 1906 1455 1942 obtegitur
1476 1906 1610 1942 caligine,
1633 1906 1699 1942 quia
1720 1906 1816 1934 lumen
1831 1906 1981 1934 rationalis
2001 1905 2112 1933 animae
2133 1904 2278 1932 obnubila-

1311 1956 1376 1989 tur,
1398 1964 1455 1984 non
1477 1955 1590 1991 penitus
1611 1955 1813 1991 exstinguitur.
1828 1971 1867 1975 —-
1890 1954 1942 1983 Sed
1965 1962 2016 1989 pro
2037 1953 2218 1981 mortalitate
2239 1961 2279 1981 se-

1311 2005 1428 2040 quitur:
1451 2004 1582 2032 Proiecit
1612 2005 1646 2033 de
1667 2004 1746 2032 caelo
1779 2005 1889 2032 terram
1918 2003 2063 2038 inclytam
2083 2002 2199 2035 Israel,·
2228 2010 2278 2037 per

1310 2053 1384 2081 hanc
1406 2055 1513 2081 terram
1533 2053 1675 2089 inclytam
1697 2061 1799 2088 corpus
1814 2052 1936 2081 hominis
1957 2051 2125 2087 accipimus,
2140 2051 2214 2086 quod
2228 2059 2278 2086 pei·

1310 2101 1536 2130 immortalitatis
1556 2102 1681 2137 gratiam
1702 2102 1784 2138 quasi
1811 2101 1888 2129 caelo
1909 2100 2000 2128 simile
2028 2100 2154 2133 exstitit,
2175 2100 2223 2128 sed
2244 2100 2277 2128 de

1310 2151 1360 2179 illo
1375 2151 1488 2179 sublimi
1502 2150 1582 2178 statu
1596 2150 1709 2184 cecidit,
1733 2149 1884 2185 postquam
1898 2149 1999 2177 illicita
2014 2148 2184 2185 concupivit.
2203 2149 2276 2177 Non

1311 2201 1354 2228 est
1373 2199 1541 2228 recordatus
1564 2199 1682 2228 scabelli
1698 2200 1806 2234 pedum
1830 2207 1966 2234 suorum,
1988 2198 2016 2226 id
2038 2198 2082 2227 est
2102 2199 2214 2234 generis
2229 2198 2278 2226 hu-

1312 2248 1403 2281 mani,
1426 2256 1443 2275 a
1457 2255 1512 2283 quo
1533 2247 1593 2275 tam
1608 2255 1735 2275 severam
1757 2246 1911 2274 vindictam
1925 2246 2027 2282 exegit.
2049 2246 2276 2281 Praecipitavit,

1311 2297 1340 2324 in
1355 2305 1409 2332 quo
1424 2296 1519 2324 subita
1533 2295 1707 2331 intelligitur
1720 2295 1832 2331 generis
1847 2295 1963 2323 humani
1978 2296 2076 2329 ruina,
2097 2295 2129 2323 de
2145 2295 2277 2330 paradiso

1312 2345 1341 2373 in
1361 2345 1513 2377 mundum,
1539 2344 1572 2372 de
1597 2343 1701 2371 mundo
1722 2343 1752 2371 in
1777 2343 1931 2377 infernum,
1954 2344 1987 2372 de
2008 2343 2224 2372 immortalitate
2249 2343 2279 2371 in

1312 2393 1441 2427 mortem,
1453 2393 1486 2421 de
1498 2392 1588 2421 morte
1603 2393 1632 2420 in
1643 2389 1862 2420 damnationem.
1873 2409 1914 2413 —
1932 2392 2038 2421 Omnia
2048 2393 2186 2428 speciosa,
2201 2400 2262 2421 ecce
2271 2413 2278 2426 ,

1313 2441 1472 2476 infelicitas
1494 2441 1754 2476 concupiscentiae,
1777 2441 1856 2469 cuius
1878 2441 1986 2477 septem
2007 2442 2083 2470 mala
2104 2441 2149 2470 hic
2170 2450 2280 2470 enume-

1313 2499 1373 2519 res:
1397 2489 1616 2526 pulcritudinem
1638 2489 1747 2518 foedat:
1774 2488 1881 2518 Omnia
1901 2491 2031 2525 speciosa
2052 2490 2140 2519 Iacob
2169 2490 2279 2518 destru-

1313 2540 1371 2574 xit,
1394 2547 1460 2566 nam
1482 2539 1624 2573 speciosus
1645 2538 1727 2567 homo
1748 2539 1810 2566 erat
1830 2540 1859 2567 in
1881 2547 1996 2575 corpore
2011 2539 2040 2567 et
2060 2540 2090 2568 in
2111 2539 2209 2573 corde,
2231 2539 2276 2567 de-

1314 2588 1416 2616 sideria
1430 2587 1459 2615 et
1473 2586 1644 2615 intentiones
1658 2587 1693 2615 ad
1708 2587 1821 2615 terrena
1842 2588 1961 2616 inclinat
1976 2587 2004 2616 et
2018 2588 2163 2616 incurvat:
2178 2587 2279 2615 Muni-

1315 2636 1406 2663 tiones
1419 2635 1544 2671 viryinis
1555 2634 1634 2663 Iuda
1648 2635 1700 2664 etc.
1711 2646 1717 2669 3
1732 2635 1873 2665 hominem
1885 2636 1977 2665 totum
1988 2636 2151 2665 deordinat:
2163 2635 2281 2665 Polluit

1314 2691 1449 2719 reynum,
1472 2683 1545 2719 quod
1567 2684 1595 2711 in
1625 2683 1794 2712 subiectione
1815 2684 1979 2713 inferiorum
2001 2685 2105 2713 virium
2131 2684 2277 2718 consistit;

1315 2732 1342 2759 et
1357 2732 1510 2767 principes
1532 2732 1610 2767 eius,
1634 2732 1776 2767 potentias
1804 2734 1914 2761 animae
1935 2733 2094 2770 cognitivas
2119 2733 2148 2762 et
2173 2732 2280 2761 affecti-

1316 2787 1383 2813 vas3
1405 2779 1598 2808 fortitudinem
1620 2781 1752 2809 enervat:
1780 2780 1931 2817 Confreyit
1950 2782 2045 2809 inira
2066 2790 2150 2810 omne
2170 2789 2278 2816 cornu,

1316 2827 1344 2856 id
1366 2827 1409 2855 est
1430 2828 1565 2856 virtutem
1588 2829 1753 2863 resistendi;
1779 2829 1903 2868 gratiam
1925 2830 2062 2858 evacuat:
2092 2828 2210 2858 Avertit
2237 2837 2278 2857 rc-

1318 2877 1446 2904 trorsum
1461 2876 1608 2905 dexteram
1622 2886 1707 2906 suam
1715 2888 1724 2912 ,·
1739 2886 1835 2906 omnes
1850 2886 1949 2906 sensus
1965 2878 2001 2906 ad
2015 2878 2122 2906 malum
2136 2878 2278 2915 exagitat:

1387 3125 1397 3140 ³
1419 3125 1593 3152 Ordinariam
1614 3126 1684 3157 apud
1705 3126 1836 3156 Lyranum
1857 3125 1898 3158 (ex
1917 3127 2054 3152 paschasio
2074 3127 2100 3152 in
2120 3128 2190 3153 liuuc
2209 3128 2278 3160 loe).

1316 3175 1351 3180 —
1370 3162 1493 3194 Sequitur
1513 3162 1553 3186 Ps.
1575 3161 1623 3192 36,
1642 3161 1689 3191 243
1710 3161 1805 3187 deiude
1825 3162 1870 3187 ier.
1891 3162 1937 3192 39,
1958 3163 1983 3188 8.

1387 3196 1397 3210 ⁴
1417 3196 1480 3227 Cap.
1503 3196 1525 3225 1,
1547 3197 1594 3226 ¹93
1614 3196 1709 3221 deiude
1730 3196 1770 3221 Ps.
1791 3197 1836 3228 46,
1858 3199 1866 3221 «l
1880 3198 1898 3222 1.
1918 3211 1954 3216 -
1974 3199 2021 3223 Pro
2035 3199 2165 3232 utsupra
2179 3198 2222 3229 (ita
2238 3198 2278 3230 B),

1316 3232 1370 3257 scil.
1391 3231 1526 3262 pollutioni
1547 3235 1570 3256 et
1591 3231 1750 3262 ignominiae
1769 3232 1902 3263 exposuit,
1922 3237 1950 3258 ut
1969 3233 2063 3265 legitur
2086 3233 2111 3258 in
2132 3233 2182 3258 ssne
2201 3240 2227 3258 n.
2250 3233 2279 3264 3,

1317 3268 1336 3292 Λ
1358 3268 1445 3291 minus
1464 3269 1523 3297 apte
1542 3265 1691 3304 utGlossa.
1705 3267 1769 3292 Tota
1784 3268 1847 3293 liaec
1871 3268 1954 3299 prima
1978 3268 2087 3300 mystica
2106 3268 2234 3300 expositio
2253 3267 2278 3298 (a

1317 3301 1406 3327 verbis
1426 3300 1466 3327 vel
1484 3300 1625 3327 moraliter
1646 3308 1729 3334 usque
1748 3302 1779 3328 ad
1808 3303 1834 3328 et
1859 3303 2033 3335 clericorum)
2060 3303 2225 3330 desideratur
2253 3303 2278 3328 iu

1317 3336 1440 3362 omnibus
1454 3336 1672 3368 praecedentibus
1691 3337 1857 3363 editionibus.

1389 3370 1400 3385 ⁵
1418 3371 1492 3403 Quae
1510 3375 1656 3404 sequuntur
1674 3376 1795 3404 excerpta
1815 3376 1877 3399 sunt
1895 3381 1926 3400 ex
1945 3374 2014 3406 Hug.
2033 3374 2082 3399 loc.
2103 3374 2145 3400 cit.
2160 3374 2194 3400 ad
2214 3374 2238 3403 2.
2257 3374 2277 3398 l.

1388 3405 1399 3420 ⁰
1418 3407 1482 3432 Gen.
1502 3407 1531 3437 2,
1557 3407 1600 3438 t7;
1621 3407 1683 3432 infra
1703 3408 1842 3440 respicitur
1861 3409 1934 3435 locus
1952 3409 2005 3435 iani
2027 3409 2070 3435 cit.
2089 3410 2129 3435 Ps.
2151 3409 2196 3441 16,
2218 3409 2260 3433 Η.

2309 353 2388 374 Sensus
2403 353 2432 374 al-
2443 341 2447 369 ,¹

2282 379 2388 405 legor-icus
2399 379 2432 401 vel
2446 375 2447 383 ¹

2284 405 2377 427 moralis.
2446 414 2448 447 ι

2447 453 2449 488 l

2293 1079 2354 1100 Alius
2364 1084 2438 1101 sensu·

2297 1105 2432 1132 allegoricus.

2292 1225 2426 1248 Excaeeatio.
2456 1214 2457 1224 ¹

2298 1957 2422 1979 Mortalitas.

2298 2397 2405 2425 Concupi-

2303 2425 2397 2446 scantiae

2314 2451 2326 2471 7
2340 2450 2403 2472 mala.
