2476 3921
20 665 144 689 Exhortatio

15 693 104 715 affectus
120 692 148 713 ad

22 719 142 741 misericor-

9 746 66 768 diam
80 746 162 773 impen-

33 772 133 795 dendam.

5 1145 70 1167 Etiam
84 1144 106 1166 in
121 1145 152 1166 et·-

2 1193 3 1198 ,
49 1172 114 1193 fectu.

10 1943 53 1965 Alia
62 1943 155 1965 eruditio

27 1970 142 1991 secundum

4 1999 98 2021 ,inensam
112 1997 156 2023 spi·

10 2022 110 2048 ritualom.
117 2023 160 2050 pri-

4 2054 7 2062 >
25 2055 60 2071 mo
74 2050 144 2076 quoad

27 2081 139 2102 personam

6 2101 151 2132 findigontem.

5 2134 7 2146 Ι

770 195 965 228 COMMENT.
990 195 1028 227 lN
1052 194 1293 228 EVANGELlUM
1317 195 1435 228 LUCAE
1460 196 1491 228 C.
1517 197 1552 229 X.

168 286 252 320 enim
270 286 329 319 hoc
347 286 498 319 Dominus
520 285 655 318 dixisset
677 284 824 317 absoluta
847 284 1061 326 responsione,
1079 283 1130 316 ille

169 339 297 372 minime
320 338 513 372 credidisset.
531 338 601 371 Ideo
617 337 769 370 Dominus
793 337 994 379 sagacissime
1010 345 1052 370 ex
1075 344 1131 368 ore

169 391 268 434 ipsius
291 391 455 425 veritatem
479 391 614 424 extorsit
638 394 669 423 et
693 399 765 424 eum
790 390 828 423 ad
853 390 1017 423 veritatem
1035 389 1132 422 infor-

167 444 266 477 mavit
288 444 388 487 magis
405 453 461 486 per
478 443 606 477 modum
629 443 843 485 interrogandi
869 451 967 485 quam
984 451 1041 484 per
1064 451 1132 474 mo-

168 497 245 530 dum
277 497 494 530 sententiandi.
521 498 552 530 ln
577 506 642 540 quo
665 497 719 530 dat
740 496 892 536 formam,
917 496 1054 539 qualiter
1079 504 1132 528 su-

167 549 274 591 perbis
297 550 408 583 debeat
431 549 588 583 satisfieri.

258 603 310 635 61.
335 603 478 636 Secundo
500 612 583 636 ¹vero
613 606 768 645 quantum
804 601 843 634 ad
871 600 1132 634 eaelzortationmn

167 655 304 699 affectus
328 656 493 689 subditur:
519 657 558 689 Ec
581 656 631 688 ait
657 655 706 688 illi
729 656 842 688 Iesus.-
875 654 961 687 Vade
977 659 1005 687 et
1022 658 1058 686 tu
1074 653 1132 697 fac

166 709 338 749 similiter,
363 713 400 742 ut
422 710 506 742 omni
532 709 651 743 homini
675 708 924 742 misericordiam
949 708 1131 750 impendas,

167 763 193 796 si
216 763 264 797 vis
288 772 356 796 esse
372 772 447 796 vere
463 763 659 803 misericors,
676 763 769 806 quia,
786 762 992 796 Ecclesiastici
1010 762 1132 795 decimo

166 819 277 850 octavo
291 818 313 856 ¹,
342 829 358 846 «
375 816 592 850 misericordia
615 816 669 849 Dei
696 825 792 858 super
809 824 934 849 omnem
959 824 1085 848 carnem
1099 828 1131 854 »‚

166 870 196 903 id
221 874 269 903 est
291 870 524 909 misericordia,
549 879 631 912 quae
654 879 696 903 ex
714 870 777 902 Deo
794 869 946 912 procedit.
972 868 1027 902 Dei
1044 878 1132 901 nam-

166 932 229 966 que
252 923 467 957 misericordia
489 923 528 956 ad
552 933 661 957 omnes
684 932 718 956 se
741 923 901 962 extendit;
926 923 1011 955 unde
1034 931 1132 964 supra

166 980 272 1010 sexto:
302 990 318 1005 «
335 977 428 1010 Eritis
451 977 505 1010 filii
530 977 695 1016 Altissimi‚
719 977 795 1019 quia
818 977 885 1019 ipse
909 976 1064 1018 benignus
1084 979 1132 1009 est

166 1038 263 1072 super
287 1029 426 1072 ingratos
449 1033 481 1062 et
504 1030 612 1062 malos.
646 1030 749 1062 Estote
780 1038 857 1071 ergo
892 1028 1130 1067 misericordes,

166 1082 248 1115 sicut
271 1085 303 1115 et
334 1082 424 1115 Pater
455 1086 560 1115 vester
591 1082 734 1115 caelestis
764 1081 945 1114 misericors
968 1084 1062 1114 est».
1087 1099 1132 1104 ——

167 1136 249 1169 Vera
270 1136 365 1169 etiam
390 1135 608 1169 misericordia
631 1145 693 1168 non
724 1138 772 1168 est
797 1138 920 1168 tantum
944 1135 976 1168 in
1001 1135 1130 1174 affectu,

166 1199 278 1223 verum
303 1189 396 1222 etiam
421 1189 451 1221 in
476 1188 608 1233 effeetu‚·
633 1189 703 1222 ideo
725 1189 815 1222 dicit:
842 1190 881 1221 Et
905 1193 941 1222 tu
964 1188 1023 1232 fae
1037 1189 1132 1221 simi-

168 1242 250 1276 liter.
275 1242 361 1275 Unde
395 1242 435 1274 ad
465 1241 590 1275 Galatas
625 1242 760 1275 sexto2:
789 1254 804 1270 «κ
823 1242 944 1275 Bonum
968 1242 1131 1281 facientes,

166 1305 229 1328 non
263 1295 464 1335 deficiamus;
500 1299 642 1338 tempore
672 1295 755 1328 enim
780 1304 839 1328 suo
867 1299 1040 1335 metemus,
1068 1304 1131 1328 non

166 1349 355 1383 deficientes.
381 1349 462 1391 Ergo
491 1349 567 1382 dum
601 1353 727 1391 tempus
763 1349 936 1388 habemus,
960 1358 1132 1392 operemur

166 1403 285 1436 bonum
310 1403 349 1435 ad
373 1411 482 1435 omnes
498 1416 529 1434 n.
555 1402 591 1435 Et
614 1402 647 1435 in
679 1403 738 1435 hoc
766 1402 958 1445 adimpletur
983 1403 1035 1436 lex
1060 1402 1131 1441 Dei,

167 1456 293 1499 quando
316 1465 379 1489 non
403 1456 506 1489 solum
531 1456 630 1489 verbo
646 1459 677 1489 et
693 1456 817 1502 animo,
842 1465 953 1489 verum
971 1457 1065 1489 etiam
1087 1456 1132 1488 fa-

167 1512 217 1542 cto
240 1510 410 1552 proximus
440 1509 635 1552 quicumque
666 1509 809 1551 indigens
832 1513 1059 1551 supportatur,
1084 1518 1132 1542 se-

167 1563 306 1596 cundum
342 1563 420 1596 illud
454 1563 494 1596 ad
524 1563 648 1596 Galatas
683 1563 819 1596 sext0⁵:
849 1564 966 1596 «Alter
1000 1564 1132 1597 alterius

167 1625 265 1649 onera
288 1619 425 1659 portate,
450 1620 481 1650 et
512 1616 557 1650 sic
591 1616 802 1659 adimplebitis
838 1616 937 1659 legem
967 1616 1131 1656 Christi»,

167 1679 250 1713 quae
273 1670 414 1704 consistit
438 1670 470 1703 in
494 1670 660 1704 dilectione
683 1670 836 1712 proximi;
861 1674 892 1703 et
921 1683 937 1699 «
953 1670 1008 1713 qui
1031 1670 1133 1712 diligit

168 1723 352 1765 proximum
387 1724 486 1766 legem
523 1723 713 1766 implevit»,
749 1723 788 1756 ad
821 1724 975 1756 Romanos
1011 1723 1132 1756 decimo

168 1777 271 1810 tertio.
296 1796 340 1801 -—
363 1776 413 1810 Sic
436 1777 534 1819 igitur
557 1780 643 1819 patet
667 1776 842 1810 secundum
860 1785 989 1809 sensum
1006 1772 1132 1809 littera'-

169 1829 229 1862 lem
253 1829 396 1863 doctrina
419 1830 522 1863 elicita
545 1839 584 1863 ex
608 1830 767 1872 parabola.

259 1883 311 1915 62.
336 1883 401 1915 Alia
431 1883 525 1916 etiam
557 1886 660 1925 potest
688 1882 758 1915 elici
792 1882 967 1915 secundum
998 1892 1134 1915 sensum

168 1934 399 1977 spiritualem,
424 1938 461 1968 ut
480 1944 627 1978 persona
650 1935 802 1977 indigens
826 1944 868 1968 ex
891 1935 1020 1968 miseria
1042 1935 1134 1968 intel-

169 1987 285 2029 ligatur
319 1998 425 2031 9enus
460 1987 668 2027 humanum,
692 1988 778 2030 quod
809 1988 841 2020 in
865 1988 960 2021 Adam
985 1992 1134 2030 peccante

169 2041 334 2074 descendit
356 2041 398 2073 ab
430 2041 614 2073 Ierusalem
646 2041 683 2074 in
706 2040 851 2080 Iericho,
876 2041 906 2074 id
930 2045 977 2074 est
1000 2051 1020 2074 a
1042 2051 1134 2083 para-

168 2094 235 2128 diso
259 2094 291 2127 in
315 2094 488 2133 mundum,
513 2097 545 2127 et
578 2094 697 2127 incidit
728 2095 763 2127 in
787 2094 951 2133 latrones,
976 2094 1007 2126 id
1030 2098 1078 2128 est
1101 2095 1133 2127 in

169 2149 355 2189 potestatem
386 2146 592 2185 daemonum,
624 2147 679 2188 qui
710 2146 941 2188 spoliaverunt
963 2156 1037 2179 eum
1061 2156 1134 2189 gra—

168 2199 258 2232 tuitis
281 2203 313 2232 et
342 2199 605 2232 vulneraverunt
636 2199 668 2231 in
700 2199 908 2231 naturalibus.
935 2199 971 2232 Et
994 2199 1133 2243 relique-

169 2256 251 2285 ram
273 2252 488 2290 semivivum,
513 2252 606 2294 quia,
631 2252 793 2285 subtracta
815 2251 1053 2291 similitudine,
1083 2261 1133 2285 re-

169 2305 285 2338 mansit
308 2305 374 2339 sola
397 2306 529 2348 imayoe
545 2308 582 2338 ut
598 2314 672 2347 vere
690 2305 787 2347 possit
803 2305 862 2338 dici
881 2305 959 2338 illud
976 2305 1087 2338 Psalmi
1101 2306 1132 2337 ⁴:

175 2371 191 2388 α
207 2359 318 2398 Homo,
342 2368 416 2392 cum
440 2359 472 2391 in
496 2359 616 2391 honore
639 2361 739 2397 esset,
764 2368 826 2391 non
851 2358 1024 2398 intellexit;
1048 2367 1134 2392 com-

169 2405 299 2454 paratus
322 2415 370 2446 est
392 2412 542 2445 iumentis
565 2411 785 2454 insipientibus
802 2425 817 2441 n
846 2415 920 2452 etc.;
945 2415 977 2445 et
1000 2421 1132 2445 rursus:

243 2605 252 2621 ¹
273 2607 349 2633 Vers.
369 2607 410 2632 112.
430 2620 465 2626 —
479 2606 596 2633 Subinde
616 2607 742 2639 allegatur
762 2608 824 2634 Luc.
844 2608 874 2640 6,
895 2608 937 2634 35.
957 2615 1014 2642 seq.

242 2649 253 2665 ⁹
274 2652 348 2678 Vers.
368 2652 438 2677 9..et
458 2652 500 2677 ΙΟ.
1111 2680 1114 2682 .

243 2694 254 2709 ⁸
275 2697 348 2722 Vei-s.
367 2697 396 2728 2,
416 2699 476 2728 post
488 2704 567 2729 quem
582 2697 657 2722 Rom.
674 2697 720 2728 ⁴3,
734 2697 759 2722 8.
772 2711 807 2716 —
821 2698 948 2730 Superius
962 2705 1010 2730 pro
1024 2697 1133 2733 quando

172 2739 218 2772 (ita
237 2740 269 2773 G)
290 2740 348 2766 Vat.
368 2747 429 2766 cum
449 2741 469 2765 ll
489 2747 543 2773 qua
564 2740 594 2772 (Α
606 2740 624 2766 C
636 2741 657 2766 D
676 2742 840 2774 quai-amn,
853 2745 879 2767 et
892 2748 940 2773 pro
953 2743 1134 2776 supportatur

175 2784 230 2809 Vat.
250 2783 418 2812 sublevatur.
436 2783 488 2810 cfr.
510 2785 549 2810 Du
568 2784 670 2817 Gange,
696 2785 857 2811 Glossarium
882 2790 944 2811 ete:
964 2786 1135 2820 supportare

171 2826 304 2861 aliquem,
324 2828 465 2859 Adiuvare,
484 2829 655 2855 commodare
674 2835 792 2861 operam.
889 2828 892 2831 “

244 2869 256 2884 ⁴
275 2872 367 2897 Psalm.
388 2872 435 2904 48,
454 2873 496 2897 21.
521 2876 546 2898 et
575 2872 635 2898 dein
655 2874 702 2904 38,
721 2873 748 2899 7.
766 2887 802 2893 —
822 2874 859 2899 De
878 2874 928 2899 hoc
956 2881 1035 2900 sensu
1061 2874 1136 2906 spiri—

174 2915 236 2941 tuali
256 2915 396 2947 parabolae
416 2918 463 2942 cfr.
482 2917 596 2950 Origen„
618 2918 711 2943 llomil.
732 2917 774 2943 34.
794 2918 820 2943 in
839 2919 901 2944 Luc.
921 2918 955 2944 ab
975 2919 1135 2951 Hieronymo

174 2960 310 2992 translata;
330 2960 460 2992 Amin-os„
481 2961 532 2987 Vll.
552 2962 578 2987 in
598 2962 659 2988 Luc.
685 2969 711 2987 n.
730 2962 779 2995 73;
799 2963 919 2995 August„
939 2963 965 2989 ll.
986 2964 1036 2996 Qq.
1055 2963 1136 2989 Evan-

175 3005 265 3036 gelior.
284 3012 311 3037 q.
331 3005 377 3035 Ι19;
397 3006 482 3037 Beda,
509 3006 546 3032 ΙΙΙ.
573 3007 599 3032 in
628 3008 691 3033 Luc.
721 3007 765 3039 ⁴0,
786 3008 829 3032 30.
855 3011 880 3033 et
908 3008 998 3033 Glossa
1026 3007 1137 3034 ordina-

174 3048 219 3075 ria
247 3049 271 3074 in
302 3049 416 3075 eundem
444 3050 540 3076 locum.
562 3065 597 3070 —
616 3051 744 3084 Superius
772 3054 831 3083 post
849 3051 990 3078 subtracta
1008 3051 1136 3079 similitu-

174 3092 236 3119 dine
256 3093 334 3126 (quae
353 3093 494 3119 attenditur
521 3094 549 3119 in
572 3094 649 3121 donis
678 3095 811 3127 gratuitis,
831 3097 878 3121 cfr.
907 3096 935 3122 ll.
954 3097 1025 3122 Sent.
1047 3096 1073 3122 d.
1094 3097 1136 3122 46.

175 3145 199 3163 a.
218 3138 242 3163 2.
262 3145 288 3171 q.
309 3138 334 3163 3.
353 3140 378 3163 et
397 3138 528 3171 Breviloq.
547 3145 573 3170 p.
594 3139 619 3164 ll.
640 3146 662 3165 c.
677 3139 730 3171 42.)
746 3140 802 3165 Vat.
822 3140 895 3166 addit
914 3139 976 3173 Dei,
998 3139 1036 3167 ad
1053 3148 1136 3175 quam

175 3183 282 3209 creatus
301 3183 342 3208 est
358 3181 447 3208 homo.

247 3224 258 3239 ⁶
277 3226 353 3252 Vers.
374 3226 416 3251 ⁴3.
437 3239 473 3245 —
493 3226 616 3259 Sequitur
636 3227 734 3254 Thren.
753 3228 783 3260 5,
805 3229 846 3254 16.
866 3235 922 3261 seq.

246 3268 258 3285 ⁰
277 3271 352 3297 Vers.
376 3271 417 3296 ⁴2.
436 3284 472 3290 —
490 3271 579 3297 Glossa
599 3267 712 3298 subinde
741 3273 849 3304 allegata
875 3276 914 3299 est
933 3272 1090 3306 ordinaria,
1111 3273 1137 3299 in

175 3323 229 3349 qua
249 3323 296 3348 pro
315 3315 420 3343 homini
443 3319 526 3342 textus
545 3317 677 3349 originalis
696 3316 859 3344 huiusmodi.
879 3318 916 3344 De
934 3318 992 3350 ipsu
1012 3319 1074 3344 vide
1093 3319 1138 3345 De-

177 3360 239 3386 dam
259 3360 306 3394 (ΙΙΙ.
327 3361 352 3386 in
372 3361 433 3387 Luc.
458 3362 502 3394 10,
527 3362 568 3387 31.
593 3362 670 3395 seq),
699 3362 743 3395 qui
763 3362 882 3395 sequitur
901 3363 1022 3395 August„
1042 3363 1067 3388 ΙΙ.
1087 3363 1137 3396 Qq.

2097 199 2157 230 971

1200 283 1457 317 «Verumtamen
1494 285 1525 317 in
1562 285 1696 327 imagine
1731 286 1903 328 pertransit
1932 287 2074 319 homo».
2110 286 2163 318 Illa

1196 339 1300 369 tamen
1326 336 1437 379 imago
1462 341 1508 370 est
1536 338 1721 380 exspoliata
1750 343 1879 381 propter
1905 340 2106 378 ,aversionem
2132 343 2164 372 et

1195 389 1375 422 vulnerata
1399 394 1528 431 propter
1552 391 1808 430 conversionem,
1833 392 2007 424 secundum
2024 392 2101 424 illud
2121 392 2164 425 le-

1196 442 1314 475 remiae
1346 443 1525 475 secundo⁶:
1556 456 1572 472 α
1589 444 1657 476 Duo
1690 444 1771 476 mala
1794 444 1866 477 fecit
1895 445 2032 486 populus
2055 453 2163 477 meus:

1196 504 1247 528 me
1269 495 1512 538 dereliquerunt
1536 496 1652 529 fontem
1689 506 1791 539 aquae
1827 498 1915 530 vivae
1951 501 1982 530 ct
2017 498 2164 530 foderunt

1195 549 1255 582 sibi
1279 549 1433 582 cisternas
1455 549 1621 592 dissipatas
1638 563 1668 582 ι»,
1695 550 1765 583 ldeo
1787 551 1956 592 spoliatur
1990 554 2022 583 et
2052 551 2165 583 vulne-

1196 606 1318 641 ratur,
1343 603 1517 636 secundum
1551 603 1629 636 illud
1661 604 1861 637 Threnorum
1887 604 2017 636 ultimo:
2048 604 2165 637 «Ceci-

1195 656 1242 688 dit
1265 665 1381 689 corona
1404 656 1515 698 capitis
1531 657 1646 696 nostri;
1664 666 1721 690 vae
1739 657 1845 689 nobis!
1863 657 1938 699 quia
1955 657 2163 698 peccavimus.

1197 710 1366 752 Propterea
1382 714 1537 743 moestum
1555 710 1671 743 sactum
1688 713 1736 743 est
1752 719 1806 743 cor
1824 714 1967 743 nostrum
1980 736 1987 749 ,
2006 710 2074 743 ideo
2091 719 2165 743 con-

1197 763 1349 796 tenebrati
1376 767 1451 796 sunt
1474 763 1557 796 oculi
1583 764 1681 796 nostri
1701 777 1731 795 n.

1288 816 1340 849 63.
1366 817 1518 849 Persona
1541 820 1648 850 autem
1669 817 1901 859 pertransiens
1926 827 2003 850 cum
2032 817 2164 849 duricia

1195 869 1255 902 suit
1285 869 1402 913 legalis
1431 870 1581 909 iustitia,
1614 880 1696 913 quae
1732 880 1789 904 nec
1826 871 2073 908 inisericordiam
2107 879 2163 903 nec

1195 923 1381 956 medicinam
1407 924 1596 965 praestabat.
1620 924 1710 965 Quod
1728 924 1807 957 bene
1824 925 1982 967 signatum
2000 928 2047 957 est
2065 924 2162 957 Exodi

1195 976 1316 1009 decimo
1340 977 1473 1019 septimo
1486 977 1510 1016 ⁸,
1535 977 1589 1010 ubi
1613 978 1746 1017 dicitur,
1771 977 1856 1020 quod
1893 991 1908 1006 α
1926 987 2038 1010 manus
2067 978 2162 1019 Moysi

1195 1034 1286 1064 erant
1309 1039 1422 1073 graves
1439 1043 1469 1070 »;
1495 1030 1579 1063 unde
1612 1031 1643 1063 in
1675 1031 1783 1064 Glossa
1816 1031 1932 1064 Bedae:
1968 1044 1983 1060 α
2002 1031 2164 1064 Sacerdos

1196 1084 1296 1126 legem
1320 1084 1375 1117 Dei
1400 1084 1579 1123 annuntiat;
1604 1084 1765 1117 descendit
1788 1084 1915 1127 quidem
1940 1085 2003 1118 Lex
2022 1085 2053 1117 in
2070 1094 2164 1117 mun-

1195 1137 1272 1170 dum
1296 1146 1353 1179 per
1385 1138 1509 1179 Moysen
1541 1141 1572 1170 et
1603 1138 1721 1170 nullam
1751 1138 1916 1171 sanitatem
1948 1138 2081 1170 contulit
2106 1138 2163 1170 ho-

1196 1190 1283 1223 mini.
1309 1191 1475 1223 Descendit
1498 1190 1610 1229 levita,
1636 1191 1690 1233 qui
1716 1195 1826 1233 typum
1842 1191 1978 1224 ostendit
1995 1191 2164 1233 Propheta-

1196 1253 1287 1283 rum,
1312 1243 1367 1277 sed
1402 1247 1433 1277 et
1468 1244 1520 1277 hic
1555 1244 1679 1277 nullum
1705 1248 1808 1283 sanat,
1833 1244 1908 1286 qnia
1943 1245 2007 1277 Lex
2037 1248 2164 1286 peccata

1195 1296 1316 1339 arguit,
1341 1296 1394 1329 sed
1419 1296 1607 1338 pertransit,
1632 1297 1708 1338 quia
1731 1297 1958 1339 indulgentiam
1974 1307 2036 1330 non
2069 1298 2163 1339 largi-

1196 1354 1250 1383 tur
1267 1363 1297 1382 ».
1323 1350 1357 1382 Et
1381 1350 1459 1382 illud
1483 1350 1563 1382 bene
1593 1350 1792 1392 designatum
1824 1351 1884 1383 suit
1908 1351 2012 1393 quarti
2044 1352 2163 1393 Regum

1195 1403 1336 1445 quarto⁷
1361 1403 1392 1435 in
1424 1403 1537 1436 baculo
1569 1403 1676 1442 Elisei,
1709 1413 1804 1446 quem
1837 1404 1922 1437 misit
1946 1404 1984 1436 ad
2008 1405 2163 1437 suscitan-

1196 1456 1272 1489 dum
1297 1465 1453 1498 puerum,
1483 1468 1499 1484 α
1515 1460 1547 1489 et
1571 1460 1674 1489 tamen
1707 1466 1770 1489 non
1793 1457 1853 1489 fuit
1877 1466 1940 1489 vox
1965 1466 2068 1499 neque
2093 1466 2164 1489 sen-

1196 1518 1252 1542 sus
1268 1521 1299 1548 »;
1323 1509 1408 1542 unde
1432 1509 1538 1551 potius
1561 1513 1630 1542 erat
1657 1510 1791 1543 baculus
1814 1511 1970 1553 castigans
1994 1519 2089 1553 quam
2115 1519 2165 1543 sa-

1196 1571 1284 1596 nans.
1317 1562 1404 1595 Unde
1438 1562 1555 1595 dicitur
1585 1562 1625 1595 ad
1649 1563 1806 1596 Hebraeos
1837 1563 1975 1596 decimo:
2007 1564 2163 1596 «lrritam

1195 1616 1269 1658 quis
1291 1616 1409 1649 faciens
1433 1615 1532 1658 legem
1558 1616 1673 1658 Moysi,
1698 1616 1765 1650 sine
1783 1617 1847 1650 ulla
1871 1617 2070 1650 miseratione
2085 1617 2165 1650 duo-

1196 1670 1257 1703 bus
1280 1669 1330 1702 vel
1354 1669 1459 1702 tribus
1482 1669 1618 1703 testibus
1643 1670 1779 1703 moritur
1796 1684 1827 1703 n.

1289 1723 1340 1755 64.
1367 1723 1519 1755 Persona
1542 1726 1647 1756 autem
1664 1723 1860 1756 subveniens
1876 1734 1916 1756 ex
1932 1724 2331 1757 mzserz‘eordiasseruo.quoad

2191 1761 2304 1782 personam

1197 1780 1283 1810 recte
1307 1776 1494 1818 intelligitur
1518 1776 1663 1810 Christus
1687 1777 1858 1816 Dominus,
1875 1778 1950 1820 quia
1974 1778 2165 1810 Samarita-
2184 1782 2312 1830 ⁸⁰⁵{003‘fn‘

1197 1840 1263 1863 nus
1286 1824 1516 1872 interpretatur
1540 1831 1689 1870 custos⁸;
1715 1831 1781 1873 ipse
1812 1835 1918 1864 autem
1950 1836 2015 1870 est,
2039 1831 2078 1864 de
2102 1840 2165 1873 quo

1198 1883 1229 1916 in
1247 1883 1383 1916 Psalmo:
1406 1896 1422 1912 α
1435 1883 1497 1916 Nisi
1515 1883 1668 1916 Dominus
1684 1883 1869 1916 custodierit
1885 1884 2042 1917 civitatem
2057 1897 2072 1913 ιι
2094 1887 2164 1923 etc.;

1197 1941 1229 1970 et
1252 1937 1348 1970 Isaiae
1372 1937 1523 1979 vigesimo
1547 1937 1667 1979 primo:
1697 1949 1712 1965 α
1726 1937 1852 1976 Custos,
1870 1937 1945 1979 quid
1963 1937 2001 1970 de
2017 1941 2109 1970 nocte
2127 1941 2165 1969 »i

1198 1990 1274 2032 quia
1302 2003 1317 2018 α
1334 1999 1423 2029 ecce,
1448 1999 1510 2022 non
1533 1990 1716 2023 dormitabit
1739 1999 1843 2032 neque
1866 1989 2001 2023 dormiet
2029 1990 2083 2032 qui
2108 1999 2164 2023 cu-

1198 2043 1294 2076 stodit
1318 2043 1412 2076 lsrael
1426 2056 1456 2074 ».
1474 2043 1588 2075 —Hic
1611 2043 1700 2075 venit
1722 2052 1816 2075 secus
1831 2043 2064 2081 vulneratum,
2089 2044 2164 2086 quia

1203 2109 1219 2124 σ
1235 2096 1267 2128 in
1292 2095 1529 2128 similitudinem
1555 2096 1719 2128 hominum
1745 2096 1847 2128 factus
1870 2099 1902 2128 et
1918 2096 2029 2129 habitu
2054 2096 2163 2130 inven—

1198 2151 1250 2181 tus
1274 2151 1311 2181 ut
1335 2148 1431 2180 homo
1447 2162 1479 2187 ι),
1502 2148 1541 2181 ad
1567 2148 1780 2190 Philippenses
1797 2148 1935 2181 secundo
1947 2149 1970 2181 ⁹.
1998 2149 2099 2188 Venit,
2116 2150 2163 2183 in-

1197 2210 1312 2243 quam,
1343 2214 1358 2229 e
1374 2201 1404 2234 in
1430 2201 1665 2234 similitudinem
1690 2201 1795 2234 carnis
1819 2202 1937 2244 peccati
1955 2211 1986 2242 ι’,
2011 2203 2093 2236 sieut
2116 2203 2163 2236 di-

1198 2254 1281 2287 citur
1316 2254 1356 2287 ad
1391 2255 1545 2287 Romanos
1578 2258 1698 2287 octavo.
1725 2273 1766 2279 —
1792 2255 1828 2287 Et
1852 2255 1981 2288 veniens
2005 2256 2067 2288 tria
2089 2256 2164 2289 facit

1199 2307 1317 2340 homini
1341 2307 1525 2340 vulnerato:
1549 2307 1694 2340 adhibuit
1728 2308 2024 2347 medicamentum,
2048 2312 2080 2342 et
2104 2310 2164 2342 hoc

1197 2369 1254 2402 per
1276 2360 1430 2403 qratiam
1459 2360 1776 2399 sacramentorum,
1802 2361 1833 2393 in
1858 2361 1975 2403 quibus
1999 2362 2081 2394 siunt
2103 2362 2164 2394 illi-

1197 2412 1332 2446 nitiones
1354 2416 1387 2446 et
1410 2413 1608 2447 inunctiones
1632 2417 1777 2447 sanantes
1801 2414 1934 2447 vulnera
1950 2418 2164 2456 peccatorum,

1198 2609 1362 2641 Evangelior.
1383 2616 1410 2642 q.
1431 2609 1477 2640 -Ιῡ,
1497 2608 1640 2634 dicentem:
1663 2607 1820 2635 «Sacerdos
1834 2611 1923 2634 autem
1940 2611 1966 2633 et
1985 2607 2079 2639 lecim,
2101 2608 2164 2641 qui,

1198 2661 1230 2679 eo
1243 2654 1314 2685 viso,
1328 2653 1532 2686 praeterierunt,
1551 2653 1728 2679 sacerdotium
1742 2655 1767 2678 et
1781 2652 1953 2678 ministerium
1972 2653 2068 2678 veteris
2088 2655 2166 2679 lesta—

1200 2698 1281 2724 menti
1300 2698 1462 2730 significant,
1491 2705 1560 2731 quae
1589 2705 1643 2724 non
1662 2700 1784 2730 poterant
1802 2697 1929 2730 prodesse
1954 2697 1987 2723 ad
2013 2697 2124 2722 salutem
2138 2707 2164 2722 υ.

1198 2742 1292 2768 Fusius
1312 2744 1377 2768 haee
1396 2743 1522 2768 sententia
1543 2743 1699 2775 proponitur
1718 2743 1755 2768 ΙΙΙ.
1775 2741 1964 2774 Hypognoslic.
1986 2741 2063 2774 (inter
2082 2748 2164 2773 opera

1199 2787 1321 2820 August.)
1342 2794 1365 2812 c.
1386 2788 1410 2819 8,
1430 2790 1456 2813 et
1475 2795 1489 2813 a
1509 2788 1708 2819 Tlieophylact„
1723 2787 1748 2812 in
1767 2788 1830 2812 Luc.
1852 2787 1893 2817 10,
1914 2786 1955 2811 31.
1976 2793 2031 2819 seq.

1270 2829 1281 2845 ¹
1302 2832 1377 2857 Vers.
1396 2832 1444 2857 29:
1464 2833 1494 2858 Et
1513 2832 1554 2858 ille
1573 2832 1608 2857 ait
1627 2832 1661 2858 ad
1680 2832 1764 2857 Giezi:
1790 2831 1905 2863 Accinge
1930 2830 2035 2856 lumbos
2061 2834 2120 2857 tuos
2139 2834 2165 2856 et

1200 2876 1259 2902 tolle
1279 2875 1403 2902 baculum
1423 2883 1512 2902 meum
1531 2880 1594 2907 ete.;
1619 2870 1645 2902 et
1669 2883 1696 2902 v.
1725 2876 1774 2901 3¹:
1794 2876 1919 2901 Posuerat
1939 2875 2062 2901 baculum
2083 2882 2165 2908 super

1201 2921 1293 2946 faciem
1313 2921 1398 2953 pueri,
1417 2924 1443 2947 et
1464 2928 1516 2947 non
1534 2924 1591 2947 erat
1609 2928 1660 2946 vox
1679 2924 1728 2946 etc.
1747 2934 1784 2940 -
1802 2920 1920 2946 Subinde
1939 2921 2067 2952 allegatur
2085 2920 2166 2946 Hebr.

1203 2966 1250 2997 ΙΟ,
1271 2966 1315 2991 28.

1272 3007 1283 3022 ⁸
1302 3008 1418 3041 Origen.,
1436 3008 1532 3034 Ilomil.
1553 3007 1595 3034 35.
1615 3008 1641 3033 in
1660 3008 1723 3033 Luc.
1744 3006 1777 3033 ab
1797 3007 1958 3039 Hieronymo
1973 3007 2103 3037 translata,
2118 3006 2164 3032 ubi

1200 3053 1235 3079 de
1247 3060 1303 3086 seq.
1321 3059 1430 3086 quoque
1448 3052 1619 3084 expositione,
1638 3052 1672 3077 de
1690 3059 1742 3084 qua
1762 3050 1825 3076 vide
1844 3051 1922 3076 ctiam
1943 3052 2057 3083 (practer
2076 3054 2166 3076 aucto-

1201 3104 1243 3122 res
1263 3097 1287 3122 in
1308 3097 1527 3129 praecedentibus
1545 3097 1614 3122 notis
1627 3096 1763 3128 allegatos)
1778 3096 1897 3127 August„
1912 3096 1994 3120 Serm.
2019 3095 2075 3120 ⁴3⁴.
2090 3094 2165 3127 (alias

1201 3143 1226 3168 2.
1246 3141 1280 3167 de
1299 3141 1394 3167 Verbis
1422 3141 1549 3173 Apostoli)
1570 3147 1592 3166 c.
1613 3141 1638 3166 6.
1663 3147 1691 3170 n.
1715 3140 1745 3171 65
1772 3140 1856 3165 Scrm.
1889 3139 1947 3164 ΠΙ.
1976 3138 2049 3169 (alias
2068 3138 2112 3164 37.
2131 3138 2164 3164 de

1203 3185 1297 3211 Verbis
1317 3185 1429 3219 Domini)
1450 3192 1473 3211 c.
1492 3186 1518 3211 2.
1539 3192 1566 3211 n.
1586 3186 1610 3210 2.
1630 3191 1687 3217 seq.
1708 3187 1734 3209 et
1752 3184 1836 3209 Serm.
1857 3183 1917 3208 366.
1938 3182 2011 3215 (alias
2026 3183 2050 3207 9.
2065 3189 2096 3208 cx
2115 3182 2165 3207 Sir-

1201 3229 1360 3262 mondianis)
1379 3237 1404 3255 n.
1424 3230 1449 3255 2.
1463 3243 1499 3248 —
1513 3230 1579 3255 Tres
1596 3226 1671 3262 seqq.
1690 3227 1739 3254 loci
1759 3231 1819 3253 sunt
1838 3227 1878 3253 Ps.
1899 3227 1964 3258 ⁴26,
1988 3228 2014 3258 t;
2039 3226 2095 3252 lsai.
2115 3227 2143 3252 2¹
2157 3246 2164 3256 ,

1204 3275 1244 3300 ΙΙ.
1264 3277 1289 3299 et
1307 3274 1348 3299 Ps.
1380 3275 1442 3305 120,
1464 3273 1487 3300 4.
1507 3288 1541 3292 —
1561 3273 1689 3306 Superius
1716 3279 1765 3305 pro
1794 3272 1990 3306 interpretaur
2013 3272 2064 3299 CD
2090 3271 2165 3298 intel·

1202 3317 1307 3352 liyitur.

1272 3360 1284 3376 ⁹
1304 3363 1379 3389 Vers.
1398 3362 1428 3395 7,
1448 3362 1490 3388 cui
1510 3361 1679 3394 subiungitur
1697 3362 1774 3388 Rom.
1793 3362 1822 3393 8,
1843 3361 1868 3386 3.

2197 824 2304 849 Secundo,

2182 851 2252 877 quoad
2268 857 2316 878 per·

2178 883 2251 899 sonam
2260 880 2330 899 transf

2201 906 2298 926 euntem.

2182 2259 2314 2290 Beneficium

2201 2292 2303 2314 primum.
