2476 3921
287 251 351 285 544

287 341 430 384 ignobilis
453 341 637 374 aestimetur
661 340 716 383 qui
739 349 758 372 a
780 339 913 372 Domino
936 339 1063 381 eligitur
1083 350 1121 377 »;
1147 337 1246 371 iacobi

287 395 466 429 secundo1:
502 395 647 427 «Nonne
682 402 838 436 pauperes
872 393 965 435 elegit
999 393 1084 425 Deus
1115 392 1147 424 in
1186 392 1246 424 hoc

287 449 405 482 mundo
421 451 460 480 u?
483 450 515 481 et
537 447 657 490 primae
680 447 719 480 ad
742 446 920 479 Corinthios
944 445 1063 487 primo:
1093 458 1108 474 α
1126 444 1246 487 Ignobi-

288 503 329 535 lia
352 501 461 534 mundi
486 504 517 534 et
541 500 786 542 contemptibilia
809 499 901 542 elegit
924 499 1026 538 Deus,
1050 501 1081 531 et
1104 506 1141 530 ea
1164 505 1246 539 quae

289 565 349 588 non
374 558 466 593 sunt,
490 558 526 587 ut
549 563 586 587 ea
617 562 698 596 quae
722 556 796 586 sunt
819 553 1014 591 destrueret,
1039 554 1075 584 ut
1095 560 1158 584 non
1181 550 1246 592 glo-

289 609 390 642 rietur
413 607 515 641 omnis
539 616 612 640 caro
636 606 668 639 in
692 608 861 648 conspectu
885 605 1000 638 eius».

381 663 430 695 16.
455 661 547 694 Venit
569 660 775 693 nihilominus
791 669 847 701 per
868 659 1017 692 ducatum
1041 657 1184 690 hominis
1199 655 1246 699 f'e-

145 723 185 744 Pe‘
201 721 270 752 bapa-
290 716 392 749 rentis
416 724 542 759 aquam
565 714 601 747 in
624 712 790 756 amphora
798 725 810 751 ,·
834 713 909 755 quia
933 712 1040 745 nullus
1071 711 1106 743 fit
1130 710 1245 743 Christi

125 755 192 770 81111111]
206 754 277 770 anlma

147 776 170 796 fit
184 775 263 796 Christi
290 769 442 812 templum
465 769 525 801 nisi
542 777 598 811 per
621 768 829 809 baptismum,
854 766 975 799 loannis
998 766 1132 798 tertio2:
1154 765 1246 797 «Nisi

152 802 261 829 templum.

184 1043 268 1070 Figura.

137 1414 199 1441 Aqua
213 1413 269 1444 desi-

147 1442 197 1467 gnat
210 1442 260 1462 trta.

140 2157 269 2179 Notandum.

138 2476 270 2507 Adimpletio

146 2506 263 2531 praecepti.
296 2524 302 2530 ,

139 2556 275 2578 insinuantur

180 2584 229 2604 tria.

290 823 361 865 quis
384 826 513 856 renatus
544 821 639 853 fuerit
662 829 703 853 ex
727 829 810 862 aqua
837 823 868 852 et
892 819 1010 861 Spiritu
1034 820 1159 857 sancto,
1184 827 1246 850 non

288 875 417 908 intrabit
440 875 470 907 in
488 883 619 916 regnum
644 873 698 905 Dei
712 886 742 905 n.
760 872 845 905 Unde
868 875 899 904 et
915 871 1066 904 Dominus
1086 869 1248 912 discipulis

289 928 493 962 coenantibus
521 927 595 960 lavit
620 926 722 968 pedes.
755 925 866 958 Nullus
890 927 975 957 recte
1006 923 1090 956 vadit
1121 922 1158 955 ad
1187 923 1247 954 hoc

289 983 542 1019 Sacramentum,
566 984 733 1022 postquam
756 978 947 1020 baptismum
971 976 1164 1019 inquinavit,
1187 975 1246 1007 nisi

288 1035 500 1076 lacrymarum
523 1033 625 1066 imbre
641 1032 798 1074 perfusus.
823 1031 855 1063 In
879 1031 971 1063 cuius
990 1030 1125 1072 figuram
1149 1028 1248 1061 Gene-

288 1088 330 1121 sis
364 1087 484 1120 deeimo
518 1085 653 1118 octavo⁸
687 1084 824 1117 dicitur:
863 1096 878 1111 «
901 1082 1035 1115 Afferam
1069 1080 1247 1123 pauxillum

288 1150 405 1183 aquae,
429 1143 461 1172 et
483 1140 629 1172 laventur
660 1137 755 1179 pedes
778 1136 885 1169 vestri.
919 1136 1098 1177 Ponamque
1121 1134 1247 1167 buccel-

288 1195 349 1228 lam
374 1194 477 1237 panis,
501 1197 533 1225 et
548 1192 720 1225 confortate
744 1199 798 1223 cor
815 1193 956 1223 vestrum
974 1203 1004 1221 ».
1028 1189 1073 1221 Βθ
1092 1189 1149 1221 hac
1165 1197 1248 1230 aqua

287 1247 513 1281 Ambrosius&
543 1245 601 1278 «O
632 1254 729 1287 aqua,
753 1252 835 1286 quae
866 1244 1103 1276 Sacramentum
1131 1241 1246 1274 Christi

288 1310 356 1334 esse
379 1299 542 1338 meruisti,
566 1307 648 1341 quae
672 1298 756 1331 lavas
779 1296 884 1329 omnia
906 1305 963 1329 nec
978 1295 1103 1328 lavaris.
1129 1295 1177 1327 Tu
1200 1294 1247 1327 in-

288 1354 366 1396 cipis
390 1353 506 1395 primo,
524 1355 559 1385 tu
583 1351 720 1394 comples
736 1350 873 1392 perfecta
892 1348 1050 1391 mysteria.
1068 1348 1088 1380 A
1114 1351 1145 1381 te
1161 1348 1248 1390 prin-

289 1408 424 1450 cipium,
448 1406 480 1438 in
506 1409 535 1439 te
559 1405 631 1438 finis
646 1418 677 1437 n.
703 1404 850 1446 Designat
873 1403 970 1445 igitur
993 1411 1085 1446 aqua
1108 1402 1145 1434 in
1175 1411 1247 1434 am-

285 1459 397 1503 phora
412 1459 541 1491 undam
557 1461 817 1500 reyenerantem,
842 1456 1015 1490 secundum
1033 1455 1111 1488 illud
1128 1454 1247 1497 primae

290 1512 411 1546 Ioannis
434 1512 588 1555 quint0⁵:
617 1524 633 1540 «
650 1512 726 1544 Tres
750 1514 841 1549 sunt,
866 1510 920 1552 qui
942 1509 1154 1542 testimonium
1172 1508 1248 1541 dant

290 1568 321 1600 in
345 1570 452 1600 terra:
477 1565 629 1608 Spiritus,
646 1574 728 1607 aqua
751 1567 782 1597 et
806 1564 933 1606 sanguis
949 1575 980 1603 1›;
1005 1566 1036 1596 et
1060 1562 1181 1595 loannis
1197 1562 1248 1595 de-

290 1620 369 1653 cimo
392 1629 491 1652 nono:
522 1632 537 1648 «
554 1619 598 1651 De
614 1618 712 1651 latere
728 1617 796 1650 eius
811 1617 910 1649 exivit
927 1616 1055 1658 sanguis
1070 1618 1101 1649 et
1117 1625 1199 1658 aqua
1214 1628 1246 1648 n.

290 1673 438 1715 Designat
460 1672 553 1705 etiam
577 1672 676 1714 ipsam
699 1680 838 1703 sacram
862 1669 1068 1708 doctrinam,
1093 1669 1168 1711 quia.
1191 1668 1247 1701 Ec-

290 1726 452 1760 clesiastici
476 1725 596 1758 decimo
619 1724 772 1767 quintofl:
803 1736 817 1752 α
835 1724 922 1765 Aqua
938 1722 1107 1764 sapientiae
1131 1722 1253 1754 saluta-‘

290 1781 334 1813 ris
357 1779 476 1822 potabit
499 1779 587 1811 illum
604 1791 635 1810 ι»,
660 1778 696 1810 Et
719 1777 797 1809 haec
820 1779 868 1809 est
884 1776 920 1808 in
943 1774 1126 1818 amphora,
1154 1774 1183 1807 id
1201 1777 1248 1808 est

289 1834 349 1867 sub
373 1832 541 1871 velamine;
566 1830 721 1864 secundae
744 1829 783 1862 ad
799 1829 977 1862 Corinthios
1001 1831 1132 1870 quarto:
1163 1828 1248 1860 «Ha-

288 1887 401 1920 bemus
418 1887 603 1919 thesaurum
620 1885 652 1917 in
675 1884 758 1916 vasis
773 1896 805 1915 ».
822 1882 970 1924 Designat
985 1882 1078 1915 etiam
1097 1881 1249 1924 qratiam

288 1949 494 1983 supernam;
525 1937 652 1971 Genesis
680 1936 831 1979 vigesimo
862 1938 976 1978 quarto
993 1935 1024 1967 ⁷:
1059 1947 1075 1963 «
1094 1935 1140 1967 Da
1170 1934 1248 1967 mihi

288 2002 403 2036 aquam
427 1992 466 2025 de
487 1991 600 2033 hydria
616 2004 631 2019 n
652 1993 726 2029 etc.;
751 1992 783 2022 et
799 1988 920 2022 loannis
943 1991 1072 2031 quarto:
1095 2000 1110 2017 «x
1124 1987 1248 2028 Omnis,

289 2037 343 2089 qui
367 2045 446 2079 bibit
469 2054 511 2078 ex
535 2053 617 2086 aqua
641 2043 718 2082 hac,
743 2042 826 2075 sitiet
842 2042 976 2081 iterum;
1000 2041 1054 2084 qui
1079 2045 1184 2074 autem
1201 2041 1248 2074 bi-

288 2099 371 2132 berit
393 2108 435 2132 ex
459 2107 559 2140 aqua,
583 2105 678 2139 quam
703 2105 760 2138 ego
783 2095 863 2128 dabo
886 2095 933 2135 ei,
956 2104 1019 2127 non
1042 2094 1126 2128 sitiet
1150 2094 1180 2127 in
1197 2103 1248 2127 ae-

288 2156 415 2186 ternum
432 2165 463 2183 n.
481 2169 523 2175 —-
539 2150 614 2183 Vult
637 2149 734 2192 igitur
757 2149 908 2182 Dominus
932 2148 963 2181 in
992 2148 1042 2181 his
1069 2148 1248 2188 insinuare,

290 2205 373 2248 quod
405 2205 460 2247 qui
491 2204 560 2237 vult
591 2212 624 2236 se
655 2211 845 2245 praeparare
875 2202 914 2235 ad
944 2203 1078 2245 pascha,
1107 2205 1247 2244 oportet,

289 2258 374 2301 quod
397 2258 494 2290 intret
516 2256 683 2290 Ecclesiam
706 2259 738 2289 et
760 2265 817 2298 per
848 2255 1041 2298 baptismum
1063 2259 1095 2289 et
1126 2264 1247 2289 sacram

289 2311 462 2344 doctrinam
486 2314 518 2343 et
548 2309 679 2352 gratiam
711 2309 848 2342 divinam
877 2312 1037 2342 sternatur
1069 2312 1105 2342 ut
1137 2318 1248 2342 coena-

289 2365 396 2398 culum
420 2363 537 2406 grande
561 2366 592 2396 et
615 2363 713 2396 altum
737 2363 775 2395 ad
799 2363 1033 2405 suscipiendum
1054 2362 1225 2396 Christum.

383 2419 432 2450 17.
458 2417 558 2459 (Vers.
588 2416 661 2457 13.).
687 2417 806 2458 Quarto
829 2419 983 2458 quantum
1007 2416 1046 2449 ad
1069 2416 1247 2448 exsecutio-

288 2481 363 2504 nem
387 2470 541 2503 mandati
554 2469 735 2513 perfectam
751 2469 971 2511 subiungitur:
999 2470 1120 2502 Euntes
1136 2473 1248 2502 autem

288 2527 498 2563 invenerunt,
521 2523 608 2556 sicut
632 2522 717 2555 dixit
744 2522 810 2555 iltis
834 2522 926 2555 Iesus
939 2522 964 2561 ³,
989 2526 1017 2554 et
1038 2525 1249 2565 paraverunt

286 2576 435 2620 pascha,
460 2577 492 2610 in
508 2586 572 2619 quo
588 2576 767 2609 insinuatur
791 2575 1034 2618 discipulorum
1057 2574 1248 2617 viyilantia,

363 2800 370 2814 ¹
392 2800 466 2826 Vers.
486 2799 517 2830 5,
536 2799 576 2825 cui
597 2798 759 2824 subnectitur
778 2799 795 2824 l.
821 2798 879 2824 Cor.
904 2799 930 2828 1,
950 2798 991 2823 28.
1017 2804 1071 2830 seq.
1099 2797 1158 2829 (pro
1177 2798 1201 2823 ct
1219 2803 1251 2823 ea

292 2853 360 2879 quae
378 2852 433 2871 non
451 2846 516 2871 sunt
534 2847 582 2869 etc.
602 2843 679 2869 codd.
699 2844 729 2882 ut
748 2841 897 2877 confundat
914 2845 963 2868 etc.
982 2849 1012 2868 ex
1032 2849 1057 2868 v.
1077 2842 1141 2875 27.).

362 2889 372 2904 ²
393 2890 466 2915 Vers.
487 2889 511 2914 Β.
530 2888 581 2915 Csr.
601 2888 685 2920 Beda,
704 2887 746 2913 Vl.
766 2887 791 2912 in
811 2888 872 2913 Luc.
892 2887 940 2919 22,
961 2886 1004 2912 ⁴0.
1021 2900 1057 2905 —
1077 2885 1195 2912 Subinde
1213 2893 1251 2911 re-

292 2934 401 2966 spicitur
420 2934 489 2959 loun.
516 2933 564 2964 13,
584 2932 606 2958 4.
631 2939 705 2965 seqq.
732 2931 776 2963 (de
801 2931 896 2957 lotione
920 2931 1041 2964 pedum).
1064 2943 1100 2949 —
1126 2930 1251 2962 Superius

291 2986 340 3011 pro
360 2977 462 3005 Christi
478 2976 607 3011 templum
626 2977 686 3002 Vat.
704 2975 782 3003 Patri
800 2975 939 3010 templum.

363 3021 374 3037 ⁸
392 3022 468 3048 Vers.
488 3022 513 3048 4.
531 3025 556 3047 et
576 3022 601 3048 ὅ.
620 3035 654 3041 -
674 3021 801 3053 Superius
819 3027 867 3053 pro
887 3019 987 3047 Nullus
1005 3021 1076 3046 recte
1099 3017 1175 3046 vadit
1191 3018 1250 3044 Vat.

291 3066 391 3095 Nullus
411 3068 480 3093 certe
498 3065 580 3093 vadit.

361 3111 461 3137 ⁴¹-Lihr.
480 3111 512 3136 X.
533 3110 559 3136 in
578 3111 640 3136 Luc.
659 3117 681 3136 c.
701 3111 743 3136 22.
764 3117 789 3136 n.
810 3109 851 3135 48.
866 3110 915 3135 Pro
929 3108 1137 3135 Sacramentum
1151 3107 1252 3135 Christi

291 3157 336 3189 (ita
355 3155 487 3188 ambros.)
502 3155 521 3182 C
534 3156 556 3181 D
567 3156 588 3181 G
601 3154 811 3182 Sacramentum
824 3153 884 3186 Dei,
898 3157 923 3180 et
936 3160 985 3186 pro
1000 3153 1040 3180 Tu
1053 3151 1148 3186 incipis
1157 3152 1250 3186 primo

290 3201 349 3227 vat.
368 3207 429 3226 cum
448 3203 517 3226 textu
535 3199 655 3232 originali
676 3199 716 3226 Tu
733 3198 829 3233 incipis
843 3197 947 3232 prima.

361 3243 373 3259 ⁶
392 3245 467 3271 Vers.
485 3244 515 3276 7,
535 3247 595 3276 post
612 3250 692 3277 quem
711 3244 781 3270 loan.
803 3243 850 3274 19,
870 3242 912 3268 34.

361 3287 373 3304 ⁶
391 3282 467 3315 Vers.
485 3288 509 3314 3.
529 3291 554 3314 et
572 3288 668 3314 deinde
687 3288 714 3314 ll.
732 3286 792 3313 Cor.
813 3286 843 3318 4,
862 3286 888 3312 7.

360 3331 370 3347 '¹
390 3333 467 3359 Vers.
487 3332 533 3358 17:
553 3332 696 3358 Peuxlllum
716 3338 801 3365 aquae
820 3330 883 3357 mihi
899 3330 934 3357 ad
946 3329 1090 3357 bibendum
1105 3329 1203 3363 praebe
1216 3330 1250 3357 de

290 3376 384 3409 hydria
403 3380 456 3403 tua.
473 3390 509 3396 -
528 3376 650 3410 Sequitur
669 3376 738 3402 ioan.
758 3375 788 3407 4,
809 3375 851 3401 ⁴3.

362 3419 372 3435 ⁸
392 3421 450 3447 Vat.
469 3427 530 3447 cum
552 3421 662 3452 Vulgata
689 3419 784 3446 omittit
808 3420 897 3453 Iesus,
922 3419 994 3454 quod
1022 3419 1100 3447 etlam
1129 3418 1251 3446 exhibent

861 249 1055 283 COMMENT.
1080 249 1117 282 IN
1140 248 1379 282 EVANGELIUM
1403 248 1521 281 LUCAE
1545 247 1577 280 C.
1603 247 1690 280 XXII.

1311 337 1385 380 quia
1409 336 1631 379 quaesierunt,
1654 335 1753 368 donec
1777 335 1984 374 invenerunt,
2008 334 2091 368 sicut
2113 334 2167 367 illa
2189 335 2272 368 bona

1311 391 1440 430 mulier,
1464 390 1503 423 de
1527 399 1590 432 qua
1613 390 1714 422 Lucae
1737 388 1858 421 decimo
1874 388 2025 430 quintov:
2048 401 2063 416 a
2077 387 2195 421 Evertit
2215 388 2270 421 do-

1310 453 1398 477 mum
1414 440 1454 477 ‘et
1476 443 1602 486 quaerit
1632 443 1815 485 diligenter,
1848 441 1946 475 donec
1977 441 2116 475 inveniat
2139 455 2170 474 n.
2195 441 2271 474 Insi-

1310 494 1429 530 nuatur
1453 497 1550 539 igitur
1585 495 1709 529 Christi
1736 495 1919 538 sapientia,
1951 494 2044 537 quia,
2076 495 2157 527 sicut
2181 503 2272 537 prae-

1310 551 1409 590 dixit,
1434 551 1475 583 ita
1500 551 1546 583 eis
1569 550 1687 588 evenit,
1711 549 1793 591 quia
1817 548 1933 582 dicitur
1959 548 2162 581 Ecclesiastici
2186 548 2271 590 vige-

1312 604 1390 637 simo
1415 604 1507 637 tertio
1520 604 1562 635 1⁰:
1592 603 1756 635 «Domino
1779 602 1858 641 Deo,
1883 604 2051 643 antequam
2068 604 2271 641 crearentur,

1310 657 1415 690 omnia
1435 660 1510 690 sunt
1541 660 1660 689 nota».
1694 656 1874 689 insinuatur
1902 654 1996 688 etiam
2028 654 2272 697 discipulorum

1311 710 1510 749 obedientia,
1543 710 1618 752 quia
1649 711 1938 751 praeparaverunt,
1973 707 2147 741 secundum
2187 708 2271 750 quod

1311 763 1487 796 iniunctum
1516 762 1636 801 fuerat,
1668 771 1707 795 ne
1731 762 1812 795 forte
1843 761 2054 803 praeterirent
2077 761 2272 794 voluntatem

1310 815 1446 848 divinam
1458 841 1465 854 ,
1482 815 1571 857 quia,
1588 824 1686 857 supra
1700 814 1886 847 duodecimo
1898 814 1924 833 1¹
1936 839 1944 854 ‚
1967 826 1982 843 «
1998 814 2050 847 ille
2074 822 2200 853 servus,
2217 814 2272 856 qui

1311 868 1456 911 cognovit
1479 869 1671 901 voluntatem
1704 867 1819 900 domini
1845 868 1914 907 sui,
1936 871 1967 900 et
1991 877 2053 900 non
2084 876 2117 900 se
2141 876 2272 911 praepa-

1311 922 1393 954 ravit
1416 925 1447 955 et
1469 931 1531 954 non
1555 921 1628 955 fecit
1652 921 1824 954 secundum
1849 921 2043 954 voluntatem
2067 921 2150 960 eius,
2174 930 2272 963 vapu-

1312 974 1388 1007 labit
1406 974 1556 1007 multis».

1406 1028 1454 1059 18.
1481 1027 1710 1070 Spirituatiter
1726 1031 1831 1060 autem
1855 1031 1967 1070 parant
1988 1027 2133 1070 discipuli
2156 1027 2273 1070 pascha

1311 1089 1368 1122 per
1392 1081 1590 1113 documenta
1605 1080 1772 1119 veritatis,
1789 1080 1964 1114 secundum
1981 1081 2059 1113 illud
2083 1081 2179 1114 Isaiae
2195 1090 2273 1123 qua-

1311 1133 1487 1175 dragesimo
1500 1134 1542 1165 12;
1565 1134 1662 1166 «Vox
1679 1133 1842 1167 clamantis
1858 1134 1889 1167 in
1906 1134 2046 1167 deserto:
2064 1134 2173 1167 Parate
2188 1134 2271 1167 viam

1312 1186 1483 1219 Domini».
1509 1187 1567 1228 Ipsi
1592 1187 1685 1220 etiam
1710 1191 1840 1229 parant,
1863 1188 1939 1220 dum
1959 1192 2079 1221 vocant
2103 1188 2149 1220 ad
2171 1188 2273 1221 medi-

1312 1243 1463 1272 camenta
1486 1239 1624 1278 salutis;
1648 1240 1792 1273 Matthaei
1818 1240 1968 1283 vigesimo
1984 1241 2136 1274 secundo:
2159 1254 2175 1270 «
2192 1241 2273 1275 Misit

1311 1301 1419 1326 servos
1442 1302 1517 1326 suos
1533 1293 1612 1326 hora
1635 1302 1749 1327 coenae
1773 1294 1877 1327 dicere
1894 1294 2045 1327 invitatis:
2064 1294 2155 1333 Ecce,
2179 1303 2274 1337 pran-

1311 1346 1398 1380 dium
1422 1356 1528 1380 meum
1553 1348 1679 1390 paravi,
1705 1347 1788 1380 tauri
1807 1347 1866 1380 mei
1891 1350 1922 1380 et
1943 1347 2040 1381 altilia
2062 1348 2165 1381 occisa
2181 1351 2272 1387 sunt,

2305 1033 2414 1065 Egpositio

2296 1060 2420 1088 spiritu-alin.

1311 1402 1343 1433 et
1365 1400 1470 1433 omnia
1493 1404 1619 1442 parata;
1646 1401 1748 1434 venite
1779 1401 1818 1433 ad
1841 1401 1968 1443 nuptias
1985 1414 2015 1433 n.
2049 1401 2134 1434 Unde
2165 1410 2274 1435 omnes
2330 1393 2333 1394 ⁷

1311 1453 1385 1486 boni
1409 1453 1524 1486 Christi
1555 1453 1700 1496 discipuli
1732 1455 1868 1487 clamant
1891 1454 2051 1487 suadendo
2073 1454 2272 1488 auditoribus

1312 1506 1393 1539 suis:
1424 1519 1439 1537 «
1455 1507 1641 1549 praeparate
1672 1507 1767 1540 corda
1790 1510 1896 1540 vestra
1927 1507 2059 1540 Domino
2091 1510 2123 1541 et
2157 1507 2273 1541 servite

1311 1560 1356 1593 illi
1380 1560 1437 1593 soli
1453 1574 1485 1600 n,
1510 1561 1603 1602 primi
1628 1561 1746 1603 Regum
1771 1561 1904 1604 septimo
1918 1561 1954 1593 ¹³.
1979 1561 2096 1595 Omnes
2123 1561 2272 1601 clamant,

1311 1616 1348 1646 ut
1371 1617 1591 1647 contemnatur
1624 1615 1779 1655 mundus,
1804 1618 1834 1648 et
1859 1615 2008 1657 diligatur
2032 1615 2125 1648 Deus.
2151 1615 2188 1648 Et
2211 1615 2272 1648 hoc

1312 1671 1359 1700 est
1381 1666 1493 1710 facere
1521 1666 1667 1710 pascha,
1692 1668 1723 1701 id
1754 1671 1802 1701 est
1829 1669 1999 1702 transitum
2030 1678 2072 1702 ex
2095 1668 2273 1702 visibilibus

1311 1720 1350 1753 ad
1374 1720 1560 1760 invisibilia,
1584 1730 1602 1753 a
1626 1721 1853 1763 temporalibus
1876 1722 1916 1754 ad
1939 1725 2085 1761 aeterna,
2109 1721 2148 1755 de
2170 1724 2273 1755 morte

1311 1773 1350 1806 ad
1376 1773 1489 1813 vitam,
1513 1773 1687 1806 secundum
1704 1774 1782 1807 illud
1798 1775 1920 1807 Ioannis
1936 1775 2047 1817 quinto
2061 1775 2106 1807 ¹4:
2133 1787 2148 1805 (ι
2164 1775 2196 1807 ln
2225 1774 2273 1808 iu—

1311 1826 1428 1859 dicium
1446 1836 1508 1859 non
1526 1827 1644 1866 veniet,
1668 1827 1722 1860 sed
1746 1827 1877 1860 transiet
1892 1827 1930 1860 de
1947 1830 2048 1861 morte
2071 1827 2109 1860 ad
2130 1827 2225 1861 vitam
2241 1841 2272 1860 n.

1378 1914 1380 1916 ,
1405 1880 1454 1912 19.
1481 1881 1522 1912 Et
1545 1889 1622 1913 cum
1648 1879 1743 1922 facta
1765 1885 1846 1913 esset
1870 1879 1954 1913 hora
1982 1885 2040 1914 etc.
2065 1881 2136 1914 Post
2155 1880 2273 1914 descri-
2287 1885 2318 1907 De
2327 1891 2420 1907 conseer·

2292 1912 2350 1934 tione
2363 1913 2420 1934 Sacr-
2428 1935 2429 1938 ,

1312 1936 1397 1975 ptam
1415 1933 1686 1975 praeparationem
1702 1933 1762 1966 cibi
1780 1934 1935 1976 paschalis
1954 1934 2104 1968 describit
2127 1935 2178 1968 hic
2199 1944 2274 1968 con-
2292 1938 2419 1960 mannaim

1312 1986 1530 2019 secrationem
1554 1986 1765 2020 Sacramcnti
1787 1987 1910 2020 altaris
1923 1988 1960 2020 1⁵.
1985 1988 2022 2021 Et
2045 1988 2193 2030 quoniam
2214 1988 2274 2021 hoc

1312 2041 1549 2073 Sacramentum
1572 2039 1770 2082 impletivum
1788 2043 1842 2073 ,est
1865 2041 1954 2083 Legis
1977 2045 2008 2074 et
2039 2041 2272 2075 infructuosum

1312 2097 1360 2127 est
1382 2093 1523 2136 ingratis,
1548 2093 1618 2126 ideo
1634 2102 1707 2136 pars
1730 2093 1790 2127 ista
1813 2094 1908 2127 habet
1924 2098 1989 2128 tres
2012 2098 2128 2137 partes.
2146 2095 2178 2128 In
2195 2104 2273 2138 qua-

1312 2157 1384 2181 rum
1409 2148 1512 2190 prima
1535 2148 1639 2190 agitur
1664 2147 1702 2180 de
1725 2147 1949 2181 observatione
1976 2147 2143 2191 pas-chae,-
2166 2148 2198 2181 in
2223 2157 2272 2182 se-

1312 2200 1415 2234 cunda
1437 2210 1531 2241 vero,
1554 2200 1593 2233 de
1616 2200 1821 2233 institutione
1841 2199 2083 2240 eucharistiae,
2107 2201 2149 2234 ibi
2168 2201 2209 2234 1⁶:
2236 2202 2275 2234 Et

1312 2257 1442 2297 accepto
1463 2264 1568 2297 pane,
1591 2253 1725 2298 qratias
1749 2254 1832 2297 eyit;
1848 2254 1880 2286 in
1904 2254 2014 2294 tertia,
2042 2254 2081 2287 de
2098 2251 2274 2297 aryutionc

1312 2308 1569 2351 inyratitudinis
1593 2308 1714 2347 Iudae,
1738 2307 1799 2340 ibi:
1833 2308 2063 2341 Verumtamen
2086 2317 2173 2347 cccc,
2202 2317 2274 2341 ma-

1312 2371 1378 2394 nus
1400 2361 1562 2394 tradentis
1585 2371 1645 2394 mc.

2303 1967 2418 1992 tanguntur

2335 1992 2385 2014 tria.

1402 2414 1492 2448 Circa
1522 2414 1814 2447 manducationem
1844 2413 1992 2457 paschae
2026 2414 2273 2448 introducuntur
2292 2417 2424 2439 Manducali‘
2466 2404 2469 2416 s

1313 2469 1391 2508 tria,
1423 2468 1540 2502 scilicet
1574 2468 1759 2501 discubitus
1794 2467 2039 2511 discipulorum
2070 2472 2101 2501 et
2130 2467 2272 2508 Christi,

1313 2521 1478 2554 transitus
1509 2521 1592 2564 ayni
1622 2521 1726 2565 typici
1757 2525 1788 2554 et
1817 2521 1980 2555 terminus
2012 2526 2112 2564 potus
2141 2521 2272 2565 fiyura-

1313 2575 1374 2607 tivi
1390 2574 1425 2607 ¹⁷.

1316 2797 1341 2822 S.
1361 2797 1455 2822 Thom.
1476 2796 1540 2829 (Cat.
1560 2804 1638 2822 aurea
1660 2797 1684 2822 in
1705 2798 1765 2823 Luc.
1787 2798 1828 2823 22.
1848 2805 1874 2822 n.
1889 2798 1924 2830 3.)
1939 2801 1964 2824 et
1977 2799 2123 2831 Gorranus;
2138 2800 2183 2825 cfr.
2196 2798 2272 2826 Card-

1315 2841 1392 2873 Hugo
1405 2844 1430 2866 et
1439 2841 1471 2866 Β.
1485 2841 1581 2867 Albert.
1664 2840 1674 2855 ⁹
1688 2841 1764 2867 Vers.
1778 2843 1792 2867 8
1803 2850 1808 2874 ;
1821 2842 1883 2867 vide
1896 2849 1975 2874 supra
1990 2850 2052 2875 pag.
2066 2843 2131 2874 388,
2144 2847 2232 2869 notam
2247 2843 2272 2870 4.

1387 2884 1409 2899 ¹⁰
1428 2885 1503 2911 Vers.
1523 2886 1571 2916 29,
1591 2885 1636 2911 ubi
1655 2893 1704 2918 pro
1723 2887 1788 2913 nota
1807 2886 1866 2913 Vat.
1885 2893 1946 2912 cum
1966 2887 2078 2920 Vulgata
2098 2887 2200 2922 aanita.

1385 2928 1406 2944 ¹¹
1427 2930 1501 2956 Vera.
1524 2930 1565 2956 47.

1386 2972 1408 2988 ¹⁹
1428 2974 1502 3000 Vers.
1517 2975 1542 3000 3.
1556 2988 1589 2993 -—
1604 2975 1726 3008 Sequitur
1739 2975 1826 3001 illatth.
1840 2976 1888 3007 22,
1903 2976 1928 3001 3.
1941 2982 1996 3009 seq.
2111 2975 2134 2990 ¹²³
2153 2976 2228 3002 Vers.
2247 2976 2273 3002 3.

1386 3017 1408 3033 ¹⁴
1427 3018 1501 3045 Vers.
1515 3018 1558 3045 24.
1571 3033 1606 3038 —
1619 3019 1736 3050 Hieron„
1750 3019 1790 3045 lV.
1805 3019 1951 3045 Comment.
1966 3020 1990 3045 in
2004 3020 2092 3046 Matth.
2105 3020 2138 3045 26
2147 3039 2154 3051 ,
2167 3021 2190 3046 t.
2203 3027 2273 3054 seq.:

1315 3062 1450 3089 Transitus
1468 3067 1556 3089 nutem
1575 3067 1671 3094 noster,
1691 3064 1717 3090 id
1736 3067 1775 3089 est
1794 3065 1888 3096 phase,
1909 3064 1942 3089 ita
1961 3063 2115 3096 celebratur,
2129 3064 2151 3090 si
2170 3067 2272 3091 terrena

1313 3110 1339 3133 et
1356 3108 1505 3139 Aegyptum
1525 3107 1685 3134 dimittentes
1703 3108 1736 3134 ad
1756 3108 1874 3134 caelestia
1894 3108 2054 3134 festinemus.

1385 3151 1408 3167 ¹⁶
1426 3152 1477 3179 Csr.
1496 3159 1575 3185 supra
1595 3160 1620 3178 n.
1641 3153 1666 3179 8.

1385 3195 1408 3211 ¹⁰
1427 3197 1503 3223 Vers.
1528 3197 1576 3229 ⁴9³
1601 3197 1705 3223 tertium
1731 3196 1842 3223 habetur
1860 3204 1888 3223 v.
1907 3197 1950 3223 2¹.
1969 3210 2003 3216 -
2022 3197 2071 3223 Pro
2091 3196 2274 3224 observatione

1309 3240 1429 3275 paschae
1447 3240 1497 3267 AC
1508 3241 1560 3267 Dll
1580 3240 1763 3268 observatione
1779 3240 1864 3275 phase
1883 3240 1964 3274 (idem
1984 3241 2094 3267 recurrit
2112 3242 2191 3274 paulo
2211 3241 2273 3267 inse-

1312 3285 1382 3318 rius,
1401 3284 1447 3311 ubi
1466 3292 1515 3318 pro
1534 3284 1769 3312 manducationem
1778 3285 1897 3320 paschae
1909 3285 1989 3312 iidem
2003 3285 2082 3312 codd.
2094 3286 2184 3318 legunt
2196 3292 2273 3313 mana-

1313 3329 1483 3357 uacationem
1498 3328 1612 3363 phase),·
1631 3330 1678 3356 etr.
1696 3337 1776 3362 supra
1799 3337 1860 3362 pag.
1874 3329 1941 3361 540,
1954 3332 2016 3356 nota
2029 3330 2054 3356 6.
2067 3330 2117 3356 Pro
2129 3329 2273 3364 arqutione

1314 3374 1371 3400 Vat.
1391 3373 1585 3408 increpatione,
1604 3373 1676 3407 quod
1696 3374 1773 3400 etiam
1794 3374 1859 3400 inti-a
1878 3381 1905 3400 n.
1924 3374 1966 3400 30.
1985 3374 2107 3401 occurrit.

1385 3416 1407 3433 ²⁷
1427 3417 1486 3443 Vat.
1505 3424 1643 3450 perperam
1664 3417 1796 3444 terminus
1808 3416 1875 3452 ayni
1886 3417 2029 3453 fiyuralis;
2048 3419 2094 3444 cfr.
2113 3417 2176 3444 infra
2189 3424 2216 3444 n.
2229 3417 2271 3443 23.

2288 2445 2380 2472 paschae
2394 2444 2425 2466 dee

2306 2471 2408 2492 scribitur

2297 2498 2418 2525 tripliciter.
