2476 3921
267 256 288 287 [ι
1001 248 1222 282 PROOEMIUM
1248 247 1507 280 COMMENTARII

114 349 245 376 Exemplum·
266 343 391 376 clausis
415 341 640 383 aperti0nem;
664 342 695 372 et
712 339 771 371 hoc
788 338 935 379 exemplo
959 338 1056 377 Pauli,
1080 338 1134 380 qui
1151 337 1226 370 dicit

265 395 303 428 de
327 404 360 427 se
396 394 463 436 ipso
498 393 618 435 primae
652 391 690 424 ad
725 390 1017 423 Thessalonicenses
1040 389 1178 423 secundo
1195 391 1223 421 ¹:

266 447 364 480 Facti
385 456 504 479 sumus
524 444 665 487 parvuli
688 444 723 476 in
747 443 853 476 medio
876 443 993 482 vestri,
1019 447 1180 487 tanquam
1195 442 1230 476 si.

265 501 383 532 nutrix
407 499 517 542 foveat
539 498 626 540 filios
648 507 745 536 suos;
769 496 818 529 ita
841 496 1065 529 desiderantes
1088 506 1145 528 vos
1169 506 1226 528 cu—

262 554 355 596 pide,
379 553 569 585 volebamus
594 551 727 583 tradere
749 549 840 583 vobis
856 560 922 582 non
944 550 1053 582 solum
1078 551 1226 592 Evanye-

266 607 348 639 lium
373 606 448 644 Dei,
481 606 538 638 sed
560 605 661 637 etiam
692 604 828 636 animas
851 607 995 636 nostras.
1029 603 1115 636 Sicut
1143 603 1226 636 enim

265 660 369 701 proles
392 659 527 692 carnalis
551 667 612 690 non
637 660 738 699 potest
762 657 905 699 generari
938 657 1004 689 sine
1028 665 1135 689 amore
1157 665 1226 689 car-

265 713 342 752 nali,
366 713 411 746 sic
435 721 492 745 nee
524 711 696 754 spiritualis
720 710 786 743 sine
816 710 1032 742 benevolentia
1059 709 1224 751 spirituali.

266 766 351 799 Unde
374 765 546 807 Gregorius
559 764 589 796 ²:
618 777 633 792 «
651 763 709 805 Qui
735 763 896 796 caritatem
913 772 988 804 erga
1011 762 1147 795 alterum
1164 771 1226 794 non

266 820 360 852 habet
394 817 634 861 praedicationis
665 817 803 849 officium
835 825 996 849 assumere
1025 824 1226 858 nequaquam

266 873 357 905 debet
373 885 408 911 »;
434 871 635 913 Evangelium
659 874 764 903 autem
789 870 843 902 Dei
868 878 1028 911 exponere
1060 872 1091 901 et
1114 868 1227 901 docere

266 928 313 958 est
336 925 469 958 verbum
493 924 634 957 divinum
664 923 860 965 praedicare:
886 926 916 955 et
948 922 1017 955 ideo
1048 922 1156 954 doctor
1180 922 1227 954 in-

267 979 447 1011 flammatus
470 978 562 1011 debet
586 986 654 1010 esse
677 977 815 1009 fraterna
839 976 1064 1008 benevolentia.

357 1034 385 1065 6.
412 1032 464 1065 Hic
488 1034 594 1064 autem
617 1031 740 1069 doctor,
765 1033 801 1062 ut
824 1029 967 1062 doctrina
990 1028 1168 1070 evangeliea
1195 1028 1227 1060 in

266 1087 333 1128 ipso
350 1086 462 1118 habeat
485 1084 655 1117 efficaciam
669 1084 692 1122 ³,
716 1083 809 1115 debet
825 1083 942 1115 habere
962 1082 1151 1114 auditorem
1167 1079 1228 1113 ltu-

265 1139 391 1177 milem,
408 1138 517 1170 mitem
530 1140 561 1170 et
573 1136 708 1178 fidelem.
723 1154 765 1160 —
779 1135 907 1168 Auditor
920 1143 1057 1177 namque
1068 1134 1229 1166 doctrinae

266 1191 461 1233 evangelicae
485 1190 577 1222 debet
593 1198 661 1222 esse
676 1189 767 1220 mitis
791 1188 827 1220 in
851 1186 959 1230 affatu
976 1196 1033 1229 per
1054 1195 1229 1219 accommo—

266 1246 421 1278 dationem
451 1243 595 1282 auditus3
628 1246 758 1284 propter
785 1241 870 1283 quod
900 1240 989 1273 dicit:
1011 1240 1065 1272 Ad
1095 1250 1229 1272 annun-

266 1298 434 1335 tiandum,
452 1297 569 1329 scilicet
597 1295 795 1333 mansuetis,
827 1304 887 1326 non
912 1294 1047 1327 discolis.
1064 1294 1126 1326 Soli
1145 1294 1229 1326 enim

266 1342 421 1383 mansueti
446 1350 541 1383 verba
565 1349 669 1381 divina
686 1352 716 1381 et
732 1347 910 1389 evangelica
934 1351 1018 1379 recte
1035 1346 1227 1388 intelligunt;

268 1403 472 1436 Ecclesiastici
501 1402 612 1444 quinto
629 1402 660 1433 ⁴:
688 1402 763 1433 Esto
795 1404 991 1433 mansuetus
1015 1400 1060 1432 ad
1091 1399 1230 1432 audien·

267 1458 347 1489 dum
371 1456 508 1489 verbum
534 1456 607 1494 Dei,
632 1458 668 1487 ut
692 1454 873 1496 intelliyas;
898 1457 929 1486 et
952 1453 984 1485 in
1008 1453 1146 1485 Psalmo:
1166 1452 1229 1484 Do-

267 1511 347 1543 cebit
369 1510 463 1547 ¹mites
494 1509 568 1541 vias
591 1518 683 1540 suas.
717 1508 752 1539 Et
784 1510 952 1548 propterea
980 1506 1096 1538 dicitur
1128 1505 1228 1538 lacobi

268 1565 387 1606 primo:
413 1564 453 1595 In
469 1561 724 1594 mansuetudine
739 1560 896 1602 suscipite
919 1559 1058 1591 insicum
1076 1558 1227 1596 verbum,

268 1618 355 1662 quod
368 1621 471 1659 potest
493 1615 626 1648 salvare
643 1614 778 1647 animas
793 1617 930 1645 vestras.
948 1612 1097 1645 Doctrina
1112 1611 1227 1644 etenim

268 1670 445 1712 evangelica
475 1669 565 1701 docet
596 1668 755 1700 hominem
784 1675 851 1699 esse
875 1665 1064 1707 discipulum
1093 1664 1227 1703 Christi,

268 1724 322 1766 qui
347 1723 421 1755 dicit
445 1721 589 1754 Matthaei
615 1719 824 1753 undecimo⁵z
850 1718 971 1751 Discite
995 1728 1017 1750 a
1045 1727 1114 1756 nie,
1146 1717 1228 1761 quia

268 1777 358 1809 mitis
380 1786 465 1808 sum.
492 1775 633 1816 Litigatio
653 1773 736 1806 enim
761 1776 792 1805 et
809 1772 969 1805 altercatio
994 1781 1055 1804 non
1079 1771 1229 1813 competit

103 1094 134 1116 De
149 1094 246 1116 auditore

155 1121 203 1142 tria.

134 1152 166 1173 Sit
180 1151 245 1173 mitis.

267 1829 428 1871 discipulis
452 1827 656 1870 evangelicis,
681 1826 734 1859 sed
759 1825 976 1864 Aristotelicis;
1002 1825 1085 1857 unde
1117 1824 1240 1857 secun-'

268 1883 325 1915 dae
349 1882 387 1914 ad
418 1882 618 1914 Timotheum
642 1879 797 1912 secundo:
824 1879 963 1911 Servum
999 1878 1133 1910 Domini
1162 1888 1229 1910 non

270 1938 393 1978 oportet
422 1934 569 1976 liti9are,
594 1933 650 1965 sed
682 1936 892 1964 mansuetum
923 1941 990 1964 esse
1021 1931 1067 1964 ad
1098 1939 1228 1969 omnes,

269 1987 457 2025 docibilem,
480 1986 655 2028 patientem
681 1989 738 2018 etc.
764 1985 849 2017 Unde
873 1985 1065 2026 Augustinus
1089 1984 1228 2017 secundo

268 2041 307 2074 de
330 2040 478 2073 Doctrina
510 2039 680 2072 christiana
696 2039 726 2070 ⁶:
757 2051 773 2066 «
789 2038 876 2080 Opus
899 2041 946 2070 est
977 2038 1142 2071 mitescere
1165 2038 1229 2080 pie-

271 2097 333 2126 tate
357 2102 460 2135 neque
483 2092 698 2125 contradicere
726 2091 849 2123 divinae
873 2091 1054 2133 Scripturae
1086 2092 1151 2124 sive
1182 2092 1230 2124 in-

270 2146 425 2185 tellectae,
450 2146 475 2178 si
496 2146 602 2187 aliqua
618 2145 692 2178 vitia
709 2148 817 2177 nostra
840 2144 990 2186 percutit,
1015 2144 1080 2177 sive
1104 2153 1166 2176 non
1183 2144 1230 2177 in-

271 2199 426 2237 tellectae,
451 2199 541 2241 quasi
565 2207 622 2230 nos
645 2198 764 2239 aliquid
785 2197 897 2230 melius
921 2206 1030 2240 sapere
1053 2198 1230 2240 meliusque

271 2252 433 2294 percipere
457 2251 630 2293 possimus;
656 2251 709 2283 sed
733 2251 869 2292 cogitare
893 2251 997 2292 potius
1028 2254 1059 2283 et
1083 2250 1229 2290 credere,

272 2306 301 2338 id
326 2314 393 2338 esse
418 2305 531 2338 melius
555 2309 585 2337 et
610 2305 733 2342 verius,
759 2305 842 2346 quod
867 2304 1019 2346 scriptum
1044 2308 1138 2337 est».

361 2360 390 2390 7.
416 2358 510 2391 Debet
537 2367 604 2390 esse
629 2357 764 2389 humilis
788 2357 824 2389 in
848 2356 966 2400 affectu
990 2366 1046 2399 per
1070 2358 1231 2391 contritio-

272 2421 343 2444 nem
368 2412 515 2453 spiritus;
541 2414 669 2452 propter
693 2410 777 2452 quod
801 2411 892 2443 dicit:
924 2411 963 2442 Ut
986 2412 1132 2443 mederer
1156 2421 1231 2444 con-

272 2465 367 2497 tritos
391 2465 496 2496 corde.
523 2464 652 2496 Maeror
672 2463 754 2495 enim
779 2463 814 2495 in
830 2464 927 2495 corde
950 2463 1019 2495 viri
1042 2462 1232 2496 humiliabit

271 2528 361 2556 eum,
380 2517 621 2550 Proverhiorum
647 2516 832 2549 duodecimo
845 2516 872 2553 ⁷;
890 2520 920 2548 et
945 2516 1013 2548 talis
1030 2520 1077 2549 est
1101 2517 1231 2550 idoneus

272 2571 309 2603 ad
333 2570 534 2609 discendum3
561 2570 718 2602 l’sahnus:
746 2570 876 2601 Bonum
892 2567 993 2607 milii,
1018 2570 1099 2612 quia
1123 2569 1231 2602 ltumi-

273 2625 364 2656 liasti
385 2634 453 2662 mc,
480 2628 515 2655 ut
539 2624 667 2655 discam
684 2622 937 2664 iustificationes
965 2627 1042 2654 tuas
1051 2634 1062 2660 ;
1086 2624 1230 2656 Matthaei

272 2677 454 2709 undecimo:
481 2677 693 2709 Abscondisti
716 2675 796 2708 ltaec
820 2686 842 2707 a
865 2675 1070 2717 sapientibus
1098 2681 1127 2708 et
1147 2686 1231 2718 pru-

272 2730 423 2762 dentibus
446 2734 475 2762 et
498 2729 651 2762 revelasti
672 2739 711 2762 ca
733 2729 897 2771 parvulis.

115 2421 148 2442 Sit
162 2421 255 2442 humilis.

1380 337 1410 369 8.
1434 335 1533 369 Debet
1557 338 1726 379 postremox
1743 344 1811 368 esse
1833 335 1940 377 fidelis
1965 336 2000 368 in
2024 345 2163 368 assensu
2195 343 2251 377 per
2270 343 2394 365 Sitsidelis.

1291 389 1529 431 captivationem
1554 389 1745 428 intellectus;
1770 389 1854 431 quod
1878 392 1980 428 notat,
1997 398 2070 422 cum
2094 389 2187 422 dicit:
2213 389 2253 420 Et

1287 443 1522 485 praedicarem
1538 442 1680 484 captivis
1696 441 1956 484 indulyentiam,·
1972 442 2128 475 secundae
2144 441 2183 474 ad
2195 441 2253 473 Co-

1291 495 1426 528 rinthios
1441 495 1563 528 decimo
1575 495 1602 527 ³:
1623 496 1664 527 ln
1681 495 1904 537 captivitatem
1920 495 2101 537 rediyentes
2125 504 2252 527 omnem

1291 548 1487 581 intellectum
1518 548 1554 580 in
1585 548 1776 592 obsequium
1802 546 1936 580 Christi.
1966 548 2003 580 Et
2034 548 2093 580 hoc
2125 546 2253 589 quidem

1290 601 1327 633 fit
1350 609 1407 643 per
1430 610 1538 633 veram
1566 600 1679 640 sidem,
1704 601 1771 634 sine
1802 610 1865 643 qua
1889 600 2080 642 impossibile
2110 603 2175 639 est,
2199 599 2254 632 do-

1292 657 1438 686 cumenta
1473 654 1655 695 Scripturae
1693 653 1889 696 evangelicae
1924 653 2118 695 intelligere3
2159 653 2254 686 Isaiae

1292 707 1439 748 septimo,
1464 707 1637 740 secundum
1660 707 1752 739 aliam
1771 707 2024 740 translationem:
2050 706 2127 739 Nisi
2149 706 2254 739 eredi-

1291 761 1425 800 deritis,
1449 771 1516 794 non
1537 761 1728 803 intelligetis.
1750 761 1780 793 Si
1796 761 1879 793 enim
1896 760 1927 793 in
1944 760 2138 793 discibilibus
2161 769 2254 802 opor-

1292 817 1336 846 tet
1359 813 1530 846 discentem
1553 813 1700 852 credere,
1725 817 1843 856 quanto
1866 814 1966 856 magis
1990 814 2020 846 in
2046 813 2186 846 divinis?
2219 813 2254 846 Et

1292 867 1369 899 haec
1385 866 1552 909 captivatio
1566 866 1640 900 facit
1657 867 1772 899 liberos
1788 876 1806 899 a
1822 870 1963 909 peccato;
1980 867 2114 899 Actuum
2134 866 2255 899 decimo

1292 919 1446 962 quint0⁹:
1472 920 1552 952 Fide
1572 919 1764 962 purificans
1787 920 1891 952 corda
1914 930 2050 957 eorunm
2074 923 2105 953 et
2133 919 2255 953 Ioannis

1292 973 1411 1015 primo:
1438 973 1532 1005 Dedit
1556 974 1601 1005 eis
1615 976 1804 1016 potestatem
1828 973 1914 1015 filios
1932 973 1992 1005 Dei
2013 973 2104 1015 sieri,
2129 971 2181 1005 liis
2197 973 2257 1016 qui

1293 1026 1431 1059 credunt
1455 1020 1491 1058 in
1514 1026 1646 1059 nomine
1669 1027 1749 1059 eius.
1779 1045 1821 1051 -
1850 1027 1899 1059 Sic
1923 1027 2020 1069 igitur
2044 1030 2146 1069 patet,
2171 1026 2255 1069 quod

1293 1080 1428 1112 verbum
1452 1080 1527 1118 hoc,
1550 1079 1748 1122 yeneralicer
1778 1080 1977 1122 expositum,
2006 1080 2123 1113 indicat
2146 1079 2255 1122 dupli-

1293 1142 1362 1165 cem
1374 1142 1555 1175 personam
1578 1137 1609 1166 et
1628 1133 1794 1172 describit,
1819 1133 1936 1166 scilicet
1960 1133 2033 1165 boni
2057 1133 2201 1166 doctoris
2224 1135 2256 1166 et

1294 1186 1471 1218 auditoris.

1384 1240 1413 1271 9.
1456 1239 1647 1281 Specialiter
1685 1242 1791 1272 autem
1831 1240 2023 1273 intellectum
2039 1265 2046 1278 ‚
2081 1239 2255 1272 secundum

1294 1292 1379 1334 quod
1402 1293 1550 1334 competit
1574 1293 1665 1325 beato
1685 1294 1801 1332 Lucae,
1825 1293 2029 1325 indicativum
2046 1296 2094 1325 est
2114 1292 2257 1335 duplicis

1294 1355 1418 1378 causae
1448 1346 1667 1385 extrinsecae,
1692 1347 1810 1379 scilicet
1832 1346 1999 1390 efficientis
2022 1349 2054 1379 et
2077 1346 2191 1388 finalis
2209 1346 2253 1378 ¹⁰.-

1293 1398 1460 1442 effieientis
1484 1399 1515 1431 in
1540 1399 1600 1432 hoe
1624 1399 1708 1441 quod
1724 1399 1813 1432 dicit:
1840 1400 1987 1441 Spiritus
2007 1400 2141 1432 Domini
2154 1409 2256 1442 super

1293 1462 1359 1491 me,
1384 1462 1419 1485 eo
1450 1452 1537 1496 quod
1569 1453 1705 1485 unoeerit
1735 1463 1786 1485 me
1821 1453 2003 1492 Dominus,·
2033 1453 2149 1495 finalis
2180 1462 2257 1486 vero

1293 1506 1325 1538 in
1349 1506 1408 1538 hoc
1432 1505 1516 1548 quod
1540 1506 1702 1548 sequitur:
1728 1507 1783 1538 Ad
1805 1507 2079 1539 annuntiandum
2100 1516 2256 1539 mansue-

1293 1559 1335 1591 tis
1358 1562 1416 1592 etc.

1386 1613 1436 1644 10.
1462 1611 1562 1644 Causa
1585 1615 1690 1644 autem
1711 1611 1851 1655 efficiens
1875 1612 2069 1654 exprimitur
2086 1612 2161 1645 satis
2185 1621 2257 1654 per·
2285 1618 2407 1643 Prim01de

1293 1666 1386 1698 fecte:
1419 1665 1567 1707 quoniam
1601 1665 1780 1698 insinuatur
1804 1674 1899 1698 causa
1929 1666 2068 1698 efficiens
2097 1675 2257 1708 suprema
2276 1650 2346 1693 3ἷῖῗῖ
2358 1645 2406 1692 ⁶3¹1*-

1294 1719 1325 1751 in
1350 1719 1409 1751 hoc
1437 1718 1521 1760 quod
1552 1718 1687 1751 dicitur:
1725 1719 1873 1760 Spiritus
1907 1719 2049 1751 Domini.
2075 1719 2142 1760 lpse
2173 1719 2257 1751 enim
2276 1698 2388 1752 Ξυῐῗῖἒῗὶε-

1293 1776 1358 1811 est,
1390 1771 1428 1804 de
1459 1781 1523 1814 quo
1547 1771 1669 1804 Ioannis
1701 1771 1823 1804 decimo
1847 1775 1938 1804 sexto
1952 1773 1998 1803 ¹¹:
2026 1772 2111 1804 Cum
2134 1772 2259 1805 venerit

1294 1825 1346 1858 ille
1369 1825 1519 1867 Spiritus
1549 1824 1718 1863 veritati-5,
1751 1824 1875 1857 docebit
1899 1834 1954 1857 vos
1978 1835 2106 1858 omnem
2137 1826 2256 1858 verita-

1295 1883 1366 1911 tem.
1392 1877 1477 1911 Unde
1493 1877 1560 1919 ipse
1583 1881 1646 1916 est,
1671 1878 1726 1919 qui
1751 1877 1940 1919 loquebatur
1965 1886 2021 1920 per
2045 1878 2256 1921 Evangelistas

1294 1935 1325 1965 et
1348 1931 1473 1964 locutus
1504 1933 1552 1963 est
1575 1939 1631 1972 per
1667 1930 1793 1963 beatum
1819 1931 1951 1969 Lucam,
1976 1931 2151 1964 seeundum
2179 1932 2257 1964 illud

1294 1984 1440 2017 Matthaei
1456 1984 1594 2017 decimo:
1620 1984 1679 2016 Vos
1695 1993 1762 2016 non
1782 1984 1878 2022 estis,
1902 1984 1962 2027 qui
1985 1984 2176 2028 loquimini,
2201 1986 2258 2018 sed

1296 2038 1443 2080 Spiritus
1476 2037 1593 2070 Patris
1624 2037 1742 2076 vestri,
1771 2037 1830 2080 qui
1860 2037 2008 2081 loquitur
2032 2038 2067 2070 in
2090 2038 2198 2077 vobis,·
2226 2042 2257 2072 et

1295 2093 1396 2124 Lucae
1427 2091 1577 2133 vigesimo
1608 2091 1733 2132 primo:
1760 2091 1827 2133 Eyo
1859 2090 1945 2123 dabo
1972 2091 2064 2124 vobis
2087 2102 2123 2124 os
2146 2096 2175 2124 et
2201 2101 2258 2125 sa-

1292 2145 1455 2188 pientiam
1479 2148 1537 2177 etc.

1388 2199 1437 2230 11.
1455 2198 1555 2230 Causa
1567 2197 1707 2241 efficiens
1723 2196 1842 2239 infima
1858 2197 1890 2230 in
1907 2198 1966 2231 hoc
1982 2198 2067 2241 quod
2083 2198 2175 2232 dicit:
2194 2199 2257 2231 Su·
2276 2205 2357 2226 Infima-

1293 2262 1354 2295 per
1376 2262 1445 2290 me,
1471 2251 1501 2283 id
1525 2254 1571 2284 est
1603 2259 1699 2292 super
1727 2250 1854 2283 beatum
1880 2251 2009 2291 Lucam,
2033 2251 2072 2284 de
2096 2261 2160 2294 quo
2182 2252 2257 2284 dicit

1295 2307 1406 2339 beatus
1418 2305 1625 2346 Hieronymus
1639 2304 1676 2342 ¹²,
1694 2303 1778 2345 quod
1800 2304 1905 2336 «obiit
1921 2305 2033 2346 plenus
2049 2304 2169 2346 Spiritu
2186 2314 2256 2338 san-

1295 2363 1345 2392 cto
1361 2371 1392 2398 »3
1425 2363 1455 2391 et
1479 2358 1548 2391 ideo
1579 2358 1710 2390 idoneus
1733 2357 1793 2389 fuit
1823 2357 1863 2390 ad
1894 2358 2094 2400 Evangelium
2119 2359 2256 2391 conscri-

1295 2412 1452 2451 bendum,
1489 2411 1663 2444 secundum
1687 2410 1772 2452 quod
1807 2411 1845 2443 de
1881 2411 1948 2453 ipso
1982 2411 2056 2444 dicit
2091 2413 2256 2454 Apostolus

1296 2466 1450 2499 secundae
1466 2465 1504 2498 ad
1521 2464 1699 2498 Corinthios
1715 2467 1842 2496 octavo:
1869 2465 2021 2502 Misimus
2038 2466 2255 2498 carissimum

1294 2517 1439 2560 fratrem
1462 2523 1635 2556 nostrum,
1661 2517 1758 2550 euius
1783 2517 1859 2549 laus
1882 2518 1979 2550 estin
2006 2519 2182 2561 Euanyelio
2194 2529 2257 2561 per

1296 2581 1407 2603 omnes
1432 2571 1604 2603 Ecclesia-s.
1630 2570 1715 2603 Unde
1739 2570 1797 2602 sibi
1827 2571 1974 2612 competit
1999 2571 2082 2604 istud
2112 2572 2257 2605 Ecclesia-

1296 2624 1383 2656 stici:
1417 2624 1457 2656 In
1488 2624 1594 2656 medio
1619 2623 1770 2656 ecclesiae
1794 2624 1927 2665 aperuit
1950 2634 1986 2656 os
2010 2625 2081 2656 eius
2107 2629 2165 2657 etc.

1390 2679 1439 2709 12.
1457 2677 1557 2709 Causa
1581 2677 1722 2720 efficiens
1738 2676 1949 2715 intermedia,
1967 2686 2039 2709 cum
2055 2677 2189 2710 dicitur:
2208 2678 2254 2710 Eo
2274 2684 2411 2706 lutermedia-

1297 2730 1385 2773 quod
1418 2731 1554 2763 unxerit
1587 2740 1638 2763 me
1669 2730 1838 2763 Dominus.
1875 2729 1984 2762 Unctio
2018 2730 2101 2762 enim
2136 2731 2255 2773 gratiae

2274 1033 2382 1060 Epilogus.

2275 1246 2380 1270 Secundo.
2393 1245 2420 1267 de

2291 1273 2401 1294 intellectu

2275 1299 2364 1326 speciali
2378 1299 2417 1320 du-

2299 1326 2391 1353 pliciter.

343 2935 350 2949 ¹
373 2936 445 2961 Vers.
465 2936 491 2960 7.
511 2939 535 2960 et
555 2937 580 2960 8.

342 2978 352 2993 ²
373 2980 441 3005 Libr.
462 2981 479 3004 l.
499 2980 592 3005 11011111.
613 2980 635 3004 111
657 2981 755 3011 livang.
775 2980 864 3005 homil.
885 2980 927 3005 17.
947 2987 972 3005 11.
993 2981 1017 3006 11.

343 3022 353 3036 ⁸
374 3024 418 3049 1511.
440 3024 449 3048 1
475 3027 500 3048 et
520 3024 592 3048 Vat.:
613 3023 749 3054 Ceterum,
771 3025 799 3049 ut
819 3024 941 3050 doctrina
955 3023 1103 3058 ecanqelici
1114 3023 1231 3050 doctoris

272 3075 353 3094 suum
372 3068 505 3094 sortiatur
525 3068 655 3101 ellectum.

342 3112 353 3126 ⁴
374 3114 445 3138 Vers.
468 3113 508 3137 13,
529 3126 564 3131 -
584 3113 734 3145 Sequuntur
754 3114 793 3138 ΡΞ.
813 3113 854 3144 21,
875 3115 901 3139 9.
922 3117 947 3139 et
967 3114 1015 3139 lac.
1036 3114 1066 3144 1,
1087 3114 1129 3139 21.

343 3155 353 3169 ⁶
375 3157 448 3182 Vers.
471 3158 513 3181 29.
533 3171 567 3175 —
588 3157 705 3181 Subinde
725 3157 850 3188 allegatur
869 3159 895 3183 11.
918 3158 985 3183 Τ1111.
1005 3159 1035 3190 2,
1055 3158 1098 3183 24.

343 3199 354 3214 ⁶
373 3200 436 3232 Cap.
455 3201 481 3226 7.
500 3208 524 3225 u.
545 3202 569 3225 9.
590 3202 615 3225 ln
636 3201 686 3225 ssue
706 3201 777 3226 addit
797 3202 838 3226 ed.
860 3203 889 3232 1,
909 3209 988 3234 quam
1018 3203 1137 3235 sequitur
1165 3202 1232 3234 vat„

274 3252 334 3269 cum
355 3248 422 3270 textu
443 3246 575 3276 originali:
596 3245 675 3271 etiam
694 3245 719 3271 si
737 3245 832 3277 lateat,
863 3254 945 3279 quam
972 3247 998 3273 id
1024 3247 1096 3281 quod
1113 3254 1164 3273 nos
1181 3254 1232 3281 per

274 3289 447 3322 nosmetipsos
465 3296 561 3322 sapere
578 3296 718 3322 possemus
740 3291 833 3322 (textus
852 3291 999 3322 originalis:
1015 3292 1184 3325 possumus).

344 3330 353 3345 ⁷
376 3333 450 3357 Vers.
469 3333 512 3357 25.
531 3346 565 3351 —
585 3333 641 3358 Duo
660 3340 735 3365 seqq.
755 3334 802 3358 loci
821 3337 880 3359 sunt
900 3335 939 3360 ΡΞ.
961 3336 1026 3366 118,
1045 3335 1089 3360 71.
1107 3339 1133 3361 et
1145 3336 1232 3361 Matth.

276 3376 302 3399 rli
317 3394 323 3405 ,
343 3376 385 3400 255.

345 3418 355 3432 Β
376 3420 449 3446 Vers.
469 3421 493 3445 5.
513 3434 547 3439 —
567 3421 689 3452 Sequitur
710 3421 765 3445 lsai.
784 3421 814 3452 7,
834 3422 859 3446 9.
878 3423 1024 3448 secundum
1039 3423 1230 3448 translationem

1262 3258 1266 3451 1

1295 2938 1460 2969 septuaginta
1480 2938 1663 2969 interpretum,
1684 2936 1727 2962 ubi
1748 2937 1873 2967 Vulgata:
1894 2936 1919 2961 Si
1941 2943 1992 2961 11011
2012 2936 2190 2967 credideritis,
2205 2944 2255 2962 non

1295 2981 1492 3013 permanebitis.
1511 2995 1546 3001 —-
1566 2982 1673 3007 hiterius
1692 2988 1740 3013 pro
1760 2981 1792 3007 Si
1814 2980 1885 3006 enim
1905 2980 1946 3006 ed.
1972 2981 1977 3005 1
2002 2984 2027 3006 et
2047 2981 2104 3006 Vat.
2124 2980 2196 3007 Sane
2215 2981 2254 3013 si,

1295 3033 1364 3058 quae
1382 3026 1460 3051 etiam
1480 3030 1539 3058 post
1558 3025 1665 3052 credere
1684 3026 1786 3051 addunt
1804 3026 1835 3051 ut
1853 3024 1926 3050 docet
1946 3024 2113 3056 Aristoteles,
2136 3025 2181 3057 qui
2201 3025 2255 3051 scil.
2288 3042 2290 3045 .

1296 3070 1313 3094 1.
1342 3071 1445 3096 Ε1611611.
1475 3077 1497 3096 c.
1528 3072 1551 3095 2.
1581 3071 1628 3096 ait:
1657 3071 1721 3096 Nam
1751 3073 1854 3102 oportet
1882 3069 1989 3094 credere
2017 3076 2078 3094 eum
2104 3069 2148 3101 qui
2179 3069 2256 3095 discit

1297 3113 1354 3146 (Δεῖ
1372 3111 1420 3148 γὰρ
1442 3115 1566 3140 πιστεύειν
1587 3113 1630 3139 τὸν
1650 3113 1835 3148 μανθάνοντα).

1367 3157 1378 3172 ⁰
1398 3160 1472 3184 Vers.
1492 3160 1517 3185 9.
1535 3173 1571 3179 —
1591 3160 1713 3192 Sequitur
1732 3160 1800 3185 loan.
1820 3159 1849 3190 1,
1870 3159 1912 3183 12.

1369 3202 1390 3217 ¹⁰
1409 3203 1492 3229 Codd.
1512 3204 1530 3229 C
1542 3204 1622 3229 DFG
1642 3204 1684 3229 hic
1703 3207 1728 3229 et
1747 3203 1825 3236 paulo
1846 3202 1952 3227 interius
1969 3201 2040 3236 finis.

1368 3246 1388 3261 ¹¹
1411 3248 1485 3273 Vers.
1508 3248 1551 3273 13.
1563 3261 1598 3266 -
1612 3247 1729 3273 Subinde
1748 3248 1893 3278 allegantur
1913 3246 1998 3271 Matth.
2021 3246 2067 3276 10,
2088 3246 2130 3271 20.
2149 3250 2174 3271 et
2193 3248 2254 3272 Luc.

1297 3292 1343 3322 21,
1364 3292 1406 3317 15.
1422 3306 1457 3311 -
1477 3292 1534 3317 Vat.
1554 3299 1614 3317 cum
1634 3292 1675 3317 ed.
1697 3292 1706 3316 1
1731 3292 1850 3317 ultimum
1870 3291 1957 3316 locum
1976 3290 2078 3315 omittit.

1368 3334 1390 3350 ¹¹
1410 3337 1435 3361 111
1455 3337 1566 3367 Prologo
1579 3336 1604 3361 in
1619 3337 1718 3367 Evang.
1731 3336 1815 3360 Lucae
1836 3334 1941 3359 inferius
1954 3334 2064 3365 allegato
2083 3337 2108 3359 et
2127 3334 2254 3366 exposito.

1296 3394 1331 3399 —
1350 3381 1501 3412 Sequuntur
1521 3381 1547 3405 11.
1567 3379 1626 3405 Cor.
1647 3380 1677 3410 8,
1698 3380 1740 3404 18.
1759 3382 1784 3404 et
1804 3379 1880 3404 Eccli.
1901 3378 1946 3409 15,
1966 3378 1992 3403 5.
