2476 3921
175 433 304 455 Secundum.

204 956 305 982 Tertium.

170 1596 306 1618 Desidet-ium

160 1623 188 1644 de
195 1623 251 1644 dono
259 1629 308 1645 eon—

160 1650 271 1671 tinuando.

176 1915 303 1937 Notandum.

193 2392 256 2413 natio
270 2392 308 2413 du-

219 2419 276 2446 plex.

328 283 391 317 236

327 372 404 404 111οᾶ
435 371 635 404 Threnorum
668 369 760 402 tertio
778 371 808 401 ¹:
839 383 854 398 (ι
877 369 997 402 Βοο0111
1026 372 1073 402 051
1100 368 1286 410 praestolari

327 434 399 458 cum
416 424 538 457 silentio
550 424 687 456 salutare
700 423 754 456 Dei
768 436 798 455 ».
813 442 857 447 —
869 422 977 465 Mayts
994 422 1116 454 bonu-m
1128 426 1175 455 est
1190 420 1285 454 Clzrt-

325 483 411 510 stum
437 477 632 519 depascar&
656 476 775 518 primae
793 476 873 508 Petri
891 475 1028 508 secundo
1045 475 1071 506 2:
1101 487 1117 503 <r
1134 474 1163 506 Si
1182 478 1285 507 tamen

325 530 487 573 gustastis,
511 529 659 571 quoniam
683 529 790 561 suavis
809 531 857 561 est
872 528 1025 560 Dominus
1041 539 1071 566 »;
1088 527 1173 560 unde
1190 530 1221 559 et
1236 527 1286 559 Sa-

325 584 459 626 pientiae
483 582 688 615 duodecimo:
718 594 733 610 a
750 581 776 614 Ο
800 591 895 623 quam
921 581 1023 613 bonus
1046 584 1077 613 et
1101 589 1196 622 quam
1214 589 1285 613 sua-

326 638 373 669 vis
396 640 443 669 est
466 636 601 678 Spiritus
625 639 718 674 tuus,
744 635 892 673 Domine,
910 635 940 666 in
957 634 1104 666 omnibus
1121 636 1150 665 »l
1169 633 1286 666 scilicet

326 690 420 723 rectis
443 689 555 728 corde,
580 688 752 721 secundum
777 688 854 720 illud
880 687 1008 720 Psalmi:
1035 700 1051 715 «
1067 687 1166 728 Quam
1185 686 1286 719 bonus

327 743 420 775 Israel
444 742 528 774 Deus
550 742 599 774 his
623 741 677 783 qui
702 744 789 774 recto
814 743 888 773 sunt
904 739 997 772 corde
1014 742 1044 772 »1
1062 739 1148 772 Unde
1165 739 1196 771 in
1213 747 1286 780 per-

326 802 401 828 sona
424 794 538 827 Christi
567 798 598 827 et
628 794 749 826 animae
781 793 1040 834 contemplativae
1068 792 1143 825 dicit
1175 792 1287 824 Elcana

325 849 445 886 Annae,
462 848 556 880 uxori
575 856 667 886 suae,
685 847 776 888 primi
796 847 912 888 Regum
936 846 1056 887 primo:
1080 858 1095 873 <1
1111 843 1210 883 Anna,
1228 853 1286 877 cur

325 902 404 934 fles?
429 901 463 933 Et
486 900 691 942 quamobrem
716 899 865 941 affligitur
889 908 943 931 cor
967 901 1083 931 tuum?
1106 898 1213 930 Nonne
1229 906 1286 939 ego

324 955 435 987 melior
459 963 538 998 501114
553 953 607 985 tibi
632 961 727 994 quam
750 952 856 985 decem
881 952 935 984 filii
954 951 1118 983 »te-Sed
1141 950 1286 982 maxime

326 1008 445 1040 bonum
478 1016 554 1039 eum
588 1005 716 1038 Christo
743 1005 909 1048 gaudere,
942 1004 1114 1037 secundum
1140 1003 1216 1036 illud
1247 1003 1287 1035 ad

326 1061 539 1102 Philippenses
563 1060 666 1101 primo
679 1059 712 1091 ³:
742 1072 757 1087 «
774 1059 905 1091 Dissolvi
931 1062 962 1090 et
983 1067 1051 1090 esse
1072 1066 1144 1090 cum
1161 1056 1286 1089 Christo

325 1114 425 1146 multo
456 1113 568 1145 melius
600 1117 647 1145 est
668 1125 698 1151 »3
731 1115 762 1144 et
793 1111 937 1144 Matthaei
972 1111 1122 1153 vigesimo
1153 1110 1284 1152 quinto:

330 1180 345 1195 «
364 1167 464 1208 Euge,
489 1175 579 1199 serve
603 1166 683 1198 bone
708 1168 739 1198 et
762 1165 880 1203 fidelis,
906 1165 980 1206 quia
997 1173 1093 1206 super
1110 1172 1210 1205 pauca
1226 1162 1286 1195 fui-

325 1220 363 1252 sti
388 1219 506 1258 fidelis,
531 1228 627 1260 super
653 1218 752 1250 multa
776 1222 806 1250 te
830 1218 1037 1256 constituam;
1063 1217 1144 1249 intra
1161 1217 1191 1248 in
1208 1225 1285 1258 gau-

324 1273 410 1305 dium
436 1272 557 1304 Domini
583 1271 676 1304 tui».
703 1290 744 1295 —
769 1271 908 1303 Primum
940 1280 1015 1312 ergo
1043 1270 1179 1306 bonum,
1212 1269 1286 1311 quia

324 1326 500 1364 meritam,
526 1325 699 1358 secundum
725 1325 823 1366 magis
846 1324 983 1362 bonum,
1008 1323 1082 1366 quia
1105 1323 1284 1361 viaticam,

325 1379 378 1412 sed
402 1379 530 1412 tertium
555 1378 693 1410 maxime
716 1378 833 1410 bonum
846 1403 854 1416 ‚
871 1377 946 1419 quia
959 1376 1160 1419 praemium.
1178 1375 1285 1407 Omni—

324 1432 384 1464 bus
408 1432 457 1464 his
484 1431 584 1464 modis
615 1431 739 1464 volebat
769 1430 873 1463 dicere
906 1430 1033 1468 Petrus,
1065 1429 1203 1461 maxime
1235 1437 1285 1460 ra-

325 1485 408 1517 tione
431 1484 557 1527 gaudii:
584 1485 713 1516 Bonum
737 1488 784 1516 esc
806 1493 866 1515 nos
882 1481 942 1515 Jzz‘c
966 1492 1043 1515 esse.

416 1540 467 1571 61.
494 1537 636 1572 Secundo
660 1546 735 1570 vero
759 1540 913 1579 quantum
945 1536 983 1569 ad
1015 1535 1216 1568 desiderium
1247 1535 1286 1567 de

325 1593 409 1624 dono
425 1591 649 1624 continuando
670 1590 831 1632 adiungit:
858 1590 921 1622 ΕΗ
944 1589 1118 1632 faciamus
1143 1589 1209 1621 triu
1236 1593 1284 1621 ta·-

327 1644 525 1683 bernaeala,
543 1644 581 1676 ad
597 1644 844 1676 continuandum
861 1643 1010 1685 gaudium
1027 1647 1187 1681 nostrum,
1205 1642 1286 1674 sicut

326 1699 381 1731 filii
407 1698 500 1730 Israel
532 1697 675 1730 fecerunt
698 1697 729 1728 in
755 1697 874 1738 figura,
899 1695 1071 1728 secundum
1097 1695 1173 1727 illud
1198 1695 1285 1727 Levi-

326 1752 377 1785 1101
402 1751 552 1793 vigesimo
576 1750 715 1783 terti0⁶:
745 1762 760 1778 α
777 1749 903 1787 0111015,
928 1749 982 1791 (101
1007 1748 1045 1781 (10
1061 1756 1175 1790 genere
1192 1747 1286 1780 lsrael

325 1809 389 1844 est,
415 1804 553 1837 manebit
575 1803 607 1835 in
631 1802 860 1841 tabernaculis,
884 1805 921 1835 ut
943 1802 1064 1834 discant
1093 1800 1208 1842 posteri
1233 1809 1285 1833 ve-

325 1859 399 1898 stri,
436 1857 520 1900 quod
556 1857 587 1889 in
620 1850 832 1889 tabernaculis
866 1855 1009 1888 habitare
1044 1854 1171 1887 fecerim
1206 1853 1285 1886 filios

325 1912 419 1945 lsrael
435 1925 465 1943 n.
491 1929 535 1934 —-
559 1910 638 1952 Quia
661 1913 766 1941 tamen
790 1917 851 1941 non
876 1908 1074 1941 uniformiter
1089 1907 1286 1940 desiderabat

325 1965 517 1998 consortium
536 1964 662 1996 illorum
680 1963 788 2001 trium,
805 1961 874 1995 ideo
891 1971 951 1994 non
970 1961 1169 1994 uniformiter
1186 1960 1285 1993 011101-

324 2019 402 2057 1105,
427 2018 480 2051 sed
504 2017 632 2050 cuilibet
655 2020 742 2058 optat
766 2016 834 2048 fieri
851 2015 1016 2058 proprium
1035 2015 1283 2047 tabernaculum.

324 2071 410 2104 Unde
425 2070 524 2104 addit:
548 2070 655 2103 Unum
674 2069 750 2108 cibi,
770 2073 918 2111 tanquam
935 2068 1117 2111 principali;
1134 2072 1162 2100 et
1179 2077 1285 2100 unum

324 2125 448 2168 Moysi,
481 2128 631 2166 tanquam
662 2123 849 2165 legislatori3
882 2127 912 2155 et
943 2132 1050 2154 unum
1076 2121 1186 2160 Eleae,
1219 2124 1286 2154 tan—

326 2187 419 2220 quam
444 2177 609 2210 excellenti
641 2175 866 2218 praedicatori,
898 2179 935 2208 ut
966 2175 1009 2208 sic
1041 2175 1215 2208 secundum
1239 2175 1286 2207 di-

326 2231 489 2263 versitates
512 2230 698 2272 dignitatum
729 2228 964 2271 distinguantur
988 2228 1167 2261 habitacula
1198 2237 1286 2260 man-

326 2284 459 2316 sionum.
485 2283 534 2315 Sic
556 2283 639 2315 enim
663 2282 723 2315 erit
747 2282 778 2314 in
802 2290 900 2324 regno
916 2281 1092 2320 caelorum,
1111 2281 1285 2314 secundum

326 2336 404 2369 illud
428 2336 549 2368 loannis
571 2335 691 2368 decimo
715 2334 876 2377 quarto⁴³z
906 2347 921 2363 α
938 2335 970 2366 10
994 2334 1086 2367 domo
1110 2335 1208 2367 Patris
1225 2335 1285 2368 mei

329 2390 505 2423 mansiones
528 2389 645 2421 multae
668 2391 789 2421 sunt».
815 2406 856 2412 -
881 2388 942 2420 Hoc
966 2391 1071 2421 autem
1094 2388 1216 2421 dicebat
1233 2389 1286 2421 Pe-

327 2447 397 2475 trus
428 2451 484 2484 per
515 2441 719 2473 excessivum
749 2441 968 2479 desiderium,
1004 2440 1089 2483 quod
1125 2441 1287 2474 consuevit

327 2504 395 2528 esse
419 2495 450 2527 in
474 2493 774 2536 contemplantibus;
791 2497 822 2526 et
838 2497 967 2536 propter
983 2494 1043 2526 hoc
1059 2493 1203 2526 additur:
1225 2494 1287 2526 Ne-

326 2548 453 2586 sidem,
478 2547 558 2590 quid
581 2547 720 2585 diceret,
745 2547 862 2579 scilicet
885 2555 960 2588 prae
985 2546 1144 2579 nimietate
1167 2546 1287 2579 deside—

328 2601 384 2640 rii,
417 2600 590 2633 secundum
622 2599 700 2632 illud
731 2599 891 2632 Psalmi⁷:
921 2600 1032 2641 «Quia
1055 2599 1286 2632 inflammatum

399 2768 408 2782 ¹
431 2769 504 2794 Vei-s.
525 2769 568 2793 26.

399 2811 409 2826 ²
432 2813 503 2838 Vers.
524 2813 549 2838 3.
567 2826 603 2831 —
621 2812 739 2838 Subinde
764 2813 907 2843 allegantur
927 2813 988 2844 Sap.
1015 2813 1062 2843 12,
1083 2813 1112 2843 ⁴3
1139 2813 1177 2837 Ps.
1197 2812 1241 2843 72,
1263 2812 1286 2837 l.

330 2860 355 2883 et
374 2858 390 2882 l.
410 2858 476 2888 neg.
499 2857 528 2888 l,
548 2857 573 2881 8.

400 2899 410 2914 ²³
431 2901 504 2926 Vers.
525 2901 576 2926 23:
596 2900 759 2925 Desiderium
781 2899 879 2925 habens
898 2900 1004 2925 dissolvi
1024 2902 1049 2924 et
1068 2906 1124 2924 esse
1144 2906 1204 2924 00111
1218 2899 1288 2925 Chri-

330 2949 369 2971 sto
389 2946 471 2970 multo
491 2945 575 2976 magis
595 2944 696 2969 melius.
714 2958 749 2963 —-
769 2944 891 2976 Sequitur
910 2944 997 2968 Matth.
1017 2943 1065 2973 25,
1085 2944 1126 2968 23.

400 2988 411 3003 ⁴
431 2989 514 3015 Codd.
534 2988 647 3014 ACDG
667 2989 787 3014 omittunt
809 2988 849 3014 Et.

401 3032 412 3047 ⁵
433 3034 506 3059 Vers.
532 3033 574 3058 42.
603 3036 628 3057 ct
656 3032 697 3057 43.
717 3046 750 3050 —
771 3031 897 3063 Superius
926 3038 973 3062 pro
1002 3030 1134 3063 qaudz'um
1160 3031 1288 3056 nostrum

331 3077 349 3104 C
361 3078 380 3103 1)
393 3079 414 3103 G
433 3077 565 3111 qaudia‘m
583 3084 692 3108 verum,
712 3080 737 3102 et
756 3083 804 3108 pro
823 3076 894 3102 sicut
912 3076 933 3100 D
952 3075 999 3101 sic.

400 3121 411 3136 ⁸
432 3123 504 3148 Vers.
525 3123 549 3147 2.
569 3122 620 3147 Csr.
640 3126 703 3147 tom.
726 3122 765 3146 Vl.
786 3128 847 3153 pag.
868 3120 933 3151 436,
954 3124 1012 3146 nota
1035 3121 1058 3145 l.
1078 3127 1152 3152 seqq.

401 3165 410 3180 ⁷
432 3168 524 3193 Psalm.
544 3166 593 3197 72,
614 3167 656 3192 21.
677 3173 733 3199 seq.
751 3180 785 3184 ——
806 3166 841 3190 De
861 3165 991 3191 desiderio
1019 3165 1154 3191 excessivo
1179 3164 1204 3190 in
1230 3171 1288 3189 con-

330 3212 487 3243 templativis
506 3212 551 3237 cfr,
564 3212 686 3237 Richard.
706 3218 720 3236 a
741 3211 766 3235 S.
782 3211 861 3242 Vict.,
876 3210 1007 3235 Beniamin
1023 3210 1120 3241 maior,
1139 3217 1162 3235 0.
1177 3210 1218 3234 lo.
1232 3216 1287 3241 seq.

332 3270 365 3274 —
385 3256 511 3287 Superius
531 3263 578 3287 pro
598 3256 653 3282 Hoc
672 3257 763 3282 uatem
783 3255 801 3280 C
814 3255 834 3280 D
853 3255 924 3281 Haec
941 3256 1042 3281 autem.

402 3298 413 3313 ⁸
432 3300 505 3326 Vers.
526 3301 568 3325 40.
587 3303 611 3326 et
635 3301 672 3325 11.

402 3343 413 3357 ⁹
433 3345 534 3370 Scilicet
547 3344 689 3371 ordinaria
703 3344 742 3377 (ex
758 3345 837 3377 Beda)
852 3345 922 3376 apud
937 3345 1066 3376 Lyranum
1082 3345 1108 3370 in
1121 3345 1182 3370 Luc.
1197 3345 1222 3375 9,
1236 3344 1287 3369 33:

333 3389 383 3413 Etsi
404 3389 493 3413 Petrus
512 3396 541 3413 ex
562 3390 675 3414 humana
703 3389 850 3414 infirmitate
869 3392 917 3414 etc.
938 3389 986 3414 Pro
1005 3388 1079 3415 insiti
1097 3388 1205 3415 BCEG
1226 3387 1287 3414 insi-

333 3433 404 3463 tum,
425 3432 444 3457 Α
457 3432 476 3456 D
495 3439 611 3464 ausum,-
631 3432 725 3457 deinde
746 3433 801 3457 Vat.
822 3439 882 3458 cum
902 3433 991 3458 Glossa
1005 3432 1099 3458 omittit
1117 3431 1187 3463 sibi‚·
1207 3439 1287 3463 porro

928 280 1121 313 COMMENT.
1147 280 1184 313 IN
1208 279 1446 312 EVANGELIUM
1470 279 1587 312 LUCAE
1612 279 1644 311 C.
1670 279 1717 312 IX.

1350 371 1397 401 est
1421 377 1475 401 cor
1499 377 1623 407 meum,
1647 371 1679 400 et
1702 377 1795 401 renes
1820 368 1878 401 mei
1897 369 2080 401 commutati
2097 371 2188 408 sunt,
2206 372 2237 402 et
2253 378 2310 412 ego

1349 420 1389 453 ad
1413 420 1545 453 nibilum
1582 420 1728 453 redactus
1759 429 1829 453 sum
1861 422 1892 453 et
1923 421 2087 461 nescivi»;
2119 424 2150 454 et
2182 424 2309 464 propter

1347 472 1612 516 profunditatem
1636 473 1805 517 mysterii,
1823 473 1996 506 secundum
2015 474 2091 507 illud
2108 474 2309 507 Canticorum

1351 526 1466 559 sextos*
1481 538 1495 572 ε,
1519 539 1534 554 α
1552 526 1701 559 Descendi
1726 526 1757 558 in
1780 527 1909 559 hortum
1934 535 2070 565 nucum,
2103 530 2139 559 ut
2170 527 2309 560 viderem

1350 588 1443 621 poma
1459 579 1647 612 convallium
1672 583 1702 612 et
1729 579 1915 621 inspicerem
1933 592 1948 607 ι)
1970 583 2048 618 010.;
2065 583 2095 612 01
2112 580 2206 621 paulo
2222 583 2307 621 post:

1355 645 1370 660 α
1387 632 1526 671 Nescivi,
1550 632 1654 664 anima
1677 636 1746 664 mea
1769 632 1969 664 conturbavit
1993 640 2043 664 me
2075 635 2204 673 propter
2232 641 2310 674 qua-

1350 684 1455 726 drigas
1486 684 1654 717 Aminadab
1671 699 1701 716 ».
1726 685 1762 717 Et
1785 694 1826 717 ex
1850 685 1908 717 hac
1932 685 2049 726 duplici
2074 693 2169 717 causa
2192 684 2310 718 nescie-

1350 738 1403 770 bat
1428 738 1554 777 Petrus,
1578 738 1653 780 quid
1677 738 1819 777 dicebat;
1851 738 1935 771 unde
1967 738 1997 770 in
2030 738 2184 771 Glossa⁹z
2215 751 2230 767 «
2247 738 2310 771 Etsi

1351 791 1461 823 Petrus
1489 799 1530 823 ex
1563 800 1620 823 sua
1651 791 1832 824 infirmitate
1856 792 1972 830 nescit,
1998 791 2074 833 quid
2097 792 2200 830 dicat;
2226 791 2310 824 insiti

1351 847 1454 876 tamen
1478 843 1537 876 sibi
1553 844 1606 876 dat
1621 844 1743 880 ardoris
1759 844 1907 877 indicium
1918 871 1926 883 ,
1947 845 2023 877 dum
2040 853 2093 877 eos
2109 854 2188 887 (1005
2204 844 2311 880 videre

1350 897 1540 935 delectabat,
1565 897 1659 930 etiam
1675 897 1777 929 officio
1793 898 1903 930 sistere
1919 897 2052 939 quaerit.
2071 898 2220 937 Errabat,
2237 898 2312 939 quia

1350 950 1382 982 111
1406 954 1493 983 terra
1515 954 1546 983 et
1570 951 1600 983 in
1626 951 1684 983 hac
1708 951 1831 983 mortali
1856 960 1950 984 carne
1974 951 2033 983 sibi
2065 955 2095 983 et
2127 951 2311 993 coapostolis

1351 1003 1417 1036 suis
1440 1003 1507 1036 dari
1531 1004 1677 1045 cupiebat
1706 1013 1857 1045 regnum,
1877 1004 1965 1046 vquod
1992 1004 2022 1036 in
2046 1004 2139 1037 caelis
2163 1007 2194 1037 et
2217 1013 2311 1037 carne

1351 1056 1475 1088 mortali
1500 1056 1683 1098 exspoliatis
1705 1061 1752 1089 est
1776 1057 1965 1098 promissum
1982 1070 2012 1089 ».

1441 1110 1492 1141 62.
1517 1109 1691 1142 Notandum
1716 1114 1839 1149 autem,
1864 1110 1947 1152 quod
1971 1111 2081 1143 Petrus
2097 1110 2310 1152 decipiebatur

1351 1161 1452 1203 primo
1462 1188 1469 1201 ,
1487 1162 1561 1204 quia
1576 1162 1700 1194 volebat
1715 1172 1851 1195 manere
1867 1163 1902 1195 in
1918 1167 2025 1203 stata,
2038 1173 2056 1196 a
2068 1173 2131 1205 quo
2144 1167 2194 1196 est
2210 1167 2312 1196 trans-

1350 1215 1499 1248 eundum.
1514 1216 1635 1248 Dicitur
1648 1216 1730 1248 enim
1744 1216 1782 1248 ad
1796 1216 1950 1261 Hebraeos
1963 1215 2076 1249 ultimo
2091 1217 2130 1248 ¹⁰:
2150 1230 2165 1245 «
2178 1217 2242 1249 Non
2257 1217 2312 1249 ha-

1350 1269 1462 1302 bemus
1479 1269 1529 1301 1110
1548 1273 1723 1302 manentem
1741 1265 1898 1302 civitatem
1916 1283 1948 1309 »;
1964 1271 2075 1303 Petrus
2098 1274 2203 1303 autem
2228 1271 2312 1303 vole-

1349 1322 1403 1354 bat
1427 1332 1554 1355 manere
1578 1323 1639 1355 hic.
1665 1323 1697 1355 ln
1722 1332 1786 1365 quo
1817 1323 1910 1356 etiam
1943 1324 2207 1365 reprehensibiles
2239 1327 2313 1356 sunt

1350 1376 1488 1418 quidam,
1502 1376 1567 1418 qui,
1584 1376 1659 1409 dum
1677 1377 1786 1409 volunt
1803 1386 1907 1409 arcem
1923 1378 2312 1419 contemplationisascen-

1349 1428 1443 1468 dere,
1468 1429 1578 1461 volunt
1602 1429 1764 1471 quiescere
1787 1434 1817 1462 et
1841 1430 1887 1462 ad·
1905 1430 2042 1462 laborem
2067 1430 2197 1463 actionis
2221 1439 2313 1463 recu-

1350 1486 1420 1513 sant
1443 1481 1641 1514 descendere.
1669 1482 1703 1514 Et
1728 1482 1759 1515 hi
1784 1482 1989 1525 designantur
2006 1492 2062 1525 per
2078 1483 2165 1524 filios
2182 1483 2310 1522 Ruben,

1350 1534 1388 1567 de
1412 1535 1529 1576 quibus
1552 1535 1763 1568 Numerorum
1790 1536 1950 1578 trigesimo
1974 1536 2111 1569 secundo
2129 1537 2154 1556 11
2178 1537 2311 1575 dicitur,

1350 1588 1435 1630 quod
1466 1589 1637 1621 voluerunt
1660 1589 1744 1621 ultra
1770 1589 1929 1629 Iordanem
1955 1599 2128 1623 remanere.
2160 1590 2312 1632 «Quibus

1349 1641 1393 1673 ait
1416 1641 1535 1682 Moyses
1550 1654 1556 1673 :
1582 1642 1729 1683 Nunquid
1752 1642 1866 1674 fratres
1883 1643 1977 1675 vestri
1995 1643 2087 1675 ibunt
2103 1643 2141 1675 ad
2158 1653 2311 1685 pugnam,

1350 1697 1381 1726 et
1404 1703 1460 1726 vos
1484 1695 1534 1727 hic
1560 1695 1706 1727 sedebitis
1723 1699 1758 1726 »7
1782 1696 1870 1736 quasi
1896 1695 1998 1728 dicat:
2024 1705 2095 1728 0011.
2120 1696 2206 1728 Unde
2236 1709 2251 1724 «
2269 1696 2312 1728 la-

1350 1747 1408 1779 cob
1425 1747 1502 1779 vidit
1518 1748 1632 1780 scalam
1651 1748 1682 1779 in
1700 1748 1816 1780 50111015
1831 1761 1861 1786 »,
1878 1743 2005 1781 Genesis
2022 1748 2170 1790 vigesimo
2186 1752 2310 1787 octavo,

1350 1803 1381 1832 et
1409 1813 1423 1828 «
1442 1801 1572 1842 Angelos
1588 1814 1618 1839 »,
1636 1810 1697 1832 11011
1715 1801 1926 1843 quiescentes,
1951 1801 2005 1833 sed
2031 1814 2046 1829 «
2063 1801 2264 1834 ascendentes
2280 1804 2312 1834 et

1349 1853 1572 1886 descendentes
1596 1863 1652 1895 per
1676 1863 1746 1887 eam
1762 1868 1791 1885 ».
1818 1872 1859 1878 ——
1884 1854 2026 1886 Secundo
2049 1854 2263 1896 decipiebatur
2279 1854 2311 1886 iu

1336 1906 1427 1945 -h0c,
1461 1906 1545 1948 quod
1578 1906 1733 1939 umbram
1766 1907 1917 1940 credebat
1940 1908 1975 1940 z'n
1999 1906 2058 1939 ltoe
2080 1906 2310 1949 ‘vert‘fz‘eatam;

1349 1958 1423 1992 cum
1449 1963 1551 1992 tamen
1576 1960 1659 1992 dicat
1683 1961 1845 2002 Apostolus
1870 1961 1990 2002 primae
2006 1960 2045 1993 ad
2061 1960 2238 1993 Corinthios
2259 1960 2311 1993 de-

1350 2013 1430 2045 cimo
1454 2013 1547 2045 tertio
1562 2013 1604 2045 ¹2:
1635 2026 1649 2041 α
1667 2013 1815 2046 Videmus
1839 2023 1923 2046 nunc
1947 2023 2004 2056 per
2028 2014 2192 2055 speculum
2213 2013 2244 2045 in
2261 2022 2311 2046 ae-

1350 2066 1533 2108 nigmate»;
1559 2070 1590 2099 et
1614 2066 1851 2099 tabernaculum
1884 2067 2001 2109 gloriae
2032 2067 2179 2100 credebat
2210 2070 2312 2099 mate-

1349 2120 1453 2158 riale,
1486 2129 1558 2152 cum
1591 2124 1694 2152 tamen
1727 2120 1767 2153 sit
1798 2111 1994 2162 spirituale,
2027 2120 2202 2153 secundum
2234 2119 2311 2152 illud

1349 2174 1478 2206 Psalmi:
1508 2173 1701 2215 «Ingrediar
1725 2174 1756 2206 in
1781 2174 1885 2206 locum
1918 2173 2110 2207 tabernaculi
2144 2173 2312 2206 admirabi-

1350 2226 1388 2259 lis
1403 2238 1435 2265 »;
1463 2226 1522 2259 hoc
1546 2230 1593 2258 est
1622 2226 1913 2265 «tabernaculum,
1938 2226 2023 2268 quod
2047 2227 2118 2258 fixit
2141 2226 2310 2264 Dominus,

1350 2284 1380 2313 et
1403 2289 1466 2312 non
1491 2280 1585 2312 1101110
1602 2293 1632 2318 »,
1657 2279 1739 2312 sicut
1762 2279 1878 2312 dicitur
1901 2280 1940 2312 ad
1964 2280 2119 2313 Hebraeos
2139 2283 2258 2312 octavo.
2275 2279 2312 2311 Et

1351 2334 1410 2366 hoc
1434 2333 1594 2375 potissime
1618 2333 1791 2365 cavendum
1816 2337 1863 2366 est
1886 2333 2152 2375 contemplativis,
2189 2342 2228 2365 ne
2258 2332 2311 2365 de-

1350 2387 1509 2428 cipiantur
1541 2386 1571 2418 in
1604 2386 1716 2428 figuris
1747 2386 1888 2419 ostensis.
1916 2405 1956 2410 —
1981 2386 2086 2419 Tertio
2112 2396 2204 2425 vero,
2236 2386 2311 2429 quia

1351 2439 1497 2472 dividere
1526 2439 1652 2471 volebat
1683 2440 1799 2478 unita,
1824 2443 1855 2472 et
1879 2439 1964 2481 quod
1987 2443 2055 2472 erat
2078 2449 2178 2472 unum
2210 2439 2311 2481 tripli-

1351 2502 1423 2526 care
1454 2493 1586 2525 volebat.
1620 2493 1723 2525 Unum
1755 2496 1802 2525 est
1832 2493 1915 2525 euim
1944 2493 1975 2525 in
2000 2493 2099 2534 gloria
2123 2494 2310 2525 Sanctorum

1352 2546 1610 2584 tabernaculum,
1635 2545 1809 2578 secundum
1833 2545 1911 2578 illud
1935 2545 2056 2578 loannis
2079 2545 2200 2578 decimo
2216 2545 2310 2587 septi-

1354 2608 1405 2631 mo
1419 2599 1463 2630 ¹³:
1496 2612 1511 2627 «
1528 2599 1620 2637 Volo,
1644 2599 1751 2637 Pater,
1776 2601 1831 2637 ut,
1856 2599 1910 2631 ubi
1934 2608 1991 2640 ego
2015 2607 2103 2637 sum,
2129 2602 2159 2631 et
2183 2598 2224 2630 illi
2250 2598 2311 2631 sint

1352 2774 1400 2799 pro
1429 2767 1513 2801 officio
1542 2767 1615 2800 [Vat.
1641 2766 1775 2800 obsequio]
1801 2766 1895 2792 sistere
1923 2766 2035 2792 ACDG
2065 2766 2149 2800 officio
2168 2765 2290 2793 insistere
2299 2776 2310 2799 ‚-

1352 2812 1420 2837 Beda
1440 2811 1563 2844 obsequio
1584 2811 1679 2836 Petrus
1698 2810 1799 2836 sistere.

1423 2854 1449 2869 ¹⁰·
1466 2856 1538 2881 Vers.
1560 2855 1601 2880 Μ.
1621 2869 1655 2874 -
1676 2855 1783 2880 lnl'erius
1802 2858 1861 2887 post
1879 2854 1940 2889 qui,
1962 2854 2042 2887 dum,
2073 2856 2170 2881 omisso
2198 2855 2307 2888 volunt,

1352 2901 1370 2924 G
1383 2900 1403 2924 H
1425 2904 1619 2932 prosequuntur
1641 2906 1733 2925 arcem
1753 2899 1982 2933 contemplationis
2004 2899 2146 2926 ascendere
2168 2900 2311 2934 inquiram

1353 2942 1383 2976 [H
1403 2943 1580 2977 ascenduntJ,
1601 2943 1707 2975 volant,
1728 2944 1746 2969 Α
1759 2944 1780 2968 D
1798 2944 1941 2970 ascendere
1960 2945 2055 2971 rolant
2071 2947 2096 2971 et
2114 2945 2257 2979 quiescere.

1423 2987 1443 3001 ¹¹
1466 2989 1539 3013 vers.
1559 2989 1589 3019 5,
1614 2989 1658 3014 ubi
1688 2989 1732 3014 tilii
1761 2989 1851 3014 lluben
1881 2990 1985 3021 Moysen
2013 2990 2183 3022 deprecantes
2202 2990 2309 3016 dicunt:

1356 3042 1366 3054 <x
1383 3032 1432 3057 Des
1452 3032 1526 3057 nobis
1547 3033 1649 3058 [31110115
1669 3033 1718 3058 tuis
1731 3040 1789 3058 eum
1804 3032 1912 3066 [terram
1931 3035 1998 3059 lazer
2011 3038 2035 3059 et
2048 3033 2155 3068 Galaad]
2171 3035 2194 3059 in
2208 3041 2310 3067 posses·

1352 3076 1466 3108 sionem,
1487 3084 1534 3102 nec
1555 3077 1632 3102 facias
1652 3084 1699 3103 nos
1719 3078 1827 3103 transire
1846 3078 1983 3104 Iordanem
1998 3088 2023 3104 n.
2043 3079 2166 3112 Sequitur
2184 3086 2211 3105 v.
2231 3079 2255 3104 6.
2276 3093 2309 3097 -

1353 3120 1468 3146 Subinde
1493 3121 1618 3153 allegatur
1643 3123 1704 3147 Gen.
1732 3123 1778 3153 28,
1807 3123 1853 3153 112,
1880 3123 1904 3148 10
1930 3123 2005 3148 cuius
2030 3123 2081 3149 flue
2105 3130 2153 3155 pro
2175 3129 2226 3157 per
2249 3129 2308 3149 eam

1351 3164 1370 3191 C
1383 3166 1432 3191 DG
1444 3166 1464 3190 H
1484 3165 1512 3191 in
1531 3173 1570 3192 ea.
2182 3167 2184 3169 '

1424 3208 1446 3223 ¹⁹
1467 3210 1541 3235 Vers.
1561 3210 1611 3242 42;
1631 3210 1742 3236 vocibus
1762 3210 1789 3236 in
1808 3210 1960 3244 aenigmate
1978 3210 2091 3237 ACDH
2110 3207 2258 3242 praefigunt
2276 3212 2307 3236 et.

1351 3267 1386 3272 —
1408 3254 1462 3279 Duo
1482 3261 1554 3287 seqq.
1575 3255 1624 3280 loci
1643 3258 1702 3280 sunt
1721 3255 1762 3280 Ps.
1782 3254 1824 3285 44,
1844 3255 1876 3280 5:
1908 3253 2038 3281 Transibo
2058 3254 2086 3280 in
2105 3258 2166 3285 ete,
2185 3258 2210 3280 et
2230 3253 2308 3280 Hebr.

1353 3298 1382 3330 8,
1403 3299 1427 3323 2.
1446 3312 1481 3317 -
1502 3299 1607 3324 lnterius
1627 3306 1675 3330 pro
1694 3297 1835 3332 spirituale
1857 3292 1913 3323 Vnt.
1932 3297 2053 3331 speciale.

1424 3340 1445 3356 ¹⁸
1466 3343 1539 3368 Vers.
1559 3343 1607 3374 24,
1621 3343 1662 3368 cui
1676 3342 1872 3374 subiunguntur
1891 3343 1972 3374 Apoc.
1992 3343 2036 3374 21,
2049 3342 2075 3367 3.
2088 3345 2112 3367 01
2127 3342 2194 3367 loan.
2210 3342 2251 3374 ³¹0,
2267 3343 2308 3368 16.

1353 3401 1385 3405 -
1405 3388 1532 3419 Superius
1551 3394 1598 3419 pre
1618 3387 1695 3413 unita
1714 3386 1732 3413 C
1744 3387 1765 3412 D
1783 3386 1879 3418 unica,
1899 3393 1947 3418 pro
1967 3393 2020 3419 quo
2039 3385 2155 3412 secunda
2175 3393 2269 3412 manus
2283 3387 2307 3411 in

1353 3431 1373 3456 D
1392 3431 1523 3457 substituit
1542 3431 1661 3458 unicum.

2331 1110 2395 1139 Petri
2404 1117 2459 1140 dece

2331 1145 2382 1172 ptiov
2389 1144 2456 1172 prima

2330 1861 2434 1883 Secunda.

2331 2392 2409 2414 Tertia.
