<?xml version="1.0" encoding="UTF-8"?>
<!DOCTYPE html PUBLIC "-//W3C//DTD XHTML 1.0 Transitional//EN"
    "http://www.w3.org/TR/xhtml1/DTD/xhtml1-transitional.dtd">
<html xmlns="http://www.w3.org/1999/xhtml" xml:lang="en" lang="en">
 <head>
  <title>
</title>
<meta http-equiv="Content-Type" content="text/html;charset=utf-8" />
  <meta name='ocr-system' content='tesseract 3.04.00' />
  <meta name='ocr-capabilities' content='ocr_page ocr_carea ocr_par ocr_line ocrx_word'/>
</head>
<body>
  <div class='ocr_page' id='page_1' title='image "./doctorisseraphic07bona_0637.png"; bbox 0 0 2476 3921; ppageno 0'>
   <div class='ocr_carea' id='block_1_1' title="bbox 1 544 139 594">
    <p class='ocr_par' dir='ltr' id='par_1_1' title="bbox 1 544 139 594">
     <span class='ocr_line' id='line_1_1' title="bbox 1 544 139 568; baseline -0.022 0"><span class='ocrx_word' id='word_1_1' title='bbox 1 545 75 568; x_wconf 72' lang='lat' dir='ltr'><strong>’ordita</strong></span> <span class='ocrx_word' id='word_1_2' title='bbox 86 544 139 566; x_wconf 86' lang='lat' dir='ltr'><strong>mul-</strong></span> 
     </span>
     <span class='ocr_line' id='line_1_2' title="bbox 28 571 103 594; baseline -0.027 0"><span class='ocrx_word' id='word_1_3' title='bbox 28 571 103 594; x_wconf 80' lang='lat' dir='ltr'><strong>titudo.</strong></span> 
     </span>
    </p>
   </div>
   <div class='ocr_carea' id='block_1_2' title="bbox 0 1273 136 1327">
    <p class='ocr_par' dir='ltr' id='par_1_2' title="bbox 0 1273 136 1327">
     <span class='ocr_line' id='line_1_3' title="bbox 0 1273 136 1305; baseline -0.007 -10"><span class='ocrx_word' id='word_1_4' title='bbox 0 1274 70 1305; x_wconf 69' lang='lat' dir='ltr'><strong>Sensus</strong></span> <span class='ocrx_word' id='word_1_5' title='bbox 86 1273 136 1295; x_wconf 82' lang='lat' dir='ltr'><strong>alle-</strong></span> 
     </span>
     <span class='ocr_line' id='line_1_4' title="bbox 19 1306 108 1327; baseline -0.022 -4"><span class='ocrx_word' id='word_1_6' title='bbox 19 1306 108 1327; x_wconf 78' lang='lat' dir='ltr'><strong>gericus.</strong></span> 
     </span>
    </p>
   </div>
   <div class='ocr_carea' id='block_1_3' title="bbox 47 1716 138 1739">
    <p class='ocr_par' dir='ltr' id='par_1_3' title="bbox 47 1716 138 1739">
     <span class='ocr_line' id='line_1_5' title="bbox 47 1716 138 1739; baseline -0.011 0"><span class='ocrx_word' id='word_1_7' title='bbox 47 1716 138 1739; x_wconf 77' lang='lat' dir='ltr'><strong>uorans.</strong></span> 
     </span>
    </p>
   </div>
   <div class='ocr_carea' id='block_1_4' title="bbox 0 1911 141 1961">
    <p class='ocr_par' dir='ltr' id='par_1_4' title="bbox 0 1911 141 1961">
     <span class='ocr_line' id='line_1_6' title="bbox 0 1911 141 1933; baseline 0.007 -1"><span class='ocrx_word' id='word_1_8' title='bbox 0 1911 83 1933; x_wconf 75' lang='lat' dir='ltr'>Perdita</span> <span class='ocrx_word' id='word_1_9' title='bbox 100 1912 141 1933; x_wconf 78' lang='lat' dir='ltr'><strong>sor-</strong></span> 
     </span>
     <span class='ocr_line' id='line_1_7' title="bbox 31 1938 106 1961; baseline 0 -2"><span class='ocrx_word' id='word_1_10' title='bbox 31 1938 106 1961; x_wconf 86' lang='lat' dir='ltr'><strong>titudo.</strong></span> 
     </span>
    </p>
   </div>
   <div class='ocr_carea' id='block_1_5' title="bbox 10 2549 147 2598">
    <p class='ocr_par' dir='ltr' id='par_1_5' title="bbox 10 2549 147 2598">
     <span class='ocr_line' id='line_1_8' title="bbox 10 2549 147 2598; baseline 0.007 -1"><span class='ocrx_word' id='word_1_11' title='bbox 10 2549 147 2598; x_wconf 47' lang='lat' dir='ltr'><strong>sammi-</strong></span> 
     </span>
    </p>
   </div>
   <div class='ocr_carea' id='block_1_6' title="bbox 869 247 1423 282">
    <p class='ocr_par' dir='ltr' id='par_1_6' title="bbox 869 247 1423 282">
     <span class='ocr_line' id='line_1_9' title="bbox 869 247 1423 282; baseline -0.005 0"><span class='ocrx_word' id='word_1_12' title='bbox 869 248 1067 282; x_wconf 86' lang='lat' dir='ltr'><strong>EXPOSlTlO</strong></span> <span class='ocrx_word' id='word_1_13' title='bbox 1091 247 1323 280; x_wconf 79' lang='lat' dir='ltr'><strong>THRENORUM</strong></span> <span class='ocrx_word' id='word_1_14' title='bbox 1346 247 1378 279; x_wconf 91' lang='lat' dir='ltr'><strong>C.</strong></span> <span class='ocrx_word' id='word_1_15' title='bbox 1404 247 1423 279; x_wconf 93' lang='lat'><strong>1.</strong></span> 
     </span>
    </p>
   </div>
   <div class='ocr_carea' id='block_1_7' title="bbox 151 338 1129 2675">
    <p class='ocr_par' dir='ltr' id='par_1_7' title="bbox 151 338 1114 474">
     <span class='ocr_line' id='line_1_10' title="bbox 151 338 1114 381; baseline -0.009 -7"><span class='ocrx_word' id='word_1_16' title='bbox 151 345 280 381; x_wconf 73' lang='lat' dir='ltr'>persuasi</span> <span class='ocrx_word' id='word_1_17' title='bbox 294 343 363 372; x_wconf 89' lang='lat' dir='ltr'><strong>sunt</strong></span> <span class='ocrx_word' id='word_1_18' title='bbox 377 344 437 372; x_wconf 88' lang='lat' dir='ltr'><strong>loco</strong></span> <span class='ocrx_word' id='word_1_19' title='bbox 451 341 612 375; x_wconf 84' lang='lat' dir='ltr'><strong>doctrinae,</strong></span> <span class='ocrx_word' id='word_1_20' title='bbox 628 340 708 369; x_wconf 83' lang='lat' dir='ltr'><strong>iuxta</strong></span> <span class='ocrx_word' id='word_1_21' title='bbox 721 339 794 369; x_wconf 89' lang='lat' dir='ltr'><strong>illud</strong></span> <span class='ocrx_word' id='word_1_22' title='bbox 807 339 958 368; x_wconf 78' lang='lat' dir='ltr'><strong>Ieremias:</strong></span> <span class='ocrx_word' id='word_1_23' title='bbox 979 349 993 363; x_wconf 72' lang='grc' dir='ltr'><strong><em>α</em></strong></span> <span class='ocrx_word' id='word_1_24' title='bbox 1008 338 1034 366; x_wconf 89' lang='lat' dir='ltr'>A</span> <span class='ocrx_word' id='word_1_25' title='bbox 1049 346 1114 373; x_wconf 87' lang='lat' dir='ltr'><strong>pro-</strong></span> 
     </span>
     <span class='ocr_line' id='line_1_11' title="bbox 151 388 1113 431; baseline -0.008 -8"><span class='ocrx_word' id='word_1_26' title='bbox 151 394 245 431; x_wconf 86' lang='lat' dir='ltr'><strong>phetis</strong></span> <span class='ocrx_word' id='word_1_27' title='bbox 256 393 413 422; x_wconf 73' lang='lat' dir='ltr'>Ierusalem</span> <span class='ocrx_word' id='word_1_28' title='bbox 427 400 541 428; x_wconf 87' lang='lat' dir='ltr'><strong>egressa</strong></span> <span class='ocrx_word' id='word_1_29' title='bbox 556 391 600 419; x_wconf 88' lang='lat' dir='ltr'><strong>est</strong></span> <span class='ocrx_word' id='word_1_30' title='bbox 614 390 734 426; x_wconf 89' lang='lat' dir='ltr'><strong>pollutio</strong></span> <span class='ocrx_word' id='word_1_31' title='bbox 749 397 834 425; x_wconf 88' lang='lat' dir='ltr'><strong>super</strong></span> <span class='ocrx_word' id='word_1_32' title='bbox 845 397 955 418; x_wconf 87' lang='lat' dir='ltr'><strong>omnem</strong></span> <span class='ocrx_word' id='word_1_33' title='bbox 967 388 1074 416; x_wconf 88' lang='lat' dir='ltr'><strong>terram</strong></span> <span class='ocrx_word' id='word_1_34' title='bbox 1084 397 1113 421; x_wconf 66' lang='grc' dir='ltr'><strong>»ς</strong></span> 
     </span>
     <span class='ocr_line' id='line_1_12' title="bbox 151 437 1080 474; baseline -0.009 -2"><span class='ocrx_word' id='word_1_35' title='bbox 151 443 242 472; x_wconf 80' lang='lat' dir='ltr'><strong>infra:</strong></span> <span class='ocrx_word' id='word_1_36' title='bbox 270 441 400 472; x_wconf 80' lang='lat' dir='ltr'><strong>«Vocavi</strong></span> <span class='ocrx_word' id='word_1_37' title='bbox 431 441 535 470; x_wconf 85' lang='lat' dir='ltr'><strong>amicos</strong></span> <span class='ocrx_word' id='word_1_38' title='bbox 555 448 648 473; x_wconf 87' lang='grc'><strong>111003,</strong></span> <span class='ocrx_word' id='word_1_39' title='bbox 669 438 699 468; x_wconf 89' lang='lat' dir='ltr'><strong>et</strong></span> <span class='ocrx_word' id='word_1_40' title='bbox 726 439 783 474; x_wconf 89' lang='lat' dir='ltr'><strong>ipsi</strong></span> <span class='ocrx_word' id='word_1_41' title='bbox 803 437 974 474; x_wconf 83' lang='lat' dir='ltr'><strong>deceperunt</strong></span> <span class='ocrx_word' id='word_1_42' title='bbox 994 445 1037 465; x_wconf 87' lang='lat' dir='ltr'><strong>me</strong></span> <span class='ocrx_word' id='word_1_43' title='bbox 1051 448 1080 464; x_wconf 64' lang='grc' dir='ltr'><strong>ι.</strong></span> 
     </span>
    </p>

    <p class='ocr_par' dir='ltr' id='par_1_8' title="bbox 151 486 1120 1212">
     <span class='ocr_line' id='line_1_13' title="bbox 231 486 1114 528; baseline -0.008 -8"><span class='ocrx_word' id='word_1_44' title='bbox 231 491 379 528; x_wconf 78' lang='lat' dir='ltr'><strong>Sequitur:</strong></span> <span class='ocrx_word' id='word_1_45' title='bbox 406 489 554 528; x_wconf 80' lang='lat' dir='ltr'><em>Quomodo</em></span> <span class='ocrx_word' id='word_1_46' title='bbox 574 488 672 523; x_wconf 82' lang='lat' dir='ltr'><strong>sedet‚·</strong></span> <span class='ocrx_word' id='word_1_47' title='bbox 685 488 832 524; x_wconf 90' lang='lat' dir='ltr'><strong>quomodo,</strong></span> <span class='ocrx_word' id='word_1_48' title='bbox 854 487 963 523; x_wconf 87' lang='lat' dir='ltr'><strong>inquit,</strong></span> <span class='ocrx_word' id='word_1_49' title='bbox 986 486 1114 514; x_wconf 82' lang='lat' dir='ltr'><strong>admira-</strong></span> 
     </span>
     <span class='ocr_line' id='line_1_14' title="bbox 152 534 1115 576; baseline -0.007 -6"><span class='ocrx_word' id='word_1_50' title='bbox 152 542 222 576; x_wconf 83' lang='lat' dir='ltr'><strong>tive,</strong></span> <span class='ocrx_word' id='word_1_51' title='bbox 244 540 290 569; x_wconf 88' lang='lat' dir='ltr'><strong>vel</strong></span> <span class='ocrx_word' id='word_1_52' title='bbox 310 539 532 575; x_wconf 65' lang='lat' dir='ltr'><em>interrogative,</em></span> <span class='ocrx_word' id='word_1_53' title='bbox 565 538 610 567; x_wconf 88' lang='lat' dir='ltr'><strong>cui</strong></span> <span class='ocrx_word' id='word_1_54' title='bbox 631 537 790 573; x_wconf 86' lang='lat' dir='ltr'><strong>quaestioni</strong></span> <span class='ocrx_word' id='word_1_55' title='bbox 821 535 1009 572; x_wconf 89' lang='lat' dir='ltr'><strong>respondetur</strong></span> <span class='ocrx_word' id='word_1_56' title='bbox 1039 534 1115 563; x_wconf 83' lang='lat' dir='ltr'><strong>infra</strong></span> 
     </span>
     <span class='ocr_line' id='line_1_15' title="bbox 151 584 1116 623; baseline -0.008 -4"><span class='ocrx_word' id='word_1_57' title='bbox 151 588 284 620; x_wconf 89' lang='lat' dir='ltr'><strong>eodem¹:</strong></span> <span class='ocrx_word' id='word_1_58' title='bbox 306 589 467 618; x_wconf 84' lang='lat' dir='ltr'><strong>Peccatwm</strong></span> <span class='ocrx_word' id='word_1_59' title='bbox 491 586 625 623; x_wconf 79' lang='lat' dir='ltr'><strong>peccavit</strong></span> <span class='ocrx_word' id='word_1_60' title='bbox 652 585 831 621; x_wconf 79' lang='lat' dir='ltr'><em>Ierusalem,</em></span> <span class='ocrx_word' id='word_1_61' title='bbox 858 585 978 614; x_wconf 89' lang='lat' dir='ltr'><strong>mortem</strong></span> <span class='ocrx_word' id='word_1_62' title='bbox 1009 584 1116 612; x_wconf 86' lang='lat' dir='ltr'><strong>scilicet</strong></span> 
     </span>
     <span class='ocr_line' id='line_1_16' title="bbox 151 633 1115 672; baseline -0.008 -4"><span class='ocrx_word' id='word_1_63' title='bbox 151 638 323 672; x_wconf 79' lang='lat' dir='ltr'><strong>Salvatoris3</strong></span> <span class='ocrx_word' id='word_1_64' title='bbox 352 637 397 665; x_wconf 87' lang='lat' dir='ltr'><strong>vel</strong></span> <span class='ocrx_word' id='word_1_65' title='bbox 428 637 495 672; x_wconf 91' lang='lat' dir='ltr'><strong>quia</strong></span> <span class='ocrx_word' id='word_1_66' title='bbox 520 647 535 661; x_wconf 76' lang='grc' dir='ltr'><em>α</em></span> <span class='ocrx_word' id='word_1_67' title='bbox 549 643 606 664; x_wconf 88' lang='grc'><strong>000</strong></span> <span class='ocrx_word' id='word_1_68' title='bbox 637 634 770 671; x_wconf 86' lang='lat' dir='ltr'><strong>cognovit</strong></span> <span class='ocrx_word' id='word_1_69' title='bbox 801 634 914 670; x_wconf 89' lang='lat' dir='ltr'><strong>tempus</strong></span> <span class='ocrx_word' id='word_1_70' title='bbox 942 633 1115 661; x_wconf 76' lang='lat' dir='ltr'><strong>visitationis</strong></span> 
     </span>
     <span class='ocr_line' id='line_1_17' title="bbox 152 683 1116 720; baseline -0.007 -4"><span class='ocrx_word' id='word_1_71' title='bbox 152 696 259 716; x_wconf 75' lang='lat' dir='ltr'><strong>suae».</strong></span> <span class='ocrx_word' id='word_1_72' title='bbox 279 686 316 715; x_wconf 93' lang='lat' dir='ltr'><strong>In</strong></span> <span class='ocrx_word' id='word_1_73' title='bbox 336 686 463 715; x_wconf 79' lang='lat' dir='ltr'><strong>sessione</strong></span> <span class='ocrx_word' id='word_1_74' title='bbox 483 684 599 713; x_wconf 84' lang='lat' dir='ltr'><strong>deiectio</strong></span> <span class='ocrx_word' id='word_1_75' title='bbox 620 683 808 720; x_wconf 80' lang='lat' dir='ltr'><strong>intelligitur,</strong></span> <span class='ocrx_word' id='word_1_76' title='bbox 830 683 897 719; x_wconf 88' lang='lat' dir='ltr'><strong>quia</strong></span> <span class='ocrx_word' id='word_1_77' title='bbox 911 683 991 711; x_wconf 82' lang='lat' dir='ltr'><strong>stare</strong></span> <span class='ocrx_word' id='word_1_78' title='bbox 1005 690 1055 717; x_wconf 89' lang='lat' dir='ltr'><strong>per</strong></span> <span class='ocrx_word' id='word_1_79' title='bbox 1069 689 1116 717; x_wconf 91' lang='lat' dir='ltr'><strong>po-</strong></span> 
     </span>
     <span class='ocr_line' id='line_1_18' title="bbox 152 730 1116 770; baseline -0.006 -6"><span class='ocrx_word' id='word_1_80' title='bbox 152 735 273 765; x_wconf 88' lang='lat' dir='ltr'><strong>tentiam</strong></span> <span class='ocrx_word' id='word_1_81' title='bbox 303 734 388 763; x_wconf 91' lang='lat' dir='ltr'><strong>solita</strong></span> <span class='ocrx_word' id='word_1_82' title='bbox 413 733 517 762; x_wconf 86' lang='lat' dir='ltr'><strong>fuerat.</strong></span> <span class='ocrx_word' id='word_1_83' title='bbox 553 732 718 770; x_wconf 78' lang='lat' dir='ltr'><strong>Quomodo,</strong></span> <span class='ocrx_word' id='word_1_84' title='bbox 750 731 860 767; x_wconf 85' lang='lat' dir='ltr'><strong>inquit,</strong></span> <span class='ocrx_word' id='word_1_85' title='bbox 882 739 939 767; x_wconf 91' lang='lat' dir='ltr'><strong>qua</strong></span> <span class='ocrx_word' id='word_1_86' title='bbox 966 730 999 759; x_wconf 90' lang='lat' dir='ltr'><strong>de</strong></span> <span class='ocrx_word' id='word_1_87' title='bbox 1030 738 1116 759; x_wconf 88' lang='lat' dir='ltr'><strong>causa</strong></span> 
     </span>
     <span class='ocr_line' id='line_1_19' title="bbox 152 778 1117 819; baseline -0.006 -6"><span class='ocrx_word' id='word_1_88' title='bbox 152 784 218 813; x_wconf 83' lang='lat' dir='ltr'><strong>sola</strong></span> <span class='ocrx_word' id='word_1_89' title='bbox 238 784 356 819; x_wconf 82' lang='lat' dir='ltr'><strong>civitas,</strong></span> <span class='ocrx_word' id='word_1_90' title='bbox 374 782 468 818; x_wconf 78' lang='lat' dir='ltr'><strong>plena</strong></span> <span class='ocrx_word' id='word_1_91' title='bbox 482 781 606 817; x_wconf 75' lang='lat' dir='ltr'><strong>populo,</strong></span> <span class='ocrx_word' id='word_1_92' title='bbox 629 781 696 809; x_wconf 90' lang='lat' dir='ltr'><strong>olim</strong></span> <span class='ocrx_word' id='word_1_93' title='bbox 712 781 806 816; x_wconf 76' lang='lat' dir='ltr'><strong>plena</strong></span> <span class='ocrx_word' id='word_1_94' title='bbox 827 779 953 815; x_wconf 88' lang='lat' dir='ltr'><strong>tempore</strong></span> <span class='ocrx_word' id='word_1_95' title='bbox 975 779 1067 807; x_wconf 89' lang='lat' dir='ltr'><strong>David</strong></span> <span class='ocrx_word' id='word_1_96' title='bbox 1087 778 1117 807; x_wconf 89' lang='lat' dir='ltr'><strong>et</strong></span> 
     </span>
     <span class='ocr_line' id='line_1_20' title="bbox 152 829 1117 867; baseline -0.006 -5"><span class='ocrx_word' id='word_1_97' title='bbox 152 833 325 867; x_wconf 89' lang='lat' dir='ltr'><strong>Salomonis,</strong></span> <span class='ocrx_word' id='word_1_98' title='bbox 347 832 427 861; x_wconf 88' lang='lat' dir='ltr'><strong>modo</strong></span> <span class='ocrx_word' id='word_1_99' title='bbox 447 831 528 867; x_wconf 86' lang='lat' dir='ltr'><strong>sola,</strong></span> <span class='ocrx_word' id='word_1_100' title='bbox 550 831 655 866; x_wconf 92' lang='lat' dir='ltr'><strong>populo</strong></span> <span class='ocrx_word' id='word_1_101' title='bbox 686 831 746 859; x_wconf 87' lang='lat' dir='ltr'><strong>eius</strong></span> <span class='ocrx_word' id='word_1_102' title='bbox 774 830 804 858; x_wconf 89' lang='lat' dir='ltr'><strong>in</strong></span> <span class='ocrx_word' id='word_1_103' title='bbox 835 829 1117 865; x_wconf 80' lang='lat' dir='ltr'><strong>transmigrationem</strong></span> 
     </span>
     <span class='ocr_line' id='line_1_21' title="bbox 153 878 1117 915; baseline -0.005 -5"><span class='ocrx_word' id='word_1_104' title='bbox 153 881 245 911; x_wconf 88' lang='lat' dir='ltr'><strong>ducto.</strong></span> <span class='ocrx_word' id='word_1_105' title='bbox 267 881 347 910; x_wconf 88' lang='lat' dir='ltr'><strong>Unde</strong></span> <span class='ocrx_word' id='word_1_106' title='bbox 367 880 521 909; x_wconf 89' lang='lat' dir='ltr'><strong>secundum</strong></span> <span class='ocrx_word' id='word_1_107' title='bbox 542 878 695 908; x_wconf 76' lang='lat' dir='ltr'><strong>Glossam²</strong></span> <span class='ocrx_word' id='word_1_108' title='bbox 717 878 762 907; x_wconf 87' lang='lat' dir='ltr'><strong>est</strong></span> <span class='ocrx_word' id='word_1_109' title='bbox 791 878 837 907; x_wconf 86' lang='lat' dir='ltr'><strong>hic</strong></span> <span class='ocrx_word' id='word_1_110' title='bbox 858 878 976 915; x_wconf 75' lang='lat' dir='ltr'><strong>primus</strong></span> <span class='ocrx_word' id='word_1_111' title='bbox 997 885 1117 913; x_wconf 79' lang='lat' dir='ltr'><strong>conque-</strong></span> 
     </span>
     <span class='ocr_line' id='line_1_22' title="bbox 152 927 1118 966; baseline -0.005 -7"><span class='ocrx_word' id='word_1_112' title='bbox 152 931 257 960; x_wconf 76' lang='lat' dir='ltr'><strong>stionis</strong></span> <span class='ocrx_word' id='word_1_113' title='bbox 278 930 373 966; x_wconf 78' lang='lat' dir='ltr'><strong>locus,</strong></span> <span class='ocrx_word' id='word_1_114' title='bbox 400 937 477 965; x_wconf 75' lang='lat' dir='ltr'><strong>«per</strong></span> <span class='ocrx_word' id='word_1_115' title='bbox 494 937 577 965; x_wconf 89' lang='lat' dir='ltr'><strong>quem</strong></span> <span class='ocrx_word' id='word_1_116' title='bbox 597 929 627 957; x_wconf 92' lang='lat' dir='ltr'><strong>in</strong></span> <span class='ocrx_word' id='word_1_117' title='bbox 642 928 744 965; x_wconf 91' lang='lat' dir='ltr'><strong>quibus</strong></span> <span class='ocrx_word' id='word_1_118' title='bbox 765 928 846 957; x_wconf 90' lang='lat' dir='ltr'><strong>bonis</strong></span> <span class='ocrx_word' id='word_1_119' title='bbox 869 927 963 956; x_wconf 82' lang='lat' dir='ltr'><strong>fuerat</strong></span> <span class='ocrx_word' id='word_1_120' title='bbox 990 927 1019 954; x_wconf 86' lang='lat' dir='ltr'><strong>et</strong></span> <span class='ocrx_word' id='word_1_121' title='bbox 1042 935 1118 955; x_wconf 90' lang='lat' dir='ltr'><strong>nunc</strong></span> 
     </span>
     <span class='ocr_line' id='line_1_23' title="bbox 153 975 1118 1015; baseline -0.005 -7"><span class='ocrx_word' id='word_1_122' title='bbox 153 980 184 1008; x_wconf 89' lang='lat' dir='ltr'><strong>in</strong></span> <span class='ocrx_word' id='word_1_123' title='bbox 204 978 307 1015; x_wconf 90' lang='lat' dir='ltr'><strong>quibus</strong></span> <span class='ocrx_word' id='word_1_124' title='bbox 327 979 411 1007; x_wconf 85' lang='lat' dir='ltr'><strong>malis</strong></span> <span class='ocrx_word' id='word_1_125' title='bbox 432 978 531 1013; x_wconf 80' lang='lat' dir='ltr'><strong>fuerit,</strong></span> <span class='ocrx_word' id='word_1_126' title='bbox 553 977 716 1006; x_wconf 81' lang='lat' dir='ltr'><strong>declaratur</strong></span> <span class='ocrx_word' id='word_1_127' title='bbox 730 988 758 1004; x_wconf 82' lang='lat'><strong>».</strong></span> <span class='ocrx_word' id='word_1_128' title='bbox 774 976 827 1005; x_wconf 91' lang='lat' dir='ltr'><strong>Vel</strong></span> <span class='ocrx_word' id='word_1_129' title='bbox 836 976 930 1012; x_wconf 77' lang='lat' dir='ltr'><strong>plena</strong></span> <span class='ocrx_word' id='word_1_130' title='bbox 945 975 1016 1009; x_wconf 90' lang='lat' dir='ltr'><strong>erat,</strong></span> <span class='ocrx_word' id='word_1_131' title='bbox 1032 983 1118 1011; x_wconf 85' lang='lat' dir='ltr'><strong>quan-</strong></span> 
     </span>
     <span class='ocr_line' id='line_1_24' title="bbox 153 1024 1119 1063; baseline -0.005 -6"><span class='ocrx_word' id='word_1_132' title='bbox 153 1028 215 1057; x_wconf 90' lang='lat' dir='ltr'><strong>tum</strong></span> <span class='ocrx_word' id='word_1_133' title='bbox 229 1028 265 1056; x_wconf 88' lang='lat' dir='ltr'><strong>ad</strong></span> <span class='ocrx_word' id='word_1_134' title='bbox 279 1028 500 1062; x_wconf 78' lang='lat' dir='ltr'><strong>multitudinem,</strong></span> <span class='ocrx_word' id='word_1_135' title='bbox 516 1028 545 1056; x_wconf 89' lang='lat' dir='ltr'><strong>et</strong></span> <span class='ocrx_word' id='word_1_136' title='bbox 558 1027 631 1063; x_wconf 85' lang='lat' dir='ltr'><strong>sola,</strong></span> <span class='ocrx_word' id='word_1_137' title='bbox 647 1028 713 1063; x_wconf 87' lang='lat' dir='ltr'><strong>quia</strong></span> <span class='ocrx_word' id='word_1_138' title='bbox 734 1026 786 1055; x_wconf 86' lang='lat' dir='ltr'><strong>Dei</strong></span> <span class='ocrx_word' id='word_1_139' title='bbox 807 1026 979 1055; x_wconf 80' lang='lat' dir='ltr'><strong>adititorium</strong></span> <span class='ocrx_word' id='word_1_140' title='bbox 1000 1033 1056 1053; x_wconf 91' lang='lat' dir='ltr'><strong>non</strong></span> <span class='ocrx_word' id='word_1_141' title='bbox 1070 1024 1119 1052; x_wconf 90' lang='lat' dir='ltr'><strong>ha-</strong></span> 
     </span>
     <span class='ocr_line' id='line_1_25' title="bbox 153 1073 1120 1111; baseline -0.005 -5"><span class='ocrx_word' id='word_1_142' title='bbox 153 1077 247 1106; x_wconf 89' lang='lat' dir='ltr'><strong>bebat.</strong></span> <span class='ocrx_word' id='word_1_143' title='bbox 268 1077 394 1106; x_wconf 89' lang='lat' dir='ltr'><strong>Econtra</strong></span> <span class='ocrx_word' id='word_1_144' title='bbox 414 1085 471 1106; x_wconf 92' lang='lat' dir='ltr'><strong>non</strong></span> <span class='ocrx_word' id='word_1_145' title='bbox 493 1076 537 1105; x_wconf 91' lang='lat' dir='ltr'><strong>est</strong></span> <span class='ocrx_word' id='word_1_146' title='bbox 558 1077 636 1105; x_wconf 89' lang='lat' dir='ltr'><strong>solus</strong></span> <span class='ocrx_word' id='word_1_147' title='bbox 657 1084 720 1104; x_wconf 91' lang='lat' dir='ltr'><strong>cum</strong></span> <span class='ocrx_word' id='word_1_148' title='bbox 742 1083 796 1111; x_wconf 86' lang='lat' dir='ltr'><strong>quo</strong></span> <span class='ocrx_word' id='word_1_149' title='bbox 817 1074 862 1103; x_wconf 89' lang='lat' dir='ltr'><strong>est</strong></span> <span class='ocrx_word' id='word_1_150' title='bbox 882 1074 972 1108; x_wconf 89' lang='lat' dir='ltr'><strong>Deus,</strong></span> <span class='ocrx_word' id='word_1_151' title='bbox 998 1074 1031 1102; x_wconf 90' lang='lat' dir='ltr'><strong>ut</strong></span> <span class='ocrx_word' id='word_1_152' title='bbox 1051 1073 1120 1102; x_wconf 87' lang='lat' dir='ltr'><strong>dicit</strong></span> 
     </span>
     <span class='ocr_line' id='line_1_26' title="bbox 154 1123 1120 1163; baseline -0.005 -7"><span class='ocrx_word' id='word_1_153' title='bbox 154 1125 278 1163; x_wconf 77' lang='lat' dir='ltr'><strong>Hugo⁸3</strong></span> <span class='ocrx_word' id='word_1_154' title='bbox 300 1127 329 1155; x_wconf 89' lang='lat' dir='ltr'><strong>et</strong></span> <span class='ocrx_word' id='word_1_155' title='bbox 349 1127 379 1155; x_wconf 90' lang='lat' dir='ltr'><strong>in</strong></span> <span class='ocrx_word' id='word_1_156' title='bbox 409 1126 565 1155; x_wconf 84' lang='lat' dir='ltr'><strong>Paradoxis</strong></span> <span class='ocrx_word' id='word_1_157' title='bbox 594 1125 711 1154; x_wconf 89' lang='lat' dir='ltr'><strong>dicitur:</strong></span> <span class='ocrx_word' id='word_1_158' title='bbox 734 1124 889 1160; x_wconf 85' lang='lat' dir='ltr'><strong>Nunquam</strong></span> <span class='ocrx_word' id='word_1_159' title='bbox 921 1125 1014 1152; x_wconf 87' lang='lat' dir='ltr'><strong>minus</strong></span> <span class='ocrx_word' id='word_1_160' title='bbox 1042 1123 1120 1152; x_wconf 89' lang='lat' dir='ltr'><strong>solus</strong></span> 
     </span>
     <span class='ocr_line' id='line_1_27' title="bbox 155 1176 618 1212; baseline -0.004 -8"><span class='ocrx_word' id='word_1_161' title='bbox 155 1184 233 1210; x_wconf 91' lang='lat' dir='ltr'><strong>sum,</strong></span> <span class='ocrx_word' id='word_1_162' title='bbox 256 1184 341 1212; x_wconf 91' lang='lat' dir='ltr'><strong>quam</strong></span> <span class='ocrx_word' id='word_1_163' title='bbox 362 1184 424 1204; x_wconf 90' lang='lat' dir='ltr'><strong>cum</strong></span> <span class='ocrx_word' id='word_1_164' title='bbox 447 1176 524 1204; x_wconf 92' lang='lat' dir='ltr'><strong>solus</strong></span> <span class='ocrx_word' id='word_1_165' title='bbox 546 1183 618 1203; x_wconf 90' lang='lat' dir='ltr'><strong>sum.</strong></span> 
     </span>
    </p>

    <p class='ocr_par' dir='ltr' id='par_1_9' title="bbox 154 1221 1123 1845">
     <span class='ocr_line' id='line_1_28' title="bbox 234 1221 1121 1260; baseline -0.006 -7"><span class='ocrx_word' id='word_1_166' title='bbox 234 1224 263 1252; x_wconf 87' lang='lat'><strong>3.</strong></span> <span class='ocrx_word' id='word_1_167' title='bbox 284 1224 470 1260; x_wconf 79' lang='lat' dir='ltr'><strong>Alleyorice:</strong></span> <span class='ocrx_word' id='word_1_168' title='bbox 487 1223 598 1252; x_wconf 76' lang='lat' dir='ltr'><strong>Civitas</strong></span> <span class='ocrx_word' id='word_1_169' title='bbox 614 1223 707 1258; x_wconf 80' lang='lat' dir='ltr'><strong>plena</strong></span> <span class='ocrx_word' id='word_1_170' title='bbox 722 1222 835 1258; x_wconf 78' lang='lat' dir='ltr'><strong>populo</strong></span> <span class='ocrx_word' id='word_1_171' title='bbox 856 1221 935 1250; x_wconf 86' lang='lat' dir='ltr'><strong>sedet</strong></span> <span class='ocrx_word' id='word_1_172' title='bbox 955 1221 1032 1255; x_wconf 84' lang='lat' dir='ltr'><strong>sola,</strong></span> <span class='ocrx_word' id='word_1_173' title='bbox 1055 1221 1121 1257; x_wconf 88' lang='lat' dir='ltr'><strong>quia</strong></span> 
     </span>
     <span class='ocr_line' id='line_1_29' title="bbox 154 1269 1121 1307; baseline -0.003 -6"><span class='ocrx_word' id='word_1_174' title='bbox 154 1273 239 1301; x_wconf 91' lang='lat' dir='ltr'><strong>multi</strong></span> <span class='ocrx_word' id='word_1_175' title='bbox 259 1272 329 1301; x_wconf 87' lang='lat' dir='ltr'><strong>sunt</strong></span> <span class='ocrx_word' id='word_1_176' title='bbox 349 1272 505 1301; x_wconf 82' lang='lat' dir='ltr'><strong>Christiani</strong></span> <span class='ocrx_word' id='word_1_177' title='bbox 525 1280 658 1306; x_wconf 84' lang='lat' dir='ltr'><strong>numero,</strong></span> <span class='ocrx_word' id='word_1_178' title='bbox 681 1272 763 1307; x_wconf 88' lang='lat' dir='ltr'><strong>pauci</strong></span> <span class='ocrx_word' id='word_1_179' title='bbox 778 1271 895 1305; x_wconf 88' lang='lat' dir='ltr'><strong>merit0;</strong></span> <span class='ocrx_word' id='word_1_180' title='bbox 910 1271 939 1298; x_wconf 91' lang='lat' dir='ltr'><strong>in</strong></span> <span class='ocrx_word' id='word_1_181' title='bbox 954 1271 1034 1299; x_wconf 89' lang='lat' dir='ltr'><strong>cuius</strong></span> <span class='ocrx_word' id='word_1_182' title='bbox 1048 1269 1121 1305; x_wconf 87' lang='lat' dir='ltr'><strong>figu-</strong></span> 
     </span>
     <span class='ocr_line' id='line_1_30' title="bbox 155 1319 1122 1357; baseline -0.003 -8"><span class='ocrx_word' id='word_1_183' title='bbox 155 1329 217 1349; x_wconf 89' lang='lat' dir='ltr'><strong>ram</strong></span> <span class='ocrx_word' id='word_1_184' title='bbox 230 1321 333 1350; x_wconf 90' lang='lat' dir='ltr'><strong>dicitur</strong></span> <span class='ocrx_word' id='word_1_185' title='bbox 347 1321 452 1357; x_wconf 88' lang='lat' dir='ltr'><strong>optime</strong></span> <span class='ocrx_word' id='word_1_186' title='bbox 466 1322 495 1349; x_wconf 89' lang='lat' dir='ltr'><strong>in</strong></span> <span class='ocrx_word' id='word_1_187' title='bbox 510 1321 587 1349; x_wconf 90' lang='lat' dir='ltr'><strong>Luca</strong></span> <span class='ocrx_word' id='word_1_188' title='bbox 598 1319 622 1348; x_wconf 74' lang='lat'><strong>⁴:</strong></span> <span class='ocrx_word' id='word_1_189' title='bbox 650 1332 665 1346; x_wconf 84' lang='lat'>«</span> <span class='ocrx_word' id='word_1_190' title='bbox 679 1320 730 1349; x_wconf 91' lang='lat' dir='ltr'><strong>Ait</strong></span> <span class='ocrx_word' id='word_1_191' title='bbox 743 1321 840 1349; x_wconf 88' lang='lat' dir='ltr'><strong>Iesus:</strong></span> <span class='ocrx_word' id='word_1_192' title='bbox 864 1319 932 1354; x_wconf 83' lang='lat' dir='ltr'><strong>Quis</strong></span> <span class='ocrx_word' id='word_1_193' title='bbox 946 1328 990 1348; x_wconf 92' lang='lat' dir='ltr'><strong>me</strong></span> <span class='ocrx_word' id='word_1_194' title='bbox 1005 1319 1122 1355; x_wconf 78' lang='lat' dir='ltr'><strong>tetigit?</strong></span> 
     </span>
     <span class='ocr_line' id='line_1_31' title="bbox 155 1368 1122 1405; baseline -0.003 -7"><span class='ocrx_word' id='word_1_195' title='bbox 155 1369 335 1405; x_wconf 87' lang='lat' dir='ltr'><strong>Negantibus</strong></span> <span class='ocrx_word' id='word_1_196' title='bbox 355 1370 451 1398; x_wconf 89' lang='lat' dir='ltr'><strong>autem</strong></span> <span class='ocrx_word' id='word_1_197' title='bbox 472 1369 617 1403; x_wconf 85' lang='lat' dir='ltr'><strong>omnibus,</strong></span> <span class='ocrx_word' id='word_1_198' title='bbox 639 1369 710 1397; x_wconf 83' lang='lat' dir='ltr'><strong>dixit</strong></span> <span class='ocrx_word' id='word_1_199' title='bbox 730 1369 835 1397; x_wconf 89' lang='lat' dir='ltr'><strong>Petrus</strong></span> <span class='ocrx_word' id='word_1_200' title='bbox 856 1368 885 1396; x_wconf 87' lang='lat' dir='ltr'><strong>et</strong></span> <span class='ocrx_word' id='word_1_201' title='bbox 913 1369 961 1404; x_wconf 90' lang='lat' dir='ltr'><strong>qui</strong></span> <span class='ocrx_word' id='word_1_202' title='bbox 988 1376 1052 1396; x_wconf 91' lang='lat' dir='ltr'><strong>cum</strong></span> <span class='ocrx_word' id='word_1_203' title='bbox 1073 1368 1122 1396; x_wconf 91' lang='lat' dir='ltr'><strong>illo</strong></span> 
     </span>
     <span class='ocr_line' id='line_1_32' title="bbox 155 1416 1122 1453; baseline -0.001 -8"><span class='ocrx_word' id='word_1_204' title='bbox 155 1417 251 1445; x_wconf 87' lang='lat' dir='ltr'><strong>erant:</strong></span> <span class='ocrx_word' id='word_1_205' title='bbox 267 1417 452 1453; x_wconf 76' lang='lat' dir='ltr'><strong>Praeceptor,</strong></span> <span class='ocrx_word' id='word_1_206' title='bbox 473 1418 574 1446; x_wconf 80' lang='lat' dir='ltr'><strong>turbae</strong></span> <span class='ocrx_word' id='word_1_207' title='bbox 589 1418 618 1446; x_wconf 86' lang='lat' dir='ltr'><strong>te</strong></span> <span class='ocrx_word' id='word_1_208' title='bbox 631 1417 837 1453; x_wconf 89' lang='lat' dir='ltr'><strong>comprimunt,</strong></span> <span class='ocrx_word' id='word_1_209' title='bbox 853 1416 882 1445; x_wconf 87' lang='lat' dir='ltr'><strong>et</strong></span> <span class='ocrx_word' id='word_1_210' title='bbox 896 1416 980 1444; x_wconf 86' lang='lat' dir='ltr'><strong>dicis:</strong></span> <span class='ocrx_word' id='word_1_211' title='bbox 996 1416 1064 1450; x_wconf 79' lang='lat' dir='ltr'><strong>Quis</strong></span> <span class='ocrx_word' id='word_1_212' title='bbox 1079 1424 1122 1444; x_wconf 87' lang='lat' dir='ltr'><strong>me</strong></span> 
     </span>
     <span class='ocr_line' id='line_1_33' title="bbox 156 1465 1122 1502; baseline -0.001 -8"><span class='ocrx_word' id='word_1_213' title='bbox 156 1466 273 1502; x_wconf 81' lang='lat' dir='ltr'><strong>tetigit?</strong></span> <span class='ocrx_word' id='word_1_214' title='bbox 293 1466 332 1494; x_wconf 91' lang='lat' dir='ltr'><strong>Et</strong></span> <span class='ocrx_word' id='word_1_215' title='bbox 352 1466 423 1494; x_wconf 81' lang='lat' dir='ltr'><strong>dixit</strong></span> <span class='ocrx_word' id='word_1_216' title='bbox 443 1466 540 1494; x_wconf 88' lang='lat' dir='ltr'><strong>Iesus:</strong></span> <span class='ocrx_word' id='word_1_217' title='bbox 563 1465 670 1502; x_wconf 80' lang='lat' dir='ltr'><strong>Tetigit</strong></span> <span class='ocrx_word' id='word_1_218' title='bbox 685 1474 728 1494; x_wconf 91' lang='lat' dir='ltr'><strong>me</strong></span> <span class='ocrx_word' id='word_1_219' title='bbox 742 1465 862 1501; x_wconf 72' lang='lat' dir='ltr'><strong>aliquis,</strong></span> <span class='ocrx_word' id='word_1_220' title='bbox 884 1473 950 1494; x_wconf 92' lang='lat' dir='ltr'><strong>nam</strong></span> <span class='ocrx_word' id='word_1_221' title='bbox 966 1465 995 1493; x_wconf 86' lang='lat' dir='ltr'><strong>et</strong></span> <span class='ocrx_word' id='word_1_222' title='bbox 1008 1473 1060 1501; x_wconf 91' lang='lat' dir='ltr'><strong>ego</strong></span> <span class='ocrx_word' id='word_1_223' title='bbox 1081 1473 1122 1493; x_wconf 91' lang='lat' dir='ltr'><strong>co-</strong></span> 
     </span>
     <span class='ocr_line' id='line_1_34' title="bbox 155 1507 1123 1551; baseline -0.003 -8"><span class='ocrx_word' id='word_1_224' title='bbox 155 1516 256 1551; x_wconf 88' lang='lat' dir='ltr'><strong>gnovi,</strong></span> <span class='ocrx_word' id='word_1_225' title='bbox 278 1514 415 1543; x_wconf 82' lang='lat' dir='ltr'><strong>virtutem</strong></span> <span class='ocrx_word' id='word_1_226' title='bbox 435 1515 469 1543; x_wconf 91' lang='lat' dir='ltr'><strong>de</strong></span> <span class='ocrx_word' id='word_1_227' title='bbox 490 1507 544 1543; x_wconf 55' lang='lat' dir='ltr'><strong>me*</strong></span> <span class='ocrx_word' id='word_1_228' title='bbox 559 1515 659 1542; x_wconf 77' lang='lat' dir='ltr'><strong>exiisse</strong></span> <span class='ocrx_word' id='word_1_229' title='bbox 673 1526 702 1542; x_wconf 80' lang='grc'><strong>».</strong></span> <span class='ocrx_word' id='word_1_230' title='bbox 725 1514 857 1542; x_wconf 86' lang='lat' dir='ltr'><strong>Christus</strong></span> <span class='ocrx_word' id='word_1_231' title='bbox 890 1513 1073 1549; x_wconf 84' lang='lat' dir='ltr'><strong>premebatur</strong></span> <span class='ocrx_word' id='word_1_232' title='bbox 1094 1513 1123 1541; x_wconf 85' lang='lat' dir='ltr'><strong>et</strong></span> 
     </span>
     <span class='ocr_line' id='line_1_35' title="bbox 156 1561 1123 1599; baseline -0.003 -7"><span class='ocrx_word' id='word_1_233' title='bbox 156 1564 192 1592; x_wconf 87' lang='lat' dir='ltr'><strong>ab</strong></span> <span class='ocrx_word' id='word_1_234' title='bbox 213 1564 311 1597; x_wconf 91' lang='lat' dir='ltr'><strong>unica,</strong></span> <span class='ocrx_word' id='word_1_235' title='bbox 333 1571 404 1599; x_wconf 86' lang='lat' dir='ltr'><strong>quae</strong></span> <span class='ocrx_word' id='word_1_236' title='bbox 425 1562 562 1591; x_wconf 87' lang='lat' dir='ltr'><strong>virtutem</strong></span> <span class='ocrx_word' id='word_1_237' title='bbox 583 1563 643 1591; x_wconf 90' lang='lat' dir='ltr'><strong>eius</strong></span> <span class='ocrx_word' id='word_1_238' title='bbox 664 1562 804 1598; x_wconf 82' lang='lat' dir='ltr'><strong>suscepit,</strong></span> <span class='ocrx_word' id='word_1_239' title='bbox 827 1570 856 1590; x_wconf 91' lang='lat' dir='ltr'><strong>se</strong></span> <span class='ocrx_word' id='word_1_240' title='bbox 885 1562 995 1590; x_wconf 89' lang='lat' dir='ltr'><strong>tactum</strong></span> <span class='ocrx_word' id='word_1_241' title='bbox 1016 1561 1123 1590; x_wconf 86' lang='lat' dir='ltr'><strong>fateba-</strong></span> 
     </span>
     <span class='ocr_line' id='line_1_36' title="bbox 158 1610 1122 1648; baseline -0.003 -7"><span class='ocrx_word' id='word_1_242' title='bbox 158 1614 215 1641; x_wconf 87' lang='lat' dir='ltr'><strong>tur.</strong></span> <span class='ocrx_word' id='word_1_243' title='bbox 237 1612 274 1641; x_wconf 89' lang='lat' dir='ltr'><strong>In</strong></span> <span class='ocrx_word' id='word_1_244' title='bbox 295 1612 440 1648; x_wconf 86' lang='lat' dir='ltr'><strong>primitiva</strong></span> <span class='ocrx_word' id='word_1_245' title='bbox 468 1611 594 1639; x_wconf 86' lang='lat' dir='ltr'><strong>Ecclesia</strong></span> <span class='ocrx_word' id='word_1_246' title='bbox 614 1610 698 1639; x_wconf 89' lang='lat' dir='ltr'><strong>erant</strong></span> <span class='ocrx_word' id='word_1_247' title='bbox 718 1610 771 1638; x_wconf 90' lang='lat' dir='ltr'><strong>sub</strong></span> <span class='ocrx_word' id='word_1_248' title='bbox 792 1610 914 1639; x_wconf 90' lang='lat' dir='ltr'><strong>dominio</strong></span> <span class='ocrx_word' id='word_1_249' title='bbox 935 1610 1122 1646; x_wconf 82' lang='lat' dir='ltr'><strong>tyrannorum</strong></span> 
     </span>
     <span class='ocr_line' id='line_1_37' title="bbox 159 1659 1119 1696; baseline -0.004 -6"><span class='ocrx_word' id='word_1_250' title='bbox 159 1661 314 1690; x_wconf 86' lang='lat' dir='ltr'><strong>Christiani</strong></span> <span class='ocrx_word' id='word_1_251' title='bbox 335 1669 451 1690; x_wconf 91' lang='lat' dir='ltr'><strong>numero</strong></span> <span class='ocrx_word' id='word_1_252' title='bbox 473 1660 570 1696; x_wconf 83' lang='lat' dir='ltr'><strong>pauci,</strong></span> <span class='ocrx_word' id='word_1_253' title='bbox 593 1660 642 1688; x_wconf 90' lang='lat' dir='ltr'><strong>sed</strong></span> <span class='ocrx_word' id='word_1_254' title='bbox 663 1660 855 1695; x_wconf 85' lang='lat' dir='ltr'><strong>comparative</strong></span> <span class='ocrx_word' id='word_1_255' title='bbox 870 1659 962 1687; x_wconf 89' lang='lat' dir='ltr'><strong>sancti</strong></span> <span class='ocrx_word' id='word_1_256' title='bbox 976 1659 1005 1687; x_wconf 90' lang='lat' dir='ltr'><strong>et</strong></span> <span class='ocrx_word' id='word_1_257' title='bbox 1019 1659 1119 1693; x_wconf 87' lang='lat' dir='ltr'><strong>multi;</strong></span> 
     </span>
     <span class='ocr_line' id='line_1_38' title="bbox 158 1707 1123 1743; baseline -0.005 -3"><span class='ocrx_word' id='word_1_258' title='bbox 158 1719 234 1740; x_wconf 90' lang='lat' dir='ltr'><strong>nunc</strong></span> <span class='ocrx_word' id='word_1_259' title='bbox 264 1710 360 1739; x_wconf 88' lang='lat' dir='ltr'><strong>autem</strong></span> <span class='ocrx_word' id='word_1_260' title='bbox 381 1710 425 1739; x_wconf 88' lang='lat' dir='ltr'><strong>est</strong></span> <span class='ocrx_word' id='word_1_261' title='bbox 446 1719 460 1739; x_wconf 89' lang='lat' dir='ltr'><strong>e</strong></span> <span class='ocrx_word' id='word_1_262' title='bbox 488 1717 632 1739; x_wconf 86' lang='lat' dir='ltr'><strong>converso.</strong></span> <span class='ocrx_word' id='word_1_263' title='bbox 653 1725 694 1729; x_wconf 94' lang='lat'><strong>—-</strong></span> <span class='ocrx_word' id='word_1_264' title='bbox 713 1708 876 1737; x_wconf 67' lang='lat' dir='ltr'><strong>Moraliter</strong></span> <span class='ocrx_word' id='word_1_265' title='bbox 906 1709 1002 1736; x_wconf 91' lang='lat' dir='ltr'><strong>anima</strong></span> <span class='ocrx_word' id='word_1_266' title='bbox 1028 1707 1123 1743; x_wconf 76' lang='lat' dir='ltr'><strong>plena</strong></span> 
     </span>
     <span class='ocr_line' id='line_1_39' title="bbox 159 1756 1122 1796; baseline -0.006 -7"><span class='ocrx_word' id='word_1_267' title='bbox 159 1761 203 1789; x_wconf 78' lang='lat' dir='ltr'><strong>est</strong></span> <span class='ocrx_word' id='word_1_268' title='bbox 217 1760 330 1796; x_wconf 77' lang='lat' dir='ltr'><strong>populo</strong></span> <span class='ocrx_word' id='word_1_269' title='bbox 361 1759 610 1788; x_wconf 89' lang='lat' dir='ltr'><strong>innumerabilium</strong></span> <span class='ocrx_word' id='word_1_270' title='bbox 631 1757 883 1794; x_wconf 83' lang='lat' dir='ltr'><strong>phantasmatum,</strong></span> <span class='ocrx_word' id='word_1_271' title='bbox 910 1756 939 1784; x_wconf 90' lang='lat' dir='ltr'><strong>et</strong></span> <span class='ocrx_word' id='word_1_272' title='bbox 969 1756 1034 1785; x_wconf 83' lang='lat' dir='ltr'><strong>sola</strong></span> <span class='ocrx_word' id='word_1_273' title='bbox 1064 1757 1122 1791; x_wconf 82' lang='lat' dir='ltr'><strong>est,</strong></span> 
     </span>
     <span class='ocr_line' id='line_1_40' title="bbox 159 1806 877 1845; baseline -0.006 -7"><span class='ocrx_word' id='word_1_274' title='bbox 159 1809 226 1838; x_wconf 85' lang='lat' dir='ltr'><strong>dum</strong></span> <span class='ocrx_word' id='word_1_275' title='bbox 246 1809 318 1838; x_wconf 88' lang='lat' dir='ltr'><strong>nihil</strong></span> <span class='ocrx_word' id='word_1_276' title='bbox 339 1809 447 1845; x_wconf 81' lang='lat' dir='ltr'><strong>cogitat</strong></span> <span class='ocrx_word' id='word_1_277' title='bbox 470 1808 591 1837; x_wconf 89' lang='lat' dir='ltr'><strong>Domini.</strong></span> <span class='ocrx_word' id='word_1_278' title='bbox 876 1806 877 1809; x_wconf 77' lang='grc'>’</span> 
     </span>
    </p>

    <p class='ocr_par' dir='ltr' id='par_1_10' title="bbox 159 1854 1127 2473">
     <span class='ocr_line' id='line_1_41' title="bbox 239 1854 1124 1894; baseline -0.006 -7"><span class='ocrx_word' id='word_1_279' title='bbox 239 1858 268 1886; x_wconf 90' lang='grc'><strong>4.</strong></span> <span class='ocrx_word' id='word_1_280' title='bbox 280 1858 333 1887; x_wconf 85' lang='lat' dir='ltr'><strong>Sed</strong></span> <span class='ocrx_word' id='word_1_281' title='bbox 343 1858 515 1894; x_wconf 89' lang='lat' dir='ltr'><strong>deplorando</strong></span> <span class='ocrx_word' id='word_1_282' title='bbox 523 1857 674 1893; x_wconf 78' lang='lat' dir='ltr'><strong>perditam</strong></span> <span class='ocrx_word' id='word_1_283' title='bbox 684 1855 887 1891; x_wconf 64' lang='lat' dir='ltr'><strong>fortitudinem</strong></span> <span class='ocrx_word' id='word_1_284' title='bbox 901 1854 1009 1883; x_wconf 84' lang='lat' dir='ltr'><strong>subdit:</strong></span> <span class='ocrx_word' id='word_1_285' title='bbox 1026 1854 1124 1883; x_wconf 81' lang='lat' dir='ltr'><strong>Facta</strong></span> 
     </span>
     <span class='ocr_line' id='line_1_42' title="bbox 159 1903 1125 1943; baseline -0.006 -6"><span class='ocrx_word' id='word_1_286' title='bbox 159 1910 202 1937; x_wconf 78' lang='lat' dir='ltr'><strong>est</strong></span> <span class='ocrx_word' id='word_1_287' title='bbox 222 1908 309 1943; x_wconf 78' lang='lat' dir='ltr'><strong>quasi</strong></span> <span class='ocrx_word' id='word_1_288' title='bbox 328 1907 434 1943; x_wconf 66' lang='lat' dir='ltr'><strong>vidua,</strong></span> <span class='ocrx_word' id='word_1_289' title='bbox 449 1915 506 1936; x_wconf 92' lang='lat' dir='ltr'><strong>non</strong></span> <span class='ocrx_word' id='word_1_290' title='bbox 521 1907 633 1936; x_wconf 90' lang='lat' dir='ltr'><strong>omnino</strong></span> <span class='ocrx_word' id='word_1_291' title='bbox 647 1905 748 1939; x_wconf 83' lang='lat' dir='ltr'><strong>vidua,</strong></span> <span class='ocrx_word' id='word_1_292' title='bbox 764 1905 812 1933; x_wconf 87' lang='lat' dir='ltr'><strong>sed</strong></span> <span class='ocrx_word' id='word_1_293' title='bbox 825 1905 887 1933; x_wconf 85' lang='lat' dir='ltr'><strong>viro</strong></span> <span class='ocrx_word' id='word_1_294' title='bbox 901 1903 1014 1933; x_wconf 81' lang='lat' dir='ltr'><strong>vivente</strong></span> <span class='ocrx_word' id='word_1_295' title='bbox 1027 1903 1125 1932; x_wconf 87' lang='lat' dir='ltr'><strong>dereli-</strong></span> 
     </span>
     <span class='ocr_line' id='line_1_43' title="bbox 159 1953 1125 1992; baseline -0.005 -7"><span class='ocrx_word' id='word_1_296' title='bbox 159 1956 219 1991; x_wconf 90' lang='lat' dir='ltr'><strong>cta,</strong></span> <span class='ocrx_word' id='word_1_297' title='bbox 234 1956 275 1985; x_wconf 89' lang='lat' dir='ltr'><strong>ita</strong></span> <span class='ocrx_word' id='word_1_298' title='bbox 289 1956 363 1992; x_wconf 91' lang='lat' dir='ltr'><strong>quod</strong></span> <span class='ocrx_word' id='word_1_299' title='bbox 377 1956 468 1984; x_wconf 89' lang='lat' dir='ltr'><strong>adhuc</strong></span> <span class='ocrx_word' id='word_1_300' title='bbox 482 1956 507 1984; x_wconf 90' lang='lat' dir='ltr'><strong>ei</strong></span> <span class='ocrx_word' id='word_1_301' title='bbox 528 1964 593 1991; x_wconf 90' lang='lat' dir='ltr'><strong>spes</strong></span> <span class='ocrx_word' id='word_1_302' title='bbox 613 1954 705 1983; x_wconf 87' lang='lat' dir='ltr'><strong>restat</strong></span> <span class='ocrx_word' id='word_1_303' title='bbox 726 1953 961 1983; x_wconf 85' lang='lat' dir='ltr'><strong>reconciliationis</strong></span> <span class='ocrx_word' id='word_1_304' title='bbox 981 1953 1125 1988; x_wconf 89' lang='lat' dir='ltr'><strong>acquiren—</strong></span> 
     </span>
     <span class='ocr_line' id='line_1_44' title="bbox 160 2001 1126 2040; baseline -0.005 -6"><span class='ocrx_word' id='word_1_305' title='bbox 160 2005 225 2040; x_wconf 88' lang='lat' dir='ltr'><strong>dae;</strong></span> <span class='ocrx_word' id='word_1_306' title='bbox 235 2005 371 2033; x_wconf 88' lang='lat' dir='ltr'><strong>Ieremias</strong></span> <span class='ocrx_word' id='word_1_307' title='bbox 380 2003 404 2032; x_wconf 76' lang='lat'><strong>⁵:</strong></span> <span class='ocrx_word' id='word_1_308' title='bbox 421 2015 435 2030; x_wconf 70' lang='grc' dir='ltr'><em>α</em></span> <span class='ocrx_word' id='word_1_309' title='bbox 446 2004 489 2033; x_wconf 83' lang='lat' dir='ltr'><strong>Tu</strong></span> <span class='ocrx_word' id='word_1_310' title='bbox 499 2004 595 2033; x_wconf 84' lang='lat' dir='ltr'><strong>autem</strong></span> <span class='ocrx_word' id='word_1_311' title='bbox 605 2003 745 2033; x_wconf 84' lang='lat' dir='ltr'><strong>fornicata</strong></span> <span class='ocrx_word' id='word_1_312' title='bbox 755 2011 785 2032; x_wconf 89' lang='lat' dir='ltr'><strong>es</strong></span> <span class='ocrx_word' id='word_1_313' title='bbox 795 2011 859 2031; x_wconf 89' lang='lat' dir='ltr'><strong>cum</strong></span> <span class='ocrx_word' id='word_1_314' title='bbox 870 2001 1045 2031; x_wconf 87' lang='lat' dir='ltr'><strong>amatoribus</strong></span> <span class='ocrx_word' id='word_1_315' title='bbox 1056 2001 1126 2029; x_wconf 90' lang='lat' dir='ltr'><strong>mul—</strong></span> 
     </span>
     <span class='ocr_line' id='line_1_45' title="bbox 161 2050 1126 2088; baseline -0.004 -6"><span class='ocrx_word' id='word_1_316' title='bbox 161 2054 215 2088; x_wconf 86' lang='lat' dir='ltr'><strong>tis;</strong></span> <span class='ocrx_word' id='word_1_317' title='bbox 237 2053 334 2082; x_wconf 87' lang='lat' dir='ltr'><strong>tamen</strong></span> <span class='ocrx_word' id='word_1_318' title='bbox 354 2053 496 2082; x_wconf 85' lang='lat' dir='ltr'><strong>revertere</strong></span> <span class='ocrx_word' id='word_1_319' title='bbox 517 2053 554 2082; x_wconf 90' lang='lat' dir='ltr'><strong>ad</strong></span> <span class='ocrx_word' id='word_1_320' title='bbox 575 2061 634 2087; x_wconf 88' lang='lat' dir='ltr'><strong>me,</strong></span> <span class='ocrx_word' id='word_1_321' title='bbox 662 2052 730 2081; x_wconf 89' lang='lat' dir='ltr'><strong>dicit</strong></span> <span class='ocrx_word' id='word_1_322' title='bbox 751 2052 889 2081; x_wconf 90' lang='lat' dir='ltr'><strong>Dominus</strong></span> <span class='ocrx_word' id='word_1_323' title='bbox 911 2051 1002 2085; x_wconf 86' lang='lat' dir='ltr'><strong>Deus,</strong></span> <span class='ocrx_word' id='word_1_324' title='bbox 1025 2050 1054 2079; x_wconf 92' lang='lat' dir='ltr'><strong>et</strong></span> <span class='ocrx_word' id='word_1_325' title='bbox 1075 2058 1126 2086; x_wconf 88' lang='lat' dir='ltr'><strong>ego</strong></span> 
     </span>
     <span class='ocr_line' id='line_1_46' title="bbox 162 2099 1126 2138; baseline -0.004 -7"><span class='ocrx_word' id='word_1_326' title='bbox 162 2103 313 2138; x_wconf 86' lang='lat' dir='ltr'><strong>suscipiam</strong></span> <span class='ocrx_word' id='word_1_327' title='bbox 341 2102 370 2130; x_wconf 87' lang='lat' dir='ltr'><strong>te</strong></span> <span class='ocrx_word' id='word_1_328' title='bbox 394 2113 422 2129; x_wconf 80' lang='lat'><strong>».</strong></span> <span class='ocrx_word' id='word_1_329' title='bbox 457 2102 590 2130; x_wconf 67' lang='lat' dir='ltr'><strong>Domina</strong></span> <span class='ocrx_word' id='word_1_330' title='bbox 618 2102 765 2137; x_wconf 65' lang='lat' dir='ltr'><strong>gentium,</strong></span> <span class='ocrx_word' id='word_1_331' title='bbox 798 2100 940 2136; x_wconf 86' lang='lat' dir='ltr'><strong>plurium,</strong></span> <span class='ocrx_word' id='word_1_332' title='bbox 973 2107 1044 2135; x_wconf 86' lang='lat' dir='ltr'><strong>quas</strong></span> <span class='ocrx_word' id='word_1_333' title='bbox 1073 2099 1126 2127; x_wconf 89' lang='lat' dir='ltr'><strong>sibi</strong></span> 
     </span>
     <span class='ocr_line' id='line_1_47' title="bbox 161 2148 1126 2187; baseline -0.003 -8"><span class='ocrx_word' id='word_1_334' title='bbox 161 2152 191 2180; x_wconf 92' lang='lat' dir='ltr'><strong>in</strong></span> <span class='ocrx_word' id='word_1_335' title='bbox 211 2150 330 2179; x_wconf 89' lang='lat' dir='ltr'><strong>circuitu</strong></span> <span class='ocrx_word' id='word_1_336' title='bbox 352 2150 570 2187; x_wconf 87' lang='lat' dir='ltr'><strong>subiugaverat;</strong></span> <span class='ocrx_word' id='word_1_337' title='bbox 592 2149 678 2179; x_wconf 86' lang='lat' dir='ltr'><strong>tertio</strong></span> <span class='ocrx_word' id='word_1_338' title='bbox 699 2150 824 2186; x_wconf 83' lang='lat' dir='ltr'><strong>Regum:</strong></span> <span class='ocrx_word' id='word_1_339' title='bbox 851 2148 1048 2177; x_wconf 81' lang='lat' dir='ltr'><strong>«Universum</strong></span> <span class='ocrx_word' id='word_1_340' title='bbox 1080 2156 1126 2184; x_wconf 91' lang='lat' dir='ltr'><strong>po-</strong></span> 
     </span>
     <span class='ocr_line' id='line_1_48' title="bbox 162 2195 1126 2237; baseline -0.005 -8"><span class='ocrx_word' id='word_1_341' title='bbox 162 2200 270 2237; x_wconf 88' lang='lat' dir='ltr'><strong>pulum,</strong></span> <span class='ocrx_word' id='word_1_342' title='bbox 293 2200 342 2236; x_wconf 92' lang='lat' dir='ltr'><strong>qui</strong></span> <span class='ocrx_word' id='word_1_343' title='bbox 362 2199 539 2228; x_wconf 86' lang='lat' dir='ltr'><strong>remanserat</strong></span> <span class='ocrx_word' id='word_1_344' title='bbox 559 2199 593 2228; x_wconf 90' lang='lat' dir='ltr'><strong>de</strong></span> <span class='ocrx_word' id='word_1_345' title='bbox 613 2198 797 2228; x_wconf 86' lang='lat' dir='ltr'><strong>Amorrhaeis</strong></span> <span class='ocrx_word' id='word_1_346' title='bbox 817 2197 847 2226; x_wconf 87' lang='lat' dir='ltr'><strong>et</strong></span> <span class='ocrx_word' id='word_1_347' title='bbox 861 2196 998 2226; x_wconf 87' lang='lat' dir='ltr'><strong>Hethaeis</strong></span> <span class='ocrx_word' id='word_1_348' title='bbox 1013 2196 1042 2225; x_wconf 91' lang='lat' dir='ltr'><strong>et</strong></span> <span class='ocrx_word' id='word_1_349' title='bbox 1056 2195 1126 2225; x_wconf 89' lang='lat' dir='ltr'><strong>Phe-</strong></span> 
     </span>
     <span class='ocr_line' id='line_1_49' title="bbox 162 2245 1126 2284; baseline -0.004 -7"><span class='ocrx_word' id='word_1_350' title='bbox 162 2249 266 2278; x_wconf 84' lang='lat' dir='ltr'><strong>rezaeis</strong></span> <span class='ocrx_word' id='word_1_351' title='bbox 293 2248 322 2277; x_wconf 91' lang='lat' dir='ltr'><strong>et</strong></span> <span class='ocrx_word' id='word_1_352' title='bbox 352 2248 474 2277; x_wconf 88' lang='lat' dir='ltr'><strong>Hevaeis</strong></span> <span class='ocrx_word' id='word_1_353' title='bbox 495 2248 524 2276; x_wconf 91' lang='lat' dir='ltr'><strong>et</strong></span> <span class='ocrx_word' id='word_1_354' title='bbox 545 2248 705 2282; x_wconf 89' lang='lat' dir='ltr'><strong>Iebusaeis‚</strong></span> <span class='ocrx_word' id='word_1_355' title='bbox 727 2255 797 2284; x_wconf 87' lang='lat' dir='ltr'><strong>quos</strong></span> <span class='ocrx_word' id='word_1_356' title='bbox 818 2255 875 2276; x_wconf 92' lang='lat' dir='ltr'><strong>non</strong></span> <span class='ocrx_word' id='word_1_357' title='bbox 896 2245 1050 2283; x_wconf 87' lang='lat' dir='ltr'><strong>potuerant</strong></span> <span class='ocrx_word' id='word_1_358' title='bbox 1074 2245 1126 2274; x_wconf 89' lang='lat' dir='ltr'><strong>filii</strong></span> 
     </span>
     <span class='ocr_line' id='line_1_50' title="bbox 162 2290 1126 2330; baseline -0.005 -4"><span class='ocrx_word' id='word_1_359' title='bbox 162 2290 254 2327; x_wconf 85' lang='lat' dir='ltr'><strong>Israel</strong></span> <span class='ocrx_word' id='word_1_360' title='bbox 274 2296 469 2330; x_wconf 84' lang='lat' dir='ltr'><strong>exterminare,</strong></span> <span class='ocrx_word' id='word_1_361' title='bbox 485 2296 551 2325; x_wconf 88' lang='lat' dir='ltr'><strong>fecit</strong></span> <span class='ocrx_word' id='word_1_362' title='bbox 564 2296 695 2325; x_wconf 87' lang='lat' dir='ltr'><strong>Salomon</strong></span> <span class='ocrx_word' id='word_1_363' title='bbox 717 2295 885 2324; x_wconf 86' lang='lat' dir='ltr'><strong>tributarios</strong></span> <span class='ocrx_word' id='word_1_364' title='bbox 899 2303 988 2330; x_wconf 89' lang='lat' dir='ltr'><strong>usque</strong></span> <span class='ocrx_word' id='word_1_365' title='bbox 1003 2294 1040 2322; x_wconf 89' lang='lat' dir='ltr'><strong>ad</strong></span> <span class='ocrx_word' id='word_1_366' title='bbox 1053 2293 1126 2321; x_wconf 91' lang='lat' dir='ltr'><strong>diem</strong></span> 
     </span>
     <span class='ocr_line' id='line_1_51' title="bbox 162 2342 1127 2381; baseline -0.005 -6"><span class='ocrx_word' id='word_1_367' title='bbox 162 2346 236 2375; x_wconf 87' lang='lat' dir='ltr'><strong>hanc</strong></span> <span class='ocrx_word' id='word_1_368' title='bbox 249 2355 278 2380; x_wconf 75' lang='lat'><strong>»3</strong></span> <span class='ocrx_word' id='word_1_369' title='bbox 299 2345 328 2374; x_wconf 88' lang='lat' dir='ltr'><strong>et</strong></span> <span class='ocrx_word' id='word_1_370' title='bbox 351 2345 472 2373; x_wconf 90' lang='lat' dir='ltr'><strong>secundo</strong></span> <span class='ocrx_word' id='word_1_371' title='bbox 493 2344 615 2381; x_wconf 83' lang='lat' dir='ltr'><strong>Regum:</strong></span> <span class='ocrx_word' id='word_1_372' title='bbox 642 2356 657 2369; x_wconf 70' lang='grc' dir='ltr'><strong>α</strong></span> <span class='ocrx_word' id='word_1_373' title='bbox 671 2344 760 2373; x_wconf 88' lang='lat' dir='ltr'><strong>Facta</strong></span> <span class='ocrx_word' id='word_1_374' title='bbox 781 2344 826 2373; x_wconf 89' lang='lat' dir='ltr'><strong>est</strong></span> <span class='ocrx_word' id='word_1_375' title='bbox 845 2343 930 2372; x_wconf 85' lang='lat' dir='ltr'><strong>Moab</strong></span> <span class='ocrx_word' id='word_1_376' title='bbox 957 2342 1050 2371; x_wconf 82' lang='lat' dir='ltr'><strong>David</strong></span> <span class='ocrx_word' id='word_1_377' title='bbox 1071 2350 1127 2370; x_wconf 86' lang='lat' dir='ltr'><strong>ser·</strong></span> 
     </span>
     <span class='ocr_line' id='line_1_52' title="bbox 162 2391 1126 2428; baseline -0.005 -5"><span class='ocrx_word' id='word_1_378' title='bbox 162 2396 243 2424; x_wconf 82' lang='lat' dir='ltr'><strong>viens</strong></span> <span class='ocrx_word' id='word_1_379' title='bbox 262 2394 315 2423; x_wconf 91' lang='lat' dir='ltr'><strong>sub</strong></span> <span class='ocrx_word' id='word_1_380' title='bbox 336 2393 444 2422; x_wconf 89' lang='lat' dir='ltr'><strong>tributo</strong></span> <span class='ocrx_word' id='word_1_381' title='bbox 458 2403 486 2428; x_wconf 75' lang='grc' dir='ltr'><strong>»ς</strong></span> <span class='ocrx_word' id='word_1_382' title='bbox 508 2393 538 2422; x_wconf 88' lang='lat' dir='ltr'><strong>et</strong></span> <span class='ocrx_word' id='word_1_383' title='bbox 557 2394 633 2422; x_wconf 85' lang='lat' dir='ltr'><strong>infra</strong></span> <span class='ocrx_word' id='word_1_384' title='bbox 653 2394 683 2422; x_wconf 89' lang='lat' dir='ltr'><strong>in</strong></span> <span class='ocrx_word' id='word_1_385' title='bbox 703 2393 815 2422; x_wconf 89' lang='lat' dir='ltr'><strong>eodem:</strong></span> <span class='ocrx_word' id='word_1_386' title='bbox 842 2403 857 2418; x_wconf 69' lang='grc' dir='ltr'>ι</span> <span class='ocrx_word' id='word_1_387' title='bbox 871 2392 960 2421; x_wconf 82' lang='lat' dir='ltr'><strong>Facta</strong></span> <span class='ocrx_word' id='word_1_388' title='bbox 981 2391 1025 2420; x_wconf 89' lang='lat' dir='ltr'><strong>est</strong></span> <span class='ocrx_word' id='word_1_389' title='bbox 1045 2391 1126 2427; x_wconf 84' lang='lat' dir='ltr'><strong>Syria</strong></span> 
     </span>
     <span class='ocr_line' id='line_1_53' title="bbox 164 2441 650 2473; baseline -0.006 0"><span class='ocrx_word' id='word_1_390' title='bbox 164 2444 290 2473; x_wconf 84' lang='lat' dir='ltr'><strong>serviens</strong></span> <span class='ocrx_word' id='word_1_391' title='bbox 310 2442 403 2471; x_wconf 83' lang='lat' dir='ltr'><strong>David</strong></span> <span class='ocrx_word' id='word_1_392' title='bbox 425 2442 478 2471; x_wconf 91' lang='lat' dir='ltr'><strong>sub</strong></span> <span class='ocrx_word' id='word_1_393' title='bbox 498 2441 607 2471; x_wconf 89' lang='lat' dir='ltr'><strong>tributo</strong></span> <span class='ocrx_word' id='word_1_394' title='bbox 621 2454 650 2470; x_wconf 61' lang='lat' dir='ltr'><strong>n.</strong></span> 
     </span>
    </p>

    <p class='ocr_par' dir='ltr' id='par_1_11' title="bbox 163 2488 1129 2675">
     <span class='ocr_line' id='line_1_54' title="bbox 244 2488 1128 2530; baseline -0.005 -8"><span class='ocrx_word' id='word_1_395' title='bbox 244 2491 449 2530; x_wconf 75' lang='lat' dir='ltr'><strong>Spiritualiter</strong></span> <span class='ocrx_word' id='word_1_396' title='bbox 470 2499 520 2527; x_wconf 90' lang='lat' dir='ltr'><strong>per</strong></span> <span class='ocrx_word' id='word_1_397' title='bbox 545 2492 645 2527; x_wconf 75' lang='lat' dir='ltr'><strong>yentes</strong></span> <span class='ocrx_word' id='word_1_398' title='bbox 665 2490 869 2527; x_wconf 83' lang='lat' dir='ltr'><strong>intelliguntur</strong></span> <span class='ocrx_word' id='word_1_399' title='bbox 890 2490 1019 2519; x_wconf 84' lang='lat' dir='ltr'><strong>carnales</strong></span> <span class='ocrx_word' id='word_1_400' title='bbox 1031 2488 1043 2503; x_wconf 84' lang='lat'><strong>⁰</strong></span> <span class='ocrx_word' id='word_1_401' title='bbox 1063 2498 1128 2525; x_wconf 89' lang='lat' dir='ltr'><strong>gen-</strong></span> 
     </span>
     <span class='ocr_line' id='line_1_55' title="bbox 163 2539 1128 2576; baseline -0.004 -5"><span class='ocrx_word' id='word_1_402' title='bbox 163 2542 254 2571; x_wconf 90' lang='lat' dir='ltr'><strong>tiliter</strong></span> <span class='ocrx_word' id='word_1_403' title='bbox 273 2540 417 2575; x_wconf 81' lang='lat' dir='ltr'><strong>viventes,</strong></span> <span class='ocrx_word' id='word_1_404' title='bbox 439 2539 541 2576; x_wconf 90' lang='lat' dir='ltr'><strong>quibus</strong></span> <span class='ocrx_word' id='word_1_405' title='bbox 562 2539 672 2568; x_wconf 82' lang='lat' dir='ltr'><strong>solebat</strong></span> <span class='ocrx_word' id='word_1_406' title='bbox 692 2539 818 2568; x_wconf 81' lang='lat' dir='ltr'><strong>Ecclesia</strong></span> <span class='ocrx_word' id='word_1_407' title='bbox 838 2539 993 2573; x_wconf 88' lang='lat' dir='ltr'><strong>dominari,</strong></span> <span class='ocrx_word' id='word_1_408' title='bbox 1014 2547 1077 2568; x_wconf 90' lang='lat' dir='ltr'><strong>cum</strong></span> <span class='ocrx_word' id='word_1_409' title='bbox 1098 2539 1128 2567; x_wconf 93' lang='lat' dir='ltr'><strong>in</strong></span> 
     </span>
     <span class='ocr_line' id='line_1_56' title="bbox 163 2587 1129 2626; baseline -0.004 -6"><span class='ocrx_word' id='word_1_410' title='bbox 163 2591 289 2620; x_wconf 87' lang='lat' dir='ltr'><strong>Ecclesia</strong></span> <span class='ocrx_word' id='word_1_411' title='bbox 311 2588 495 2626; x_wconf 85' lang='lat' dir='ltr'><strong>praefuerunt</strong></span> <span class='ocrx_word' id='word_1_412' title='bbox 516 2588 570 2617; x_wconf 82' lang='lat' dir='ltr'><strong>viri</strong></span> <span class='ocrx_word' id='word_1_413' title='bbox 591 2588 698 2622; x_wconf 83' lang='lat' dir='ltr'><strong>sancti3</strong></span> <span class='ocrx_word' id='word_1_414' title='bbox 721 2587 802 2616; x_wconf 89' lang='lat' dir='ltr'><strong>modo</strong></span> <span class='ocrx_word' id='word_1_415' title='bbox 832 2595 899 2616; x_wconf 82' lang='lat' dir='ltr'><strong>vero</strong></span> <span class='ocrx_word' id='word_1_416' title='bbox 924 2588 1011 2623; x_wconf 70' lang='lat' dir='ltr'><strong>quast</strong></span> <span class='ocrx_word' id='word_1_417' title='bbox 1038 2587 1129 2616; x_wconf 81' lang='lat' dir='ltr'><strong>vidua</strong></span> 
     </span>
     <span class='ocr_line' id='line_1_57' title="bbox 165 2635 1129 2675; baseline -0.005 -6"><span class='ocrx_word' id='word_1_418' title='bbox 165 2639 247 2675; x_wconf 80' lang='lat' dir='ltr'><strong>facta</strong></span> <span class='ocrx_word' id='word_1_419' title='bbox 267 2640 324 2675; x_wconf 84' lang='lat' dir='ltr'><strong>est,</strong></span> <span class='ocrx_word' id='word_1_420' title='bbox 345 2639 412 2667; x_wconf 91' lang='lat' dir='ltr'><strong>dum</strong></span> <span class='ocrx_word' id='word_1_421' title='bbox 434 2636 572 2674; x_wconf 83' lang='lat' dir='ltr'><strong>praesunt</strong></span> <span class='ocrx_word' id='word_1_422' title='bbox 595 2637 625 2665; x_wconf 90' lang='grc'><strong>10</strong></span> <span class='ocrx_word' id='word_1_423' title='bbox 656 2636 755 2665; x_wconf 87' lang='lat' dir='ltr'><strong>multis</strong></span> <span class='ocrx_word' id='word_1_424' title='bbox 786 2635 955 2670; x_wconf 83' lang='lat' dir='ltr'><strong>effeminati,</strong></span> <span class='ocrx_word' id='word_1_425' title='bbox 984 2636 1033 2672; x_wconf 88' lang='lat' dir='ltr'><strong>qui</strong></span> <span class='ocrx_word' id='word_1_426' title='bbox 1058 2636 1129 2665; x_wconf 92' lang='lat' dir='ltr'><strong>alios</strong></span> 
     </span>
    </p>
   </div>
   <div class='ocr_carea' id='block_1_8' title="bbox 166 2817 1131 3454">
    <p class='ocr_par' dir='ltr' id='par_1_12' title="bbox 166 2817 1126 2955">
     <span class='ocr_line' id='line_1_58' title="bbox 239 2817 1124 2854; baseline -0.005 -6"><span class='ocrx_word' id='word_1_427' title='bbox 239 2821 248 2836; x_wconf 90' lang='lat'>²</span> <span class='ocrx_word' id='word_1_428' title='bbox 271 2823 343 2848; x_wconf 82' lang='lat' dir='ltr'><strong>Vcrs.</strong></span> <span class='ocrx_word' id='word_1_429' title='bbox 363 2822 389 2847; x_wconf 89' lang='lat'><strong>8.</strong></span> <span class='ocrx_word' id='word_1_430' title='bbox 410 2836 444 2840; x_wconf 91' lang='lat'><strong>—</strong></span> <span class='ocrx_word' id='word_1_431' title='bbox 465 2822 525 2847; x_wconf 84' lang='lat' dir='ltr'><strong>Post</strong></span> <span class='ocrx_word' id='word_1_432' title='bbox 542 2819 666 2854; x_wconf 82' lang='lat' dir='ltr'><strong>sequitur</strong></span> <span class='ocrx_word' id='word_1_433' title='bbox 685 2819 744 2844; x_wconf 82' lang='lat' dir='ltr'><strong>Vut.</strong></span> <span class='ocrx_word' id='word_1_434' title='bbox 763 2817 911 2852; x_wconf 72' lang='lat' dir='ltr'><strong>quomodo,</strong></span> <span class='ocrx_word' id='word_1_435' title='bbox 931 2817 1020 2852; x_wconf 75' lang='lat' dir='ltr'><strong>inquit</strong></span> <span class='ocrx_word' id='word_1_436' title='bbox 1037 2817 1124 2844; x_wconf 81' lang='lat' dir='ltr'><strong>admi-</strong></span> 
     </span>
     <span class='ocr_line' id='line_1_59' title="bbox 166 2852 1125 2891; baseline -0.005 -7"><span class='ocrx_word' id='word_1_437' title='bbox 166 2857 252 2884; x_wconf 81' lang='lat' dir='ltr'><strong>rative</strong></span> <span class='ocrx_word' id='word_1_438' title='bbox 271 2856 399 2891; x_wconf 86' lang='lat' dir='ltr'><strong>[sumtum</strong></span> <span class='ocrx_word' id='word_1_439' title='bbox 412 2864 443 2882; x_wconf 90' lang='lat' dir='ltr'><strong>ex</strong></span> <span class='ocrx_word' id='word_1_440' title='bbox 456 2857 546 2882; x_wconf 85' lang='lat' dir='ltr'><strong>Glossa</strong></span> <span class='ocrx_word' id='word_1_441' title='bbox 566 2853 754 2888; x_wconf 59' lang='lat' dir='ltr'><strong>interlineare]</strong></span> <span class='ocrx_word' id='word_1_442' title='bbox 768 2853 851 2886; x_wconf 78' lang='lat' dir='ltr'><strong>sedet,</strong></span> <span class='ocrx_word' id='word_1_443' title='bbox 869 2852 912 2880; x_wconf 86' lang='lat' dir='ltr'><strong>vel</strong></span> <span class='ocrx_word' id='word_1_444' title='bbox 924 2853 1125 2886; x_wconf 62' lang='lat' dir='ltr'><strong>interrogative,</strong></span> 
     </span>
     <span class='ocr_line' id='line_1_60' title="bbox 167 2889 1126 2954; baseline -0.006 -34"><span class='ocrx_word' id='word_1_445' title='bbox 167 2892 300 2927; x_wconf 78' lang='lat' dir='ltr'><strong>quomodo</strong></span> <span class='ocrx_word' id='word_1_446' title='bbox 318 2891 505 2954; x_wconf 48' lang='lat' dir='ltr'><strong>aspondetur.</strong></span> <span class='ocrx_word' id='word_1_447' title='bbox 525 2905 560 2911; x_wconf 87' lang='lat'><strong>—</strong></span> <span class='ocrx_word' id='word_1_448' title='bbox 579 2890 666 2917; x_wconf 80' lang='lat' dir='ltr'><strong>Verba</strong></span> <span class='ocrx_word' id='word_1_449' title='bbox 694 2897 749 2917; x_wconf 81' lang='lat' dir='ltr'><strong>non</strong></span> <span class='ocrx_word' id='word_1_450' title='bbox 777 2889 899 2924; x_wconf 72' lang='lat' dir='ltr'><strong>coqnooit</strong></span> <span class='ocrx_word' id='word_1_451' title='bbox 918 2893 968 2915; x_wconf 91' lang='lat' dir='ltr'><strong>etc.</strong></span> <span class='ocrx_word' id='word_1_452' title='bbox 995 2889 1126 2915; x_wconf 79' lang='lat' dir='ltr'><strong>habentui·</strong></span> 
     </span>
     <span class='ocr_line' id='line_1_61' title="bbox 169 2929 363 2955; baseline -0.005 -1"><span class='ocrx_word' id='word_1_453' title='bbox 169 2930 231 2955; x_wconf 89' lang='lat' dir='ltr'><strong>Luc.</strong></span> <span class='ocrx_word' id='word_1_454' title='bbox 252 2929 284 2954; x_wconf 80' lang='grc'><strong>19</strong></span> <span class='ocrx_word' id='word_1_455' title='bbox 358 2948 363 2953; x_wconf 95' lang='grc'><strong>.</strong></span> 
     </span>
    </p>

    <p class='ocr_par' dir='ltr' id='par_1_13' title="bbox 167 2948 1128 3171">
     <span class='ocr_line' id='line_1_62' title="bbox 238 2948 1127 2994; baseline -0.006 -5"><span class='ocrx_word' id='word_1_456' title='bbox 238 2962 248 2978; x_wconf 78' lang='lat'><strong>¹</strong></span> <span class='ocrx_word' id='word_1_457' title='bbox 268 2948 328 2990; x_wconf 77' lang='lat' dir='ltr'><strong>Sc’it.</strong></span> <span class='ocrx_word' id='word_1_458' title='bbox 347 2962 454 2989; x_wconf 87' lang='lat' dir='ltr'><strong>Giiberti</strong></span> <span class='ocrx_word' id='word_1_459' title='bbox 473 2962 544 2994; x_wconf 78' lang='lat' dir='ltr'><strong>apud</strong></span> <span class='ocrx_word' id='word_1_460' title='bbox 563 2963 695 2994; x_wconf 83' lang='lat' dir='ltr'><strong>Lyranum</strong></span> <span class='ocrx_word' id='word_1_461' title='bbox 715 2962 741 2987; x_wconf 88' lang='lat' dir='ltr'><strong>in</strong></span> <span class='ocrx_word' id='word_1_462' title='bbox 760 2962 925 2994; x_wconf 82' lang='lat' dir='ltr'><strong>prothemute</strong></span> <span class='ocrx_word' id='word_1_463' title='bbox 938 2959 994 2991; x_wconf 79' lang='lat' dir='ltr'><strong>cit.;</strong></span> <span class='ocrx_word' id='word_1_464' title='bbox 1008 2961 1054 2986; x_wconf 69' lang='lat' dir='ltr'><strong>cir.</strong></span> <span class='ocrx_word' id='word_1_465' title='bbox 1070 2960 1127 2985; x_wconf 77' lang='lat' dir='ltr'><strong>Pro·</strong></span> 
     </span>
     <span class='ocr_line' id='line_1_63' title="bbox 168 2994 1125 3030; baseline -0.004 -6"><span class='ocrx_word' id='word_1_466' title='bbox 168 2999 264 3030; x_wconf 81' lang='lat' dir='ltr'><strong>legem.</strong></span> <span class='ocrx_word' id='word_1_467' title='bbox 284 3005 306 3024; x_wconf 92' lang='lat' dir='ltr'><strong>c.</strong></span> <span class='ocrx_word' id='word_1_468' title='bbox 327 2998 352 3023; x_wconf 81' lang='lat'><strong>2.</strong></span> <span class='ocrx_word' id='word_1_469' title='bbox 371 3000 387 3030; x_wconf 65' lang='lat' dir='ltr'>S</span> <span class='ocrx_word' id='word_1_470' title='bbox 406 2997 431 3023; x_wconf 72' lang='lat' dir='ltr'><strong>t.</strong></span> <span class='ocrx_word' id='word_1_471' title='bbox 446 3012 480 3017; x_wconf 91' lang='lat'>—</span> <span class='ocrx_word' id='word_1_472' title='bbox 495 2998 553 3023; x_wconf 80' lang='lat' dir='ltr'><strong>Vnt.</strong></span> <span class='ocrx_word' id='word_1_473' title='bbox 572 2997 663 3024; x_wconf 82' lang='lat' dir='ltr'><strong>locum</strong></span> <span class='ocrx_word' id='word_1_474' title='bbox 682 2997 798 3029; x_wconf 83' lang='lat' dir='ltr'><strong>primurn</strong></span> <span class='ocrx_word' id='word_1_475' title='bbox 817 2994 1014 3030; x_wconf 74' lang='lat' dir='ltr'><strong>conquestionis</strong></span> <span class='ocrx_word' id='word_1_476' title='bbox 1038 3002 1125 3021; x_wconf 85' lang='lat' dir='ltr'><strong>corru-</strong></span> 
     </span>
     <span class='ocr_line' id='line_1_64' title="bbox 168 3030 1126 3067; baseline -0.003 -8"><span class='ocrx_word' id='word_1_477' title='bbox 168 3037 213 3066; x_wconf 89' lang='lat' dir='ltr'><strong>pte</strong></span> <span class='ocrx_word' id='word_1_478' title='bbox 231 3034 322 3059; x_wconf 76' lang='lat' dir='ltr'><strong>refert:</strong></span> <span class='ocrx_word' id='word_1_479' title='bbox 342 3032 438 3066; x_wconf 75' lang='lat' dir='ltr'><strong>quitus</strong></span> <span class='ocrx_word' id='word_1_480' title='bbox 456 3032 541 3059; x_wconf 77' lang='lat' dir='ltr'><strong>bonus</strong></span> <span class='ocrx_word' id='word_1_481' title='bbox 560 3032 657 3067; x_wconf 75' lang='lat' dir='ltr'><strong>fuerit,</strong></span> <span class='ocrx_word' id='word_1_482' title='bbox 679 3034 708 3059; x_wconf 75' lang='lat' dir='ltr'><strong>ut</strong></span> <span class='ocrx_word' id='word_1_483' title='bbox 720 3032 814 3064; x_wconf 71' lang='lat' dir='ltr'><strong>aiunt,</strong></span> <span class='ocrx_word' id='word_1_484' title='bbox 826 3033 853 3058; x_wconf 83' lang='lat' dir='ltr'><strong>et</strong></span> <span class='ocrx_word' id='word_1_485' title='bbox 871 3031 899 3057; x_wconf 80' lang='lat' dir='ltr'><strong>in</strong></span> <span class='ocrx_word' id='word_1_486' title='bbox 918 3030 1014 3065; x_wconf 80' lang='lat' dir='ltr'><strong>quibus</strong></span> <span class='ocrx_word' id='word_1_487' title='bbox 1027 3030 1126 3057; x_wconf 76' lang='lat' dir='ltr'><strong>malas.</strong></span> 
     </span>
     <span class='ocr_line' id='line_1_65' title="bbox 167 3066 1128 3101; baseline -0.003 -7"><span class='ocrx_word' id='word_1_488' title='bbox 167 3068 265 3095; x_wconf 83' lang='lat' dir='ltr'><strong>Eadem</strong></span> <span class='ocrx_word' id='word_1_489' title='bbox 285 3068 406 3100; x_wconf 83' lang='lat' dir='ltr'><strong>superius</strong></span> <span class='ocrx_word' id='word_1_490' title='bbox 425 3071 450 3093; x_wconf 85' lang='lat' dir='ltr'><strong>et</strong></span> <span class='ocrx_word' id='word_1_491' title='bbox 468 3068 564 3094; x_wconf 88' lang='lat' dir='ltr'><strong>deinde</strong></span> <span class='ocrx_word' id='word_1_492' title='bbox 589 3068 687 3100; x_wconf 77' lang='lat' dir='ltr'><strong>passim</strong></span> <span class='ocrx_word' id='word_1_493' title='bbox 707 3072 766 3101; x_wconf 81' lang='lat' dir='ltr'><strong>post</strong></span> <span class='ocrx_word' id='word_1_494' title='bbox 794 3067 875 3094; x_wconf 81' lang='lat' dir='ltr'><strong>verba</strong></span> <span class='ocrx_word' id='word_1_495' title='bbox 895 3070 978 3093; x_wconf 86' lang='lat' dir='ltr'><strong>textus</strong></span> <span class='ocrx_word' id='word_1_496' title='bbox 997 3066 1128 3092; x_wconf 81' lang='lat' dir='ltr'><strong>interserit</strong></span> 
     </span>
     <span class='ocr_line' id='line_1_66' title="bbox 169 3102 1128 3137; baseline -0.003 -7"><span class='ocrx_word' id='word_1_497' title='bbox 169 3103 197 3130; x_wconf 82' lang='lat' dir='ltr'><strong>id</strong></span> <span class='ocrx_word' id='word_1_498' title='bbox 214 3106 266 3136; x_wconf 80' lang='lat' dir='ltr'><strong>est,</strong></span> <span class='ocrx_word' id='word_1_499' title='bbox 285 3104 342 3129; x_wconf 87' lang='lat' dir='ltr'><strong>sive</strong></span> <span class='ocrx_word' id='word_1_500' title='bbox 360 3102 470 3134; x_wconf 77' lang='lat' dir='ltr'><strong>scilicet,</strong></span> <span class='ocrx_word' id='word_1_501' title='bbox 493 3103 550 3129; x_wconf 87' lang='lat' dir='ltr'><strong>sive</strong></span> <span class='ocrx_word' id='word_1_502' title='bbox 569 3102 699 3136; x_wconf 82' lang='lat' dir='ltr'><strong>videlicet,</strong></span> <span class='ocrx_word' id='word_1_503' title='bbox 722 3110 791 3137; x_wconf 84' lang='lat' dir='ltr'><strong>quae</strong></span> <span class='ocrx_word' id='word_1_504' title='bbox 810 3110 871 3129; x_wconf 87' lang='lat' dir='ltr'><strong>cum</strong></span> <span class='ocrx_word' id='word_1_505' title='bbox 891 3103 970 3129; x_wconf 78' lang='lat' dir='ltr'><strong>codd.</strong></span> <span class='ocrx_word' id='word_1_506' title='bbox 988 3102 1128 3128; x_wconf 88' lang='lat' dir='ltr'><strong>omisimus</strong></span> 
     </span>
     <span class='ocr_line' id='line_1_67' title="bbox 169 3139 517 3171; baseline -0.006 -5"><span class='ocrx_word' id='word_1_507' title='bbox 169 3142 195 3166; x_wconf 85' lang='lat' dir='ltr'><strong>et</strong></span> <span class='ocrx_word' id='word_1_508' title='bbox 212 3139 337 3171; x_wconf 83' lang='lat' dir='ltr'><strong>deinceps</strong></span> <span class='ocrx_word' id='word_1_509' title='bbox 356 3139 517 3165; x_wconf 86' lang='lat' dir='ltr'><strong>omittemus.</strong></span> 
     </span>
    </p>

    <p class='ocr_par' dir='ltr' id='par_1_14' title="bbox 170 3172 1128 3276">
     <span class='ocr_line' id='line_1_68' title="bbox 239 3172 1128 3206; baseline -0.002 -6"><span class='ocrx_word' id='word_1_510' title='bbox 239 3174 250 3189; x_wconf 76' lang='lat'>⁸</span> <span class='ocrx_word' id='word_1_511' title='bbox 271 3175 308 3200; x_wconf 87' lang='lat' dir='ltr'><strong>De</strong></span> <span class='ocrx_word' id='word_1_512' title='bbox 326 3175 407 3200; x_wconf 75' lang='lat' dir='ltr'><strong>Arrha</strong></span> <span class='ocrx_word' id='word_1_513' title='bbox 427 3173 544 3205; x_wconf 80' lang='lat' dir='ltr'><strong>enimse,</strong></span> <span class='ocrx_word' id='word_1_514' title='bbox 565 3173 692 3206; x_wconf 74' lang='lat' dir='ltr'><strong>patrolog.</strong></span> <span class='ocrx_word' id='word_1_515' title='bbox 712 3174 797 3206; x_wconf 80' lang='lat' dir='ltr'><strong>Migne</strong></span> <span class='ocrx_word' id='word_1_516' title='bbox 815 3177 878 3200; x_wconf 84' lang='lat' dir='ltr'><strong>torn.</strong></span> <span class='ocrx_word' id='word_1_517' title='bbox 905 3173 965 3200; x_wconf 87' lang='grc'><strong>176.</strong></span> <span class='ocrx_word' id='word_1_518' title='bbox 990 3174 1038 3199; x_wconf 75' lang='grc'><strong>001.</strong></span> <span class='ocrx_word' id='word_1_519' title='bbox 1064 3172 1128 3201; x_wconf 75' lang='grc'><strong>954.</strong></span> 
     </span>
     <span class='ocr_line' id='line_1_69' title="bbox 170 3207 1127 3244; baseline -0.003 -8"><span class='ocrx_word' id='word_1_520' title='bbox 170 3210 263 3244; x_wconf 80' lang='lat' dir='ltr'><strong>Quoad</strong></span> <span class='ocrx_word' id='word_1_521' title='bbox 291 3209 436 3241; x_wconf 71' lang='lat' dir='ltr'><strong>paradoxa,</strong></span> <span class='ocrx_word' id='word_1_522' title='bbox 461 3207 544 3234; x_wconf 80' lang='lat' dir='ltr'><strong>verba</strong></span> <span class='ocrx_word' id='word_1_523' title='bbox 563 3209 627 3234; x_wconf 82' lang='lat' dir='ltr'><strong>hnec</strong></span> <span class='ocrx_word' id='word_1_524' title='bbox 646 3208 775 3235; x_wconf 79' lang='lat' dir='ltr'><strong>habentur</strong></span> <span class='ocrx_word' id='word_1_525' title='bbox 794 3209 867 3242; x_wconf 81' lang='lat' dir='ltr'><strong>apud</strong></span> <span class='ocrx_word' id='word_1_526' title='bbox 895 3209 1028 3241; x_wconf 70' lang='lat' dir='ltr'><strong>Bernard,</strong></span> <span class='ocrx_word' id='word_1_527' title='bbox 1049 3208 1127 3240; x_wconf 81' lang='lat' dir='ltr'><strong>Epist.</strong></span> 
     </span>
     <span class='ocr_line' id='line_1_70' title="bbox 170 3243 974 3276; baseline -0.001 -5"><span class='ocrx_word' id='word_1_528' title='bbox 170 3246 205 3272; x_wconf 79' lang='lat' dir='ltr'><strong>ad</strong></span> <span class='ocrx_word' id='word_1_529' title='bbox 224 3247 316 3272; x_wconf 75' lang='lat' dir='ltr'><strong>tratres</strong></span> <span class='ocrx_word' id='word_1_530' title='bbox 334 3245 368 3272; x_wconf 84' lang='lat' dir='ltr'><strong>de</strong></span> <span class='ocrx_word' id='word_1_531' title='bbox 387 3245 471 3272; x_wconf 83' lang='lat' dir='ltr'><strong>Monte</strong></span> <span class='ocrx_word' id='word_1_532' title='bbox 491 3244 550 3276; x_wconf 83' lang='lat' dir='ltr'><strong>Dei,</strong></span> <span class='ocrx_word' id='word_1_533' title='bbox 569 3243 613 3270; x_wconf 83' lang='lat' dir='ltr'><strong>lib.</strong></span> <span class='ocrx_word' id='word_1_534' title='bbox 633 3244 650 3269; x_wconf 87' lang='grc' dir='ltr'><strong>Ι.</strong></span> <span class='ocrx_word' id='word_1_535' title='bbox 670 3251 692 3270; x_wconf 89' lang='lat' dir='ltr'><strong>c.</strong></span> <span class='ocrx_word' id='word_1_536' title='bbox 713 3244 739 3270; x_wconf 82' lang='lat'><strong>4.</strong></span> <span class='ocrx_word' id='word_1_537' title='bbox 758 3252 783 3271; x_wconf 91' lang='grc'><strong>0.</strong></span> <span class='ocrx_word' id='word_1_538' title='bbox 804 3245 847 3271; x_wconf 80' lang='grc'><strong>10.</strong></span> <span class='ocrx_word' id='word_1_539' title='bbox 972 3244 974 3246; x_wconf 76' lang='grc'>’</span> 
     </span>
    </p>

    <p class='ocr_par' dir='ltr' id='par_1_15' title="bbox 241 3279 1072 3313">
     <span class='ocr_line' id='line_1_71' title="bbox 241 3279 1072 3313; baseline -0.007 -6"><span class='ocrx_word' id='word_1_540' title='bbox 241 3279 253 3295; x_wconf 75' lang='lat'><strong>⁴</strong></span> <span class='ocrx_word' id='word_1_541' title='bbox 271 3279 334 3313; x_wconf 80' lang='lat' dir='ltr'><strong>Cap.</strong></span> <span class='ocrx_word' id='word_1_542' title='bbox 355 3282 385 3313; x_wconf 72' lang='grc'><strong>8,,</strong></span> <span class='ocrx_word' id='word_1_543' title='bbox 406 3280 446 3307; x_wconf 65' lang='grc'><strong>45.</strong></span> <span class='ocrx_word' id='word_1_544' title='bbox 468 3279 509 3306; x_wconf 67' lang='grc'><strong>66.</strong></span> <span class='ocrx_word' id='word_1_545' title='bbox 905 3290 907 3293; x_wconf 92' lang='grc'>-</span> <span class='ocrx_word' id='word_1_546' title='bbox 1069 3297 1072 3301; x_wconf 83' lang='lat'><strong>.</strong></span> 
     </span>
    </p>

    <p class='ocr_par' dir='ltr' id='par_1_16' title="bbox 166 3313 1131 3419">
     <span class='ocr_line' id='line_1_72' title="bbox 242 3313 1128 3349; baseline -0.002 -7"><span class='ocrx_word' id='word_1_547' title='bbox 242 3314 253 3329; x_wconf 77' lang='lat'><strong>⁶</strong></span> <span class='ocrx_word' id='word_1_548' title='bbox 271 3315 344 3349; x_wconf 72' lang='lat' dir='ltr'><strong>Cap..</strong></span> <span class='ocrx_word' id='word_1_549' title='bbox 367 3316 397 3347; x_wconf 86' lang='grc'><strong>3,</strong></span> <span class='ocrx_word' id='word_1_550' title='bbox 419 3316 442 3342; x_wconf 92' lang='grc'><strong>1.</strong></span> <span class='ocrx_word' id='word_1_551' title='bbox 455 3329 489 3334; x_wconf 88' lang='lat'><strong>—-</strong></span> <span class='ocrx_word' id='word_1_552' title='bbox 504 3315 588 3347; x_wconf 79' lang='lat' dir='ltr'><strong>Supra</strong></span> <span class='ocrx_word' id='word_1_553' title='bbox 601 3321 650 3346; x_wconf 91' lang='lat' dir='ltr'><strong>pro</strong></span> <span class='ocrx_word' id='word_1_554' title='bbox 663 3313 773 3341; x_wconf 72' lang='lat' dir='ltr'><strong>omnino</strong></span> <span class='ocrx_word' id='word_1_555' title='bbox 791 3313 875 3342; x_wconf 80' lang='lat' dir='ltr'><strong>vidua</strong></span> <span class='ocrx_word' id='word_1_556' title='bbox 887 3314 945 3341; x_wconf 80' lang='lat' dir='ltr'><strong>Vst.</strong></span> <span class='ocrx_word' id='word_1_557' title='bbox 959 3313 1019 3341; x_wconf 78' lang='lat' dir='ltr'><strong>viro</strong></span> <span class='ocrx_word' id='word_1_558' title='bbox 1038 3313 1128 3341; x_wconf 78' lang='lat' dir='ltr'><strong>vidua.</strong></span> 
     </span>
     <span class='ocr_line' id='line_1_73' title="bbox 166 3349 1131 3419; baseline -0.002 -7"><span class='ocrx_word' id='word_1_559' title='bbox 166 3362 207 3369; x_wconf 75' lang='grc'><strong>’“</strong></span> <span class='ocrx_word' id='word_1_560' title='bbox 226 3349 980 3419; x_wconf 47' lang='grc' dir='ltr'><strong>Ξὲῆῗὲωὲξ’·11813.)ιὲἙ,»ἓέι1.ἒῖἑ“ὲῖἳ.ἐέ1.“ῐῖ·ρὲ1</strong></span> <span class='ocrx_word' id='word_1_561' title='bbox 992 3350 1131 3411; x_wconf 49' lang='lat' dir='ltr'><strong>{atta-.-</strong></span> 
     </span>
    </p>

    <p class='ocr_par' dir='ltr' id='par_1_17' title="bbox 387 3405 472 3419">
     <span class='ocr_line' id='line_1_74' title="bbox 387 3405 472 3419; baseline 0 -7"><span class='ocrx_word' id='word_1_562' title='bbox 387 3406 393 3419; x_wconf 83' lang='grc'><strong>,</strong></span> <span class='ocrx_word' id='word_1_563' title='bbox 465 3405 472 3412; x_wconf 93' lang='grc'><strong>.</strong></span> 
     </span>
    </p>

    <p class='ocr_par' dir='ltr' id='par_1_18' title="bbox 174 3406 1129 3454">
     <span class='ocr_line' id='line_1_75' title="bbox 174 3406 1129 3454; baseline 0 -8"><span class='ocrx_word' id='word_1_564' title='bbox 174 3420 356 3454; x_wconf 83' lang='lat' dir='ltr'><strong>prosequitur:</strong></span> <span class='ocrx_word' id='word_1_565' title='bbox 376 3421 408 3448; x_wconf 80' lang='lat' dir='ltr'><strong>ln</strong></span> <span class='ocrx_word' id='word_1_566' title='bbox 435 3420 555 3449; x_wconf 74' lang='lat' dir='ltr'><strong>Ecclesia</strong></span> <span class='ocrx_word' id='word_1_567' title='bbox 580 3419 668 3453; x_wconf 60' lang='grc'><strong>0711111,-</strong></span> <span class='ocrx_word' id='word_1_568' title='bbox 694 3419 789 3446; x_wconf 86' lang='lat' dir='ltr'><strong>deinde</strong></span> <span class='ocrx_word' id='word_1_569' title='bbox 816 3406 911 3447; x_wconf 75' lang='lat' dir='ltr'><strong>om&#39;ittit</strong></span> <span class='ocrx_word' id='word_1_570' title='bbox 938 3427 1017 3453; x_wconf 76' lang='lat' dir='ltr'><strong>veo-o,</strong></span> <span class='ocrx_word' id='word_1_571' title='bbox 1037 3424 1062 3446; x_wconf 90' lang='lat' dir='ltr'><strong>et</strong></span> <span class='ocrx_word' id='word_1_572' title='bbox 1080 3426 1129 3452; x_wconf 89' lang='lat' dir='ltr'><strong>pro</strong></span> 
     </span>
    </p>
   </div>
   <div class='ocr_carea' id='block_1_9' title="bbox 2075 247 2134 279">
    <p class='ocr_par' dir='ltr' id='par_1_19' title="bbox 2075 247 2134 279">
     <span class='ocr_line' id='line_1_76' title="bbox 2075 247 2134 279; baseline 0 -1"><span class='ocrx_word' id='word_1_573' title='bbox 2075 247 2134 279; x_wconf 83' lang='lat'><strong>611</strong></span> 
     </span>
    </p>
   </div>
   <div class='ocr_carea' id='block_1_10' title="bbox 1176 336 2153 2672">
    <p class='ocr_par' dir='ltr' id='par_1_20' title="bbox 1177 336 2143 463">
     <span class='ocr_line' id='line_1_77' title="bbox 1178 336 2141 372; baseline -0.001 -8"><span class='ocrx_word' id='word_1_574' title='bbox 1178 336 1314 365; x_wconf 82' lang='lat' dir='ltr'><strong>mundare</strong></span> <span class='ocrx_word' id='word_1_575' title='bbox 1345 345 1402 365; x_wconf 91' lang='lat' dir='ltr'><strong>non</strong></span> <span class='ocrx_word' id='word_1_576' title='bbox 1434 336 1596 370; x_wconf 89' lang='lat' dir='ltr'><strong>sufficiunt,</strong></span> <span class='ocrx_word' id='word_1_577' title='bbox 1628 337 1694 372; x_wconf 86' lang='lat' dir='ltr'><strong>quia</strong></span> <span class='ocrx_word' id='word_1_578' title='bbox 1725 336 1819 364; x_wconf 87' lang='lat' dir='ltr'><strong>lutum</strong></span> <span class='ocrx_word' id='word_1_579' title='bbox 1850 337 1878 364; x_wconf 87' lang='lat' dir='ltr'><strong>in</strong></span> <span class='ocrx_word' id='word_1_580' title='bbox 1908 344 1993 364; x_wconf 87' lang='lat' dir='ltr'><strong>manu</strong></span> <span class='ocrx_word' id='word_1_581' title='bbox 2019 336 2141 372; x_wconf 78' lang='lat' dir='ltr'><strong>gerunt3</strong></span> 
     </span>
     <span class='ocr_line' id='line_1_78' title="bbox 1177 384 2143 421; baseline -0.001 -8"><span class='ocrx_word' id='word_1_582' title='bbox 1177 385 1270 414; x_wconf 81' lang='lat' dir='ltr'><strong>Isaiae</strong></span> <span class='ocrx_word' id='word_1_583' title='bbox 1283 384 1309 413; x_wconf 91' lang='lat'><strong>⁷:</strong></span> <span class='ocrx_word' id='word_1_584' title='bbox 1337 385 1442 414; x_wconf 76' lang='lat' dir='ltr'><strong>«Dabo</strong></span> <span class='ocrx_word' id='word_1_585' title='bbox 1464 394 1566 421; x_wconf 89' lang='lat' dir='ltr'><strong>pueros</strong></span> <span class='ocrx_word' id='word_1_586' title='bbox 1588 386 1731 421; x_wconf 87' lang='lat' dir='ltr'><strong>principes</strong></span> <span class='ocrx_word' id='word_1_587' title='bbox 1752 393 1863 419; x_wconf 87' lang='lat' dir='ltr'><strong>eorum,</strong></span> <span class='ocrx_word' id='word_1_588' title='bbox 1883 385 2035 413; x_wconf 82' lang='lat' dir='ltr'><strong>effeminati</strong></span> <span class='ocrx_word' id='word_1_589' title='bbox 2055 385 2143 413; x_wconf 89' lang='lat' dir='ltr'><strong>domi-</strong></span> 
     </span>
     <span class='ocr_line' id='line_1_79' title="bbox 1179 434 1428 463; baseline 0 -1"><span class='ocrx_word' id='word_1_590' title='bbox 1179 434 1325 463; x_wconf 87' lang='lat' dir='ltr'><strong>nabuntur</strong></span> <span class='ocrx_word' id='word_1_591' title='bbox 1346 435 1385 462; x_wconf 89' lang='lat' dir='ltr'><strong>eis</strong></span> <span class='ocrx_word' id='word_1_592' title='bbox 1400 446 1428 462; x_wconf 66' lang='grc' dir='ltr'><strong>ι».</strong></span> 
     </span>
    </p>

    <p class='ocr_par' dir='ltr' id='par_1_21' title="bbox 1176 483 2144 853">
     <span class='ocr_line' id='line_1_80' title="bbox 1260 483 2142 519; baseline -0.001 -8"><span class='ocrx_word' id='word_1_593' title='bbox 1260 483 1288 511; x_wconf 91' lang='lat'><strong>5.</strong></span> <span class='ocrx_word' id='word_1_594' title='bbox 1310 483 1490 519; x_wconf 88' lang='lat' dir='ltr'><strong>Deplorando</strong></span> <span class='ocrx_word' id='word_1_595' title='bbox 1522 492 1587 512; x_wconf 85' lang='lat' dir='ltr'><strong>vero</strong></span> <span class='ocrx_word' id='word_1_596' title='bbox 1611 483 1762 519; x_wconf 75' lang='lat' dir='ltr'><strong>perditum</strong></span> <span class='ocrx_word' id='word_1_597' title='bbox 1784 483 1922 511; x_wconf 79' lang='lat' dir='ltr'><strong>honorem</strong></span> <span class='ocrx_word' id='word_1_598' title='bbox 1945 483 2031 511; x_wconf 88' lang='lat' dir='ltr'><strong>dicit:</strong></span> <span class='ocrx_word' id='word_1_599' title='bbox 2054 483 2142 511; x_wconf 78' lang='lat' dir='ltr'><strong>Prin-</strong></span> 
     </span>
     <span class='ocr_line' id='line_1_81' title="bbox 1179 532 2142 567; baseline 0 -7"><span class='ocrx_word' id='word_1_600' title='bbox 1179 540 1244 567; x_wconf 78' lang='lat' dir='ltr'><strong>ceps</strong></span> <span class='ocrx_word' id='word_1_601' title='bbox 1258 533 1503 567; x_wconf 75' lang='lat' dir='ltr'><strong>provineiarum;</strong></span> <span class='ocrx_word' id='word_1_602' title='bbox 1525 532 1690 561; x_wconf 87' lang='lat' dir='ltr'><strong>Palaestina</strong></span> <span class='ocrx_word' id='word_1_603' title='bbox 1710 533 1784 560; x_wconf 88' lang='lat' dir='ltr'><strong>enim</strong></span> <span class='ocrx_word' id='word_1_604' title='bbox 1806 532 1905 560; x_wconf 87' lang='lat' dir='ltr'><strong>multis</strong></span> <span class='ocrx_word' id='word_1_605' title='bbox 1927 533 2080 567; x_wconf 85' lang='lat' dir='ltr'><strong>principari</strong></span> <span class='ocrx_word' id='word_1_606' title='bbox 2102 540 2142 560; x_wconf 81' lang='lat' dir='ltr'><strong>so-</strong></span> 
     </span>
     <span class='ocr_line' id='line_1_82' title="bbox 1177 580 2143 617; baseline -0.002 -7"><span class='ocrx_word' id='word_1_607' title='bbox 1177 581 1272 616; x_wconf 86' lang='lat' dir='ltr'><strong>lebat;</strong></span> <span class='ocrx_word' id='word_1_608' title='bbox 1293 580 1375 615; x_wconf 66' lang='lat' dir='ltr'><strong>facta</strong></span> <span class='ocrx_word' id='word_1_609' title='bbox 1395 583 1439 610; x_wconf 82' lang='lat' dir='ltr'><strong>est</strong></span> <span class='ocrx_word' id='word_1_610' title='bbox 1457 582 1510 610; x_wconf 75' lang='lat' dir='ltr'><strong>sub</strong></span> <span class='ocrx_word' id='word_1_611' title='bbox 1532 581 1656 616; x_wconf 74' lang='lat' dir='ltr'><strong>tributo,</strong></span> <span class='ocrx_word' id='word_1_612' title='bbox 1674 582 1763 617; x_wconf 89' lang='lat' dir='ltr'><strong>primo</strong></span> <span class='ocrx_word' id='word_1_613' title='bbox 1784 582 1979 616; x_wconf 85' lang='lat' dir='ltr'><strong>Assyriorum,</strong></span> <span class='ocrx_word' id='word_1_614' title='bbox 2002 581 2076 609; x_wconf 86' lang='lat' dir='ltr'><strong>sicut</strong></span> <span class='ocrx_word' id='word_1_615' title='bbox 2098 589 2143 616; x_wconf 89' lang='lat' dir='ltr'><strong>pa-</strong></span> 
     </span>
     <span class='ocr_line' id='line_1_83' title="bbox 1179 628 2141 666; baseline -0.002 -8"><span class='ocrx_word' id='word_1_616' title='bbox 1179 630 1222 658; x_wconf 89' lang='lat' dir='ltr'><strong>tet</strong></span> <span class='ocrx_word' id='word_1_617' title='bbox 1252 630 1282 658; x_wconf 90' lang='lat' dir='ltr'><strong>in</strong></span> <span class='ocrx_word' id='word_1_618' title='bbox 1313 630 1416 666; x_wconf 88' lang='lat' dir='ltr'><strong>quarto</strong></span> <span class='ocrx_word' id='word_1_619' title='bbox 1448 628 1596 666; x_wconf 79' lang='lat' dir='ltr'><strong>Regum⁸3</strong></span> <span class='ocrx_word' id='word_1_620' title='bbox 1625 629 1723 658; x_wconf 87' lang='lat' dir='ltr'><strong>deinde</strong></span> <span class='ocrx_word' id='word_1_621' title='bbox 1746 629 1970 662; x_wconf 78' lang='lat' dir='ltr'><strong>Chaldaeorum3</strong></span> <span class='ocrx_word' id='word_1_622' title='bbox 1992 629 2141 657; x_wconf 82' lang='lat' dir='ltr'><strong>Ieremias:</strong></span> 
     </span>
     <span class='ocr_line' id='line_1_84' title="bbox 1176 677 2142 715; baseline -0.002 -8"><span class='ocrx_word' id='word_1_623' title='bbox 1176 689 1199 703; x_wconf 42' lang='grc' dir='ltr'><strong>’κ</strong></span> <span class='ocrx_word' id='word_1_624' title='bbox 1213 678 1289 707; x_wconf 83' lang='lat' dir='ltr'><strong>Gens</strong></span> <span class='ocrx_word' id='word_1_625' title='bbox 1303 678 1333 707; x_wconf 87' lang='lat' dir='ltr'><strong>et</strong></span> <span class='ocrx_word' id='word_1_626' title='bbox 1348 687 1466 715; x_wconf 90' lang='lat' dir='ltr'><strong>regnum</strong></span> <span class='ocrx_word' id='word_1_627' title='bbox 1488 679 1562 714; x_wconf 90' lang='lat' dir='ltr'><strong>quod</strong></span> <span class='ocrx_word' id='word_1_628' title='bbox 1582 687 1639 708; x_wconf 91' lang='grc'><strong>000</strong></span> <span class='ocrx_word' id='word_1_629' title='bbox 1654 679 1784 707; x_wconf 84' lang='lat' dir='ltr'><strong>servierit</strong></span> <span class='ocrx_word' id='word_1_630' title='bbox 1800 677 2066 711; x_wconf 86' lang='lat' dir='ltr'><strong>Nabuchodonosor,</strong></span> <span class='ocrx_word' id='word_1_631' title='bbox 2083 679 2142 713; x_wconf 85' lang='lat' dir='ltr'><strong>regi</strong></span> 
     </span>
     <span class='ocr_line' id='line_1_85' title="bbox 1180 727 2143 763; baseline -0.001 -8"><span class='ocrx_word' id='word_1_632' title='bbox 1180 727 1344 763; x_wconf 87' lang='lat' dir='ltr'><strong>Babylonis,</strong></span> <span class='ocrx_word' id='word_1_633' title='bbox 1359 728 1389 755; x_wconf 90' lang='lat' dir='ltr'><strong>in</strong></span> <span class='ocrx_word' id='word_1_634' title='bbox 1403 728 1498 763; x_wconf 84' lang='lat' dir='ltr'><strong>gladio</strong></span> <span class='ocrx_word' id='word_1_635' title='bbox 1513 728 1542 756; x_wconf 86' lang='lat' dir='ltr'><strong>et</strong></span> <span class='ocrx_word' id='word_1_636' title='bbox 1557 727 1635 763; x_wconf 87' lang='lat' dir='ltr'><strong>peste</strong></span> <span class='ocrx_word' id='word_1_637' title='bbox 1650 727 1679 756; x_wconf 90' lang='lat' dir='ltr'><strong>et</strong></span> <span class='ocrx_word' id='word_1_638' title='bbox 1697 727 1769 755; x_wconf 80' lang='lat' dir='ltr'><strong>fame</strong></span> <span class='ocrx_word' id='word_1_639' title='bbox 1784 727 1905 755; x_wconf 86' lang='lat' dir='ltr'><strong>visitabo</strong></span> <span class='ocrx_word' id='word_1_640' title='bbox 1928 735 2012 762; x_wconf 84' lang='lat' dir='ltr'><strong>super</strong></span> <span class='ocrx_word' id='word_1_641' title='bbox 2030 727 2143 762; x_wconf 73' lang='lat' dir='ltr'><strong>gentem</strong></span> 
     </span>
     <span class='ocr_line' id='line_1_86' title="bbox 1179 775 2144 812; baseline -0.001 -8"><span class='ocrx_word' id='word_1_642' title='bbox 1179 776 1259 804; x_wconf 90' lang='lat' dir='ltr'><strong>illam</strong></span> <span class='ocrx_word' id='word_1_643' title='bbox 1274 786 1303 810; x_wconf 72' lang='lat'><strong>»3</strong></span> <span class='ocrx_word' id='word_1_644' title='bbox 1324 776 1354 804; x_wconf 87' lang='lat' dir='ltr'><strong>et</strong></span> <span class='ocrx_word' id='word_1_645' title='bbox 1375 777 1473 812; x_wconf 87' lang='lat' dir='ltr'><strong>postea</strong></span> <span class='ocrx_word' id='word_1_646' title='bbox 1495 777 1701 810; x_wconf 75' lang='lat' dir='ltr'><strong>Romanorum,</strong></span> <span class='ocrx_word' id='word_1_647' title='bbox 1724 776 1797 805; x_wconf 87' lang='lat' dir='ltr'><strong>sicut</strong></span> <span class='ocrx_word' id='word_1_648' title='bbox 1812 776 1892 812; x_wconf 83' lang='lat' dir='ltr'><strong>patet</strong></span> <span class='ocrx_word' id='word_1_649' title='bbox 1912 775 2002 803; x_wconf 86' lang='lat' dir='ltr'><strong>Lucae</strong></span> <span class='ocrx_word' id='word_1_650' title='bbox 2024 775 2144 804; x_wconf 84' lang='lat' dir='ltr'><strong>secundo</strong></span> 
     </span>
     <span class='ocr_line' id='line_1_87' title="bbox 1180 825 1375 853; baseline 0 0"><span class='ocrx_word' id='word_1_651' title='bbox 1180 825 1217 853; x_wconf 88' lang='lat' dir='ltr'><strong>ad</strong></span> <span class='ocrx_word' id='word_1_652' title='bbox 1236 825 1375 853; x_wconf 86' lang='lat' dir='ltr'><strong>litteram.</strong></span> 
     </span>
    </p>

    <p class='ocr_par' dir='ltr' id='par_1_22' title="bbox 1181 874 2153 1785">
     <span class='ocr_line' id='line_1_88' title="bbox 1261 874 2144 911; baseline -0.002 -8"><span class='ocrx_word' id='word_1_653' title='bbox 1261 874 1314 902; x_wconf 85' lang='lat' dir='ltr'><strong>Sed</strong></span> <span class='ocrx_word' id='word_1_654' title='bbox 1335 874 1490 911; x_wconf 76' lang='lat' dir='ltr'><strong>alleyorice</strong></span> <span class='ocrx_word' id='word_1_655' title='bbox 1520 875 1646 903; x_wconf 87' lang='lat' dir='ltr'><strong>Ecclesia</strong></span> <span class='ocrx_word' id='word_1_656' title='bbox 1666 875 1755 911; x_wconf 70' lang='lat' dir='ltr'><strong>servit</strong></span> <span class='ocrx_word' id='word_1_657' title='bbox 1784 874 1918 909; x_wconf 78' lang='lat' dir='ltr'><strong>tributis,</strong></span> <span class='ocrx_word' id='word_1_658' title='bbox 1941 874 2006 902; x_wconf 91' lang='lat' dir='ltr'><strong>dum</strong></span> <span class='ocrx_word' id='word_1_659' title='bbox 2035 874 2144 909; x_wconf 82' lang='lat' dir='ltr'><strong>cogitur</strong></span> 
     </span>
     <span class='ocr_line' id='line_1_89' title="bbox 1182 923 2146 960; baseline -0.002 -8"><span class='ocrx_word' id='word_1_660' title='bbox 1182 924 1329 959; x_wconf 87' lang='lat' dir='ltr'><strong>providere</strong></span> <span class='ocrx_word' id='word_1_661' title='bbox 1350 924 1510 953; x_wconf 88' lang='lat' dir='ltr'><strong>hominibus</strong></span> <span class='ocrx_word' id='word_1_662' title='bbox 1531 924 1592 953; x_wconf 84' lang='lat' dir='ltr'><strong>vita</strong></span> <span class='ocrx_word' id='word_1_663' title='bbox 1612 924 1751 960; x_wconf 86' lang='lat' dir='ltr'><strong>indignis,</strong></span> <span class='ocrx_word' id='word_1_664' title='bbox 1774 924 1821 960; x_wconf 90' lang='lat' dir='ltr'><strong>qui</strong></span> <span class='ocrx_word' id='word_1_665' title='bbox 1843 923 1984 958; x_wconf 84' lang='lat' dir='ltr'><strong>stipendia</strong></span> <span class='ocrx_word' id='word_1_666' title='bbox 2004 923 2146 958; x_wconf 83' lang='lat' dir='ltr'><strong>accipiunt</strong></span> 
     </span>
     <span class='ocr_line' id='line_1_90' title="bbox 1182 971 2145 1009; baseline -0.002 -8"><span class='ocrx_word' id='word_1_667' title='bbox 1182 973 1242 1001; x_wconf 88' lang='lat' dir='ltr'><strong>sine</strong></span> <span class='ocrx_word' id='word_1_668' title='bbox 1263 973 1364 1002; x_wconf 90' lang='lat' dir='ltr'><strong>merito</strong></span> <span class='ocrx_word' id='word_1_669' title='bbox 1385 973 1500 1002; x_wconf 86' lang='lat' dir='ltr'><strong>laboris.</strong></span> <span class='ocrx_word' id='word_1_670' title='bbox 1523 990 1564 995; x_wconf 84' lang='lat'><em>-</em></span> <span class='ocrx_word' id='word_1_671' title='bbox 1583 973 1635 1002; x_wconf 85' lang='lat' dir='ltr'><strong>Vel</strong></span> <span class='ocrx_word' id='word_1_672' title='bbox 1668 973 1838 1009; x_wconf 74' lang='lat' dir='ltr'><strong>alleyorice,</strong></span> <span class='ocrx_word' id='word_1_673' title='bbox 1865 972 1930 1000; x_wconf 91' lang='lat' dir='ltr'><strong>dum</strong></span> <span class='ocrx_word' id='word_1_674' title='bbox 1963 980 2013 1007; x_wconf 90' lang='lat' dir='ltr'><strong>per</strong></span> <span class='ocrx_word' id='word_1_675' title='bbox 2043 971 2145 1000; x_wconf 86' lang='lat' dir='ltr'><strong>diaboli</strong></span> 
     </span>
     <span class='ocr_line' id='line_1_91' title="bbox 1182 1021 2145 1058; baseline -0.002 -8"><span class='ocrx_word' id='word_1_676' title='bbox 1182 1022 1308 1050; x_wconf 88' lang='lat' dir='ltr'><strong>membra</strong></span> <span class='ocrx_word' id='word_1_677' title='bbox 1339 1022 1431 1050; x_wconf 83' lang='lat' dir='ltr'><strong>clerici</strong></span> <span class='ocrx_word' id='word_1_678' title='bbox 1464 1022 1683 1058; x_wconf 83' lang='lat' dir='ltr'><strong>pervertuntur,</strong></span> <span class='ocrx_word' id='word_1_679' title='bbox 1716 1022 1841 1050; x_wconf 86' lang='lat' dir='ltr'><strong>Ecclesia</strong></span> <span class='ocrx_word' id='word_1_680' title='bbox 1863 1021 2007 1049; x_wconf 86' lang='lat' dir='ltr'><strong>diabolicis</strong></span> <span class='ocrx_word' id='word_1_681' title='bbox 2029 1021 2145 1048; x_wconf 87' lang='lat' dir='ltr'><strong>tributis</strong></span> 
     </span>
     <span class='ocr_line' id='line_1_92' title="bbox 1183 1069 2146 1106; baseline -0.003 -6"><span class='ocrx_word' id='word_1_682' title='bbox 1183 1071 1340 1100; x_wconf 82' lang='lat' dir='ltr'><strong>subiicitur.</strong></span> <span class='ocrx_word' id='word_1_683' title='bbox 1362 1088 1402 1091; x_wconf 97' lang='lat'><strong>—</strong></span> <span class='ocrx_word' id='word_1_684' title='bbox 1422 1071 1602 1099; x_wconf 77' lang='lat' dir='ltr'><strong>Moraliter:</strong></span> <span class='ocrx_word' id='word_1_685' title='bbox 1621 1072 1718 1106; x_wconf 73' lang='lat' dir='ltr'><strong>qentes</strong></span> <span class='ocrx_word' id='word_1_686' title='bbox 1740 1070 1808 1098; x_wconf 90' lang='lat' dir='ltr'><strong>sunt</strong></span> <span class='ocrx_word' id='word_1_687' title='bbox 1828 1070 2004 1103; x_wconf 78' lang='lat' dir='ltr'><strong>affectiones,</strong></span> <span class='ocrx_word' id='word_1_688' title='bbox 2027 1069 2070 1097; x_wconf 85' lang='lat' dir='ltr'><strong>vel</strong></span> <span class='ocrx_word' id='word_1_689' title='bbox 2087 1077 2146 1104; x_wconf 88' lang='lat' dir='ltr'><strong>pec-</strong></span> 
     </span>
     <span class='ocr_line' id='line_1_93' title="bbox 1183 1118 2146 1156; baseline -0.003 -8"><span class='ocrx_word' id='word_1_690' title='bbox 1183 1120 1262 1154; x_wconf 86' lang='lat' dir='ltr'><strong>cata,</strong></span> <span class='ocrx_word' id='word_1_691' title='bbox 1285 1120 1387 1156; x_wconf 91' lang='lat' dir='ltr'><strong>quibus</strong></span> <span class='ocrx_word' id='word_1_692' title='bbox 1418 1121 1513 1148; x_wconf 86' lang='lat' dir='ltr'><strong>anima</strong></span> <span class='ocrx_word' id='word_1_693' title='bbox 1545 1120 1665 1148; x_wconf 84' lang='lat' dir='ltr'><strong>faciliter</strong></span> <span class='ocrx_word' id='word_1_694' title='bbox 1685 1119 1862 1152; x_wconf 80' lang='lat' dir='ltr'><strong>dominatur,</strong></span> <span class='ocrx_word' id='word_1_695' title='bbox 1885 1118 2017 1154; x_wconf 87' lang='lat' dir='ltr'><strong>quamdiu</strong></span> <span class='ocrx_word' id='word_1_696' title='bbox 2044 1126 2146 1153; x_wconf 86' lang='lat' dir='ltr'><strong>sponso</strong></span> 
     </span>
     <span class='ocr_line' id='line_1_94' title="bbox 1185 1165 2147 1204; baseline -0.003 -7"><span class='ocrx_word' id='word_1_697' title='bbox 1185 1177 1236 1197; x_wconf 89' lang='lat' dir='ltr'><strong>suo</strong></span> <span class='ocrx_word' id='word_1_698' title='bbox 1257 1169 1311 1197; x_wconf 90' lang='lat' dir='ltr'><strong>fide</strong></span> <span class='ocrx_word' id='word_1_699' title='bbox 1333 1169 1362 1197; x_wconf 90' lang='lat' dir='ltr'><strong>et</strong></span> <span class='ocrx_word' id='word_1_700' title='bbox 1382 1169 1530 1197; x_wconf 84' lang='lat' dir='ltr'><strong>dilectione</strong></span> <span class='ocrx_word' id='word_1_701' title='bbox 1551 1168 1715 1204; x_wconf 58' lang='lat' dir='ltr'><strong>copulatum</strong></span> <span class='ocrx_word' id='word_1_702' title='bbox 1738 1169 1766 1196; x_wconf 92' lang='lat' dir='ltr'><strong>in</strong></span> <span class='ocrx_word' id='word_1_703' title='bbox 1789 1167 1890 1195; x_wconf 86' lang='lat' dir='ltr'><strong>Genesi</strong></span> <span class='ocrx_word' id='word_1_704' title='bbox 1903 1165 1929 1194; x_wconf 73' lang='lat'><strong>⁰:</strong></span> <span class='ocrx_word' id='word_1_705' title='bbox 1951 1178 1964 1191; x_wconf 68' lang='grc' dir='ltr'><em>α</em></span> <span class='ocrx_word' id='word_1_706' title='bbox 1979 1166 2036 1194; x_wconf 89' lang='lat' dir='ltr'><strong>Sub</strong></span> <span class='ocrx_word' id='word_1_707' title='bbox 2051 1166 2079 1194; x_wconf 84' lang='lat' dir='ltr'><strong>te</strong></span> <span class='ocrx_word' id='word_1_708' title='bbox 2093 1167 2147 1194; x_wconf 89' lang='lat' dir='ltr'><strong>erit</strong></span> 
     </span>
     <span class='ocr_line' id='line_1_95' title="bbox 1184 1216 2146 1254; baseline -0.003 -8"><span class='ocrx_word' id='word_1_709' title='bbox 1184 1218 1332 1254; x_wconf 85' lang='lat' dir='ltr'><strong>appetitus</strong></span> <span class='ocrx_word' id='word_1_710' title='bbox 1362 1218 1445 1251; x_wconf 83' lang='lat' dir='ltr'><strong>tuus,</strong></span> <span class='ocrx_word' id='word_1_711' title='bbox 1467 1218 1496 1246; x_wconf 87' lang='lat' dir='ltr'><strong>et</strong></span> <span class='ocrx_word' id='word_1_712' title='bbox 1517 1218 1548 1246; x_wconf 93' lang='lat' dir='ltr'><strong>tu</strong></span> <span class='ocrx_word' id='word_1_713' title='bbox 1577 1217 1765 1246; x_wconf 90' lang='lat' dir='ltr'><strong>dominaberis</strong></span> <span class='ocrx_word' id='word_1_714' title='bbox 1797 1217 1913 1249; x_wconf 75' lang='lat' dir='ltr'><strong>illius»;</strong></span> <span class='ocrx_word' id='word_1_715' title='bbox 1941 1224 1995 1251; x_wconf 89' lang='lat' dir='ltr'><strong>quo</strong></span> <span class='ocrx_word' id='word_1_716' title='bbox 2028 1216 2146 1248; x_wconf 85' lang='lat' dir='ltr'><strong>amisso,</strong></span> 
     </span>
     <span class='ocr_line' id='line_1_96' title="bbox 1186 1265 2148 1304; baseline -0.006 -7"><span class='ocrx_word' id='word_1_717' title='bbox 1186 1268 1308 1304; x_wconf 89' lang='lat' dir='ltr'><strong>propriis</strong></span> <span class='ocrx_word' id='word_1_718' title='bbox 1329 1267 1476 1296; x_wconf 87' lang='lat' dir='ltr'><strong>affectibus</strong></span> <span class='ocrx_word' id='word_1_719' title='bbox 1497 1267 1596 1295; x_wconf 88' lang='lat' dir='ltr'><strong>misere</strong></span> <span class='ocrx_word' id='word_1_720' title='bbox 1617 1266 1790 1302; x_wconf 82' lang='lat' dir='ltr'><strong>captivatur.</strong></span> <span class='ocrx_word' id='word_1_721' title='bbox 1816 1265 1994 1293; x_wconf 69' lang='lat' dir='ltr'><strong>Provinciae</strong></span> <span class='ocrx_word' id='word_1_722' title='bbox 2008 1272 2074 1292; x_wconf 87' lang='lat' dir='ltr'><strong>vero</strong></span> <span class='ocrx_word' id='word_1_723' title='bbox 2089 1272 2148 1292; x_wconf 87' lang='lat' dir='ltr'><strong>sen-</strong></span> 
     </span>
     <span class='ocr_line' id='line_1_97' title="bbox 1186 1312 2147 1352; baseline -0.006 -7"><span class='ocrx_word' id='word_1_724' title='bbox 1186 1325 1235 1345; x_wconf 89' lang='lat' dir='ltr'><strong>sus</strong></span> <span class='ocrx_word' id='word_1_725' title='bbox 1257 1317 1325 1345; x_wconf 91' lang='lat' dir='ltr'><strong>sunt</strong></span> <span class='ocrx_word' id='word_1_726' title='bbox 1345 1317 1487 1352; x_wconf 87' lang='lat' dir='ltr'><strong>corporis,</strong></span> <span class='ocrx_word' id='word_1_727' title='bbox 1509 1316 1612 1352; x_wconf 88' lang='lat' dir='ltr'><strong>quibus</strong></span> <span class='ocrx_word' id='word_1_728' title='bbox 1626 1316 1721 1343; x_wconf 87' lang='lat' dir='ltr'><strong>anima</strong></span> <span class='ocrx_word' id='word_1_729' title='bbox 1735 1314 1872 1343; x_wconf 86' lang='lat' dir='ltr'><strong>subversa</strong></span> <span class='ocrx_word' id='word_1_730' title='bbox 1889 1313 2030 1341; x_wconf 71' lang='lat' dir='ltr'><strong>tributam</strong></span> <span class='ocrx_word' id='word_1_731' title='bbox 2043 1312 2147 1346; x_wconf 79' lang='lat' dir='ltr'><strong>reddit,</strong></span> 
     </span>
     <span class='ocr_line' id='line_1_98' title="bbox 1186 1362 2148 1394; baseline -0.006 0"><span class='ocrx_word' id='word_1_732' title='bbox 1186 1374 1249 1394; x_wconf 79' lang='lat' dir='ltr'><strong>cuni</strong></span> <span class='ocrx_word' id='word_1_733' title='bbox 1271 1365 1412 1394; x_wconf 87' lang='lat' dir='ltr'><strong>sensibilis</strong></span> <span class='ocrx_word' id='word_1_734' title='bbox 1433 1365 1564 1393; x_wconf 86' lang='lat' dir='ltr'><strong>illecebra</strong></span> <span class='ocrx_word' id='word_1_735' title='bbox 1585 1365 1621 1393; x_wconf 84' lang='lat' dir='ltr'><strong>ad</strong></span> <span class='ocrx_word' id='word_1_736' title='bbox 1642 1373 1670 1392; x_wconf 90' lang='lat' dir='ltr'><strong>se</strong></span> <span class='ocrx_word' id='word_1_737' title='bbox 1699 1363 1791 1392; x_wconf 88' lang='lat' dir='ltr'><strong>trahit</strong></span> <span class='ocrx_word' id='word_1_738' title='bbox 1819 1362 1999 1391; x_wconf 79' lang='lat' dir='ltr'><strong>altitudinem</strong></span> <span class='ocrx_word' id='word_1_739' title='bbox 2021 1362 2148 1390; x_wconf 77' lang='lat' dir='ltr'><strong>rationis.</strong></span> 
     </span>
     <span class='ocr_line' id='line_1_99' title="bbox 1186 1408 2150 1452; baseline -0.006 -9"><span class='ocrx_word' id='word_1_740' title='bbox 1186 1431 1227 1435; x_wconf 84' lang='lat'>—</span> <span class='ocrx_word' id='word_1_741' title='bbox 1241 1415 1279 1443; x_wconf 89' lang='lat' dir='ltr'><strong>Et</strong></span> <span class='ocrx_word' id='word_1_742' title='bbox 1293 1415 1378 1452; x_wconf 81' lang='lat' dir='ltr'><strong>nota,</strong></span> <span class='ocrx_word' id='word_1_743' title='bbox 1393 1414 1467 1450; x_wconf 92' lang='lat' dir='ltr'><strong>quod</strong></span> <span class='ocrx_word' id='word_1_744' title='bbox 1481 1414 1563 1442; x_wconf 89' lang='lat' dir='ltr'><strong>dicit:</strong></span> <span class='ocrx_word' id='word_1_745' title='bbox 1585 1414 1718 1442; x_wconf 72' lang='lat' dir='ltr'><strong>Domina</strong></span> <span class='ocrx_word' id='word_1_746' title='bbox 1730 1412 1862 1448; x_wconf 73' lang='lat' dir='ltr'><strong>yentium</strong></span> <span class='ocrx_word' id='word_1_747' title='bbox 1883 1413 1910 1439; x_wconf 78' lang='lat' dir='ltr'><strong>et</strong></span> <span class='ocrx_word' id='word_1_748' title='bbox 1925 1412 2065 1446; x_wconf 77' lang='lat' dir='ltr'><strong>princeps</strong></span> <span class='ocrx_word' id='word_1_749' title='bbox 2081 1408 2150 1446; x_wconf 71' lang='lat' dir='ltr'><strong>pro-</strong></span> 
     </span>
     <span class='ocr_line' id='line_1_100' title="bbox 1186 1459 2149 1499; baseline -0.005 -7"><span class='ocrx_word' id='word_1_750' title='bbox 1186 1464 1365 1498; x_wconf 78' lang='lat' dir='ltr'><strong>vinciarwm,</strong></span> <span class='ocrx_word' id='word_1_751' title='bbox 1388 1464 1454 1499; x_wconf 90' lang='lat' dir='ltr'><strong>quia</strong></span> <span class='ocrx_word' id='word_1_752' title='bbox 1475 1462 1596 1497; x_wconf 80' lang='lat' dir='ltr'><strong>affectus</strong></span> <span class='ocrx_word' id='word_1_753' title='bbox 1627 1461 1729 1490; x_wconf 88' lang='lat' dir='ltr'><strong>debent</strong></span> <span class='ocrx_word' id='word_1_754' title='bbox 1760 1461 1905 1496; x_wconf 87' lang='lat' dir='ltr'><strong>comprimi</strong></span> <span class='ocrx_word' id='word_1_755' title='bbox 1932 1460 1961 1488; x_wconf 88' lang='lat' dir='ltr'><strong>et</strong></span> <span class='ocrx_word' id='word_1_756' title='bbox 1987 1460 2016 1488; x_wconf 91' lang='lat' dir='ltr'><strong>in</strong></span> <span class='ocrx_word' id='word_1_757' title='bbox 2038 1459 2149 1495; x_wconf 87' lang='lat' dir='ltr'><strong>plenam</strong></span> 
     </span>
     <span class='ocr_line' id='line_1_101' title="bbox 1186 1509 2149 1548; baseline -0.006 -7"><span class='ocrx_word' id='word_1_758' title='bbox 1186 1513 1275 1548; x_wconf 87' lang='lat' dir='ltr'><strong>redigi</strong></span> <span class='ocrx_word' id='word_1_759' title='bbox 1297 1512 1480 1546; x_wconf 85' lang='lat' dir='ltr'><strong>servitutem;</strong></span> <span class='ocrx_word' id='word_1_760' title='bbox 1502 1520 1603 1540; x_wconf 74' lang='lat' dir='ltr'><strong>sensus</strong></span> <span class='ocrx_word' id='word_1_761' title='bbox 1624 1511 1719 1539; x_wconf 89' lang='lat' dir='ltr'><strong>autem</strong></span> <span class='ocrx_word' id='word_1_762' title='bbox 1747 1510 1831 1545; x_wconf 89' lang='lat' dir='ltr'><strong>dirigi</strong></span> <span class='ocrx_word' id='word_1_763' title='bbox 1860 1509 1966 1537; x_wconf 89' lang='lat' dir='ltr'><strong>habent</strong></span> <span class='ocrx_word' id='word_1_764' title='bbox 1988 1509 2149 1544; x_wconf 84' lang='lat' dir='ltr'><strong>principatu</strong></span> 
     </span>
     <span class='ocr_line' id='line_1_102' title="bbox 1186 1557 2152 1596; baseline -0.005 -7"><span class='ocrx_word' id='word_1_765' title='bbox 1186 1561 1308 1596; x_wconf 89' lang='lat' dir='ltr'><strong>quodam</strong></span> <span class='ocrx_word' id='word_1_766' title='bbox 1330 1561 1479 1589; x_wconf 89' lang='lat' dir='ltr'><strong>rationalis</strong></span> <span class='ocrx_word' id='word_1_767' title='bbox 1500 1560 1664 1596; x_wconf 84' lang='lat' dir='ltr'><strong>disciplinae</strong></span> <span class='ocrx_word' id='word_1_768' title='bbox 1678 1558 1711 1587; x_wconf 84' lang='lat'><strong>¹⁰.</strong></span> <span class='ocrx_word' id='word_1_769' title='bbox 1733 1559 1804 1593; x_wconf 80' lang='lat' dir='ltr'><strong>Quia</strong></span> <span class='ocrx_word' id='word_1_770' title='bbox 1825 1558 1914 1594; x_wconf 85' lang='lat' dir='ltr'><strong>igitur</strong></span> <span class='ocrx_word' id='word_1_771' title='bbox 1934 1557 2018 1585; x_wconf 88' lang='lat' dir='ltr'><strong>huius</strong></span> <span class='ocrx_word' id='word_1_772' title='bbox 2040 1557 2152 1585; x_wconf 86' lang='lat' dir='ltr'><strong>subver-</strong></span> 
     </span>
     <span class='ocr_line' id='line_1_103' title="bbox 1187 1607 2152 1643; baseline -0.004 -5"><span class='ocrx_word' id='word_1_773' title='bbox 1187 1611 1274 1639; x_wconf 89' lang='lat' dir='ltr'><strong>sionis</strong></span> <span class='ocrx_word' id='word_1_774' title='bbox 1302 1610 1346 1638; x_wconf 87' lang='lat' dir='ltr'><strong>est</strong></span> <span class='ocrx_word' id='word_1_775' title='bbox 1367 1610 1480 1638; x_wconf 87' lang='lat' dir='ltr'><strong>initium</strong></span> <span class='ocrx_word' id='word_1_776' title='bbox 1508 1608 1636 1643; x_wconf 72' lang='lat' dir='ltr'><strong>defectus</strong></span> <span class='ocrx_word' id='word_1_777' title='bbox 1665 1609 1815 1637; x_wconf 69' lang='lat' dir='ltr'><strong>doctrinae</strong></span> <span class='ocrx_word' id='word_1_778' title='bbox 1842 1616 1926 1636; x_wconf 86' lang='lat' dir='ltr'><strong>sanae</strong></span> <span class='ocrx_word' id='word_1_779' title='bbox 1954 1607 1983 1635; x_wconf 83' lang='lat' dir='ltr'><strong>et</strong></span> <span class='ocrx_word' id='word_1_780' title='bbox 2006 1607 2152 1642; x_wconf 72' lang='lat' dir='ltr'><strong>pernicies</strong></span> 
     </span>
     <span class='ocr_line' id='line_1_104' title="bbox 1181 1655 2152 1694; baseline -0.005 -7"><span class='ocrx_word' id='word_1_781' title='bbox 1181 1659 1388 1694; x_wconf 75' lang='lat' dir='ltr'><strong>persuasionis</strong></span> <span class='ocrx_word' id='word_1_782' title='bbox 1409 1666 1557 1692; x_wconf 82' lang='lat' dir='ltr'><strong>erroneae,</strong></span> <span class='ocrx_word' id='word_1_783' title='bbox 1580 1658 1654 1686; x_wconf 89' lang='lat' dir='ltr'><strong>recte</strong></span> <span class='ocrx_word' id='word_1_784' title='bbox 1669 1657 1767 1693; x_wconf 78' lang='lat' dir='ltr'><strong>Aleph</strong></span> <span class='ocrx_word' id='word_1_785' title='bbox 1782 1656 1977 1692; x_wconf 87' lang='lat' dir='ltr'><strong>praemittitur</strong></span> <span class='ocrx_word' id='word_1_786' title='bbox 1995 1655 2059 1683; x_wconf 90' lang='lat' dir='ltr'><strong>huic</strong></span> <span class='ocrx_word' id='word_1_787' title='bbox 2080 1655 2152 1683; x_wconf 89' lang='lat' dir='ltr'><strong>clau-</strong></span> 
     </span>
     <span class='ocr_line' id='line_1_105' title="bbox 1187 1703 2153 1742; baseline -0.004 -7"><span class='ocrx_word' id='word_1_788' title='bbox 1187 1707 1275 1735; x_wconf 90' lang='lat' dir='ltr'><strong>sulae.</strong></span> <span class='ocrx_word' id='word_1_789' title='bbox 1304 1707 1358 1735; x_wconf 85' lang='lat' dir='ltr'><strong>Hic</strong></span> <span class='ocrx_word' id='word_1_790' title='bbox 1385 1707 1471 1735; x_wconf 87' lang='lat' dir='ltr'><strong>etiam</strong></span> <span class='ocrx_word' id='word_1_791' title='bbox 1500 1707 1544 1735; x_wconf 88' lang='lat' dir='ltr'><strong>est</strong></span> <span class='ocrx_word' id='word_1_792' title='bbox 1572 1707 1680 1742; x_wconf 86' lang='lat' dir='ltr'><strong>primus</strong></span> <span class='ocrx_word' id='word_1_793' title='bbox 1710 1706 1790 1734; x_wconf 80' lang='lat' dir='ltr'><strong>locus</strong></span> <span class='ocrx_word' id='word_1_794' title='bbox 1812 1705 2040 1740; x_wconf 73' lang='lat' dir='ltr'><strong>conquestionis,</strong></span> <span class='ocrx_word' id='word_1_795' title='bbox 2062 1704 2096 1732; x_wconf 84' lang='lat' dir='ltr'><strong>ut</strong></span> <span class='ocrx_word' id='word_1_796' title='bbox 2116 1703 2153 1731; x_wconf 89' lang='lat' dir='ltr'><strong>di-</strong></span> 
     </span>
     <span class='ocr_line' id='line_1_106' title="bbox 1187 1755 2085 1785; baseline -0.006 -1"><span class='ocrx_word' id='word_1_797' title='bbox 1187 1756 1263 1784; x_wconf 91' lang='lat' dir='ltr'><strong>ctum</strong></span> <span class='ocrx_word' id='word_1_798' title='bbox 1286 1755 1340 1784; x_wconf 87' lang='lat' dir='ltr'><strong>est.</strong></span> <span class='ocrx_word' id='word_1_799' title='bbox 2082 1783 2085 1785; x_wconf 19' lang='grc' dir='ltr'><strong>Α</strong></span> 
     </span>
    </p>

    <p class='ocr_par' dir='ltr' id='par_1_23' title="bbox 1187 1801 2153 2426">
     <span class='ocr_line' id='line_1_107' title="bbox 1267 1801 2153 1836; baseline -0.003 -4"><span class='ocrx_word' id='word_1_800' title='bbox 1267 1804 1296 1832; x_wconf 88' lang='grc'><strong>6.</strong></span> <span class='ocrx_word' id='word_1_801' title='bbox 1318 1804 1397 1833; x_wconf 85' lang='lat' dir='ltr'><strong>Nota</strong></span> <span class='ocrx_word' id='word_1_802' title='bbox 1410 1803 1527 1832; x_wconf 83' lang='lat' dir='ltr'><strong>Glossas</strong></span> <span class='ocrx_word' id='word_1_803' title='bbox 1541 1801 1573 1830; x_wconf 85' lang='lat'><strong>¹¹.</strong></span> <span class='ocrx_word' id='word_1_804' title='bbox 1596 1802 1630 1831; x_wconf 93' lang='lat' dir='ltr'><strong>In</strong></span> <span class='ocrx_word' id='word_1_805' title='bbox 1646 1803 1696 1830; x_wconf 90' lang='lat' dir='ltr'><strong>illa</strong></span> <span class='ocrx_word' id='word_1_806' title='bbox 1711 1802 1830 1830; x_wconf 87' lang='lat' dir='ltr'><strong>Glossa:</strong></span> <span class='ocrx_word' id='word_1_807' title='bbox 1852 1813 1866 1826; x_wconf 68' lang='lat' dir='ltr'><strong>e&lt;</strong></span> <span class='ocrx_word' id='word_1_808' title='bbox 1877 1801 2060 1836; x_wconf 82' lang='lat' dir='ltr'><strong>Quadruplici</strong></span> <span class='ocrx_word' id='word_1_809' title='bbox 2075 1801 2153 1836; x_wconf 87' lang='lat' dir='ltr'><strong>plan-</strong></span> 
     </span>
     <span class='ocr_line' id='line_1_108' title="bbox 1187 1849 2153 1890; baseline -0.006 -8"><span class='ocrx_word' id='word_1_810' title='bbox 1187 1854 1231 1890; x_wconf 90' lang='lat' dir='ltr'><strong>git</strong></span> <span class='ocrx_word' id='word_1_811' title='bbox 1244 1865 1259 1879; x_wconf 76' lang='lat'><strong>»</strong></span> <span class='ocrx_word' id='word_1_812' title='bbox 1278 1853 1331 1882; x_wconf 86' lang='lat' dir='ltr'><strong>etc.</strong></span> <span class='ocrx_word' id='word_1_813' title='bbox 1352 1852 1450 1881; x_wconf 86' lang='lat' dir='ltr'><strong>Infra:</strong></span> <span class='ocrx_word' id='word_1_814' title='bbox 1478 1863 1492 1877; x_wconf 72' lang='grc' dir='ltr'><strong>α</strong></span> <span class='ocrx_word' id='word_1_815' title='bbox 1506 1851 1664 1880; x_wconf 89' lang='lat' dir='ltr'><strong>Materialis</strong></span> <span class='ocrx_word' id='word_1_816' title='bbox 1678 1851 1723 1879; x_wconf 91' lang='lat' dir='ltr'><strong>est</strong></span> <span class='ocrx_word' id='word_1_817' title='bbox 1736 1850 1781 1878; x_wconf 91' lang='lat' dir='ltr'><strong>hic</strong></span> <span class='ocrx_word' id='word_1_818' title='bbox 1802 1858 1950 1882; x_wconf 89' lang='lat' dir='ltr'><strong>numerus,</strong></span> <span class='ocrx_word' id='word_1_819' title='bbox 1972 1849 2001 1877; x_wconf 91' lang='lat' dir='ltr'><strong>id</strong></span> <span class='ocrx_word' id='word_1_820' title='bbox 2023 1850 2067 1877; x_wconf 93' lang='lat' dir='ltr'><strong>est</strong></span> <span class='ocrx_word' id='word_1_821' title='bbox 2088 1857 2153 1885; x_wconf 87' lang='lat' dir='ltr'><strong>qua-</strong></span> 
     </span>
     <span class='ocr_line' id='line_1_109' title="bbox 1188 1897 2152 1938; baseline -0.006 -7"><span class='ocrx_word' id='word_1_822' title='bbox 1188 1903 1346 1936; x_wconf 84' lang='lat' dir='ltr'><strong>ternarius3</strong></span> <span class='ocrx_word' id='word_1_823' title='bbox 1367 1901 1441 1938; x_wconf 91' lang='lat' dir='ltr'><strong>quod</strong></span> <span class='ocrx_word' id='word_1_824' title='bbox 1462 1908 1513 1937; x_wconf 88' lang='lat' dir='ltr'><strong>pro</strong></span> <span class='ocrx_word' id='word_1_825' title='bbox 1534 1900 1586 1929; x_wconf 93' lang='lat' dir='ltr'><strong>hoc</strong></span> <span class='ocrx_word' id='word_1_826' title='bbox 1606 1900 1725 1933; x_wconf 84' lang='lat' dir='ltr'><strong>dicitur,</strong></span> <span class='ocrx_word' id='word_1_827' title='bbox 1754 1899 1820 1935; x_wconf 90' lang='lat' dir='ltr'><strong>quia</strong></span> <span class='ocrx_word' id='word_1_828' title='bbox 1848 1898 2006 1926; x_wconf 87' lang='lat' dir='ltr'><strong>materialia</strong></span> <span class='ocrx_word' id='word_1_829' title='bbox 2031 1897 2152 1926; x_wconf 85' lang='lat' dir='ltr'><strong>hominis</strong></span> 
     </span>
     <span class='ocr_line' id='line_1_110' title="bbox 1188 1946 2152 1988; baseline -0.006 -8"><span class='ocrx_word' id='word_1_830' title='bbox 1188 1952 1319 1988; x_wconf 89' lang='lat' dir='ltr'><strong>designat</strong></span> <span class='ocrx_word' id='word_1_831' title='bbox 1333 1950 1487 1987; x_wconf 85' lang='lat' dir='ltr'><strong>principia,</strong></span> <span class='ocrx_word' id='word_1_832' title='bbox 1503 1949 1609 1978; x_wconf 88' lang='lat' dir='ltr'><strong>scilicet</strong></span> <span class='ocrx_word' id='word_1_833' title='bbox 1623 1948 1746 1984; x_wconf 89' lang='lat' dir='ltr'><strong>quatuor</strong></span> <span class='ocrx_word' id='word_1_834' title='bbox 1761 1947 1900 1976; x_wconf 80' lang='lat' dir='ltr'><strong>elementa</strong></span> <span class='ocrx_word' id='word_1_835' title='bbox 1914 1958 1943 1974; x_wconf 64' lang='grc' dir='ltr'><strong>υ.</strong></span> <span class='ocrx_word' id='word_1_836' title='bbox 1962 1957 1977 1971; x_wconf 76' lang='lat'><strong>«</strong></span> <span class='ocrx_word' id='word_1_837' title='bbox 1992 1946 2045 1974; x_wconf 92' lang='lat' dir='ltr'><strong>Hic</strong></span> <span class='ocrx_word' id='word_1_838' title='bbox 2059 1955 2152 1974; x_wconf 89' lang='lat' dir='ltr'><strong>nume—</strong></span> 
     </span>
     <span class='ocr_line' id='line_1_111' title="bbox 1189 1995 2152 2037; baseline -0.008 -7"><span class='ocrx_word' id='word_1_839' title='bbox 1189 2009 1239 2030; x_wconf 90' lang='lat' dir='ltr'><strong>rus</strong></span> <span class='ocrx_word' id='word_1_840' title='bbox 1261 2001 1343 2037; x_wconf 88' lang='lat' dir='ltr'><strong>quasi</strong></span> <span class='ocrx_word' id='word_1_841' title='bbox 1373 1998 1530 2036; x_wconf 89' lang='lat' dir='ltr'><strong>quadratus</strong></span> <span class='ocrx_word' id='word_1_842' title='bbox 1551 1998 1580 2027; x_wconf 89' lang='lat' dir='ltr'><strong>et</strong></span> <span class='ocrx_word' id='word_1_843' title='bbox 1601 1997 1707 2026; x_wconf 89' lang='lat' dir='ltr'><strong>solidus</strong></span> <span class='ocrx_word' id='word_1_844' title='bbox 1721 2008 1735 2022; x_wconf 71' lang='grc' dir='ltr'><strong>ιι</strong></span> <span class='ocrx_word' id='word_1_845' title='bbox 1759 1996 1829 2030; x_wconf 75' lang='lat' dir='ltr'><strong>etc.;</strong></span> <span class='ocrx_word' id='word_1_846' title='bbox 1852 1995 2017 2031; x_wconf 76' lang='lat' dir='ltr'><strong>quadratus</strong></span> <span class='ocrx_word' id='word_1_847' title='bbox 2038 2003 2102 2023; x_wconf 82' lang='lat' dir='ltr'><strong>vere</strong></span> <span class='ocrx_word' id='word_1_848' title='bbox 2123 1996 2152 2023; x_wconf 84' lang='lat' dir='ltr'><strong>et</strong></span> 
     </span>
     <span class='ocr_line' id='line_1_112' title="bbox 1189 2043 2150 2084; baseline -0.009 -5"><span class='ocrx_word' id='word_1_849' title='bbox 1189 2058 1246 2079; x_wconf 90' lang='lat' dir='ltr'><strong>non</strong></span> <span class='ocrx_word' id='word_1_850' title='bbox 1266 2048 1377 2078; x_wconf 77' lang='lat' dir='ltr'><strong>solidus</strong></span> <span class='ocrx_word' id='word_1_851' title='bbox 1393 2048 1505 2084; x_wconf 90' lang='lat' dir='ltr'><strong>proprie</strong></span> <span class='ocrx_word' id='word_1_852' title='bbox 1520 2046 1672 2075; x_wconf 91' lang='lat' dir='ltr'><strong>secundum</strong></span> <span class='ocrx_word' id='word_1_853' title='bbox 1693 2043 1922 2074; x_wconf 85' lang='lat' dir='ltr'><strong>mathematicam</strong></span> <span class='ocrx_word' id='word_1_854' title='bbox 1937 2043 2150 2079; x_wconf 85' lang='lat' dir='ltr'><strong>quadraturam,</strong></span> 
     </span>
     <span class='ocr_line' id='line_1_113' title="bbox 1190 2092 2152 2132; baseline -0.008 -5"><span class='ocrx_word' id='word_1_855' title='bbox 1190 2099 1239 2127; x_wconf 86' lang='lat' dir='ltr'><strong>sed</strong></span> <span class='ocrx_word' id='word_1_856' title='bbox 1259 2098 1371 2127; x_wconf 77' lang='lat' dir='ltr'><strong>solidus</strong></span> <span class='ocrx_word' id='word_1_857' title='bbox 1392 2097 1510 2130; x_wconf 88' lang='lat' dir='ltr'><strong>dicitur,</strong></span> <span class='ocrx_word' id='word_1_858' title='bbox 1532 2096 1598 2132; x_wconf 90' lang='lat' dir='ltr'><strong>quia</strong></span> <span class='ocrx_word' id='word_1_859' title='bbox 1618 2103 1736 2131; x_wconf 89' lang='lat' dir='ltr'><strong>corpora</strong></span> <span class='ocrx_word' id='word_1_860' title='bbox 1757 2093 1897 2130; x_wconf 86' lang='lat' dir='ltr'><strong>quadrata</strong></span> <span class='ocrx_word' id='word_1_861' title='bbox 1923 2092 2042 2121; x_wconf 84' lang='lat' dir='ltr'><strong>solidam</strong></span> <span class='ocrx_word' id='word_1_862' title='bbox 2063 2092 2152 2120; x_wconf 86' lang='lat' dir='ltr'><strong>stabi-</strong></span> 
     </span>
     <span class='ocr_line' id='line_1_114' title="bbox 1189 2141 2151 2176; baseline -0.008 0"><span class='ocrx_word' id='word_1_863' title='bbox 1189 2147 1302 2176; x_wconf 90' lang='lat' dir='ltr'><strong>litatem</strong></span> <span class='ocrx_word' id='word_1_864' title='bbox 1334 2146 1472 2176; x_wconf 86' lang='lat' dir='ltr'><strong>obtinent.</strong></span> <span class='ocrx_word' id='word_1_865' title='bbox 1504 2145 1600 2174; x_wconf 86' lang='lat' dir='ltr'><strong>Infra:</strong></span> <span class='ocrx_word' id='word_1_866' title='bbox 1627 2156 1641 2169; x_wconf 80' lang='lat'>«</span> <span class='ocrx_word' id='word_1_867' title='bbox 1656 2144 1708 2172; x_wconf 86' lang='lat' dir='ltr'><strong>Sed</strong></span> <span class='ocrx_word' id='word_1_868' title='bbox 1737 2143 1822 2172; x_wconf 88' lang='lat' dir='ltr'><strong>etiam</strong></span> <span class='ocrx_word' id='word_1_869' title='bbox 1850 2142 1981 2171; x_wconf 85' lang='lat' dir='ltr'><strong>caelestia</strong></span> <span class='ocrx_word' id='word_1_870' title='bbox 1997 2153 2025 2175; x_wconf 60' lang='lat'><strong>2,</strong></span> <span class='ocrx_word' id='word_1_871' title='bbox 2048 2141 2076 2169; x_wconf 92' lang='lat' dir='ltr'><strong>id</strong></span> <span class='ocrx_word' id='word_1_872' title='bbox 2107 2142 2151 2169; x_wconf 86' lang='lat' dir='ltr'><strong>est</strong></span> 
     </span>
     <span class='ocr_line' id='line_1_115' title="bbox 1190 2190 2151 2232; baseline -0.008 -7"><span class='ocrx_word' id='word_1_873' title='bbox 1190 2196 1361 2232; x_wconf 74' lang='lat' dir='ltr'><strong>spiritualia.</strong></span> <span class='ocrx_word' id='word_1_874' title='bbox 1388 2207 1403 2220; x_wconf 65' lang='grc' dir='ltr'><strong>α</strong></span> <span class='ocrx_word' id='word_1_875' title='bbox 1417 2194 1546 2224; x_wconf 86' lang='lat' dir='ltr'><strong>Virtutes</strong></span> <span class='ocrx_word' id='word_1_876' title='bbox 1567 2194 1696 2230; x_wconf 86' lang='lat' dir='ltr'><strong>egregiae</strong></span> <span class='ocrx_word' id='word_1_877' title='bbox 1710 2204 1738 2226; x_wconf 65' lang='lat'><strong>³²,</strong></span> <span class='ocrx_word' id='word_1_878' title='bbox 1757 2191 1914 2221; x_wconf 89' lang='lat' dir='ltr'><strong>cardinales</strong></span> <span class='ocrx_word' id='word_1_879' title='bbox 1936 2190 2049 2219; x_wconf 86' lang='lat' dir='ltr'><strong>scilicet.</strong></span> <span class='ocrx_word' id='word_1_880' title='bbox 2077 2201 2091 2214; x_wconf 60' lang='grc' dir='ltr'><strong>α</strong></span> <span class='ocrx_word' id='word_1_881' title='bbox 2106 2190 2151 2218; x_wconf 89' lang='lat' dir='ltr'><strong>In—</strong></span> 
     </span>
     <span class='ocr_line' id='line_1_116' title="bbox 1190 2239 2151 2279; baseline -0.008 -5"><span class='ocrx_word' id='word_1_882' title='bbox 1190 2245 1280 2274; x_wconf 89' lang='lat' dir='ltr'><strong>terius</strong></span> <span class='ocrx_word' id='word_1_883' title='bbox 1294 2256 1309 2270; x_wconf 69' lang='lat' dir='ltr'><strong>a&gt;</strong></span> <span class='ocrx_word' id='word_1_884' title='bbox 1333 2244 1397 2278; x_wconf 66' lang='lat' dir='ltr'><strong>etc„</strong></span> <span class='ocrx_word' id='word_1_885' title='bbox 1420 2252 1470 2279; x_wconf 87' lang='lat' dir='ltr'><strong>per</strong></span> <span class='ocrx_word' id='word_1_886' title='bbox 1501 2243 1623 2279; x_wconf 89' lang='lat' dir='ltr'><strong>quatuor</strong></span> <span class='ocrx_word' id='word_1_887' title='bbox 1654 2242 1806 2278; x_wconf 86' lang='lat' dir='ltr'><strong>originales</strong></span> <span class='ocrx_word' id='word_1_888' title='bbox 1827 2240 1966 2273; x_wconf 86' lang='lat' dir='ltr'><strong>defectus,</strong></span> <span class='ocrx_word' id='word_1_889' title='bbox 1995 2239 2151 2268; x_wconf 84' lang='lat' dir='ltr'><strong>contrarios</strong></span> 
     </span>
     <span class='ocr_line' id='line_1_117' title="bbox 1189 2290 2151 2328; baseline -0.006 -6"><span class='ocrx_word' id='word_1_890' title='bbox 1189 2293 1346 2322; x_wconf 83' lang='lat' dir='ltr'><strong>virtutibus</strong></span> <span class='ocrx_word' id='word_1_891' title='bbox 1366 2293 1571 2326; x_wconf 84' lang='lat' dir='ltr'><strong>cardinalibus,</strong></span> <span class='ocrx_word' id='word_1_892' title='bbox 1594 2293 1660 2328; x_wconf 89' lang='lat' dir='ltr'><strong>quia</strong></span> <span class='ocrx_word' id='word_1_893' title='bbox 1681 2291 1853 2328; x_wconf 74' lang='lat' dir='ltr'><strong>iynorantia</strong></span> <span class='ocrx_word' id='word_1_894' title='bbox 1873 2290 1917 2319; x_wconf 85' lang='lat' dir='ltr'><strong>est</strong></span> <span class='ocrx_word' id='word_1_895' title='bbox 1931 2290 2073 2318; x_wconf 88' lang='lat' dir='ltr'><strong>contraria</strong></span> <span class='ocrx_word' id='word_1_896' title='bbox 2088 2296 2151 2324; x_wconf 89' lang='lat' dir='ltr'><strong>pru-</strong></span> 
     </span>
     <span class='ocr_line' id='line_1_118' title="bbox 1189 2338 2150 2376; baseline -0.005 -6"><span class='ocrx_word' id='word_1_897' title='bbox 1189 2342 1316 2375; x_wconf 82' lang='lat' dir='ltr'><strong>dentiae,</strong></span> <span class='ocrx_word' id='word_1_898' title='bbox 1337 2341 1455 2370; x_wconf 81' lang='lat' dir='ltr'><strong>malitia</strong></span> <span class='ocrx_word' id='word_1_899' title='bbox 1476 2341 1617 2375; x_wconf 87' lang='lat' dir='ltr'><strong>iustitiae,</strong></span> <span class='ocrx_word' id='word_1_900' title='bbox 1633 2340 1867 2376; x_wconf 77' lang='lat' dir='ltr'><strong>eoncupiscentia</strong></span> <span class='ocrx_word' id='word_1_901' title='bbox 1881 2338 2094 2374; x_wconf 82' lang='lat' dir='ltr'><strong>temperantiae,</strong></span> <span class='ocrx_word' id='word_1_902' title='bbox 2111 2338 2150 2365; x_wconf 83' lang='lat' dir='ltr'><strong>in—</strong></span> 
     </span>
     <span class='ocr_line' id='line_1_119' title="bbox 1190 2390 1510 2426; baseline -0.006 -7"><span class='ocrx_word' id='word_1_903' title='bbox 1190 2391 1318 2426; x_wconf 73' lang='lat' dir='ltr'><strong>firmitas</strong></span> <span class='ocrx_word' id='word_1_904' title='bbox 1338 2390 1510 2419; x_wconf 84' lang='lat' dir='ltr'><strong>fortitudini.</strong></span> 
     </span>
    </p>

    <p class='ocr_par' dir='ltr' id='par_1_24' title="bbox 1190 2437 2152 2672">
     <span class='ocr_line' id='line_1_120' title="bbox 1271 2437 2150 2469; baseline -0.007 0"><span class='ocrx_word' id='word_1_905' title='bbox 1271 2441 1346 2469; x_wconf 90' lang='lat' dir='ltr'><strong>Item</strong></span> <span class='ocrx_word' id='word_1_906' title='bbox 1366 2440 1396 2469; x_wconf 91' lang='lat' dir='ltr'><strong>in</strong></span> <span class='ocrx_word' id='word_1_907' title='bbox 1409 2440 1467 2468; x_wconf 87' lang='lat' dir='ltr'><strong>alia</strong></span> <span class='ocrx_word' id='word_1_908' title='bbox 1489 2439 1605 2468; x_wconf 84' lang='lat' dir='ltr'><strong>Glossa:</strong></span> <span class='ocrx_word' id='word_1_909' title='bbox 1632 2449 1646 2464; x_wconf 80' lang='grc'><strong>«</strong></span> <span class='ocrx_word' id='word_1_910' title='bbox 1660 2438 1839 2467; x_wconf 82' lang='lat' dir='ltr'><strong>Lamentatio</strong></span> <span class='ocrx_word' id='word_1_911' title='bbox 1860 2437 1911 2465; x_wconf 91' lang='lat' dir='ltr'><strong>aut</strong></span> <span class='ocrx_word' id='word_1_912' title='bbox 1932 2445 1965 2465; x_wconf 81' lang='lat' dir='ltr'><strong>ex</strong></span> <span class='ocrx_word' id='word_1_913' title='bbox 1986 2444 2109 2465; x_wconf 89' lang='lat' dir='ltr'><strong>moerore</strong></span> <span class='ocrx_word' id='word_1_914' title='bbox 2122 2447 2150 2468; x_wconf 72' lang='grc' dir='ltr'><strong>ι»,</strong></span> 
     </span>
     <span class='ocr_line' id='line_1_121' title="bbox 1191 2484 2152 2524; baseline -0.006 -6"><span class='ocrx_word' id='word_1_915' title='bbox 1191 2490 1307 2519; x_wconf 88' lang='lat' dir='ltr'><strong>dicitur:</strong></span> <span class='ocrx_word' id='word_1_916' title='bbox 1329 2500 1344 2514; x_wconf 79' lang='grc'><strong>«</strong></span> <span class='ocrx_word' id='word_1_917' title='bbox 1358 2488 1436 2518; x_wconf 88' lang='lat' dir='ltr'><strong>Sicut</strong></span> <span class='ocrx_word' id='word_1_918' title='bbox 1449 2496 1540 2524; x_wconf 83' lang='lat' dir='ltr'><strong>genus</strong></span> <span class='ocrx_word' id='word_1_919' title='bbox 1553 2487 1717 2516; x_wconf 81' lang='lat' dir='ltr'><strong>extenditur</strong></span> <span class='ocrx_word' id='word_1_920' title='bbox 1730 2486 1767 2515; x_wconf 88' lang='lat' dir='ltr'><strong>ad</strong></span> <span class='ocrx_word' id='word_1_921' title='bbox 1782 2487 1901 2522; x_wconf 87' lang='lat' dir='ltr'><strong>speciem</strong></span> <span class='ocrx_word' id='word_1_922' title='bbox 1915 2497 1930 2511; x_wconf 63' lang='grc' dir='ltr'><strong>ι</strong></span> <span class='ocrx_word' id='word_1_923' title='bbox 1949 2485 2001 2513; x_wconf 90' lang='lat' dir='ltr'><strong>etc.</strong></span> <span class='ocrx_word' id='word_1_924' title='bbox 2017 2484 2096 2518; x_wconf 80' lang='lat' dir='ltr'><strong>Quod</strong></span> <span class='ocrx_word' id='word_1_925' title='bbox 2109 2485 2152 2512; x_wconf 92' lang='lat' dir='ltr'><strong>in-</strong></span> 
     </span>
     <span class='ocr_line' id='line_1_122' title="bbox 1191 2534 2151 2575; baseline -0.008 -7"><span class='ocrx_word' id='word_1_926' title='bbox 1191 2538 1376 2575; x_wconf 84' lang='lat' dir='ltr'><strong>telligendum</strong></span> <span class='ocrx_word' id='word_1_927' title='bbox 1397 2537 1441 2566; x_wconf 90' lang='lat' dir='ltr'><strong>est</strong></span> <span class='ocrx_word' id='word_1_928' title='bbox 1471 2537 1551 2565; x_wconf 85' lang='lat' dir='ltr'><strong>iuxta</strong></span> <span class='ocrx_word' id='word_1_929' title='bbox 1582 2536 1724 2572; x_wconf 88' lang='lat' dir='ltr'><strong>quandam</strong></span> <span class='ocrx_word' id='word_1_930' title='bbox 1750 2535 1878 2571; x_wconf 82' lang='lat' dir='ltr'><strong>regulam</strong></span> <span class='ocrx_word' id='word_1_931' title='bbox 1909 2534 2069 2566; x_wconf 86' lang='lat' dir='ltr'><strong>rhetorum,</strong></span> <span class='ocrx_word' id='word_1_932' title='bbox 2096 2541 2151 2568; x_wconf 89' lang='lat' dir='ltr'><strong>qua</strong></span> 
     </span>
     <span class='ocr_line' id='line_1_123' title="bbox 1192 2581 2149 2623; baseline -0.008 -7"><span class='ocrx_word' id='word_1_933' title='bbox 1192 2587 1228 2616; x_wconf 89' lang='lat' dir='ltr'><strong>ad</strong></span> <span class='ocrx_word' id='word_1_934' title='bbox 1249 2588 1369 2623; x_wconf 89' lang='lat' dir='ltr'><strong>speciem</strong></span> <span class='ocrx_word' id='word_1_935' title='bbox 1397 2585 1539 2614; x_wconf 88' lang='lat' dir='ltr'><strong>transitur</strong></span> <span class='ocrx_word' id='word_1_936' title='bbox 1569 2593 1586 2613; x_wconf 87' lang='lat' dir='ltr'><strong>a</strong></span> <span class='ocrx_word' id='word_1_937' title='bbox 1616 2592 1733 2621; x_wconf 85' lang='lat' dir='ltr'><strong>genere,</strong></span> <span class='ocrx_word' id='word_1_938' title='bbox 1757 2584 1802 2612; x_wconf 80' lang='lat' dir='ltr'><strong>vel</strong></span> <span class='ocrx_word' id='word_1_939' title='bbox 1823 2592 1837 2611; x_wconf 90' lang='lat' dir='ltr'><strong>e</strong></span> <span class='ocrx_word' id='word_1_940' title='bbox 1859 2590 2009 2615; x_wconf 78' lang='lat' dir='ltr'><strong>convers03</strong></span> <span class='ocrx_word' id='word_1_941' title='bbox 2030 2581 2078 2609; x_wconf 88' lang='lat' dir='ltr'><strong>ubi</strong></span> <span class='ocrx_word' id='word_1_942' title='bbox 2100 2588 2149 2616; x_wconf 84' lang='lat' dir='ltr'><strong>per</strong></span> 
     </span>
     <span class='ocr_line' id='line_1_124' title="bbox 1190 2629 1996 2672; baseline -0.009 -7"><span class='ocrx_word' id='word_1_943' title='bbox 1190 2644 1284 2672; x_wconf 64' lang='lat' dir='ltr'><strong>‚qe-nus</strong></span> <span class='ocrx_word' id='word_1_944' title='bbox 1304 2636 1334 2664; x_wconf 86' lang='lat' dir='ltr'><strong>et</strong></span> <span class='ocrx_word' id='word_1_945' title='bbox 1353 2635 1476 2671; x_wconf 78' lang='lat' dir='ltr'><strong>speciem</strong></span> <span class='ocrx_word' id='word_1_946' title='bbox 1497 2634 1590 2664; x_wconf 90' lang='lat' dir='ltr'><strong>totum</strong></span> <span class='ocrx_word' id='word_1_947' title='bbox 1610 2634 1640 2662; x_wconf 87' lang='lat' dir='ltr'><strong>et</strong></span> <span class='ocrx_word' id='word_1_948' title='bbox 1660 2641 1728 2670; x_wconf 88' lang='lat' dir='ltr'><strong>pars</strong></span> <span class='ocrx_word' id='word_1_949' title='bbox 1749 2632 1950 2668; x_wconf 88' lang='lat' dir='ltr'><strong>intelliguntur</strong></span> <span class='ocrx_word' id='word_1_950' title='bbox 1963 2629 1996 2658; x_wconf 75' lang='lat'><strong>¹².</strong></span> 
     </span>
    </p>
   </div>
   <div class='ocr_carea' id='block_1_11' title="bbox 1190 2813 2153 3448">
    <p class='ocr_par' dir='ltr' id='par_1_25' title="bbox 1190 2813 2153 2888">
     <span class='ocr_line' id='line_1_125' title="bbox 1190 2813 2153 2854; baseline -0.006 -9"><span class='ocrx_word' id='word_1_951' title='bbox 1190 2818 1256 2854; x_wconf 73' lang='lat' dir='ltr'><strong>dum</strong></span> <span class='ocrx_word' id='word_1_952' title='bbox 1272 2820 1409 2852; x_wconf 79' lang='lat' dir='ltr'><strong>praesunt</strong></span> <span class='ocrx_word' id='word_1_953' title='bbox 1427 2818 1506 2844; x_wconf 83' lang='lat' dir='ltr'><strong>habet</strong></span> <span class='ocrx_word' id='word_1_954' title='bbox 1523 2821 1647 2849; x_wconf 80' lang='lat' dir='ltr'><strong>corrupte</strong></span> <span class='ocrx_word' id='word_1_955' title='bbox 1667 2815 1754 2843; x_wconf 79' lang='lat' dir='ltr'><strong>dicere</strong></span> <span class='ocrx_word' id='word_1_956' title='bbox 1779 2822 1938 2849; x_wconf 77' lang='lat' dir='ltr'><strong>possumus,</strong></span> <span class='ocrx_word' id='word_1_957' title='bbox 1959 2819 1983 2840; x_wconf 83' lang='lat' dir='ltr'><strong>et</strong></span> <span class='ocrx_word' id='word_1_958' title='bbox 2003 2813 2068 2841; x_wconf 76' lang='lat' dir='ltr'><strong>viris</strong></span> <span class='ocrx_word' id='word_1_959' title='bbox 2092 2813 2153 2847; x_wconf 78' lang='lat' dir='ltr'><strong>effe-</strong></span> 
     </span>
     <span class='ocr_line' id='line_1_126' title="bbox 1190 2848 2152 2888; baseline -0.006 -8"><span class='ocrx_word' id='word_1_960' title='bbox 1190 2853 1301 2880; x_wconf 75' lang='lat' dir='ltr'><strong>minatis</strong></span> <span class='ocrx_word' id='word_1_961' title='bbox 1322 2861 1370 2885; x_wconf 90' lang='lat' dir='ltr'><strong>pro</strong></span> <span class='ocrx_word' id='word_1_962' title='bbox 1389 2852 1545 2888; x_wconf 71' lang='lat' dir='ltr'><strong>effeminati.</strong></span> <span class='ocrx_word' id='word_1_963' title='bbox 1966 2849 1976 2864; x_wconf 77' lang='lat'>⁷</span> <span class='ocrx_word' id='word_1_964' title='bbox 1996 2849 2058 2881; x_wconf 83' lang='lat' dir='ltr'><strong>Cap.</strong></span> <span class='ocrx_word' id='word_1_965' title='bbox 2079 2850 2107 2879; x_wconf 91' lang='lat'><strong>3,</strong></span> <span class='ocrx_word' id='word_1_966' title='bbox 2128 2848 2152 2874; x_wconf 71' lang='lat'><strong>4.</strong></span> 
     </span>
    </p>

    <p class='ocr_par' dir='ltr' id='par_1_26' title="bbox 1190 2884 2152 3091">
     <span class='ocr_line' id='line_1_127' title="bbox 1261 2884 2151 2920; baseline -0.007 -6"><span class='ocrx_word' id='word_1_967' title='bbox 1261 2887 1272 2903; x_wconf 61' lang='grc' dir='ltr'><strong>Β</strong></span> <span class='ocrx_word' id='word_1_968' title='bbox 1291 2888 1356 2920; x_wconf 81' lang='lat' dir='ltr'><strong>Cup.</strong></span> <span class='ocrx_word' id='word_1_969' title='bbox 1377 2889 1423 2920; x_wconf 84' lang='grc'><strong>18,</strong></span> <span class='ocrx_word' id='word_1_970' title='bbox 1444 2889 1469 2913; x_wconf 83' lang='grc'><strong>9.</strong></span> <span class='ocrx_word' id='word_1_971' title='bbox 1489 2887 1586 2914; x_wconf 82' lang='lat' dir='ltr'><strong>deinde</strong></span> <span class='ocrx_word' id='word_1_972' title='bbox 1614 2887 1660 2913; x_wconf 86' lang='lat' dir='ltr'><strong>ier.</strong></span> <span class='ocrx_word' id='word_1_973' title='bbox 1688 2887 1736 2917; x_wconf 83' lang='lat'><strong>27,</strong></span> <span class='ocrx_word' id='word_1_974' title='bbox 1756 2887 1780 2911; x_wconf 89' lang='lat'><strong>8.</strong></span> <span class='ocrx_word' id='word_1_975' title='bbox 1809 2889 1835 2911; x_wconf 86' lang='lat' dir='ltr'><strong>et</strong></span> <span class='ocrx_word' id='word_1_976' title='bbox 1862 2887 1923 2911; x_wconf 81' lang='lat' dir='ltr'><strong>Luc.</strong></span> <span class='ocrx_word' id='word_1_977' title='bbox 1944 2886 1974 2915; x_wconf 83' lang='grc'><strong>2,</strong></span> <span class='ocrx_word' id='word_1_978' title='bbox 1997 2886 2020 2909; x_wconf 90' lang='grc'><strong>1.</strong></span> <span class='ocrx_word' id='word_1_979' title='bbox 2038 2898 2073 2903; x_wconf 95' lang='grc'>-</span> <span class='ocrx_word' id='word_1_980' title='bbox 2093 2884 2151 2909; x_wconf 79' lang='lat' dir='ltr'><strong>Vet.</strong></span> 
     </span>
     <span class='ocr_line' id='line_1_128' title="bbox 1191 2920 2151 2954; baseline -0.006 -5"><span class='ocrx_word' id='word_1_981' title='bbox 1191 2927 1290 2949; x_wconf 78' lang='lat' dir='ltr'><strong>imitato</strong></span> <span class='ocrx_word' id='word_1_982' title='bbox 1309 2928 1335 2949; x_wconf 89' lang='lat' dir='ltr'><strong>et</strong></span> <span class='ocrx_word' id='word_1_983' title='bbox 1353 2925 1463 2949; x_wconf 80' lang='lat' dir='ltr'><strong>confuso</strong></span> <span class='ocrx_word' id='word_1_984' title='bbox 1482 2923 1574 2949; x_wconf 84' lang='lat' dir='ltr'><strong>ordine</strong></span> <span class='ocrx_word' id='word_1_985' title='bbox 1593 2926 1651 2954; x_wconf 79' lang='lat' dir='ltr'><strong>post</strong></span> <span class='ocrx_word' id='word_1_986' title='bbox 1671 2921 1770 2948; x_wconf 79' lang='lat' dir='ltr'><strong>tributo</strong></span> <span class='ocrx_word' id='word_1_987' title='bbox 1793 2921 1866 2953; x_wconf 86' lang='lat' dir='ltr'><strong>ponit</strong></span> <span class='ocrx_word' id='word_1_988' title='bbox 1894 2921 1979 2946; x_wconf 87' lang='lat' dir='ltr'><strong>iocum</strong></span> <span class='ocrx_word' id='word_1_989' title='bbox 2000 2920 2151 2951; x_wconf 80' lang='lat' dir='ltr'><strong>Scripturae</strong></span> 
     </span>
     <span class='ocr_line' id='line_1_129' title="bbox 1191 2954 2150 2988; baseline -0.005 -4"><span class='ocrx_word' id='word_1_990' title='bbox 1191 2960 1237 2985; x_wconf 86' lang='lat' dir='ltr'><strong>ier.</strong></span> <span class='ocrx_word' id='word_1_991' title='bbox 1253 2958 1300 2988; x_wconf 80' lang='lat'><strong>27,</strong></span> <span class='ocrx_word' id='word_1_992' title='bbox 1314 2960 1328 2982; x_wconf 75' lang='lat'><em>8</em></span> <span class='ocrx_word' id='word_1_993' title='bbox 1339 2978 1345 2988; x_wconf 90' lang='lat'><strong>,</strong></span> <span class='ocrx_word' id='word_1_994' title='bbox 1366 2958 1494 2983; x_wconf 86' lang='lat' dir='ltr'><strong>nonnullis</strong></span> <span class='ocrx_word' id='word_1_995' title='bbox 1514 2958 1631 2988; x_wconf 73' lang='lat' dir='ltr'><strong>niutstis;</strong></span> <span class='ocrx_word' id='word_1_996' title='bbox 1646 2957 1742 2982; x_wconf 86' lang='lat' dir='ltr'><strong>deinde</strong></span> <span class='ocrx_word' id='word_1_997' title='bbox 1755 2956 1936 2988; x_wconf 86' lang='lat' dir='ltr'><strong>prosequitur:</strong></span> <span class='ocrx_word' id='word_1_998' title='bbox 1951 2955 2074 2981; x_wconf 80' lang='lat' dir='ltr'><strong>Fuerunt</strong></span> <span class='ocrx_word' id='word_1_999' title='bbox 2093 2954 2150 2987; x_wconf 79' lang='lat' dir='ltr'><strong>qui-</strong></span> 
     </span>
     <span class='ocr_line' id='line_1_130' title="bbox 1190 2989 2151 3026; baseline -0.006 -7"><span class='ocrx_word' id='word_1_1000' title='bbox 1190 2993 1250 3019; x_wconf 81' lang='lat' dir='ltr'><strong>dem</strong></span> <span class='ocrx_word' id='word_1_1001' title='bbox 1268 2992 1321 3019; x_wconf 77' lang='lat' dir='ltr'><strong>sub</strong></span> <span class='ocrx_word' id='word_1_1002' title='bbox 1340 2992 1440 3019; x_wconf 76' lang='lat' dir='ltr'><strong>tributo</strong></span> <span class='ocrx_word' id='word_1_1003' title='bbox 1457 2992 1548 3026; x_wconf 81' lang='lat' dir='ltr'><strong>primo</strong></span> <span class='ocrx_word' id='word_1_1004' title='bbox 1569 2992 1759 3026; x_wconf 68' lang='lat' dir='ltr'><strong>Assyriorum,</strong></span> <span class='ocrx_word' id='word_1_1005' title='bbox 1779 2991 1849 3017; x_wconf 68' lang='lat' dir='ltr'><strong>sieut</strong></span> <span class='ocrx_word' id='word_1_1006' title='bbox 1864 2992 1946 3023; x_wconf 80' lang='lat' dir='ltr'><strong>putee.</strong></span> <span class='ocrx_word' id='word_1_1007' title='bbox 1974 2989 2070 3015; x_wconf 75' lang='lat' dir='ltr'><strong>Deinde</strong></span> <span class='ocrx_word' id='word_1_1008' title='bbox 2091 2989 2151 3014; x_wconf 81' lang='lat' dir='ltr'><strong>l&#39;er-</strong></span> 
     </span>
     <span class='ocr_line' id='line_1_131' title="bbox 1190 3023 2152 3060; baseline -0.007 -5"><span class='ocrx_word' id='word_1_1009' title='bbox 1190 3035 1302 3060; x_wconf 79' lang='lat' dir='ltr'><strong>sarum,</strong></span> <span class='ocrx_word' id='word_1_1010' title='bbox 1315 3027 1464 3054; x_wconf 76' lang='lat' dir='ltr'><strong>secundum</strong></span> <span class='ocrx_word' id='word_1_1011' title='bbox 1478 3027 1621 3058; x_wconf 80' lang='lat' dir='ltr'><strong>Isidorum,</strong></span> <span class='ocrx_word' id='word_1_1012' title='bbox 1635 3029 1659 3053; x_wconf 78' lang='lat' dir='ltr'><strong>el</strong></span> <span class='ocrx_word' id='word_1_1013' title='bbox 1669 3028 1763 3060; x_wconf 81' lang='lat' dir='ltr'><strong>postea</strong></span> <span class='ocrx_word' id='word_1_1014' title='bbox 1777 3026 1962 3052; x_wconf 79' lang='lat' dir='ltr'><strong>Romanorum</strong></span> <span class='ocrx_word' id='word_1_1015' title='bbox 1971 3045 1977 3055; x_wconf 87' lang='lat'><strong>,</strong></span> <span class='ocrx_word' id='word_1_1016' title='bbox 1991 3023 2062 3050; x_wconf 78' lang='lat' dir='ltr'><strong>sicut</strong></span> <span class='ocrx_word' id='word_1_1017' title='bbox 2077 3025 2152 3056; x_wconf 66' lang='lat' dir='ltr'><strong>pam</strong></span> 
     </span>
     <span class='ocr_line' id='line_1_132' title="bbox 1191 3058 2149 3091; baseline -0.008 -1"><span class='ocrx_word' id='word_1_1018' title='bbox 1191 3063 1227 3091; x_wconf 83' lang='lat' dir='ltr'><strong>ad</strong></span> <span class='ocrx_word' id='word_1_1019' title='bbox 1247 3063 1373 3090; x_wconf 79' lang='lat' dir='ltr'><strong>litteram.</strong></span> <span class='ocrx_word' id='word_1_1020' title='bbox 1963 3058 1973 3073; x_wconf 75' lang='lat'><strong>⁹</strong></span> <span class='ocrx_word' id='word_1_1021' title='bbox 1993 3058 2054 3090; x_wconf 82' lang='lat' dir='ltr'><strong>Cup.</strong></span> <span class='ocrx_word' id='word_1_1022' title='bbox 2076 3058 2105 3088; x_wconf 66' lang='lat' dir='ltr'><strong>i,</strong></span> <span class='ocrx_word' id='word_1_1023' title='bbox 2125 3059 2149 3082; x_wconf 92' lang='grc'><strong>7.</strong></span> 
     </span>
    </p>

    <p class='ocr_par' dir='ltr' id='par_1_27' title="bbox 1191 3093 2150 3197">
     <span class='ocr_line' id='line_1_133' title="bbox 1264 3093 2150 3132; baseline -0.008 -8"><span class='ocrx_word' id='word_1_1024' title='bbox 1264 3098 1286 3113; x_wconf 86' lang='lat'><strong>¹⁰</strong></span> <span class='ocrx_word' id='word_1_1025' title='bbox 1302 3100 1349 3124; x_wconf 80' lang='lat' dir='ltr'><strong>Pro</strong></span> <span class='ocrx_word' id='word_1_1026' title='bbox 1361 3097 1518 3132; x_wconf 75' lang='lat' dir='ltr'><strong>principatu</strong></span> <span class='ocrx_word' id='word_1_1027' title='bbox 1531 3095 1649 3130; x_wconf 82' lang='lat' dir='ltr'><strong>quodam</strong></span> <span class='ocrx_word' id='word_1_1028' title='bbox 1662 3094 1805 3121; x_wconf 78' lang='lat' dir='ltr'><strong>rationalis</strong></span> <span class='ocrx_word' id='word_1_1029' title='bbox 1820 3093 1976 3127; x_wconf 70' lang='lat' dir='ltr'><strong>disciplinae</strong></span> <span class='ocrx_word' id='word_1_1030' title='bbox 1994 3095 2048 3119; x_wconf 74' lang='lat' dir='ltr'><strong>vat.</strong></span> <span class='ocrx_word' id='word_1_1031' title='bbox 2064 3100 2150 3118; x_wconf 86' lang='lat' dir='ltr'><strong>corru-</strong></span> 
     </span>
     <span class='ocr_line' id='line_1_134' title="bbox 1192 3128 2150 3168; baseline -0.008 -7"><span class='ocrx_word' id='word_1_1032' title='bbox 1192 3138 1237 3168; x_wconf 86' lang='lat' dir='ltr'><strong>pte</strong></span> <span class='ocrx_word' id='word_1_1033' title='bbox 1260 3134 1432 3168; x_wconf 79' lang='lat' dir='ltr'><strong>prt&#39;ncipante</strong></span> <span class='ocrx_word' id='word_1_1034' title='bbox 1460 3131 1578 3166; x_wconf 75' lang='lat' dir='ltr'><strong>quadam</strong></span> <span class='ocrx_word' id='word_1_1035' title='bbox 1603 3130 1734 3157; x_wconf 79' lang='lat' dir='ltr'><strong>rationali</strong></span> <span class='ocrx_word' id='word_1_1036' title='bbox 1751 3129 1926 3156; x_wconf 77' lang='lat' dir='ltr'><strong>distinctione.</strong></span> <span class='ocrx_word' id='word_1_1037' title='bbox 1947 3142 1981 3148; x_wconf 91' lang='lat'><strong>—</strong></span> <span class='ocrx_word' id='word_1_1038' title='bbox 2001 3129 2060 3154; x_wconf 84' lang='lat' dir='ltr'><strong>Post</strong></span> <span class='ocrx_word' id='word_1_1039' title='bbox 2079 3128 2150 3155; x_wconf 83' lang='lat' dir='ltr'><strong>clan-</strong></span> 
     </span>
     <span class='ocr_line' id='line_1_135' title="bbox 1191 3165 1802 3197; baseline -0.013 0"><span class='ocrx_word' id='word_1_1040' title='bbox 1191 3170 1269 3197; x_wconf 76' lang='lat' dir='ltr'><strong>sulae</strong></span> <span class='ocrx_word' id='word_1_1041' title='bbox 1290 3171 1309 3195; x_wconf 82' lang='grc' dir='ltr'>Α</span> <span class='ocrx_word' id='word_1_1042' title='bbox 1330 3169 1424 3195; x_wconf 82' lang='lat' dir='ltr'><strong>omittit</strong></span> <span class='ocrx_word' id='word_1_1043' title='bbox 1445 3167 1492 3194; x_wconf 84' lang='lat' dir='ltr'><strong>Hic</strong></span> <span class='ocrx_word' id='word_1_1044' title='bbox 1510 3166 1616 3193; x_wconf 82' lang='lat' dir='ltr'><strong>etiam...</strong></span> <span class='ocrx_word' id='word_1_1045' title='bbox 1636 3165 1738 3192; x_wconf 82' lang='lat' dir='ltr'><strong>dictum</strong></span> <span class='ocrx_word' id='word_1_1046' title='bbox 1757 3166 1802 3190; x_wconf 76' lang='lat' dir='ltr'><strong>est.</strong></span> 
     </span>
    </p>

    <p class='ocr_par' dir='ltr' id='par_1_28' title="bbox 1192 3198 2149 3408">
     <span class='ocr_line' id='line_1_136' title="bbox 1265 3198 2149 3236; baseline -0.009 -5"><span class='ocrx_word' id='word_1_1047' title='bbox 1265 3205 1285 3219; x_wconf 88' lang='lat'><strong>¹¹</strong></span> <span class='ocrx_word' id='word_1_1048' title='bbox 1307 3205 1364 3230; x_wconf 85' lang='lat' dir='ltr'><strong>Vat.</strong></span> <span class='ocrx_word' id='word_1_1049' title='bbox 1385 3203 1498 3236; x_wconf 65' lang='lat' dir='ltr'><strong>Adverte</strong></span> <span class='ocrx_word' id='word_1_1050' title='bbox 1516 3201 1547 3228; x_wconf 86' lang='lat' dir='ltr'><strong>de</strong></span> <span class='ocrx_word' id='word_1_1051' title='bbox 1567 3200 1677 3228; x_wconf 77' lang='lat' dir='ltr'><strong>Glossis.</strong></span> <span class='ocrx_word' id='word_1_1052' title='bbox 1706 3213 1741 3219; x_wconf 92' lang='lat'>—</span> <span class='ocrx_word' id='word_1_1053' title='bbox 1766 3201 1909 3232; x_wconf 73' lang='lat' dir='ltr'><strong>sequentes</strong></span> <span class='ocrx_word' id='word_1_1054' title='bbox 1929 3199 2035 3224; x_wconf 82' lang='lat' dir='ltr'><strong>Glossee</strong></span> <span class='ocrx_word' id='word_1_1055' title='bbox 2054 3198 2149 3224; x_wconf 73' lang='lat' dir='ltr'><strong>imben-</strong></span> 
     </span>
     <span class='ocr_line' id='line_1_137' title="bbox 1193 3234 2149 3272; baseline -0.009 -5"><span class='ocrx_word' id='word_1_1056' title='bbox 1193 3244 1235 3266; x_wconf 81' lang='lat' dir='ltr'><strong>tur</strong></span> <span class='ocrx_word' id='word_1_1057' title='bbox 1262 3240 1332 3272; x_wconf 78' lang='lat' dir='ltr'><strong>apud</strong></span> <span class='ocrx_word' id='word_1_1058' title='bbox 1362 3241 1494 3271; x_wconf 75' lang='lat' dir='ltr'><strong>Lyranum</strong></span> <span class='ocrx_word' id='word_1_1059' title='bbox 1523 3240 1582 3262; x_wconf 80' lang='lat' dir='ltr'><strong>ante</strong></span> <span class='ocrx_word' id='word_1_1060' title='bbox 1610 3240 1706 3261; x_wconf 81' lang='lat' dir='ltr'><strong>textum</strong></span> <span class='ocrx_word' id='word_1_1061' title='bbox 1736 3234 1960 3260; x_wconf 80' lang='lat' dir='ltr'><strong>Lamentationum</strong></span> <span class='ocrx_word' id='word_1_1062' title='bbox 1987 3240 2046 3259; x_wconf 88' lang='lat' dir='ltr'><strong>cum</strong></span> <span class='ocrx_word' id='word_1_1063' title='bbox 2077 3234 2149 3259; x_wconf 87' lang='lat' dir='ltr'><strong>titulo</strong></span> 
     </span>
     <span class='ocr_line' id='line_1_138' title="bbox 1194 3269 2149 3303; baseline -0.01 0"><span class='ocrx_word' id='word_1_1064' title='bbox 1194 3275 1366 3303; x_wconf 75' lang='lat' dir='ltr'><strong>Prothemata</strong></span> <span class='ocrx_word' id='word_1_1065' title='bbox 1386 3278 1411 3300; x_wconf 91' lang='lat' dir='ltr'><strong>et</strong></span> <span class='ocrx_word' id='word_1_1066' title='bbox 1437 3276 1537 3300; x_wconf 82' lang='lat' dir='ltr'><strong>sumtoe</strong></span> <span class='ocrx_word' id='word_1_1067' title='bbox 1557 3274 1616 3297; x_wconf 83' lang='lat' dir='ltr'><strong>sunt</strong></span> <span class='ocrx_word' id='word_1_1068' title='bbox 1641 3278 1670 3296; x_wconf 87' lang='lat' dir='ltr'><strong>ex</strong></span> <span class='ocrx_word' id='word_1_1069' title='bbox 1692 3270 1820 3296; x_wconf 72' lang='lat' dir='ltr'><strong>Pesciinsii</strong></span> <span class='ocrx_word' id='word_1_1070' title='bbox 1846 3269 1971 3295; x_wconf 68' lang='lat' dir='ltr'><strong>liudberti</strong></span> <span class='ocrx_word' id='word_1_1071' title='bbox 1992 3269 2149 3301; x_wconf 62' lang='lat' dir='ltr'><strong>praefatione</strong></span> 
     </span>
     <span class='ocr_line' id='line_1_139' title="bbox 1192 3305 2148 3339; baseline -0.008 -2"><span class='ocrx_word' id='word_1_1072' title='bbox 1192 3312 1226 3337; x_wconf 81' lang='lat' dir='ltr'><strong>sd</strong></span> <span class='ocrx_word' id='word_1_1073' title='bbox 1241 3310 1386 3337; x_wconf 80' lang='lat' dir='ltr'><strong>comment.</strong></span> <span class='ocrx_word' id='word_1_1074' title='bbox 1407 3309 1434 3335; x_wconf 79' lang='lat' dir='ltr'><strong>t&#39;n</strong></span> <span class='ocrx_word' id='word_1_1075' title='bbox 1450 3306 1662 3335; x_wconf 75' lang='lat' dir='ltr'><strong>Lamentationes</strong></span> <span class='ocrx_word' id='word_1_1076' title='bbox 1677 3306 1789 3339; x_wconf 66' lang='lat' dir='ltr'><strong>(lingue,</strong></span> <span class='ocrx_word' id='word_1_1077' title='bbox 1805 3306 1932 3337; x_wconf 71' lang='lat' dir='ltr'><strong>pau-0103.</strong></span> <span class='ocrx_word' id='word_1_1078' title='bbox 1953 3306 2006 3330; x_wconf 78' lang='lat' dir='ltr'><strong>Lat.</strong></span> <span class='ocrx_word' id='word_1_1079' title='bbox 2021 3308 2083 3330; x_wconf 88' lang='lat' dir='ltr'><strong>tom.</strong></span> <span class='ocrx_word' id='word_1_1080' title='bbox 2101 3305 2148 3329; x_wconf 69' lang='lat'><strong>{20</strong></span> 
     </span>
     <span class='ocr_line' id='line_1_140' title="bbox 1192 3339 2148 3378; baseline -0.009 -5"><span class='ocrx_word' id='word_1_1081' title='bbox 1192 3347 1240 3373; x_wconf 91' lang='grc'><strong>001.</strong></span> <span class='ocrx_word' id='word_1_1082' title='bbox 1261 3346 1351 3378; x_wconf 83' lang='grc'><strong>1061).</strong></span> <span class='ocrx_word' id='word_1_1083' title='bbox 1365 3346 1440 3371; x_wconf 77' lang='lat' dir='ltr'><strong>Plura</strong></span> <span class='ocrx_word' id='word_1_1084' title='bbox 1463 3345 1488 3370; x_wconf 93' lang='lat' dir='ltr'><strong>in</strong></span> <span class='ocrx_word' id='word_1_1085' title='bbox 1509 3346 1578 3369; x_wconf 88' lang='lat' dir='ltr'><strong>textu</strong></span> <span class='ocrx_word' id='word_1_1086' title='bbox 1600 3343 1751 3368; x_wconf 80' lang='lat' dir='ltr'><strong>Glossarum</strong></span> <span class='ocrx_word' id='word_1_1087' title='bbox 1778 3341 1884 3371; x_wconf 81' lang='lat' dir='ltr'><strong>vitiose,</strong></span> <span class='ocrx_word' id='word_1_1088' title='bbox 1897 3347 1966 3373; x_wconf 82' lang='lat' dir='ltr'><strong>quse</strong></span> <span class='ocrx_word' id='word_1_1089' title='bbox 1986 3339 2064 3366; x_wconf 74' lang='lat' dir='ltr'><strong>habet</strong></span> <span class='ocrx_word' id='word_1_1090' title='bbox 2078 3340 2148 3370; x_wconf 69' lang='lat' dir='ltr'><strong>Vnt,</strong></span> 
     </span>
     <span class='ocr_line' id='line_1_141' title="bbox 1193 3381 1402 3408; baseline -0.01 0"><span class='ocrx_word' id='word_1_1091' title='bbox 1193 3381 1402 3408; x_wconf 78' lang='lat' dir='ltr'><strong>enienduvimus.</strong></span> 
     </span>
    </p>

    <p class='ocr_par' dir='ltr' id='par_1_29' title="bbox 1264 3410 2105 3448">
     <span class='ocr_line' id='line_1_142' title="bbox 1264 3410 2105 3448; baseline -0.01 -5"><span class='ocrx_word' id='word_1_1092' title='bbox 1264 3415 1286 3431; x_wconf 77' lang='lat'><strong>¹⁹</strong></span> <span class='ocrx_word' id='word_1_1093' title='bbox 1306 3416 1365 3442; x_wconf 86' lang='lat' dir='ltr'><strong>Seii.</strong></span> <span class='ocrx_word' id='word_1_1094' title='bbox 1385 3414 1565 3448; x_wconf 81' lang='lat' dir='ltr'><strong>synecdoche,</strong></span> <span class='ocrx_word' id='word_1_1095' title='bbox 1585 3414 1629 3438; x_wconf 73' lang='lat' dir='ltr'><strong>cir.</strong></span> <span class='ocrx_word' id='word_1_1096' title='bbox 1650 3412 1750 3443; x_wconf 79' lang='lat' dir='ltr'><strong>Cicero,</strong></span> <span class='ocrx_word' id='word_1_1097' title='bbox 1770 3411 1811 3437; x_wconf 76' lang='grc' dir='ltr'><strong>Ν.</strong></span> <span class='ocrx_word' id='word_1_1098' title='bbox 1835 3411 1936 3437; x_wconf 82' lang='lat' dir='ltr'><strong>Rhetor.</strong></span> <span class='ocrx_word' id='word_1_1099' title='bbox 1957 3410 1991 3436; x_wconf 82' lang='lat' dir='ltr'><strong>sd</strong></span> <span class='ocrx_word' id='word_1_1100' title='bbox 2011 3411 2105 3436; x_wconf 82' lang='lat' dir='ltr'><strong>Hei-en.</strong></span> 
     </span>
    </p>
   </div>
   <div class='ocr_carea' id='block_1_12' title="bbox 2158 489 2309 510">
    <p class='ocr_par' dir='ltr' id='par_1_30' title="bbox 2158 489 2309 510">
     <span class='ocr_line' id='line_1_143' title="bbox 2158 489 2309 510; baseline -0.007 0"><span class='ocrx_word' id='word_1_1101' title='bbox 2158 489 2258 510; x_wconf 71' lang='lat' dir='ltr'><strong>Perdita·</strong></span> <span class='ocrx_word' id='word_1_1102' title='bbox 2273 489 2309 510; x_wconf 74' lang='lat' dir='ltr'><strong>ho-</strong></span> 
     </span>
    </p>
   </div>
   <div class='ocr_carea' id='block_1_13' title="bbox 2164 879 2310 932">
    <p class='ocr_par' dir='ltr' id='par_1_31' title="bbox 2164 879 2310 932">
     <span class='ocr_line' id='line_1_144' title="bbox 2164 879 2310 909; baseline 0 -9"><span class='ocrx_word' id='word_1_1103' title='bbox 2164 879 2243 909; x_wconf 61' lang='lat' dir='ltr'><strong>Semup</strong></span> <span class='ocrx_word' id='word_1_1104' title='bbox 2259 879 2310 900; x_wconf 70' lang='lat' dir='ltr'><strong>auo-</strong></span> 
     </span>
     <span class='ocr_line' id='line_1_145' title="bbox 2192 911 2281 932; baseline 0 -6"><span class='ocrx_word' id='word_1_1105' title='bbox 2192 911 2281 932; x_wconf 73' lang='lat' dir='ltr'><strong>geriem.</strong></span> 
     </span>
    </p>
   </div>
   <div class='ocr_carea' id='block_1_14' title="bbox 2166 1074 2258 1095">
    <p class='ocr_par' dir='ltr' id='par_1_32' title="bbox 2166 1074 2258 1095">
     <span class='ocr_line' id='line_1_146' title="bbox 2166 1074 2258 1095; baseline -0.011 0"><span class='ocrx_word' id='word_1_1106' title='bbox 2166 1074 2258 1095; x_wconf 69' lang='lat' dir='ltr'><strong>Mon-atis.</strong></span> 
     </span>
    </p>
   </div>
   <div class='ocr_carea' id='block_1_15' title="bbox 2172 1415 2300 1436">
    <p class='ocr_par' dir='ltr' id='par_1_33' title="bbox 2172 1415 2300 1436">
     <span class='ocr_line' id='line_1_147' title="bbox 2172 1415 2300 1436; baseline -0.008 0"><span class='ocrx_word' id='word_1_1107' title='bbox 2172 1415 2300 1436; x_wconf 74' lang='lat' dir='ltr'><strong>Notandum.</strong></span> 
     </span>
    </p>
   </div>
   <div class='ocr_carea' id='block_1_16' title="bbox 2173 1803 2318 1852">
    <p class='ocr_par' dir='ltr' id='par_1_34' title="bbox 2173 1803 2318 1852">
     <span class='ocr_line' id='line_1_148' title="bbox 2173 1803 2318 1825; baseline -0.007 0"><span class='ocrx_word' id='word_1_1108' title='bbox 2173 1803 2318 1825; x_wconf 66' lang='lat' dir='ltr'><strong>ascensentur</strong></span> 
     </span>
     <span class='ocr_line' id='line_1_149' title="bbox 2195 1831 2291 1852; baseline -0.01 0"><span class='ocrx_word' id='word_1_1109' title='bbox 2195 1831 2291 1852; x_wconf 69' lang='lat' dir='ltr'><strong>Glossae.</strong></span> 
     </span>
    </p>
   </div>
  </div>
 </body>
</html>
