2427 3872
600 325 652 351 ΑΜ

308 379 361 397 11011
380 372 469 397 datum
499 370 549 395 206
574 376 600 395 v,
621 370 645 394 8.
665 369 715 394 216
736 375 762 393 v.
785 368 815 392 16
834 381 870 386 -
889 367 942 392 Deo

307 420 346 442 est
373 415 506 441 offerenda
533 417 559 439 et
584 413 719 439 reddenda
751 412 794 437 ΥΠ
825 411 871 436 511
908 411 942 436 32

307 474 342 480 -
361 464 400 486 est
418 460 478 491 Dei,
503 459 565 492 quia
594 457 715 489 insignita
743 456 800 482 eius
829 455 942 487 imagine

308 504 340 531 ib.
360 505 402 535 3¹,
423 505 455 529 32

359 563 394 568 -
422 548 533 580 Spiritus
557 553 615 572 esse
642 545 816 575 immortales,
847 543 942 576 probat

307 594 424 626 Ipsorum
444 592 599 623 intellectus,
619 589 750 622 appetitus
769 592 794 614 et
806 592 880 614 actus
892 588 943 613 xir-

307 643 397 663 tuosus
415 637 459 662 ΥΠ
487 636 538 661 512
558 635 593 661 35
611 648 646 654 -
664 633 744 659 habet
762 632 940 665 operationem

307 682 441 714 propriam
461 681 494 706 vt
513 680 545 705 37
565 687 592 713 q.
611 680 626 704 2
646 678 675 704 2⁸
693 691 729 697 —
747 681 786 703 est
804 680 889 703 creata
908 675 942 701 ad

307 730 411 752 aeterna
430 725 445 751 4
463 725 480 750 7

359 784 396 789 —
414 769 559 795 secundum
579 768 695 794 infideles
708 768 735 792 in
748 770 833 792 morte
851 766 943 791 exstin-

307 815 396 847 guitur
415 814 448 840 ΥΙ
470 813 518 838 119
537 821 563 838 r.
582 814 607 843 2,
627 813 653 838 3.
675 812 723 837 125
742 819 769 836 v.
783 812 807 836 2.
825 811 872 835 126
886 817 912 834 v.
926 809 942 834 3

307 873 342 878 —
360 858 505 885 secundum
524 857 642 883 infideles
660 858 799 881 evanescet
811 858 836 880 et
855 854 944 880 dissol-

307 907 384 929 vetur
405 904 453 928 120
472 910 498 927 v.
527 903 542 927 3
566 915 601 920 —
623 901 778 926 Animarum
806 899 859 924 vita
884 902 944 930 post

307 951 419 973 mortem
438 950 550 978 negatur
568 953 582 971 a
603 945 764 971 sadducaeis
778 944 820 969 ΥΠ
835 944 886 969 512
901 943 944 969 35.

307 993 359 1018 515
379 991 412 1017 44
430 1005 466 1010 -
484 990 518 1016 ab
537 989 685 1015 infidelibus
704 989 827 1015 scintiliae
840 995 945 1020 compa-

307 1040 378 1062 ratur
408 1039 516 1068 propter
547 1034 692 1061 durationis
723 1033 879 1059 brevitatem
911 1032 944 1058 ΥΙ

311 1081 358 1106 119
377 1088 405 1106 v.
423 1081 438 1105 2

359 1139 395 1144 -
413 1124 498 1150 bonae
516 1124 660 1149 ascendunt
677 1123 711 1149 ad
730 1123 831 1148 caelum
851 1122 884 1148 ad
908 1128 946 1147 re-

307 1169 528 1200 munerationem,
547 1168 594 1193 sed
616 1168 734 1193 carnales
758 1167 792 1193 de
811 1168 861 1192 hoc
879 1173 947 1192 erra-

278 1207 287 1212 ’
306 1218 402 1239 verunt
421 1213 455 1239 ΥῙ
474 1213 508 1238 35
526 1220 553 1238 v.
574 1213 616 1237 18.
630 1213 662 1238 36
682 1219 708 1244 q.
731 1212 753 1237 i.
773 1212 806 1237 37
826 1219 853 1244 q.
873 1212 888 1236 2
910 1225 946 1230 -

306 1259 377 1284 Plato
388 1258 488 1290 posuit,
507 1257 610 1283 animas
622 1263 734 1289 corpora
746 1255 886 1282 brutorum
900 1256 947 1281 cir-

306 1303 379 1329 cuire
398 1303 432 1328 37
455 1309 482 1335 q.
501 1303 517 1327 2
535 1316 571 1321 -
589 1305 649 1334 post
672 1305 785 1327 mortem
808 1303 896 1326 manet
920 1301 947 1326 in

285 1347 288 1348 ⁷
307 1348 363 1374 ioco
383 1347 481 1379 gloriae
492 1347 536 1372 vel
554 1353 657 1378 poenae
677 1346 728 1371 213
741 1353 769 1371 v.
792 1345 822 1371 14
835 1359 870 1364 -
887 1348 948 1377 post

307 1395 420 1418 mortem
432 1398 487 1417 non
496 1391 636 1416 revertitur
648 1390 673 1416 in
687 1397 785 1422 corpus
795 1390 820 1415 in
833 1391 883 1415 hoc
893 1396 947 1415 sae-

307 1437 366 1462 culo
385 1437 436 1461 212
455 1443 482 1460 v.
506 1435 535 1461 14
554 1449 590 1454 -
607 1442 662 1460 non
682 1435 823 1460 revertitur
846 1434 879 1460 ad
898 1438 947 1460 ter-

307 1487 364 1506 ram
383 1487 446 1506 suae
459 1480 583 1506 naturalis
601 1479 767 1505 habitationis
785 1482 810 1504 et
828 1479 947 1511 corporis

308 1532 356 1557 per
373 1529 509 1557 naturam,
528 1525 575 1550 sed
587 1524 727 1550 revertitur
746 1523 891 1550 secundum
910 1523 947 1548 iu-

308 1570 403 1596 stitiam
422 1569 599 1595 retributionis
618 1576 666 1601 per
685 1568 809 1594 virtutem
828 1568 946 1594 divinam

310 1615 360 1640 213
376 1622 401 1640 r.
415 1614 449 1640 14

364 1674 396 1678 —
416 1662 536 1691 separata
554 1661 593 1683 est
611 1657 667 1684 sine
690 1657 808 1689 organis,
827 1657 875 1683 sed
893 1654 948 1682 non

310 1704 365 1730 sine
383 1704 505 1736 potentiis
523 1709 684 1735 organorum
702 1702 736 1728 'Vl
761 1701 802 1727 i4·i
821 1709 846 1727 v.
864 1702 895 1727 14
913 1715 948 1720 -

310 1752 429 1781 separata
447 1755 462 1773 a
487 1754 598 1779 corpore
622 1750 661 1772 est
684 1746 789 1772 liberior
814 1750 839 1772 et
864 1746 949 1778 magis

310 1793 406 1819 idonea
424 1792 566 1824 cognitioni
584 1792 619 1817 75
638 1799 665 1824 q.
684 1792 694 1816 1

363 1851 399 1856 -
417 1837 530 1862 maxime
555 1835 640 1867 diligit
663 1842 761 1867 corpus
785 1835 819 1860 ΥΙ
844 1834 894 1860 450
915 1835 948 1860 20

310 1896 346 1901 -
368 1881 526 1913 compatitur
550 1880 654 1912 corpori
680 1879 787 1911 patienti
815 1882 841 1905 et
865 1879 949 1911 impe-

312 1926 394 1958 ditur,
413 1931 524 1957 corpore
542 1924 684 1956 impedito,
703 1924 751 1949 sed
774 1930 806 1949 eo
826 1926 950 1955 corrupto

311 1977 363 1996 non
391 1969 582 2001 corrumpitur,
614 1968 661 1994 sed
687 1968 798 1994 discedit
826 1967 860 1993 37
878 1975 906 2001 q.
934 1969 949 1993 2

312 2014 341 2040 2*
364 2028 399 2033 -
421 2021 452 2039 ex
476 2013 608 2039 occisione
632 2013 750 2045 corporis
775 2012 853 2038 sentit
877 2012 952 2038 doio-

311 2066 382 2089 rem,
402 2058 450 2084 sed
474 2065 526 2084 non
545 2058 642 2089 patitur
660 2057 787 2083 damnum
810 2057 836 2082 in
858 2060 951 2083 natura

313 2104 355 2129 ΥΠ
371 2104 422 2129 312
437 2103 451 2128 8

364 2162 399 2167 —
409 2150 535 2180 gravatur
547 2147 698 2172 infirmitate
711 2147 829 2178 corporis
842 2147 885 2172 Vll
899 2147 951 2172 235

312 2193 346 2218 57
365 2206 400 2212 -
419 2194 580 2224 aggravatur
598 2198 710 2223 corpore
732 2195 758 2217 et
781 2190 952 2224 perturbatur

313 2237 437 2263 molestiis
456 2237 512 2262 eius
531 2235 564 2262 Vi
586 2236 634 2261 170
653 2243 680 2261 v.
704 2236 734 2262 i5
753 2249 788 2255 —
807 2236 951 2262 intellectus

313 2280 483 2307 obnubilatur
510 2280 706 2312 interpositione
732 2281 850 2312 corporis
875 2281 951 2313 opaci

314 2326 380 2351 inter
399 2325 484 2356 ipsam
504 2329 529 2350 et
547 2325 629 2351 solem
643 2325 755 2350 iustitiae
773 2324 836 2351 ibid.
854 2339 888 2343 —-
907 2325 954 2350 Po·

317 2370 413 2395 tentiae
435 2370 538 2394 animae
566 2369 681 2401 ligantur
708 2376 756 2401 per
775 2376 872 2401 corpus
892 2368 954 2395 ibid.

312 2428 350 2433 —
367 2414 480 2440 Affectus
499 2413 602 2439 animae
619 2413 759 2439 retrahitur
772 2420 787 2439 a
799 2414 954 2440 caelestibus

314 2466 427 2491 corpore
445 2457 608 2490 corruptibili
625 2457 686 2484 ibid.

368 2517 404 2522 —
420 2503 511 2528 verius
523 2506 570 2533 est,
589 2501 635 2528 ubi
648 2506 726 2533 amat,
739 2509 820 2536 quam
840 2502 885 2528 ubi
903 2503 954 2528 ani-

315 2551 369 2573 mat
387 2547 431 2573 Vll
450 2547 501 2572 323
522 2546 555 2572 47
573 2560 609 2566 -
628 2546 744 2577 habitat,
763 2546 809 2573 ubi
829 2550 867 2573 est
886 2547 955 2579 prin-

316 2592 400 2624 cipale
418 2595 534 2617 amatum
554 2590 616 2617 ibid.

369 2650 404 2655 —
422 2642 476 2661 non
494 2636 618 2667 impletur
634 2635 822 2667 temporalibus
841 2636 885 2662 Vil
903 2636 954 2662 318

317 2681 350 2706 28
370 2694 405 2698 -
423 2681 485 2713 quia
510 2680 641 2706 Trinitatis
665 2687 761 2712 capax,
787 2687 800 2706 a
820 2681 876 2706 solo
900 2681 955 2706 Deo

317 2724 439 2756 impletur
458 2723 518 2750 ibid.
537 2738 573 2743 —
587 2731 641 2749 non
665 2724 788 2756 impietur
811 2725 956 2758 quantitate

317 2768 458 2798 materiali,
471 2768 516 2794 sed
529 2768 647 2799 vlrtuaii,
667 2768 734 2794 sicut
746 2772 784 2794 est
797 2769 880 2800 gratia
894 2768 955 2795 ibid.

317 2827 352 2832 —
371 2812 479 2838 Animae
498 2813 628 2845 capacitas
647 2813 770 2845 impietur
782 2813 838 2839 solo
858 2813 955 2845 Spiritu

318 2860 407 2882 sancto
428 2856 459 2881 17
479 2857 513 2882 25

371 2914 407 2920 —
420 2901 489 2927 Deus
499 2901 611 2926 muitum
623 2902 688 2927 zelat
697 2902 812 2927 animam
823 2902 868 2927 Vii
879 2902 929 2927 312
941 2903 955 2927 8

319 2959 353 2963 —-
371 2945 442 2971 Deus
459 2945 525 2970 zelat
543 2945 643 2971 animas
656 2950 780 2979 tanquam
794 2953 904 2978 sponsas
923 2946 956 2972 Υ1

324 2989 371 3014 115
390 2996 416 3014 v.
438 2989 469 3014 10
488 3003 523 3008 —
541 2993 601 3015 sunt
619 2990 646 3015 in
658 2991 821 3022 protectione
839 2991 886 3016 Dei
908 2991 957 3016 125

320 3040 345 3058 v.
370 3034 376 3057 t
400 3047 436 3052 —
454 3034 524 3060 Deus
549 3035 662 3060 maxime
687 3038 758 3061 amat
779 3036 880 3061 animas
908 3035 956 3061 184

319 3085 345 3102 v.
365 3078 408 3103 27.
426 3078 470 3104 ΥΠ
484 3077 535 3104 224
555 3079 598 3104 28.
612 3078 663 3104 427
681 3079 707 3104 6.
721 3079 771 3105 489
792 3079 825 3105 47
837 3093 872 3098 —
888 3080 957 3105 Deus

320 3129 445 3154 magnam
464 3123 519 3148 vim
539 3123 599 3149 tacit
616 3123 644 3148 in
669 3125 791 3150 thesauro
809 3124 956 3150 animarum

321 3167 353 3192 ΥΙ
373 3167 424 3192 413
442 3167 474 3192 12
495 3166 571 3193 2·—
583 3167 654 3193 Deus
673 3168 785 3194 maxime
802 3172 876 3194 curat
893 3169 958 3194 saiu-

320 3215 372 3236 tem
391 3211 539 3237 animarum
559 3212 602 3238 Vii
616 3212 668 3238 204
681 3212 723 3238 56.
737 3213 789 3238 205
802 3213 845 3238 59.
859 3213 909 3239 303
924 3213 952 3238 81

319 3269 355 3274 -
373 3256 485 3281 suntad
509 3255 641 3282 Christum
664 3257 807 3283 trahendae
833 3260 958 3290 tanquam

321 3300 355 3325 ad
373 3307 467 3325 verum
487 3300 629 3327 Dominum
644 3301 693 3327 489
714 3301 748 3327 47
765 3315 802 3321 -
820 3302 896 3328 Salus
908 3301 960 3327 ani-

322 3351 425 3370 marum
445 3352 497 3370 non
515 3351 621 3371 curatur
638 3345 673 3371 ab
691 3346 835 3378 hypocritis
854 3345 906 3372 344
926 3346 959 3371 30

374 3402 410 3407 -
420 3389 526 3420 propria
540 3390 626 3421 primo
639 3390 809 3416 custodienda
823 3391 866 3417 Vii
879 3390 930 3416 427
943 3391 960 3416 7

1173 278 1288 310 INDEX
1311 277 1439 310 RERUM

1033 379 1068 385 —
1087 369 1115 391 ut
1133 366 1196 392 dicit
1214 366 1296 391 vitam
1315 366 1461 397 carnalem,
1486 372 1555 398 quae
1575 364 1620 390 im-

981 413 1066 442 portat
1084 410 1186 440 xitium,
1205 416 1258 435 non
1276 413 1315 435 est
1327 409 1493 435 amandavi
1515 408 1566 434 4i9
1587 408 1615 433 41

978 467 1015 473 -
1032 454 1153 479 Animam
1168 453 1298 479 debemus
1316 454 1404 479 odisse
1421 460 1474 479 non
1492 456 1621 486 quantum

978 499 1012 524 ad
1031 499 1156 530 salutem,
1174 498 1223 524 sed
1241 502 1370 531 quantum
1390 498 1425 523 ad
1443 497 1619 524 carnalitatem

979 543 1022 568 ΥΠ
1042 543 1093 568 375
1113 543 1147 568 53
1167 556 1201 560 -
1220 542 1271 575 Qui
1294 542 1373 568 nimis
1397 542 1481 574 diligit
1505 541 1619 567 animam

978 594 1054 612 suam
1074 593 1122 618 per
1140 593 1257 612 amorem
1277 586 1411 618 privatum
1434 586 1503 611 iusto
1522 585 1620 611 iudicio

979 631 1071 663 perdet
1089 638 1149 657 eam
1170 630 1222 657 445
1235 631 1268 656 56
1287 644 1323 650 -
1342 630 1392 663 Qui
1405 630 1488 662 diligit
1505 630 1620 655 animam

979 683 1054 702 suam
1068 682 1149 707 supra
1163 675 1247 701 Deum
1259 675 1346 707 perdit
1359 675 1443 700 Deum
1454 677 1479 700 et
1491 681 1520 700 se
1532 674 1620 706 ipsum

980 721 1031 746 228
1051 720 1084 745 39
1103 733 1140 739 -
1157 719 1281 745 Animam
1294 719 1361 744 veile
1382 719 1485 745 salvare
1504 721 1544 744 ost
1561 724 1620 744 eam

979 764 1121 797 perditioni
1139 770 1271 796 exponere
1289 763 1341 789 229
1361 763 1394 788 39

1034 822 1069 827 --
1088 809 1137 841 Qui
1156 808 1243 840 perdit
1269 808 1384 833 animam
1413 814 1488 833 suam
1513 809 1622 839 propter

980 853 1113 880 Christum
1132 853 1158 878 in
1178 853 1227 878 hac
1242 853 1309 884 1113,
1328 853 1430 878 salvam
1450 851 1510 877 facit
1529 851 1555 876 in
1568 851 1621 876 w'ta

980 900 1066 924 sutura
1085 897 1130 923 ΥΠ
1143 898 1194 923 228
1215 897 1248 922 39
1261 911 1297 916 -
1309 896 1422 922 Perdere
1440 895 1556 921 animam
1573 902 1622 927 pro

981 943 1083 969 christo
1103 946 1141 968 ese
1161 942 1264 967 salvare
1288 934 1339 966 ‘229
1361 941 1393 966 39
1413 954 1449 959 -
1467 940 1517 973 Qui
1536 939 1624 972 perdit

981 987 1097 1013 animam
1128 986 1284 1018 exponendo
1312 992 1371 1011 eam
1400 984 1540 1017 perditioni
1574 991 1623 1016 pro

982 1038 1071 1057 amore
1091 1030 1185 1057 Christi
1208 1030 1322 1056 custodit
1343 1036 1402 1055 eam
1425 1036 1472 1060 per
1491 1032 1623 1054 aeternam

982 1076 1128 1101 felicitatem
1148 1075 1181 1100 Υ1
1202 1074 1252 1100 418
1273 1074 1315 1100 37.
1329 1074 1372 1100 ΥΠ
1391 1073 1444 1099 445
1463 1073 1497 1098 57
1516 1087 1551 1092 -
1563 1072 1625 1098 Ani-

982 1127 1054 1146 mam
1072 1126 1173 1152 ponere
1190 1122 1230 1145 est
1253 1119 1368 1151 perfecte
1391 1117 1468 1151 sequi
1491 1116 1623 1143 Christum

982 1165 1016 1190 Υ1
1036 1164 1087 1190 434
1107 1164 1140 1189 50

1035 1224 1071 1228 -
1081 1208 1260 1240 corrumpitur
1272 1215 1320 1240 per
1333 1207 1498 1233 aversionem
1518 1206 1633 1231 affectus,

983 1262 998 1280 a
1017 1254 1156 1280 dilectione
1168 1253 1214 1279 Dei
1234 1253 1268 1277 Vi
1285 1252 1333 1278 135
1347 1259 1373 1277 v.
1397 1252 1422 1276 11
1439 1264 1476 1270 -
1487 1254 1527 1276 est
1545 1250 1625 1282 digna

983 1299 1095 1331 repudio
1109 1298 1168 1328 Dei,
1188 1297 1296 1331 quando
1314 1296 1428 1328 abnegat
1445 1295 1564 1321 debitum
1577 1301 1626 1327 per

982 1343 1189 1370 inobedientiam
1208 1346 1234 1368 et
1252 1341 1360 1375 quando
1373 1341 1520 1373 ingreditur
1538 1344 1626 1365 torum

983 1389 1097 1414 alienum
1116 1395 1164 1420 per
1183 1386 1374 1419 impudicitiam
1394 1384 1582 1411 committendo
1600 1384 1627 1409 ii-

983 1433 1052 1459 licita
1071 1433 1122 1459 546
1146 1432 1176 1457 10
1195 1445 1231 1450 -
1255 1437 1383 1457 conversa
1401 1430 1436 1455 ad
1461 1433 1564 1455 terrena
1582 1428 1628 1454 ob-

983 1482 1103 1504 scuratur
1121 1480 1147 1503 et
1165 1477 1305 1508 eclipsatur
1329 1482 1377 1507 per
1401 1473 1627 1506 interpositionem

984 1525 1068 1548 terrae
1086 1522 1154 1547 inter
1172 1528 1231 1547 eam
1251 1524 1277 1546 et
1288 1527 1383 1546 verum
1402 1520 1486 1545 solem
1507 1518 1558 1544 140
1571 1526 1597 1543 v.
1611 1518 1627 1542 9

984 1582 1018 1585 —
1036 1573 1121 1593 vacua
1140 1573 1156 1591 a
1176 1566 1259 1598 gratia
1278 1569 1304 1591 et
1327 1565 1424 1590 virtute
1449 1566 1594 1596 occupatur
1613 1569 1627 1587 a

985 1611 1090 1637 diabolo
1108 1610 1219 1636 Υ11295
1239 1609 1273 1636 54
1295 1624 1330 1627 -
1347 1609 1508 1641 periclitatur
1526 1612 1629 1640 pertur-

984 1656 1090 1682 batione
1117 1656 1227 1680 intrante
1248 1655 1276 1679 in
1299 1654 1414 1679 animam
1439 1660 1469 1679 ex
1489 1652 1629 1678 tentatione

985 1700 1115 1726 diabolica
1134 1700 1180 1725 201
1209 1699 1240 1724 44
1252 1712 1288 1718 --
1301 1698 1437 1724 desideriis
1450 1698 1525 1723 malis
1545 1697 1629 1729 impu—

986 1748 1089 1777 gnatur,
1101 1744 1232 1770 cruciatur
1246 1746 1271 1769 et
1283 1743 1429 1775 captivatur
1443 1742 1474 1767 Vl
1489 1742 1541 1768 577
1554 1749 1580 1767 ν.
1595 1741 1628 1767 44

1039 1803 1074 1808 -
1092 1788 1224 1821 peccatrix
1237 1792 1275 1813 est
1287 1787 1376 1813 minus
1395 1787 1489 1812 idonea
1508 1786 1541 1812 ad
1556 1786 1626 1812 dona

986 1833 1033 1859 Dei
1051 1833 1094 1858 ΥΙΙ
1113 1832 1166 1858 284
1185 1832 1219 1857 24
1236 1846 1272 1851 -
1291 1831 1429 1857 immunda
1448 1838 1500 1856 non
1519 1830 1629 1862 suscipit

987 1878 1113 1910 Spiritum
1133 1881 1252 1902 sanctum
1272 1876 1324 1902 295
1344 1876 1378 1902 54

1039 1936 1076 1941 -
1094 1921 1176 1953 Culpa
1195 1921 1290 1947 occidit
1302 1920 1419 1946 animam
1432 1920 1466 1945 ΥΙ
1483 1920 1535 1945 212
1554 1926 1581 1944 r.
1596 1919 1629 1945 14

986 1980 1022 1986 -
1041 1966 1185 1998 peccatoris
1203 1968 1307 1990 mortua
1326 1968 1365 1990 est
1381 1964 1407 1990 in
1427 1971 1539 1996 corpore
1557 1966 1587 1989 ut
1604 1964 1629 1990 in

987 2011 1108 2043 sepulcro
1127 2011 1171 2036 ΥΠ
1185 2010 1236 2035 306
1255 2010 1289 2035 88
1308 2023 1345 2028 -
1363 2009 1474 2035 moritur
1487 2016 1536 2041 per
1553 2015 1630 2041 sepa-

987 2056 1115 2081 rationem
1134 2062 1149 2080 a
1168 2055 1275 2080 Deo.V1
1295 2054 1345 2079 ·ii6
1363 2061 1390 2079 r.
1409 2054 1450 2079 12.
1473 2054 1519 2078 189
1539 2061 1566 2078 v.
1586 2053 1630 2078 20.

987 2101 1031 2126 Vll
1051 2100 1101 2126 419
1123 2099 1157 2125 47

1040 2158 1077 2164 -
1095 2145 1176 2170 servit
1193 2146 1295 2176 septem
1319 2143 1389 2169 vitiis
1412 2141 1567 2174 capitalibus
1586 2141 1631 2167 ΥΙΙ

988 2189 1040 2215 514
1061 2190 1093 2215 38
1112 2203 1148 2208 -
1166 2188 1283 2214 abutitur
1301 2187 1419 2221 quinque
1437 2185 1572 2217 sensibus,
1585 2185 1631 2219 qui

988 2234 1110 2260 dicuntur
1123 2234 1242 2267 quinque
1255 2233 1306 2258 viri
1318 2233 1352 2258 Vl
1366 2232 1418 2258 557
1431 2239 1458 2257 v.
1473 2232 1505 2256 18
1520 2245 1554 2249 -
1570 2237 1633 2263 pec-

989 2279 1070 2304 catrix
1088 2279 1218 2310 figuratur
1235 2278 1264 2303 in
1282 2280 1444 2310 praegnante
1462 2276 1505 2301 ΥΠ
1526 2275 1578 2301 532
1598 2275 1631 2301 36

989 2337 1025 2343 -
1049 2330 1063 2349 3
1083 2323 1137 2349 Deo
1157 2326 1276 2355 separata
1302 2326 1341 2348 est
1363 2322 1445 2348 vidua
1466 2324 1570 2347 mortua
1589 2320 1631 2346 Vii

991 2368 1042 2393 419
1063 2367 1097 2393 47

1043 2426 1080 2432 —-
1098 2416 1136 2438 est
1155 2412 1224 2438 bona
1244 2419 1291 2444 per
1304 2411 1415 2444 gratiam
1436 2411 1469 2436 Υ1
1492 2410 1541 2435 166
1555 2417 1583 2435 v.
1601 2410 1631 2434 19

991 2471 1027 2476 -
1044 2457 1187 2482 mundatur
1207 2463 1254 2488 per
1274 2456 1385 2488 gratiam
1405 2455 1448 2481 Vll
1472 2454 1524 2480 304
1544 2455 1578 2480 82
1597 2468 1633 2473 -

991 2501 1103 2527 lavanda
1123 2504 1162 2526 est
1180 2501 1204 2526 in
1225 2501 1300 2533 aquis
1313 2500 1475 2526 contritionis
1491 2499 1525 2525 ad
1543 2506 1633 2525 emun-

992 2546 1124 2572 dationem
1138 2545 1238 2577 sordis‚
1251 2545 1277 2570 in
1296 2545 1372 2578 aquis
1384 2544 1532 2570 devotionis
1551 2543 1584 2569 ad
1598 2544 1634 2569 in-

992 2590 1137 2616 tensionem
1157 2589 1290 2619 candoris,
1309 2590 1336 2614 in
1354 2589 1483 2621 sanguine
1505 2588 1633 2620 passionis

992 2634 1136 2660 imitatione
1142 2633 1236 2660 Christi
1246 2634 1279 2659 ad
1290 2634 1476 2665 perfectionem
1486 2633 1589 2659 decoris
1600 2633 1633 2658 Vi

993 2679 1045 2704 599
1064 2685 1078 2704 a
1093 2693 1127 2697 —-
1145 2678 1290 2710 peccatoris
1303 2681 1341 2703 est
1360 2678 1488 2709 templum
1507 2677 1634 2703 mundan-

993 2723 1057 2749 dum
1086 2729 1134 2755 per
1157 2722 1276 2748 dolorem
1299 2722 1490 2754 poenitentiae,
1514 2721 1634 2747 reaedifi-

993 2767 1107 2793 candum
1127 2774 1175 2799 per
1193 2768 1339 2799 profectum
1358 2766 1471 2792 iustitiae
1497 2770 1522 2792 et
1541 2772 1633 2791 ornan-

993 2811 1059 2837 dum
1089 2817 1136 2843 per
1164 2811 1286 2836 decorem
1313 2810 1437 2836 scientiae
1462 2810 1513 2836 550
1543 2810 1572 2834 10
1599 2824 1633 2828 -

994 2858 1131 2887 reparatur
1160 2862 1207 2887 per
1232 2855 1332 2880 donum
1360 2854 1555 2880 misericordiae
1575 2854 1633 2884 Dei,

994 2900 1041 2933 qui
1053 2900 1162 2932 suscipit
1174 2899 1209 2925 ad
1221 2899 1407 2931 benignitatem
1426 2899 1537 2931 gratiae,
1556 2899 1633 2924 vestit

995 2944 1151 2970 vestimento
1171 2944 1283 2969 iustitiae
1301 2948 1327 2970 et
1345 2944 1427 2970 reficit
1445 2944 1574 2970 suavitate
1585 2944 1633 2969 iae-

996 2989 1065 3015 titiae
1083 2989 1199 3014 internae
1218 2989 1263 3014 ΥΠ
1282 2989 1335 3014 394
1357 2989 1400 3014 33.
1422 2988 1473 3014 397
1498 2988 1530 3014 40

1043 3047 1078 3053 -
1097 3031 1233 3066 poenitens
1251 3033 1375 3059 liberatur
1394 3040 1408 3058 a
1428 3033 1569 3059 tentatione
1581 3033 1634 3059 dia-

995 3078 1047 3104 boii
1076 3085 1124 3110 per
1151 3078 1261 3110 gratiam
1290 3077 1385 3104 Christi
1413 3078 1455 3103 Vii
1475 3078 1527 3104 200
1548 3078 1579 3103 43
1598 3091 1635 3097 -

994 3123 1103 3149 Animae
1122 3126 1233 3149 tentatae
1251 3122 1393 3148 consolatio
1412 3123 1529 3154 signatur
1551 3123 1580 3148 in
1598 3129 1635 3148 se-

995 3167 1100 3193 datione
1119 3166 1280 3199 tempestatis
1298 3165 1360 3192 ibid.
1378 3180 1414 3186 —
1433 3168 1460 3192 in
1483 3166 1635 3192 liberatione

996 3211 1100 3237 animae
1112 3218 1126 3237 a
1146 3211 1285 3237 tentatione
1298 3211 1438 3236 attenditur
1456 3211 1552 3243 oratio,
1566 3218 1636 3237 men·

997 3256 1029 3282 tis
1047 3256 1154 3282 devotio
1173 3260 1199 3281 et
1217 3256 1263 3281 Dei
1282 3255 1461 3281 honorificatio
1478 3256 1525 3281 201
1550 3255 1583 3281 45
1601 3270 1636 3274 -

997 3301 1076 3333 ligata
1089 3304 1162 3326 reatu
1181 3301 1275 3332 culpae
1287 3300 1397 3326 solvitur
1415 3307 1429 3325 a
1448 3299 1551 3326 Christo
1564 3299 1638 3325 mini·

997 3345 1076 3371 sterio
1094 3345 1261 3373 sacerdotum
1278 3344 1330 3370 345
1350 3345 1383 3369 32

1051 3403 1088 3409 -
1099 3396 1168 3423 quae
1179 3389 1279 3415 recedit
1292 3388 1326 3414 ab
1336 3395 1426 3414 amore
1439 3388 1623 3421 temporalium
1631 3408 1638 3420 ‚

323 3446 357 3451 —
377 3433 486 3458 Animae
499 3433 625 3459 damnum
639 3434 782 3460 maximum
802 3435 835 3461 Vi
855 3435 888 3460 46
907 3442 934 3461 v.
951 3431 982 3461 9¹
998 3434 1094 3461 dicitur
1111 3435 1192 3460 vidua
1211 3437 1238 3459 et
1256 3433 1416 3466 paupercuia
1437 3434 1478 3459 ΥΠ
1498 3434 1549 3459 522
1568 3433 1585 3458 7
1604 3447 1640 3453 —

1914 320 1966 346 AM

1658 368 1820 398 sequestrata
1839 371 1854 390 a
1867 365 1968 390 mundo
1983 367 2112 398 quantum
2125 364 2159 390 ad
2178 365 2299 391 affectum

1658 409 1815 435 carnalitatis
1838 409 1919 434 vidua
1944 408 2039 434 dicitur
2066 408 2129 435 ibid.
2148 423 2184 427 —
2208 415 2301 442 seque-

1657 457 1736 480 strata
1756 460 1771 478 a
1789 453 1889 479 mundo
1908 455 2036 485 quantum
2056 453 2091 479 ad
2108 453 2231 479 affectum
2250 457 2301 479 ter-

1657 498 1773 524 renitatis
1791 500 1831 523 est
1849 497 1930 523 vidua
1949 497 2110 529 paupercula
2129 496 2192 523 ibid.

1711 556 1746 562 —
1759 541 1845 568 fidelis
1863 544 1903 567 est
1920 548 2018 573 sponsa
2040 541 2101 572 Dei,
2119 541 2154 567 ad
2172 548 2253 574 quem
2272 549 2301 567 se

1658 586 1738 613 debet
1750 588 1904 612 convertere
1912 606 1919 617 ,
1932 588 1958 611 et
1967 588 2123 611 convertens
2135 592 2165 610 se
2173 585 2207 611 ad
2220 585 2300 612 alium

1658 631 1800 658 fornicatur
1818 630 1852 655 ΥΙ
1866 629 1919 656 557
1937 636 1965 655 ν.
1978 630 2010 655 18
2025 643 2059 647 -
2072 632 2195 655 monetur
2213 629 2301 656 dimit-

1658 680 1713 702 tere
1726 682 1856 707 errorem,
1875 674 1963 699 virum
1977 681 2030 699 non
2043 681 2132 705 suum,
2142 677 2168 700 et
2179 674 2301 706 ad‘spon-

1658 727 1718 747 sum
1737 719 1875 752 proprium
1894 725 1923 744 se
1942 719 2083 743 transferre
2101 717 2153 744 558
2173 719 2189 744 2
2207 731 2234 737 -
2261 718 2302 743 in-

1658 765 1755 791 vitatur
1773 763 1808 789 ad
1820 763 1926 795 nuptias
1944 762 2056 795 gratiae,
2076 765 2105 787 ut
2122 762 2177 788 Deo
2189 762 2302 794 despon-

1659 813 1730 836 setur
1749 808 1800 834 546
1828 808 1859 833 10
1883 806 1946 833 Vide
1970 814 1996 833 v.
2021 806 2148 840 Nuptiae.
2167 821 2202 825 —
2225 806 2302 832 relin-

1659 861 1744 887 quens
1756 852 1887 878 mundum
1896 858 2002 878 omnem
2016 858 2092 876 suam
2103 850 2302 877 delectationem

1660 898 1734 931 ponit
1751 898 1779 923 in
1797 896 1899 923 Christo
1918 896 1962 922 Vll
1982 896 2033 921 522
2052 895 2070 920 7
2279 922 2284 925 ,

1714 956 1750 962 -
1768 941 1916 974 spirituales
1935 939 2053 966 habitant
2071 939 2098 965 in
2117 938 2232 965 brachiis
2243 946 2304 965 cru-

1662 987 1699 1012 cis
1717 986 1811 1013 Christi
1831 986 1864 1011 vi
1884 985 1934 1010 553
1955 985 1971 1010 3
1990 998 2026 1004 -
2044 991 2074 1010 se
2091 983 2175 1009 credit
2201 983 2304 1009 Christo

1661 1031 1785 1057 crucifixo
1805 1029 1938 1056 credendo
1957 1032 1983 1054 et
2001 1028 2138 1055 adorando
2158 1028 2209 1053 197
2227 1035 2256 1053 v.
2274 1027 2290 1053 5

1715 1089 1750 1095 -
1768 1078 1874 1100 53110130
1892 1074 2015 1099 dicuntur
2038 1072 2115 1098 sedes
2133 1072 2181 1098 Dei
2204 1071 2305 1098 inhabi-

1661 1120 1740 1146 tantis
1758 1122 1784 1145 et
1807 1118 1962 1151 imperantis
1989 1116 2114 1143 omnibus
2137 1115 2254 1142 motibus
2278 1118 2305 1141 et

1661 1163 1842 1190 affectionibus
1859 1163 1894 1188 Vi
1914 1162 1965 1188 167
1983 1169 2010 1187 v.
2031 1161 2047 1187 4
2058 1175 2095 1181 —
2107 1161 2191 1187 fidelis
2209 1160 2305 1187 dicitur

1662 1209 1805 1241 templum,
1824 1207 1888 1241 quia
1906 1210 1946 1233 est
1962 1207 2037 1232 locus
2054 1205 2197 1232 sanctitatis
2215 1212 2230 1231 a
2249 1205 2304 1230 Deo

1662 1253 1838 1279 sanctificatus
1861 1255 1888 1277 et
1908 1250 2082 1281 inhabitatus,
2107 1251 2181 1276 loeus
2204 1249 2305 1275 emuni-

1663 1297 1723 1324 tatis
1741 1304 1757 1323 a
1783 1297 1839 1323 Deo
1864 1296 1998 1322 emunitus
2024 1298 2051 1321 et
2077 1296 2152 1320 locus
2171 1293 2306 1326 religionis

1663 1342 1711 1368 soli
1731 1342 1822 1368 divino
1841 1340 1923 1367 cultui
1941 1340 2079 1366 dedicatus
2098 1338 2149 1365 549
2168 1339 2184 1364 9
2197 1352 2234 1358 -
2245 1345 2307 1364 san-

1664 1390 1705 1413 cta
1724 1389 1764 1412 est
1782 1385 1967 1417 coenaculum,
1986 1384 2021 1410 ad
2039 1384 2112 1417 quod
2125 1383 2208 1409 venit·
2215 1383 2306 1408 Domi-

1664 1438 1714 1457 nus
1733 1431 1776 1456 ΥΠ
1796 1429 1847 1456 543
1868 1429 1902 1455 15

1719 1490 1754 1494 -
1773 1480 1917 1500 conversae
1941 1473 1975 1499 ad
2003 1472 2135 1500 Christum
2160 1473 2308 1504 figurantur

1665 1527 1713 1552 per
1742 1520 1836 1546 decem
1864 1525 1954 1550 mnas,
1979 1521 2089 1551 propter
2110 1509 2307 1543 vertibilitatem

1667 1567 1710 1593 Vii
1729 1566 1781 1592 482
1801 1566 1834 1591 28

1720 1626 1754 1630 -
1772 1613 1863 1637 sancta
1881 1608 1961 1635 debet
1978 1616 2037 1635 esse
2061 1609 2160 1634 elevata
2179 1615 2228 1641 per
2245 1615 2310 1634 con-

1665 1656 1875 1688 templationem,
1894 1660 1991 1686 magna
2005 1660 2054 1685 per
2066 1653 2216 1684 caritatem,
2229 1655 2309 1678 strata

1665 1700 1794 1726 Virtutum
1813 1699 1940 1725 varietate
1952 1698 1997 1723 ΥΠ
2016 1697 2067 1723 543
2083 1698 2116 1724 15
2135 1711 2170 1716 -
2188 1697 2261 1723 venit
2274 1696 2309 1722 ad

1666 1746 1750 1771 Deum
1764 1743 1933 1770 ascendendo
1946 1750 1994 1775 per
2006 1745 2080 1768 actus
2093 1741 2259 1767 animationis
2275 1741 2310 1766 de

1666 1796 1790 1822 corpore,
1804 1795 1898 1814 sensus
1910 1794 1958 1820 per
1971 1794 2082 1819 corpus,
2096 1786 2158 1812 artis
2171 1786 2240 1811 circa
2254 1792 2308 1811 cor-

1666 1842 1730 1866 pus,
1749 1833 1853 1859 virtutis
1867 1832 1901 1858 ad
1919 1839 1948 1858 se
1961 1832 2060 1864 ipsam,
2079 1830 2270 1864 tranquillitatis
2282 1829 2310 1855 in

1666 1886 1695 1905 se
1714 1879 1784 1910 ipsa,
1797 1877 1968 1909 ingressionis
1986 1876 2022 1902 ad
2034 1876 2132 1906 Deum,
2152 1875 2310 1906 contempla-

1668 1924 1745 1950 tionis
1764 1923 1838 1955 apud
1855 1922 1940 1947 Deum
1955 1921 2001 1947 221
2027 1921 2059 1946 48
2073 1934 2109 1939 -
2121 1913 2249 1952 51101350
2262 1919 2310 1944 eie-

1667 1972 1726 1994 vata
1746 1968 1819 1994 audit
1838 1970 1863 1993 et
1881 1966 1955 1992 videt
1978 1972 2073 1991 arcana
2093 1965 2145 1990 3i6
2170 1964 2204 1989 20
2222 1977 2259 1983 -
2278 1965 2311 1989 se-

1667 2012 1797 2038 cundatur
1814 2010 2004 2043 recogitatione
2016 2013 2186 2042 peccatorum
2205 2008 2256 2034 340
2279 2008 2310 2033 13

1667 2071 1703 2076 -
1721 2057 1747 2082 in
1765 2056 1925 2082 adversitate
1944 2054 2083 2087 temporali
2095 2056 2256 2079 sustentatur
2267 2059 2311 2078 ex·

1667 2101 1829 2133 spectatione
1847 2100 1980 2126 bonorum
2003 2103 2185 2130 aeternorum,
2204 2098 2232 2123 in
2250 2104 2313 2130 pro-

1668 2146 1792 2178 speritate
1811 2144 1940 2177 spirituali
1957 2144 2076 2170 reficitur
2089 2142 2250 2175 experientia
2261 2142 2312 2174 spi-

1669 2191 1802 2217 ritualium
1823 2190 1856 2216 vt
1870 2190 1921 2215 566
1938 2190 1953 2215 8
2020 2215 2021 2219 ,

1723 2249 1759 2254 -
1772 2235 1799 2260 in
1811 2235 1914 2260 animae
1928 2232 2120 2259 beatificatione
2137 2234 2312 2264 cognoscetur

1670 2280 1778 2311 veritas;
1797 2280 1823 2304 in
1836 2279 1940 2304 animae
1958 2281 1984 2303 et
1997 2277 2115 2310 corporis
2135 2276 2203 2302 felici
2215 2276 2313 2302 unione

1670 2325 1773 2350 tolletur
1799 2323 1886 2349 omnis
1914 2322 2048 2354 corruptio
2077 2322 2112 2347 vt
2140 2321 2192 2347 363
2222 2320 2254 2346 4·
2278 2334 2313 2338 —

1670 2369 1699 2394 iit
1717 2369 1793 2394 beata
1812 2367 1980 2394 adhaerendo
2005 2366 2108 2392 veritati
2130 2365 2258 2398 spirituali
2277 2364 2312 2390 di·

1669 2414 1781 2440 lectione
1794 2413 1838 2438 Vii
1851 2412 1903 2437 297
1917 2412 1951 2437 62
1969 2425 2006 2430 -
2024 2410 2188 2436 beatificatae
2199 2409 2314 2441 figuran-

1670 2462 1712 2484 tur
1731 2465 1779 2490 per
1791 2457 1884 2483 decem
1898 2456 2028 2487 civitates,
2042 2458 2152 2488 propter
2164 2452 2313 2480 immutabi-

1670 2503 1768 2529 litatem
1787 2502 1885 2534 gloriae
1905 2501 1956 2526 482
1976 2501 2009 2526 28

1724 2561 1758 2565 -
1778 2546 1884 2578 Spiritui
1903 2553 1956 2571 non
1975 2548 2036 2571 sunt
2048 2544 2163 2570 timenda
2182 2542 2312 2575 supplicia

1671 2592 1758 2617 carnis
1776 2591 1820 2616 ΥΠ
1845 2591 1897 2616 312
1923 2590 1938 2615 8
1958 2604 1993 2608 -
2011 2589 2136 2620 affligitur
2159 2594 2225 2613 vero
2249 2587 2313 2619 igne

1672 2636 1718 2662 421
1743 2636 1777 2662 50
1798 2650 1831 2653 -
1850 2635 1974 2667 affligitur
1997 2634 2025 2659 in
2048 2632 2222 2665 imaginibus,
2245 2638 2314 2665 quas

1670 2681 1746 2706 traxit
1764 2687 1779 2705 a
1798 2686 1911 2712 corpore
1929 2678 1991 2705 ibid.

1723 2738 1759 2744 —
1777 2723 1848 2750 bruti
1875 2731 1929 2749 non
1957 2723 2036 2749 habet
2054 2722 2235 2754 operationem
2254 2726 2313 2752 pro·

1672 2769 1756 2801 priam
1775 2769 1809 2793 Vi
1828 2769 1861 2794 37
1874 2775 1900 2801 q.
1915 2769 1930 2793 2
1950 2767 1979 2793 2*
1993 2781 2026 2786 --
2040 2766 2184 2792 bestiarum
2197 2771 2315 2791 corrum-

1671 2816 1769 2846 puntur
1787 2812 1822 2839 ib.
1841 2820 1867 2845 q.
1887 2813 1902 2838 2

1724 2860 1851 2885 Ακικᾼιιᾼ-
1866 2874 1903 2877 -
1921 2858 2049 2890 producta
2060 2859 2121 2882 sunt
2133 2862 2195 2881 cum
2208 2855 2314 2881 homine

1671 2908 1740 2930 sexta
1752 2904 1795 2930 die
1807 2904 1848 2929 vn
1860 2903 1894 2928 55
1905 2902 1937 2928 49
1948 2917 1984 2920 -
1993 2901 2082 2927 omnia
2091 2899 2189 2926 habent
2198 2900 2313 2933 aliquam

1672 2949 1807 2974 utilitatem
1822 2947 1854 2972 Vi
1869 2947 1919 2972 190
1933 2954 1960 2971 v.
1972 2945 2006 2971 24
2025 2959 2061 2963 ——
2079 2945 2104 2970 in
2117 2944 2314 2976 comparatione

1671 2992 1786 3018 hominis
1804 2998 1857 3017 non
1876 2990 1994 3017 curanda
2012 2990 2056 3016 ΥΠ
2075 2988 2128 3015 204
2147 2989 2190 3015 56.
2209 2988 2262 3014 205
2280 2988 2314 3014 59

1724 3051 1759 3055 -
1778 3035 1842 3061 nihil
1861 3035 1939 3067 piene
1958 3036 2121 3066 cognoscunt
2140 3033 2172 3059 Vi
2193 3033 2226 3058 16
2249 3040 2276 3066 q.
2299 3033 2308 3057 1

1672 3095 1707 3099 -
1719 3087 1770 3106 11011
1785 3081 1949 3112 cognoscunt
1963 3077 2031 3104 bona
2045 3079 2152 3104 honesta
2169 3077 2221 3103 209
2233 3084 2260 3102 v,
2282 3077 2313 3102 19

1725 3139 1761 3143 -
1780 3125 1882 3149 Genera
1901 3123 2056 3149 animalium
2081 3123 2180 3148 salvata
2197 3124 2258 3148 sunt
2286 3121 2314 3147 in

1673 3175 1733 3194 arca
1752 3169 1786 3194 Vi
1807 3168 1858 3194 197
1877 3175 1904 3193 ν.
1924 3168 1940 3193 6
1959 3166 2076 3192 -bina
2094 3167 2195 3192 inarca
2209 3167 2315 3192 suerunt

1673 3213 1700 3238 in
1718 3213 1831 3245 figuram
1851 3212 1965 3238 caritatis
1983 3214 2091 3237 mutuae
2111 3211 2153 3237 Vii
2172 3202 2224 3237 253
2244 3211 2260 3236 3

1727 3272 1762 3276 -
1780 3257 1927 3289 significant
1945 3260 2034 3282 motus
2061 3255 2188 3281 animales
2216 3255 2315 3281 severi-

1675 3304 1726 3326 tate
1753 3301 1866 3327 iustitiae
1892 3300 2078 3333 reprimendos
2100 3300 2144 3325 Vli
2173 3299 2208 3325 55
2227 3298 2260 3325 49
2279 3313 2315 3317 —

1676 3346 1760 3371 Homo
1779 3345 1898 3371 animalis
1924 3352 1978 3371 non
2000 3344 2095 3376 accipit
2113 3343 2239 3376 Spiritum
2257 3350 2315 3369 san·

1676 3393 1747 3415 ctum
1767 3389 1799 3415 Vi
1819 3389 1865 3415 441
1890 3390 1924 3415 26
1938 3404 1974 3408 -
1985 3389 2110 3415 Homines
2122 3388 2248 3414 animales
2259 3394 2315 3413 non

1676 3437 1746 3460 recte
1764 3434 1879 3460 sentiunt
1898 3433 1933 3459 de
1951 3432 2054 3459 Christo
2073 3433 2117 3458 Vll
2135 3431 2188 3458 225
2208 3432 2236 3457 31
