2476 3921
0 1125 1 1159 ι
23 1119 152 1141 Notandum.

14 1968 69 1990 Petri
83 1968 161 1996 tepidi-

63 1997 103 2016 tas.

741 222 935 256 COMMENT.
961 221 999 254 IN
1022 219 1263 254 EVANGELIUM
1286 219 1404 252 LUCAE
1428 219 1460 251 C.
1487 219 1571 251 xxn.

171 316 427 360 quaerereillum
445 314 499 358 qui
513 314 599 347 ultro
612 322 644 346 se
659 312 770 351 tradit,
787 315 818 344 et
834 311 865 343 in
879 313 969 343 nocte
986 318 1043 351 per
1059 317 1132 350 pro-

170 370 303 403 ditorem
316 368 510 410 investigare,
521 367 687 404 latentem,
710 373 805 407 quem
827 362 966 405 quotidie
986 361 1133 394 videbant

170 423 203 455 in
219 422 336 464 templo
358 421 566 454 docentem».
592 418 743 461 Arguitur
760 417 853 450 etiam
876 415 1041 459 nequitia,
1058 414 1134 456 quia

171 475 277 508 virum
300 475 419 507 iustum
453 472 648 515 quaerebant
672 471 754 504 sicut
783 470 955 507 latronem,
978 468 1132 500 inermem

171 536 245 560 cum
268 527 382 565 armis,
414 527 520 559 lumen
552 533 663 558 verum
689 522 884 565 quaerebant
916 521 947 552 in
971 519 1131 558 tenebris;

172 579 256 621 quod
280 578 406 620 quidem
441 578 572 610 faciebat
596 584 705 609 eorum
739 574 869 607 tenebra
893 576 1094 615 peccatorum
1109 573 1131 603 ¹.

173 650 213 654 —-
242 631 327 664 Unde
351 630 474 663 subdit:
501 630 562 663 Sed
586 627 665 661 haec
688 632 734 660 est
758 626 843 659 hora
874 629 985 658 vestra
1015 629 1046 657 et
1072 634 1132 667 po-

172 688 272 717 testas
295 683 525 721 tenebrarum,·
541 682 629 724 quia,
651 681 773 713 loannis
796 680 889 713 tertio
903 680 926 718 2,
949 678 1031 721 «qui
1053 678 1132 711 male

172 737 236 779 agit
258 737 323 770 odit
346 737 449 769 lucem
467 748 501 775 »ς
526 738 557 768 et
581 735 633 767 lob
651 734 800 776 vigesimo
816 736 948 775 quarto:
978 745 994 761 «
1011 731 1132 765 Oculus

172 788 306 823 adulteri
331 789 478 822 observat
501 788 665 830 caliginem
690 800 720 819 ».
747 787 877 828 Propter
902 785 987 828 quod
1010 788 1042 818 et
1065 784 1134 817 dae-

172 852 298 882 mones,
332 842 407 885 quia
431 841 511 874 male
543 840 692 880 suadent,
714 843 889 882 potestates
920 838 1132 871 tenebrarum

172 896 337 934 dicuntur,
362 894 536 928 secundum
561 893 639 926 illud
662 893 700 926 ad
724 893 874 935 Ephesios
899 895 1009 925 sexto:
1039 905 1054 920 a
1076 891 1134 924 Ad-

171 958 284 982 versus
300 948 458 990 principes
474 951 504 980 et
528 949 711 990 potestates,
728 946 882 979 adversus
906 939 1015 978 mundi
1033 948 1134 978 recto-

172 1010 224 1035 res
247 1001 451 1035 tenebrarum
476 1001 636 1033 harum».
662 1000 721 1032 Has
745 999 891 1032 tenebras
907 998 1017 1041 fugere
1040 998 1133 1031 debe-

170 1063 260 1094 mus,
285 1054 458 1088 secundum
483 1054 560 1087 illud
584 1060 623 1086 ad
648 1053 797 1095 Ephesios
819 1052 974 1095 quinto-¹³:
1003 1065 1019 1081 «
1035 1052 1134 1085 Nolite

172 1108 405 1141 communicare
427 1107 578 1150 operibus
601 1106 806 1139 infructuosis
830 1105 1034 1138 tenebrarum
1051 1118 1082 1137 ».
1100 1105 1133 1137 In

172 1162 223 1195 his
246 1161 385 1195 tenebris
408 1161 525 1203 estqui
549 1160 615 1192 odit
630 1160 810 1198 Christum,
836 1160 937 1192 lucem
955 1162 987 1192 et
1003 1159 1134 1192 humani

172 1214 297 1257 generis
319 1214 468 1253 fratrem,
493 1214 613 1256 primae
629 1213 751 1245 Ioannis
775 1212 931 1245 secundo:
960 1225 974 1240 ιι
993 1212 1052 1254 Qui
1069 1211 1134 1244 odit

172 1267 302 1300 fratrem
327 1276 421 1300 suum
445 1267 475 1299 in
501 1265 640 1299 tenebris
663 1269 711 1299 est
734 1268 766 1299 et
796 1266 828 1298 in
853 1265 992 1299 tenebris
1023 1265 1134 1297 ambu-

172 1320 216 1353 lat
239 1323 270 1353 et
300 1320 416 1360 nescit,
441 1329 504 1362 quo
528 1319 638 1360 vadat,
662 1319 736 1362 quia
768 1320 916 1352 tenebrae
947 1318 1134 1352 obcaecave-

173 1377 250 1407 runt
270 1374 379 1407 oculos
402 1373 470 1407 eius
485 1386 516 1405 a».

280 1488 409 1524 Secundo,
428 1489 458 1516 de
477 1488 614 1523 negatione
633 1488 706 1516 Petri
726 1488 877 1523 tanguntur
895 1487 1016 1523 quatuor.

265 1587 315 1619 67.
330 1587 431 1627 (Vers.
447 1587 523 1624 54).
536 1586 843 1629 Comprehendentes
859 1590 971 1619 autem
986 1596 1061 1619 eum.
1074 1590 1132 1620 etc.

175 1640 245 1672 Post
260 1639 450 1681 descriptam
470 1640 784 1681 comprehensionem
805 1639 921 1672 Christi
942 1640 1134 1673 describitur

173 1692 225 1725 hic
240 1692 370 1735 negatio
384 1692 478 1724 Petri
488 1693 519 1730 4;
535 1692 574 1725 ad
590 1692 682 1725 cuius
701 1692 943 1734 descriptionem
960 1692 1133 1734 plenariam

173 1745 419 1779 introducuntur
436 1748 587 1788 quatuor,
605 1745 722 1778 scilicet
746 1745 845 1787 ipsius
864 1745 959 1778 Petri
981 1745 1135 1787 tepiditas

174 1799 210 1833 in
225 1798 454 1842 formidando,
471 1797 645 1842 frayititas
658 1798 694 1831 iu
705 1798 868 1841 neyando,
878 1798 987 1841 pietas
1002 1798 1137 1831 Domini

173 1853 210 1886 in
233 1852 419 1895 recipiendo
442 1855 474 1885 et
495 1851 637 1893 fidelitas
665 1851 758 1885 Petri
779 1852 816 1885 in
838 1852 1014 1885 redeundo.

263 1906 367 1939 Primo
390 1906 487 1949 igitur
511 1909 667 1949 quantum
691 1906 729 1938 ad
755 1906 848 1939 Petri
871 1906 1071 1949 tepiditatem
1099 1906 1136 1939 in

173 1959 392 2004 formidando
426 1962 497 2002 post
527 1959 838 2002 comprehensionem
873 1955 1011 2002 Magistri
1042 1959 1135 1993 dicit:

177 2011 486 2055 Comprehendentes
502 2017 614 2046 autem
630 2022 717 2052 eum,
741 2013 913 2046 duxerunt
927 2012 975 2046 ad
999 2013 1136 2046 domum

171 2066 339 2109 principis
377 2067 598 2099 sacerdotum.
639 2067 761 2099 Petrus
795 2075 871 2098 vero
888 2065 900 2086 ⁵
939 2065 1137 2109 sequebatur

175 2129 250 2153 eum
275 2129 298 2152 α
322 2119 423 2162 lonye.
449 2121 476 2151 A
504 2119 596 2162 lonqe
620 2120 742 2151 Petrus
765 2118 975 2162 sequebatur,
999 2119 1075 2161 quia
1098 2119 1136 2152 ti-

174 2173 280 2207 mebat
303 2172 451 2206 accedere
475 2172 624 2215 propius;
649 2172 710 2205 iam
735 2172 818 2205 enim
841 2171 971 2205 relictus
994 2175 1063 2204 erat
1086 2181 1136 2205 so-

174 2226 242 2266 lus;
266 2226 350 2259 unde
374 2226 468 2259 Marci
492 2225 613 2259 decimo
636 2229 751 2268 quarto
763 2225 791 2257 ⁶:
822 2238 837 2254 «ι
853 2225 941 2257 Tunc
971 2224 1135 2266 discipuli,

174 2280 390 2322 relinquentes
406 2288 497 2319 eum,
522 2288 630 2312 omnes
654 2279 849 2321 fugerunt»,
867 2277 1040 2311 secundum
1058 2277 1136 2310 illud

174 2332 418 2365 Proverbiorum
442 2332 564 2365 decimo
587 2341 687 2365 nono:
718 2345 734 2360 «ι
749 2332 874 2364 Fratres
897 2330 1034 2364 hominis
1057 2340 1135 2373 pau-

167 2385 260 2433 peris
282 2385 418 2418 oderunt
441 2394 531 2425 eum,
548 2385 679 2428 insuper
703 2388 734 2419 et
749 2384 842 2419 amici
866 2384 935 2418 eius
957 2384 1069 2427 procul
1085 2393 1136 2418 re-

176 2441 339 2471 cesserunt
369 2438 409 2470 ab
440 2447 477 2471 eo
492 2450 529 2477 »;
561 2438 720 2471 Psalmus:
751 2450 767 2467 «
783 2437 885 2480 Longe
916 2436 1015 2470 fecisti
1044 2439 1136 2469 notos

247 2637 257 2653 ¹
277 2638 363 2669 Beda,
383 2639 424 2664 vl.
443 2638 470 2664 ln
488 2639 551 2664 Luc.
571 2639 617 2670 22,
638 2638 682 2664 52.
707 2645 763 2672 seq.
788 2638 844 2672 (cir.
863 2639 981 2670 Hieron.,
1001 2639 1044 2665 lV.
1062 2638 1137 2665 Com-

177 2686 256 2709 ment.
276 2683 302 2709 in
321 2683 408 2709 Matth.
427 2683 475 2715 26,
501 2682 570 2716 55.):
591 2683 643 2709 Sed
661 2683 722 2709 ideo
747 2683 889 2709 adversum
911 2690 953 2708 me
978 2683 1004 2708 in
1024 2683 1138 2709 tenebris

168 2727 390 2763 'congregaminh
409 2727 469 2761 quia
495 2730 610 2760 potestas
633 2730 735 2759 vestra,
754 2734 807 2760 qua
827 2730 916 2753 contra
941 2728 1026 2753 lucem
1046 2727 1138 2753 mundi

178 2771 238 2805 [cfr.
258 2773 327 2798 loan.
348 2772 378 2804 8,
400 2771 454 2806 i2.]
468 2771 620 2803 armamini,
641 2771 667 2797 in
686 2770 801 2798 tenebris
819 2774 865 2797 est.
879 2785 915 2791 -
928 2771 985 2797 Vat.
1004 2770 1140 2805 faciebant

177 2821 273 2841 eorum
292 2815 415 2842 tenebrae
429 2817 615 2849 peccatorum.

249 2858 260 2873 ⁹
280 2860 354 2886 Vers.
375 2860 422 2892 20,
441 2860 483 2886 cui
502 2859 699 2892 subiunguntur
717 2858 763 2886 lob
782 2859 831 2892 24,
852 2859 894 2886 ⁴5.
913 2862 939 2886 et
958 2860 1023 2892 Eph.
1043 2860 1072 2891 6,
1096 2860 1138 2885 ⁴2.

250 2901 261 2917 ⁸
280 2904 357 2930 Vers.
382 2904 424 2930 ⁴⁴.
443 2918 479 2924 —
498 2904 616 2931 Subinde
638 2905 764 2937 allegatur
786 2905 804 2931 l.
829 2905 898 2931 loan.
917 2905 945 2938 2,
966 2904 1008 2936 ⁴⁴,
1033 2904 1059 2930 in
1084 2910 1138 2938 quo

130 2942 132 2945 ’
179 2953 228 2979 pro
248 2946 459 2976 obcaecaverunt
477 2948 497 2975 C
508 2949 530 2975 D
548 2951 770 2977 eaecaecaverunt.

249 2990 261 3005 ⁴
279 2990 332 3017 Csr.
351 2998 432 3024 supra
452 3000 476 3019 n.
496 2994 539 3020 59.

251 3033 262 3049 ⁶
280 3033 363 3061 Codd.
382 3034 466 3062 CDG
483 3038 574 3064 autem
580 3046 592 3070 ;
605 3037 720 3064 subinde
739 3038 852 3071 Vulgata
867 3038 963 3064 omittit
975 3044 1050 3070 eum,
1066 3037 1140 3071 quod

180 3078 318 3105 exhibetur
336 3078 415 3105 etiam
434 3086 449 3105 a
468 3079 545 3107 Card.
563 3081 647 3115 nug„
666 3082 694 3108 B.
714 3081 823 3116 Albai-t,
844 3083 870 3109 S.
892 3083 986 3109 Thom.
1011 3081 1076 3116 (Cat.
1093 3089 1140 3109 au-

180 3129 224 3149 rea
245 3123 271 3149 in
289 3123 352 3149 Luc.
371 3123 414 3149 22.
434 3130 458 3149 n.
480 3123 533 3158 tt.)
553 3125 709 3159 etLyrano;
729 3127 774 3153 cfr.
794 3127 882 3153 Matth.
902 3127 949 3160 26,
968 3127 1010 3153 58.
1024 3140 1060 3146 —
1073 3126 1141 3153 Vide

181 3169 207 3194 S.
227 3168 339 3204 Bonam,
358 3166 506 3194 Comment.
524 3167 551 3194 in
569 3169 639 3195 loan.
657 3175 680 3195 c.
701 3169 743 3196 ⁴8.
762 3177 787 3196 n.
801 3171 849 3202 38,
868 3170 916 3197 ubi
934 3171 1044 3197 solvitur
1062 3178 1141 3205 quae-

181 3212 246 3243 stio,
264 3214 353 3237 utrum
372 3211 443 3237 lesus
460 3211 548 3243 primo
572 3211 606 3238 ad
625 3211 757 3246 caipham
781 3212 879 3247 (Matth.
900 3214 947 3246 26⁷,
967 3214 1035 3248 5¹2),
1054 3222 1087 3241 an
1106 3214 1141 3241 ad

182 3256 291 3282 Annam
311 3255 389 3289 (loan.
411 3255 457 3288 ⁴8,
477 3255 531 3289 ⁴3.)
550 3255 646 3282 ductus
665 3256 706 3283 sit.

253 3299 264 3315 ⁶
283 3299 414 3331 Vera-50.
428 3299 511 3327 Codd.
530 3298 580 3326 AC
591 3300 628 3326 D:
643 3300 718 3328 Tunc
730 3299 859 3336 ἀιέοέριιῑι·
875 3308 976 3336 omnes,
994 3302 1088 3331 relicto
1101 3309 1140 3336 eo,

182 3343 315 3378 fiaqerunt
332 3343 432 3378 (Matth.
451 3344 498 3377 26,
517 3343 581 3378 56.).
594 3358 628 3363 —
641 3344 700 3371 Duo
718 3351 793 3383 seq-q.
812 3345 861 3372 loci
881 3349 943 3372 sunt
955 3346 1033 3373 Prov.
1055 3347 1101 3380 ⁴9,
1114 3347 1142 3374 7.

183 3391 209 3414 et
226 3388 267 3414 Ps.
287 3387 334 3419 87,
355 3388 379 3414 9.
398 3402 434 3408 —
453 3388 544 3415 Glossa
563 3387 744 3416 interlinearis
765 3389 806 3422 (ex
824 3389 960 3423 Ambros.,
980 3390 1014 3416 X.
1033 3390 1057 3416 in
1077 3390 1139 3417 Luc.

291 3441 321 3468 S.
336 3442 441 3469 Bonav.
451 3455 487 3462 —
499 3442 577 3469 Tom.
590 3442 644 3468 Vll.

2089 218 2148 250 561

1195 316 1312 340 meos»
1342 311 1400 340 etc.
1434 308 1526 340 Amor
1559 316 1696 350 namque
1720 307 1790 339 unit
1821 310 1852 339 et
1884 306 1956 339 facit
1987 306 2155 348 appropin-

1196 370 1314 403 quare,
1338 365 1370 394 et
1393 364 1522 394 econtra
1554 364 1643 403 tepor
1666 361 1784 393 amoris
1814 360 1887 393 facit
1910 360 2021 402 procul
2049 359 2156 392 absce-

1195 414 1288 453 dere;
1313 417 1344 447 et
1368 414 1419 447 hic
1445 418 1533 456 tepor
1557 414 1617 446 iam
1645 414 1812 456 incipiebat
1836 422 1904 446 esse
1921 413 1951 445 in
1978 413 2076 446 Petro.

1287 468 1338 500 68.
1365 468 1466 509 (Vers.
1493 468 1569 507 55..)
1595 468 1630 500 Et
1654 467 1723 500 ideo
1745 466 1844 499 addit.
1871 468 2013 499 Accensa
2046 470 2155 499 autem

1196 520 1271 563 ique
1294 520 1330 552 in
1352 520 1460 552 mettio
1477 520 1583 552 atrii⁷
1600 524 1630 552 et
1652 519 1966 552 circum-sedentibus
1990 519 2066 557 iltis,
2083 524 2156 551 erat

1198 574 1320 605 Petrus
1342 573 1378 606 in
1398 573 1504 606 medio
1521 582 1653 610 eorum,-
1677 573 1708 605 in
1733 582 1797 614 quo
1812 572 1988 605 ostenditur
2012 572 2156 614 tepiditas

1196 626 1313 659 amoris
1336 629 1368 659 et
1391 626 1471 668 ignis
1494 625 1661 658 interioris.
1679 625 1765 658 Unde
1788 625 1934 658 Glossa⁸:
1964 638 1979 653 α
1997 624 2085 666 Quod
2110 625 2155 657 in-

1196 682 1249 712 tus
1271 679 1303 712 in
1327 679 1420 712 domo
1444 678 1594 720 principis
1625 677 1824 711 sacerdotum
1853 677 1988 720 maligna
2019 678 2156 719 synodus

1196 733 1342 776 gerebat,
1367 733 1426 765 hoc
1451 732 1531 774 ignis
1555 732 1637 764 inter
1669 731 1787 773 frigora
1811 731 1911 764 noctis
1942 730 2018 764 foris
2048 740 2156 764 accen-

1197 795 1252 819 sus
1275 786 1378 828 typice
1401 785 1644 818 demonstrabat.
1666 785 1728 817 Hoc
1751 784 1868 827 frigore
1895 784 1933 816 ad
1958 784 2068 816 horam
2094 788 2157 817 tor-

1198 848 1288 882 pens,
1313 839 1424 872 Petrus
1447 839 1537 881 quasi
1561 838 1673 881 prunis
1696 837 1914 870 ministrorum
1943 837 2078 870 calefieri
2102 847 2157 870 cu-

1198 893 1319 935 piebat,
1351 893 1426 935 quia
1457 892 1638 934 temporalis
1662 891 1816 925 commodi
1849 891 1993 924 solatium
2022 891 2156 932 perfido-

1198 956 1271 979 rum
1296 946 1443 979 societate
1467 946 1639 988 quaerebat
1655 957 1686 984 »;
1710 948 1741 978 et
1765 945 1803 977 de
1825 945 1884 977 hoc
1908 945 1979 986 igne
2002 945 2156 978 Michaeae

1198 999 1333 1032 sext0⁹z
1362 998 1504 1032 «Adbuc
1536 999 1616 1041 ignis
1648 999 1679 1031 in
1714 998 1807 1031 domo
1839 998 1924 1040 impii
1957 1001 1988 1030 et
2016 998 2155 1030 thesauri

1198 1053 1372 1095 iniquitatis
1388 1066 1418 1084 ».
1443 1052 1479 1085 Et
1496 1052 1547 1085 hic
1570 1052 1763 1091 insinuatur,
1781 1051 1864 1093 quod
1888 1051 2066 1084 abundante
2087 1051 2157 1093 igne

1198 1105 1373 1148 iniquitatis
1388 1108 1420 1138 et
1443 1105 1636 1147 cupiditatis,
1652 1104 1691 1137 de
1707 1114 1770 1147 quo
1787 1104 1839 1137 lob
1855 1104 1975 1137 decimo
1991 1104 2102 1146 quinto
2115 1104 2155 1135 ¹0:

1203 1171 1218 1188 α
1235 1158 1316 1201 lgnis
1339 1158 1502 1191 devorabit
1525 1158 1728 1191 tabernacula
1751 1166 1861 1190 eorum
1887 1156 1941 1199 qui
1966 1165 2099 1189 munera
2122 1156 2157 1188 li-

1197 1212 1309 1245 benter
1325 1211 1535 1253 accipiunt»,
1560 1210 1742 1253 refrigescet
1758 1210 1838 1252 ignis
1862 1210 2014 1248 caritatis,
2037 1209 2077 1242 de
2094 1218 2157 1251 quo

1198 1274 1295 1307 supra
1329 1264 1535 1297 duodecimo:
1573 1277 1588 1293 α
1614 1265 1717 1306 Ignem
1756 1264 1827 1296 veni
1864 1263 1989 1296 mittere
2028 1263 2058 1295 in
2095 1267 2157 1295 ter-

1198 1326 1266 1350 ram
1280 1331 1295 1346 2>
1316 1321 1375 1350 etc.
1399 1317 1485 1350 Unde
1509 1321 1540 1350 et
1563 1317 1709 1350 Matthaei
1730 1317 1881 1359 vigesimo
1900 1320 2028 1359 quarto:
2051 1329 2066 1344 «x
2080 1316 2159 1357 Quia

1198 1371 1369 1404 abundavit
1393 1371 1557 1413 iniquitas,
1582 1370 1764 1413 refrigescet
1788 1370 1902 1403 caritas
1929 1370 2104 1402 multorum
2127 1383 2156 1401 ιι.

1200 1425 1235 1458 Et
1251 1426 1311 1458 hoc
1335 1425 1405 1468 igne
1423 1425 1591 1467 tepefacto,
1608 1424 1746 1458 efficitur
1770 1424 1864 1457 homo
1880 1433 2000 1466 pronus
2015 1424 2054 1456 ad
2070 1423 2159 1456 Chri-

1199 1482 1285 1512 stum
1307 1478 1485 1520 negandum
1509 1481 1540 1511 et
1563 1478 1657 1511 etiam
1682 1477 1719 1510 ad
1744 1486 1837 1510 omne
1860 1477 1988 1509 malum.

1290 1532 1341 1564 69.
1367 1531 1469 1572 (Vers.
1496 1531 1547 1563 56.
1575 1531 1650 1572 57.).
1676 1530 1819 1563 Secundo
1843 1534 1997 1572 quantum
2024 1530 2063 1562 ad
2086 1528 2161 1572 fra·

1197 1584 1359 1627 yititatem
1385 1583 1479 1615 Petri
1500 1583 1536 1615 i‘n
1559 1582 1710 1625 myando
1735 1582 1859 1615 subdit:
1887 1582 1987 1622 Quem
2012 1591 2088 1614 eum
2112 1582 2160 1614 υἱ-

1199 1637 1299 1670 disset
1322 1635 1447 1668 aneilla
1463 1635 1628 1679 quaedam
1652 1635 1814 1667 sedentem
1837 1635 2009 1667 adtamen
2032 1639 2062 1667 et
2084 1644 2157 1667 eum

1198 1688 1319 1733 fuisset
1341 1689 1482 1727 intuita,
1505 1688 1615 1721 dixit.-
1641 1687 1749 1720 Echio
1773 1697 1850 1723 eum
1867 1687 1921 1720 illo
1944 1692 2026 1720 erat.
2050 1689 2093 1720 At
2110 1687 2161 1720 itte

1199 1742 1333 1786 mqavit
1354 1752 1429 1788 eum
1453 1742 1587 1775 dicens:
1611 1741 1742 1780 Mulier,
1766 1751 1833 1774 nou
1856 1741 1934 1774 novi
1956 1741 2052 1774 illum
2066 1743 2112 1761 11·
2101 1742 2160 1779 ,in

1198 1805 1263 1839 quo
1285 1798 1417 1844 apparet
1439 1795 1522 1828 Petri
1545 1795 1712 1837 fragilitas,
1737 1795 1826 1837 quia,
1837 1795 1934 1828 sicut
1948 1795 2024 1828 dicit
2046 1795 2161 1838 Grego-

1199 1849 1282 1889 rius,
1311 1862 1328 1878 α
1344 1858 1408 1882 una
1431 1848 1574 1882 mulieris
1597 1857 1673 1882 voce
1696 1857 1884 1891 percussus,
1908 1848 1984 1881 dum
2014 1849 2094 1881 mori
2122 1849 2160 1881 ti-

1199 1903 1298 1943 muit,
1322 1903 1418 1936 vitam
1440 1902 1612 1945 negavit».
1638 1901 1729 1935 Prius
1760 1905 1866 1935 autem
1889 1902 2071 1944 aggreditur
2095 1902 2159 1935 dja—

1199 1957 1292 1990 bolus
1319 1956 1447 1990 Petrum
1477 1964 1535 1998 per
1566 1955 1733 1988 mulierem
1764 1955 1795 1987 in
1828 1955 2012 1988 memoriam
2045 1955 2160 1997 prioris

1200 2010 1287 2050 facti,
1305 2009 1478 2043 secundum
1495 2008 1572 2042 illud
1589 2008 1794 2042 Ecclesiastici
1818 2008 1968 2051 vigesimo
1992 2009 2102 2051 quinto
2115 2009 2159 2041 ¹²³:

1205 2077 1221 2093 α
1238 2064 1259 2096 Α
1276 2063 1409 2096 muliere
1433 2062 1557 2095 initium
1575 2062 1678 2095 omnis
1700 2062 1819 2104 peccati
1835 2074 1870 2101 »3
1896 2065 1927 2094 et
1949 2062 2064 2094 iterum
2082 2071 2160 2104 qua-

1199 2117 1376 2159 dragesimo
1400 2115 1554 2149 secundo:
1584 2115 1720 2148 «Nonne
1742 2115 1781 2149 de
1804 2115 1997 2148 vestimentis
2020 2115 2161 2157 procedit

1200 2170 1308 2203 tinea?
1331 2169 1380 2202 Sic
1403 2179 1422 2202 a
1445 2169 1578 2202 muliere
1601 2168 1750 2211 iniquitas
1773 2168 1880 2201 viri».

1291 2223 1342 2255 70.
1365 2222 1466 2263 (Vers.
1485 2222 1561 2263 58).
1587 2221 1623 2254 Et
1639 2230 1678 2255 ne
1694 2222 1805 2255 Petrus
1829 2224 1934 2264 posset
1949 2230 1982 2254 se
2006 2231 2160 2255 excusare

1200 2284 1257 2318 per
1281 2274 1527 2317 surreptionem,
1552 2273 1621 2307 ideo
1637 2274 1771 2307 iteratur
1794 2274 1970 2317 inquisitio,
1987 2284 2060 2307 cum
2085 2275 2159 2308 sub-

1199 2328 1262 2362 dit:
1288 2329 1328 2361 Et
1348 2332 1422 2370 post
1442 2326 1605 2370 pusillum
1628 2326 1718 2359 atius
1744 2326 1858 2360 videns
1889 2336 1962 2360 eum
1991 2327 2094 2360 dzzm't:
2121 2328 2160 2360 Et

1201 2386 1237 2415 tu
1253 2381 1291 2414 de
1307 2381 1373 2414 iltis
1397 2390 1438 2413 es.
1465 2381 1588 2413 Petrus
1614 2390 1690 2413 vero
1714 2380 1781 2413 ait.-
1806 2380 1832 2413 Ο
1855 2379 1967 2413 homo!
1986 2390 2052 2413 non
2072 2391 2157 2414 sum.

1200 2435 1295 2469 Iterat
1311 2435 1422 2468 Petrus
1437 2433 1648 2477 negationem,
1665 2433 1739 2476 quia
1762 2433 1917 2466 malorum
1935 2443 1997 2466 non
2021 2434 2159 2467 deseruit

1202 2645 1224 2664 c.
1245 2639 1288 2664 22.
1307 2645 1334 2664 n.
1352 2637 1420 2670 72.):
1440 2638 1536 2664 Petrus
1556 2644 1633 2669 vero,
1653 2637 1753 2662 divisus
1773 2636 1806 2662 ab
1821 2637 1891 2667 aliis,
1911 2636 2071 2670 sequebatur
2085 2644 2158 2669 eum,

1202 2683 1252 2708 hoc
1271 2685 1310 2708 est
1329 2682 1488 2713 devotionis,
1507 2689 1525 2708 a
1545 2681 1636 2715 lonqe,
1656 2682 1706 2707 hoc
1725 2684 1764 2707 est
1783 2681 1883 2706 timoris
1901 2685 2017 2707 naturae.

1273 2724 1283 2740 ⁷
1303 2725 1386 2752 Codd.
1404 2725 1423 2752 C
1437 2726 1459 2751 D
1471 2726 1493 2751 H
1512 2725 1600 2758 αἰνέω
1619 2726 1653 2751 ita
1673 2726 1751 2751 etiam
1772 2725 1841 2751 Beda
1860 2728 1885 2750 et
1904 2724 1980 2751 eard.
2001 2726 2087 2757 nugo.

1273 2768 1284 2783 θ
1304 2769 1405 2795 Scilicet
1424 2769 1566 2795 ordinaria
1587 2769 1741 2801 (secundum
1756 2769 1874 2801 Bedam).
1895 2768 1947 2794 Csr.
1962 2773 2022 2795 tom.
2044 2770 2084 2795 vt.
2099 2777 2160 2802 pag.

1204 2813 1269 2846 ⁴83,
1288 2817 1348 2839 nota
1369 2814 1392 2838 ⁴.

1273 2856 1285 2872 ⁹
1304 2857 1380 2883 Vers.
1401 2857 1447 2888 ⁴0,
1467 2856 1512 2882 ubi
1532 2864 1580 2889 pro
1594 2856 1741 2890 iniquitatis
1763 2856 1781 2883 C
1793 2857 1845 2882 DG
1865 2856 2016 2890 impietate.
2035 2857 2087 2883 Cn:
2101 2859 2159 2883 Am-

1203 2903 1287 2935 bros.,
1307 2903 1341 2928 X.
1361 2902 1387 2927 in
1405 2903 1466 2927 Luc.
1486 2909 1508 2927 c.
1529 2902 1570 2926 22.
1590 2908 1617 2926 n.
1636 2901 1678 2926 76.
2009 2893 2011 2895 ’

1274 2945 1297 2962 ¹⁰
1317 2947 1391 2972 Vers.
1411 2946 1453 2972 34.
1466 2959 1501 2965 —-
1514 2945 1571 2971 Duo
1590 2952 1663 2978 seqq.
1684 2945 1733 2970 loci
1752 2948 1813 2970 sunt
1826 2945 1887 2971 Luc.
1905 2946 1948 2977 ⁴2,
1969 2945 2010 2971 59.
2028 2950 2052 2971 et
2072 2947 2157 2972 Meldi.

1203 2993 1250 3026 24,
1271 2992 1312 3018 ⁴2.

1275 3035 1296 3051 11
1316 3034 1399 3062 Codd.
1418 3033 1499 3061 CDG
1517 3039 1572 3060 non
1591 3032 1654 3060 mvi
1672 3032 1822 3065 honzinem;
1836 3033 1880 3059 cir.
1895 3033 1981 3058 Matth.
2002 3034 2048 3064 26,
2068 3034 2102 3058 70

1204 3080 1334 3108 Sententia
1353 3079 1471 3112 Gregorii
1485 3077 1595 3104 habetur
1609 3077 1636 3103 ll.
1654 3077 1750 3103 Homil.
1764 3077 1788 3102 in
1809 3077 1908 3109 evang.
1924 3078 2014 3103 homil.
2032 3078 2074 3103 30.
2089 3085 2115 3103 n.
2128 3078 2160 3110 S;

1204 3125 1249 3151 cir.
1270 3123 1347 3150 XVll.
1367 3123 1454 3149 Moral.
1474 3128 1495 3147 e.
1516 3122 1558 3147 3⁴.
1575 3128 1599 3147 n.
1620 3120 1662 3146 48.

1276 3167 1299 3183 ¹²
1318 3167 1393 3193 Vers.
1406 3167 1448 3198 33,
1459 3166 1503 3192 nbi
1517 3173 1565 3198 pro
1579 3164 1666 3192 omnis
1675 3164 1780 3199 peccati
1790 3165 1848 3191 Vat.
1859 3172 1920 3191 cum
1931 3165 2043 3197 Vulgata
2056 3165 2159 3199 sactum

1204 3214 1244 3240 est
1256 3211 1372 3247 peccati,
1392 3212 1437 3238 cfr.
1451 3212 1514 3237 Gen.
1534 3210 1563 3241 3,
1582 3210 1606 3235 6.
1620 3223 1655 3229 —
1669 3209 1791 3242 Sequitur
1810 3209 1886 3235 Eccli.
1901 3209 1946 3242 42,
1966 3210 2006 3235 ⁴3.
2025 3209 2159 3241 Ambros.‚

1204 3256 1237 3283 X.
1257 3255 1281 3282 ln
1300 3255 1362 3282 Luc.
1381 3263 1404 3282 c.
1419 3256 1460 3282 22.
1479 3262 1505 3281 n.
1524 3254 1570 3281 75:
1585 3254 1648 3280 Male
1668 3254 1721 3279 Eva
1735 3253 1835 3279 induxit
1854 3254 1950 3285 Adam,
1970 3254 2036 3279 male
2052 3254 2161 3280 Petrum

1204 3299 1358 3328 introduxit
1376 3300 1470 3326 semina
1495 3298 1578 3334 [loan.
1603 3299 1648 3331 ⁴8,
1669 3297 1734 3332 ⁴6.].
1759 3298 1809 3324 Sed
1835 3299 1876 3325 ille
1901 3299 1926 3325 in
1953 3298 2074 3331 paradiso
2100 3297 2160 3324 labi-

1205 3349 1259 3377 tur,
1279 3343 1324 3371 ubi
1343 3351 1396 3370 non
1414 3343 1551 3370 veniabilis
1563 3344 1653 3376 culpa;
1673 3343 1714 3368 hic
1734 3343 1759 3368 in
1778 3343 1907 3375 praetorio
1927 3343 2095 3373 ludaeorum,
2115 3341 2163 3368 ubi

1204 3389 1316 3417 difficilis
1335 3388 1480 3415 innocentia
1499 3391 1547 3414 etc.

2019 3441 2048 3466 7⁴

2175 473 2262 504 Signum
2278 474 2315 494 hu·

2188 501 2221 521 iun
2235 500 2278 527 tepi
2274 501 2302 520 lid
2305 511 2312 515 -

2189 527 2237 548 latit

2177 1703 2252 1730 Negati
2248 1709 2267 1724 ιο
2282 1709 2306 1730 pr
2298 1704 2324 1724 ri-

2229 1736 2272 1751 ma.

2179 2234 2283 2256 Secunda.
