2476 3921
133 1396 255 1418 Promissio.

128 2170 131 2173 Ι
146 2143 266 2173 Notandum

113 2176 170 2191 eirca
179 2175 267 2197 permis-

113 2198 194 2218 sionem
210 2197 256 2217 Dei.

272 236 312 266 92
871 227 1064 259 COMMENT.
1090 227 1126 259 IN
1151 225 1389 258 EVANGELIUM
1415 225 1531 257 LUCAE
1556 225 1588 257 C.
1615 225 1661 257 lv.

272 322 387 364 quibus
420 319 561 352 homines
596 320 728 359 regnant
747 331 776 355 »,
810 317 892 349 unde
924 316 1085 357 signanter
1117 315 1233 347 dicitur

272 373 415 406 Matthaei
440 375 571 414 quarto:
602 384 617 399 «
634 370 776 403 Ostendit
800 369 843 401 illi
876 369 981 400 omnia
1004 377 1101 410 regna
1124 366 1232 399 mundi

271 430 302 460 et
325 426 456 468 gloriam
481 433 591 457 eorum
609 438 639 456 ».
670 437 684 451 «
704 423 851 455 Ostendit
866 426 990 461 autem,
1008 431 1069 454 non
1087 420 1172 471 quod
1189 421 1235 452 vi-

271 489 341 513 sum
366 480 392 512 ei
418 479 597 520 ampliaret,
622 477 693 515 sed,
718 477 800 509 sicut
823 476 899 508 dicit
922 475 1002 508 Beda
1018 477 1040 513 ¹,
1064 475 1233 507 vanitatem

273 534 428 565 humanae
452 540 603 574 pompae,
639 539 734 572 quam
766 529 907 568 amabat,
936 529 1026 570 quasi
1062 528 1233 569 speciosam

272 585 455 623 ostendens,
481 585 583 617 facere
608 583 732 616 volebat
755 582 853 614 amari
872 596 901 613 ».
921 582 955 614 Et
979 581 1054 623 quia
1078 580 1155 613 haec
1172 589 1234 612 non

272 640 379 677 durat,
405 639 457 671 sed
482 638 543 671 cito
567 638 694 675 transit,
720 637 788 669 ideo
807 637 836 668 in
862 636 949 668 brevi
968 639 1108 676 tempore
1131 637 1234 667 osten-

273 694 331 732 dit;
358 696 487 734 propter
519 691 604 733 quod
634 691 792 732 adiungit:
818 690 858 722 In
881 692 1042 721 momento
1068 688 1233 730 temporis.

273 747 359 779 Unde
384 745 506 778 Beda2:
536 758 551 773 «
569 745 634 777 Non
659 748 721 776 tam
754 743 897 776 celeritas
926 746 1072 784 aspectus
1107 744 1235 773 notatur

274 809 369 842 quam
394 798 546 840 fragilitas
570 797 705 830 caducae
730 796 900 838 potestatis.
927 796 959 827 In
976 798 1136 827 momento
1152 794 1235 826 enim

274 857 388 886 cuncta
412 854 658 894 praetereunt»,
676 850 849 883 secundum
874 849 951 882 illud
981 849 1075 881 Isaiae
1100 848 1236 890 quadra-

274 907 409 949 gesimo:
441 919 454 933 «
473 906 566 944 Ecce,
590 908 698 947 gentes
723 904 811 946 quasi
837 903 919 936 stilla
955 903 1067 935 situlae
1091 905 1122 934 et
1146 900 1235 943 quasi

276 964 469 992 momentum
488 958 635 991 ‘staterae
668 961 830 999 reputatae
855 960 928 989 sunt
944 968 975 994 »3
1000 955 1089 997 quia,
1115 953 1238 995 Sapien-

275 1015 335 1046 tiae
360 1013 543 1049 undecimo,
573 1026 587 1039 «ι
605 1012 694 1053 quasi
721 1013 915 1042 momentum
945 1012 1098 1046 staterae,
1123 1008 1167 1040 sic
1191 1010 1239 1039 est

274 1072 345 1099 ante
371 1071 399 1099 te
424 1066 509 1098 orbis
542 1069 700 1097 terrarum
719 1076 749 1101 »;
780 1076 794 1091 «
812 1063 961 1104 quoniam
994 1062 1025 1093 in
1058 1062 1237 1098 momento,

275 1128 356 1162 quae
380 1122 447 1151 erat
471 1117 663 1160 praeclarior
688 1116 789 1154 natio,
814 1115 1026 1147 exterminata
1049 1117 1139 1152 est»,
1157 1113 1239 1146 sicut

273 1173 389 1206 dicitur
403 1171 577 1213 Sapientiae
592 1170 714 1203 decimo
730 1172 857 1207 octavo,
875 1172 906 1201 et
922 1169 953 1200 in
972 1168 1116 1200 Psalmo:
1137 1180 1151 1195 «
1170 1166 1237 1199 Vidi

274 1226 407 1268 impium
443 1224 715 1266 superexaltatum
752 1225 810 1255 etc.
845 1222 879 1254 Et
916 1221 1064 1260 transivi,
1101 1224 1133 1253 et
1167 1229 1238 1253 ecce

275 1289 335 1311 non
361 1282 428 1311 erat
446 1292 474 1309 ».

371 1332 417 1364 13.
444 1331 546 1372 (Vers.
566 1330 620 1370 6.).
647 1329 832 1361 promissio
858 1337 932 1361 vero
958 1329 991 1360 tit
1008 1328 1035 1361 ei
1053 1328 1142 1370 quasi
1160 1327 1238 1360 indi—

275 1386 377 1428 genti,
404 1393 477 1417 cum
502 1387 605 1416 tamen
620 1383 631 1401 ³
656 1383 724 1415 eius
748 1383 788 1415 sit
816 1395 831 1410 «
848 1382 934 1415 orbis
951 1386 1109 1414 terrarum
1127 1384 1159 1414 et
1174 1381 1239 1423 ple-

276 1439 386 1472 nitudo
410 1438 478 1470 eius
491 1451 521 1468 ».
541 1437 670 1478 Propter
695 1436 778 1478 quod
795 1436 934 1468 additur:
954 1437 993 1468 Et
1014 1436 1064 1468 ait
1079 1435 1143 1467 itti:
1169 1434 1241 1467 Tibi

277 1492 361 1525 daho
383 1494 575 1533 potestatem
599 1488 685 1522 lianc
709 1490 902 1522 universam
933 1494 961 1521 et
991 1489 1137 1532 ytoriam
1171 1488 1239 1521 itto-

279 1556 356 1578 rum
380 1549 450 1583 etc„
475 1548 510 1577 ut
534 1544 651 1580 scilicet
676 1544 791 1576 habeas
815 1543 1001 1575 (lominiam
1022 1542 1193 1585 potestatis
1209 1546 1240 1574 et

277 1598 494 1641 praeconiam
520 1597 650 1635 laudis,
667 1597 756 1639 quasi
774 1597 890 1639 aliquid
910 1596 1013 1638 magni
1030 1596 1239 1638 promitteret,

278 1662 350 1686 cum
378 1656 479 1684 tamen
505 1654 641 1693 potestas
665 1654 695 1683 et
719 1650 817 1692 gloria
841 1649 949 1682 mundi
975 1649 1064 1691 quasi
1082 1648 1169 1681 nulla
1185 1648 1239 1686 sit,

278 1706 451 1739 secundum
476 1705 553 1737 illud
576 1705 670 1738 Isaiae
694 1704 977 1746 quadragesimo4:
1008 1716 1023 1731 «
1041 1703 1151 1735 Omnis
1167 1711 1240 1735 caro

278 1760 422 1798 foenum,
448 1762 478 1791 et
513 1758 614 1791 omnis
649 1758 749 1800 gloria
782 1757 851 1789 eius
875 1757 964 1799 quasi
989 1756 1048 1789 ssos
1070 1756 1137 1798 agri
1152 1768 1182 1794 »;
1209 1759 1241 1787 et

279 1813 370 1855 primi
389 1813 648 1845 Machabaeorum
667 1811 822 1844 secundo:
844 1811 974 1842 «Gloria
992 1810 1049 1842 viri
1067 1809 1245 1852 peccatoris

279 1870 400 1899 stercus
425 1870 455 1898 et
479 1865 595 1897 vermis
618 1869 666 1897 est
683 1877 712 1903 »ς
739 1868 770 1896 et
793 1863 871 1896 illud
887 1863 965 1896 Osee
990 1867 1118 1905 quarto:
1141 1870 1156 1891 tx
1170 1862 1241 1895 Glo-

279 1921 356 1952 riam
381 1928 491 1952 eorum
517 1919 547 1950 in
572 1918 774 1960 ignominiam
798 1917 998 1949 commutabo
1015 1931 1045 1948 ».

372 1973 420 2004 lli.
447 1972 482 2004 Et
507 1975 542 2004 ut
565 1970 764 2013 promissioni
789 1969 932 2002 ostendat
947 1969 1154 2002 adhibendam
1174 1978 1241 2003 esse

272 2026 390 2064 sidem,
426 2024 585 2066 adiungit:
617 2023 706 2064 Quia
737 2021 822 2055 milii
852 2023 978 2055 tradita
1011 2027 1109 2061 sant,
1134 2028 1162 2055 et
1186 2022 1243 2054 eui

278 2080 367 2117 voto,
391 2079 432 2111 do
456 2078 541 2115 ea⁵,·
566 2077 618 2110 Iob
642 2086 742 2109 nono:
773 2089 788 2105 (ι
805 2077 902 2109 Terra
923 2076 1037 2109 tradita
1060 2080 1107 2109 est
1127 2076 1158 2108 in
1176 2085 1241 2108 ma-

279 2133 372 2165 nibus
396 2131 532 2173 impii»,
557 2131 587 2163 id
619 2133 666 2163 est
698 2133 824 2162 terrena
856 2134 1001 2171 potestas.
1039 2130 1100 2162 Hoc
1135 2132 1241 2162 autem

280 2185 465 2227 intelligitur
486 2184 700 2226 permissive,
726 2193 788 2216 non
812 2183 1012 2226 simpliciter,
1037 2184 1091 2216 sed
1107 2184 1146 2216 ad
1163 2186 1242 2217 tem-

279 2249 354 2282 pus,
379 2239 460 2271 sicut
484 2238 599 2270 dicitur
631 2237 767 2270 Danielis
799 2237 1006 2270 undecimoff:
1038 2250 1053 2266 «
1070 2238 1171 2270 Faciet
1194 2246 1242 2270 se-

280 2293 418 2326 cundum
444 2292 636 2324 voluntatem
662 2299 751 2323 suam
777 2299 835 2322 rex
860 2293 890 2323 et
914 2290 1167 2332 magnificabitur
1188 2290 1242 2322 ad-

1298 318 1410 345 versus
1441 322 1566 346 omnem
1597 313 1739 352 deum»;
1777 317 1840 346 «et
1872 313 2093 355 multiplicabit
2127 314 2256 355 gloriam

1298 369 1329 398 et
1354 369 1538 408 potestatem
1563 366 1649 398 dabit
1672 366 1704 398 in
1729 366 1836 399 multis
1860 370 1891 399 et
1914 366 2031 399 dividet
2055 370 2172 399 terram
2190 376 2260 409 gra-

1299 420 1380 451 tuito
1396 431 1426 458 »;
1457 423 1488 452 et
1511 419 1710 461 Apocalypsis
1740 419 1862 452 decimo
1894 419 1988 452 tertio
2019 419 2152 459 dicitur,
2177 420 2262 462 quod

1303 473 1423 506 «draco
1439 473 1524 505 dedit
1540 476 1725 515 potestatem
1742 473 1860 505 bestiae
1873 486 1904 504 ».
1927 473 1987 505 Hoc
2004 476 2110 505 autem
2131 473 2261 515 permit—

1299 526 1336 559 tit
1352 526 1437 559 Deus
1461 526 1544 558 iusto
1568 535 1626 558 suo
1650 525 1775 558 iudicio.
1807 539 1822 553 «
1840 525 1907 567 Ipse
1923 525 2020 567 igitur
2037 526 2187 558 transfert
2212 535 2262 559 re-

1298 589 1359 622 gna
1375 583 1471 621 atque
1488 579 1650 612 constituit
1668 592 1698 617 »‚
1723 578 1805 611 sicut
1821 578 1936 611 dicitur
1953 578 2089 611 Danielis
2113 579 2259 612 secundo.

1300 651 1342 657 —-
1357 633 1422 672 Vel,
1435 633 1517 665 sicut
1533 632 1608 665 dicit
1624 632 1705 665 Beda
1717 632 1741 671 ⁷,
1759 632 1817 664 hoc
1833 631 1908 664 dicit
1923 640 1963 664 eac
1976 632 2187 674 arroyancia,
2201 641 2263 665 non

1299 687 1384 729 quod
1418 690 1502 719 'totus
1538 686 1677 718 mundus
1708 685 1819 718 fuisset
1849 685 1936 723 eius,
1961 694 2033 717 cum
2059 685 2145 717 solus
2168 685 2263 718 Filius

1299 741 1381 774 dicat
1398 749 1490 773 vere:
1513 753 1528 768 «
1541 739 1653 771 Omnia
1670 739 1747 771 mihi
1764 738 1879 771 tradita
1895 742 1969 771 sunt
1992 748 2010 771 a
2034 739 2123 771 Patre
2140 752 2170 778 »‚
2188 740 2263 771 Mat-

1301 794 1382 826 thaei
1409 793 1593 830 undecimo;
1618 795 1649 824 et
1679 801 1794 825 rursus
1826 791 1970 824 Matthaei
1995 791 2123 824 ultimo:
2155 805 2170 820 «
2186 792 2264 825 Data

1301 851 1347 880 est
1371 847 1447 879 mi'ni
1472 846 1574 879 omnis
1599 849 1735 888 potestas
1759 846 1790 878 in
1815 845 1900 878 caelo
1923 848 1955 877 et
1978 845 2009 877 in
2039 848 2125 878 terra
2141 859 2156 874 »
2185 849 2262 884 etc.;

1301 899 1354 932 sed
1372 899 1446 941 quia
1462 899 1519 941 ipsi
1537 899 1638 931 omnis
1654 898 1860 931 inordinatio
1879 897 2038 940 potestatis
2058 898 2263 937 adscribitur,

1301 953 1384 994 ipse,
1409 957 1444 985 ut
1468 952 1644 994 superbus,
1668 952 1819 985 adscribit
1842 952 1900 984 sibi
1925 955 2035 984 totum.
2061 952 2146 984 Unde
2162 953 2265 986 omnis

1301 1006 1463 1048 potestatis
1486 1006 1654 1038 ordinatio
1678 1015 1696 1038 a
1719 1006 1783 1038 Deo
1807 1009 1869 1044 est,
1896 1005 1977 1037 sicut
2000 1004 2116 1037 dicitur
2140 1005 2178 1038 ad
2207 1006 2264 1038 Ro—

1303 1069 1412 1092 manos
1424 1060 1544 1092 decimo
1558 1059 1650 1091 tertio
1663 1059 1694 1097 ³;
1712 1059 1765 1091 sed
1782 1058 1988 1091 inordinatio
2005 1067 2024 1090 a
2038 1058 2176 1097 diabolo,
2190 1059 2264 1101 quia

1303 1114 1423 1155 primae
1448 1113 1569 1145 Ioannis
1600 1112 1693 1145 tertio
1725 1112 1858 1145 dicitur:
1889 1125 1903 1139 α
1921 1111 1979 1153 Qui
2004 1114 2112 1153 peccat
2134 1120 2176 1144 ex
2200 1112 2264 1145 dia-

1302 1166 1375 1199 bolo
1399 1169 1493 1199 est».

1395 1221 1444 1251 15.
1471 1219 1571 1260 (Vers.
1598 1219 1652 1259 7.).
1677 1220 1796 1259 Quarto
1820 1227 1895 1250 vero
1920 1218 1956 1250 fit
1971 1218 2087 1250 suasio
2104 1218 2192 1260 quasi
2210 1228 2265 1261 ap-

1302 1273 1437 1315 petenti,
1462 1281 1534 1306 cum
1559 1276 1663 1305 tamen
1687 1272 1754 1314 ipse
1783 1271 1862 1304 «det
1886 1271 2032 1304 omnibus
2055 1272 2220 1305 affluenter
2234 1286 2265 1311 »,

1304 1327 1402 1361 Iacobi
1435 1327 1538 1369 primo
1552 1326 1573 1358 ⁹.
1599 1326 1685 1358 Unde
1716 1325 1808 1360 dicit:
1846 1326 1894 1357 Tu
1925 1335 2002 1366 erqo
2030 1326 2062 1358 si
2089 1326 2266 1367 procidens

1304 1381 1502 1413 adoraveris
1526 1389 1641 1412 coram
1667 1389 1715 1412 me
1739 1382 1796 1412 etc.
1823 1379 1855 1411 In
1880 1388 1944 1420 qua
1979 1378 2125 1411 suasione
2154 1379 2266 1412 nititur

1303 1434 1454 1467 inclinare
1479 1433 1516 1466 ad
1541 1443 1656 1465 veram
1681 1432 1912 1466 adorationem
1927 1432 1968 1464 ob
1983 1430 2109 1473 falsam
2124 1433 2266 1474 promis-

1302 1489 1447 1526 sionem,-
1464 1487 1548 1520 unde
1565 1486 1641 1519 illud
1659 1486 1753 1519 Isaiae
1770 1484 2031 1528 quinquagesimo
2049 1485 2168 1526 primo:
2191 1499 2205 1513 «
2220 1486 2266 1518 In-

1304 1550 1456 1579 curvare,
1481 1545 1517 1573 ut
1552 1544 1799 1573 transeamus».
1825 1539 1891 1571 Non
1921 1538 2004 1571 enim
2037 1542 2139 1580 potest
2171 1548 2266 1581 super

1303 1595 1463 1627 hominem
1487 1594 1673 1632 ascendere,
1699 1593 1757 1626 nisi
1791 1593 1885 1625 homo
1909 1592 1935 1625 ei
1961 1591 2102 1633 procidat
2125 1593 2267 1625 volunta—

1305 1648 1359 1680 rie.
1386 1648 1539 1680 Honorem
1574 1650 1680 1680 autem
1716 1646 1906 1679 adorationis
1941 1645 2124 1688 requirebat
2159 1649 2267 1678 contra

1304 1701 1381 1734 illud
1398 1701 1495 1734 Exodi
1514 1701 1674 1743 trigesimo
1698 1703 1813 1742 quarto
1827 1700 1870 1732 ¹⁰:
1900 1712 1915 1727 «
1930 1700 1995 1732 Noli
2017 1699 2149 1732 adorare
2172 1699 2266 1732 deum

1304 1755 1442 1788 alienum
1456 1768 1485 1787 ι».
1504 1773 1545 1778 -
1564 1755 1600 1787 Et
1615 1758 1651 1787 ut
1668 1754 1832 1796 pertrahat
1855 1753 1893 1786 ad
1910 1753 2054 1786 illicitum
2070 1752 2267 1795 obsequium,

1305 1808 1459 1851 promittit
1482 1809 1595 1842 falsum
1619 1808 1814 1850 praemium,
1839 1816 1912 1840 cum
1943 1806 2045 1839 addit:
2073 1808 2182 1839 Erunt
2209 1811 2268 1840 tua

1305 1861 1468 1895 omniun.
1493 1862 1611 1895 Falsam
1637 1862 1769 1904 spondet
1800 1861 1989 1903 potentiam,
2021 1865 2057 1893 ut
2087 1860 2126 1892 ad
2163 1870 2267 1894 veram

1306 1916 1470 1958 pertrahat
1502 1916 1702 1954 servitutem,
1738 1915 1831 1957 quia,
1864 1914 1985 1946 Ioannis
2020 1917 2147 1952 octavo,
2181 1914 2267 1956 «qui

1305 1970 1378 2002 saeit
1401 1972 1565 2011 peccatum
1601 1978 1714 2002 servus
1749 1971 1796 2001 est
1828 1967 1945 2010 peccati
1964 1980 1994 2006 »;
2019 1970 2050 2000 et
2073 1967 2126 2009 qui
2158 1976 2269 2000 servus

1305 2027 1353 2056 est
1375 2023 1548 2056 dominium
1573 2023 1622 2056 sui
1652 2032 1714 2055 non
1746 2022 1857 2060 habet,
1883 2030 1918 2054 ac
1955 2030 2010 2063 per
2035 2021 2095 2053 hoc
2119 2031 2181 2054 non
2210 2021 2268 2063 ipsi

1305 2076 1428 2115 omnia,
1452 2076 1506 2109 sed
1530 2077 1595 2118 ipse
1619 2076 1766 2114 omnibus
1790 2079 1837 2108 est
1861 2075 2022 2108 subiectus
2038 2078 2186 2117 tanquam
2204 2084 2269 2108 ser—

1306 2139 1383 2168 vus3
1408 2133 1439 2162 et
1463 2130 1618 2163 secundae
1653 2130 1734 2162 Petri
1770 2128 1926 2161 secundo:
1957 2129 2008 2160 «Α
2035 2137 2098 2170 quo
2121 2128 2193 2170 quis
2217 2137 2269 2161 su-

1306 2186 1436 2225 peratus
1459 2186 1520 2222 est,
1545 2183 1642 2216 huius
1665 2191 1778 2216 servus
1802 2186 1895 2215 est».
1998 2211 2003 2215 .

1400 2237 1449 2268 16.
1482 2236 1583 2275 (Vers.
1609 2237 1664 2278 8.).
1692 2237 1732 2269 Et
1756 2235 1955 2277 respondens
1984 2235 2077 2267 Iesus
2101 2235 2186 2267 dixit
2210 2234 2267 2267 itti.

1307 2289 1360 2322 Hic
1384 2292 1453 2331 post
1478 2290 1707 2332 suggestionem
1732 2289 1917 2322 diabolicam
1950 2288 2112 2330 subiungit
2138 2298 2270 2330 respon-

282 2473 378 2499 scilicet
392 2476 478 2504 partes
498 2475 595 2502 terrae,
615 2470 752 2504 inquibus
773 2470 983 2503 unumquodque
997 2478 1108 2502 regnum
1129 2471 1244 2503 positum

282 2522 350 2549 crat;
365 2517 443 2547 sicut,
457 2517 477 2541 si
498 2516 577 2549 aliqui
597 2516 684 2542 dicant
703 2522 783 2547 super
797 2518 916 2540 montes:
936 2516 1013 2547 Ecce,
1027 2515 1061 2541 ibi
1077 2517 1173 2546 Roma,
1193 2523 1244 2541 non

282 2563 367 2594 ipsam
381 2561 556 2593 ostendendo,
576 2561 622 2586 sed
636 2556 738 2592 partem
758 2563 854 2591 terrae,
873 2560 899 2584 in
919 2567 971 2592 qua
986 2560 1070 2591 posita
1085 2564 1130 2586 est.
1147 2559 1245 2586 Omnia

282 2613 380 2639 reqna,
409 2605 496 2630 omnia
521 2604 734 2636 concupiscibilia
762 2604 785 2629 in
810 2604 922 2636 mundo,
952 2604 977 2629 in
1000 2604 1098 2637 quibus
1127 2605 1245 2630 homines

283 2654 400 2682 regnant.
414 2651 486 2675 Hanc
499 2649 642 2674 secundam
656 2649 845 2681 expositionem
861 2648 973 2673 insinuat
986 2649 1069 2680 Beda,
1088 2650 1105 2674 1.
1118 2649 1144 2674 in
1158 2649 1246 2674 Matth.

285 2695 313 2725 4,
328 2695 351 2719 8.
367 2694 422 2726 (cfr.
436 2694 556 2725 (ingen,
570 2694 663 2719 Homil.
684 2694 726 2719 30.
741 2694 765 2718 in
780 2693 866 2726 an.):
882 2693 971 2718 Aliter:
992 2692 1104 2719 ostendit
1117 2693 1142 2719 et
1154 2693 1246 2719 omnia

283 2745 369 2771 regna
388 2737 496 2769 mundi,
511 2738 536 2763 id
551 2741 589 2763 est
603 2738 722 2763 homines
741 2738 818 2763 huius
831 2737 940 2768 saeculi,
954 2744 1068 2770 quorum
1083 2737 1125 2762 alii
1139 2741 1246 2769 propter

285 2782 494 2813 fornicationem,
513 2782 555 2808 alii
575 2786 683 2814 propter
702 2783 839 2808 avaritiam
854 2782 971 2814 decepti,
991 2789 1005 2806 a
1025 2781 1132 2807 diabolo
1152 2788 1244 2813 regun-

280 2830 326 2851 tur
345 2827 370 2851 in
390 2827 498 2852 mundo.
522 2841 553 2845 —-
572 2827 694 2859 Sequitur
714 2827 801 2852 Matth.
822 2827 850 2857 4,
871 2827 895 2851 8.

358 2869 365 2883 ¹
386 2869 454 2895 Libr.
476 2871 491 2895 l.
513 2870 537 2895 in
558 2871 643 2896 llIatth.
665 2870 695 2901 4,
721 2872 745 2896 8.
768 2870 853 2896 Verba
874 2871 958 2896 Bedae
981 2870 1135 2896 exhibentur
1154 2877 1247 2896 secun-

286 2914 349 2939 dum
374 2915 492 2940 Glossam
521 2913 692 2940 ordinariam
712 2915 736 2939 in
757 2915 869 2940 eundem
900 2916 1000 2940 locum:
1030 2914 1163 2945 Ostendit,
1194 2922 1246 2940 non

286 2958 358 2990 quod
372 2959 458 2984 visum
472 2958 528 2984 eius
541 2958 586 2991 qui
600 2958 687 2984 omnia
702 2958 782 2989 videt,
796 2959 968 2991 ampliaverit,
979 2959 1027 2985 sed
1040 2959 1183 2984 vanitatem
1197 2963 1245 2984 etc.
1277 2966 1280 2980 i

358 3001 369 3016 ²
387 3002 442 3028 Lib.
463 3004 481 3028 1.
501 3003 525 3028 in
546 3004 607 3028 Luc.
633 3002 663 3033 4,
683 3002 708 3028 5.
727 3002 778 3028 Csr.
804 3002 937 3035 Ambros.‚
959 3004 999 3029 IV.
1020 3004 1045 3029 in
1071 3005 1132 3029 Luc.
1159 3011 1183 3029 n.
1204 3004 1246 3029 28.

286 3061 321 3066 ——
341 3046 457 3072 Subinde
477 3048 621 3079 allegantur
642 3047 697 3072 lsai.
719 3046 764 3079 40,
786 3047 835 3079 ⁴53
857 3048 918 3079 Sap.
944 3048 990 3078 tt,
1017 3048 1059 3073 23.
1080 3052 1104 3073 et
1129 3048 1174 3078 18,
1198 3049 1246 3079 12,

287 3093 328 3117 Ps.
346 3092 396 3122 36,
416 3092 458 3117 35.
478 3099 533 3124 seq.

358 3135 368 3150 ⁸
388 3138 419 3162 Ut
438 3137 531 3162 dicitur
551 3138 592 3163 ΡΞ.
611 3138 658 3169 23,
679 3137 703 3162 1l.

357 3180 368 3194 ⁴
388 3182 462 3207 Vers.
483 3181 512 3211 6,
533 3185 591 3213 post
610 3189 690 3214 quem
711 3183 727 3207 l.
748 3181 865 3208 machab.
882 3182 911 3212 2,
931 3182 973 3207 62.
993 3185 1018 3207 et
1035 3182 1104 3207 Osee
1124 3181 1154 3213 4,
1173 3182 1199 3207 7.
1212 3195 1247 3201 —

288 3226 414 3257 Superius
434 3233 482 3257 pro
502 3225 606 3259 aliquid
630 3225 726 3259 magni
743 3225 776 3259 [C
802 3227 946 3259 magnum]
970 3226 1141 3259 promitteret
1159 3227 1181 3252 D
1199 3225 1246 3252 ali-

289 3269 352 3302 quid
370 3276 502 3303 magnum
519 3269 711 3303 praetenderet.

358 3312 369 3326 ⁵
390 3314 499 3346 Vulgata
519 3313 577 3340 illa.
596 3328 631 3333 —
650 3315 773 3347 Sequitur
792 3314 837 3340 Iob
857 3315 886 3346 9,
907 3315 949 3341 24.

358 3355 369 3370 ⁶
391 3359 463 3383 vers.
484 3359 525 3383 36.
545 3362 570 3384 et
589 3359 631 3384 39.
651 3372 687 3378 —
706 3358 824 3385 Subinde
842 3360 987 3392 allegantur
1007 3361 1088 3392 Apoc.
1110 3360 1155 3391 13,
1178 3361 1202 3385 2.
1222 3362 1247 3385 et

288 3401 352 3426 Dan.
373 3403 400 3433 2,
422 3403 462 3427 21.

1381 2467 1391 2482 ⁷
1411 2469 1480 2494 Libr.
1501 2470 1518 2494 l.
1539 2470 1563 2495 in
1577 2471 1639 2495 Luc.
1660 2470 1687 2501 4,
1708 2470 1736 2500 6,
1751 2469 1825 2494 cuius
1839 2467 1964 2494 sententia
1984 2475 1998 2492 a
2018 2468 2108 2493 Glossa
2128 2467 2270 2494 ordinaria

1310 2515 1347 2540 sic
1366 2514 1519 2540 exhibetur:
1540 2515 1608 2540 Haec
1628 2515 1661 2540 de
1680 2514 1829 2546 arrogantia
1849 2513 1925 2543 (licit,
1945 2519 1997 2538 non
2016 2513 2086 2545 quod
2108 2516 2176 2539 totus
2198 2520 2270 2539 niun-

1310 2559 1360 2585 dus
1379 2559 1412 2584 sit
1431 2566 1509 2591 suus,
1529 2562 1589 2585 sunt
1607 2559 1679 2584 enim
1699 2559 1779 2591 aliqui
1798 2557 1859 2584 boni
1881 2557 1978 2590 (Bedm
1997 2564 2057 2583 cum
2071 2557 2198 2588 sciamus,
2218 2559 2271 2590 ple-

1310 2611 1407 2637 rosque
1432 2606 1535 2629 sanctos
1558 2604 1629 2629 viros
1649 2610 1663 2628 a
1689 2604 1742 2629 Deo
1761 2609 1840 2635 reges
1864 2601 1965 2634 factos).
1985 2615 2018 2619 —
2038 2602 2095 2627 Duo
2120 2609 2194 2635 seqq.
2221 2603 2270 2628 loci

1310 2652 1370 2674 sunt
1389 2648 1476 2674 Matth.
1497 2648 1539 2679 tt,
1558 2647 1600 2673 27.
1621 2651 1646 2673 et
1659 2649 1707 2678 28,
1728 2648 1787 2683 ⁴8„
2118 2680 2123 2685 ⁹

1382 2692 1392 2709 Β
1412 2693 1488 2718 Vei-s.
1509 2693 1533 2717 l.
1554 2699 1625 2725 seq.:
1645 2693 1701 2717 Non
1720 2692 1790 2718 enlm
1809 2695 1848 2717 est
1867 2694 1982 2723 potestas
2006 2690 2055 2716 nisi
2075 2697 2089 2715 a
2110 2690 2177 2721 De0;
2203 2698 2271 2724 quae

1311 2741 1398 2763 antem
1418 2740 1492 2769 sunt,
1511 2744 1526 2762 a
1546 2737 1599 2762 Deo
1619 2737 1753 2762 ordinatae
1772 2740 1839 2763 sunt.
1860 2738 1948 2769 ltaque
1968 2735 2014 2769 qui
2033 2735 2128 2761 resistit
2150 2736 2270 2767 potestati

1310 2783 1357 2809 Dei
1377 2782 1534 2808 ordinationi
1554 2782 1656 2807 resistit.
1676 2796 1710 2801 —
1728 2782 1853 2815 Sequitur
1872 2782 1888 2807 l.
1910 2781 1979 2806 loan.
1999 2781 2028 2811 3,
2049 2781 2073 2805 8.

1381 2825 1392 2840 ⁹
1413 2827 1487 2852 Vers.
1506 2827 1531 2852 5.
1550 2840 1585 2845 —
1605 2825 1723 2852 Subinde
1743 2826 1766 2852 in
1786 2825 1876 2852 verbis
1889 2826 1974 2851 Lucae
1991 2832 2004 2850 a
2021 2825 2131 2856 Vulgata
2145 2825 2271 2850 omittitur

1309 2871 1467 2906 procidens,
1488 2871 1561 2903 quod
1581 2874 1667 2896 tamen
1687 2870 1810 2897 exhibent
1828 2870 1913 2900 Beda,
1927 2869 2003 2895 Card.
2017 2869 2109 2901 Ilugo,
2127 2870 2154 2895 B.
2174 2869 2271 2896 Albert.

1311 2920 1336 2942 et
1355 2918 1486 2948 Lyranus;
1507 2917 1550 2941 cfr.
1570 2915 1659 2940 Mattb.
1680 2916 1707 2945 4,
1729 2916 1758 2940 9:
1778 2915 1849 2941 Haec
1869 2913 1960 2940 omnia
1979 2913 2028 2940 tibi
2039 2913 2121 2945 dabo,
2135 2913 2160 2940 si
2173 2913 2271 2940 cadens

1311 2960 1468 2987 adoraveris
1488 2967 1537 2986 me.
1559 2960 1682 2993 Sequitur
1702 2960 1756 2986 lsai.
1776 2960 1804 2985 51
1818 2979 1824 2990 ,
1845 2959 1889 2984 23.
1910 2972 1945 2977 -
1965 2958 2092 2990 Superius
2111 2965 2158 2991 pro
2177 2958 2269 2985 suasio

1311 3006 1363 3030 AD
1379 3003 1533 3038 persuasio.
1552 3004 1659 3029 Inferius
1684 3011 1733 3036 pro
1758 3002 1794 3029 ad
1817 3009 1910 3029 veram
1935 3001 2121 3029 ador-ettonem
2140 3002 2270 3036 [nonnulli

1311 3049 1388 3075 codd.
1408 3047 1590 3082 deiectionem]
1610 3047 1641 3074 ob
1666 3047 1767 3082 falsam
1792 3046 2001 3080 promissionem
2020 3046 2079 3072 Vat.
2097 3045 2134 3072 att
2151 3045 2272 3073 divinam

1311 3092 1497 3119 adorationem
1516 3091 1549 3118 ob
1567 3091 1668 3125 falsam
1683 3090 1890 3125 promotionem.

1383 3136 1405 3152 ¹⁰
1426 3138 1499 3163 Vers.
1520 3136 1567 3169 ⁴¹4⁴,
1587 3136 1631 3163 ubi
1652 3135 1764 3162 vocibus
1783 3135 1862 3162 deum
1875 3135 1996 3162 alienam
2010 3135 2087 3161 codd.
2101 3135 2181 3161 nostri
2197 3142 2272 3167 prae-

1311 3182 1395 3215 figunt
1414 3188 1529 3208 omnem.

1383 3225 1403 3241 ¹¹
1424 3226 1509 3253 Codd.
1520 3235 1526 3251 :
1539 3225 1630 3252 Erunt
1642 3225 1689 3253 tibi
1700 3225 1791 3252 omnia
1804 3224 1929 3252 subiecta.
1945 3226 1971 3250 B.
1986 3223 2083 3250 Albert.
2098 3227 2122 3249 ot
2136 3224 2160 3248 S.
2175 3224 2269 3249 Thom.

1313 3271 1379 3303 (hic,
1399 3271 1494 3298 Catena
1513 3270 1619 3302 aurea):
1640 3270 1729 3297 Erunt
1748 3269 1794 3296 tibi
1818 3269 1909 3296 omnia
1937 3267 2063 3301 subdita,-
2083 3267 2159 3295 Card.
2180 3268 2270 3300 Hugo:

1314 3316 1401 3342 Erunt
1421 3317 1469 3342 tua
1488 3314 1593 3346 omnia,
1614 3314 1639 3340 id
1659 3318 1698 3340 est
1717 3314 1762 3340 tibi
1782 3313 1897 3340 subdita.
1914 3328 1948 3332 —
1967 3314 2024 3339 Duo
2050 3320 2125 3346 seqq.
2144 3313 2194 3338 loci
2212 3316 2272 3338 sunt

1313 3361 1381 3386 loan.
1401 3361 1431 3392 8,
1452 3360 1494 3386 34.
1513 3363 1538 3385 et
1557 3360 1583 3386 ll.
1604 3360 1670 3385 Petr.
1695 3360 1727 3390 2,
1751 3359 1789 3384 19.
1809 3372 1844 3378 -
1863 3359 1912 3384 Pro
1931 3357 2044 3392 spondet
2067 3356 2216 3391 potentiam
2235 3365 2272 3383 se-

1313 3404 1398 3430 cunda
1419 3402 1513 3430 marius
1533 3404 1558 3430 ln
1578 3405 1598 3429 Α
1618 3403 1750 3429 substituit
1768 3402 1881 3437 spondet
1896 3401 2117 3436 praesidentiam.

2282 640 2331 660 Alia
2345 640 2427 667 exposi—
2440 649 2441 656 ¹

2285 958 2413 981 Notandum.

2284 1225 2367 1246 Suasio.

2287 1759 2348 1780 Falsa
2362 1764 2424 1786 spon-

2312 1786 2397 1807 dentur.

2289 2239 2319 2261 De
2341 2238 2420 2269 Christi

2286 2271 2431 2293 responsione.
