2427 3872
413 247 475 273 NUl‘

129 298 239 320 suorum
258 291 335 318 initiis
353 291 486 323 insignivit
506 291 537 316 vi
551 291 603 317 545
622 292 638 317 2
662 289 723 317 Vide
741 297 766 317 v.

129 335 345 365 Matrimonium.
376 331 383 341 ‘

183 395 216 400 —
229 381 347 414 Quatuor
365 386 461 412 genera
475 380 627 411 nuptiarum
641 379 673 404 Vl
688 378 740 404 545
751 379 767 404 2

127 439 162 445 -
173 426 199 451 ln
208 424 307 457 nuptiis
319 422 468 450 carnalibus
477 426 516 449 est
525 423 671 449 animarum
683 423 768 455 inqui-

128 469 208 500 natio,
215 469 354 495 nativitatis
362 467 517 502 immutatio,
523 467 673 499 nuptiarum
683 467 768 492 incon-

128 513 230 545 stantia,
239 513 396 539 inordinatio
406 511 541 538 moechiae
551 514 576 537 et
589 511 768 543 impudicitiae

127 556 161 585 ib.
182 557 198 583 4
217 571 252 576 ——
270 557 291 583 Α
310 556 408 588 nuptiis
427 556 520 588 culpae
538 562 682 581 avocamur
695 554 767 580 etad

127 601 232 634 nuptia's
249 601 411 634 spirituales,
427 599 641 631 sacramentales,
654 601 768 624 aeterna-

126 646 164 672 les
182 646 325 671 invitamur
343 644 395 670 546
414 644 429 669 9
442 658 477 662 -—
490 643 583 674 culpae
596 645 657 668 sunt
670 642 768 673 rugien-

127 690 192 721 dae,
210 689 272 723 quia
292 688 389 715 habent
406 688 432 714 in
453 686 582 719 principio
595 686 766 718 ignominiam

127 736 153 760 et
171 734 199 760 ln
217 733 268 760 line
286 739 400 766 poenam
419 731 481 758 ibid.

179 792 216 798 —
234 779 262 804 ln
280 777 379 810 nuptiis
397 776 464 808 Agni
484 783 498 801 a
518 776 572 801 Deo
592 774 768 801 communica-

127 825 170 849 tur
189 821 323 848 beatitudo
342 820 375 847 Vl
397 821 414 846 4’
430 821 445 846 2
459 834 494 839 -
506 819 614 852 Nuptias
626 819 695 851 Agni
709 818 769 844 iecit

127 867 198 894 Deus
216 867 290 892 Pater
307 866 334 891 in
353 865 468 891 thalamo
487 864 552 890 uteri
572 863 706 895 virginalis
723 862 767 888 Vll

128 911 179 938 362
200 911 233 936 46
249 911 379 936 —iactae
392 911 451 935 sunt
464 908 530 934 inter
543 908 673 934 Christum
687 909 713 933 et
725 907 768 932 Ec-

127 948 233 983 clesiam
253 954 278 980 in
296 954 341 981 die
359 953 458 986 gratiae
477 952 575 978 v1270
590 952 622 978 42
637 966 670 970 -
684 951 730 977 Dei
743 953 769 976 et

127 999 232 1026 animae
249 1000 311 1025 sunt
329 998 355 1024 in
372 996 582 1024 reconciliatione
607 996 710 1021 animae
734 995 768 1020 ad

127 1044 227 1074 Deum,
246 1043 280 1069 ad
298 1049 365 1076 quas
384 1041 517 1067 faciendas
540 1041 613 1067 venit
636 1039 767 1071 Christus,

128 1088 174 1116 sed
193 1087 318 1114 invitatus
337 1086 383 1113 274
411 1086 441 1112 13
665 1080 667 1082 ’

162 1147 198 1151 -
207 1131 294 1159 Canae
304 1132 386 1157 iactae
398 1133 459 1157 sunt
468 1137 551 1162 prope
562 1129 668 1160 Pascha,
679 1129 721 1154 vel
731 1136 769 1154 se-

127 1176 244 1203 cundum
257 1175 360 1208 aliquos
372 1174 399 1200 in
409 1174 452 1201 die
461 1173 623 1206 Epiphaniae
635 1172 723 1199 V127i
735 1172 769 1198 44

178 1232 216 1240 -
234 1220 382 1253 spirituales
405 1221 469 1249 sunt>
490 1218 537 1244 Dei
566 1220 591 1244 et
615 1218 719 1244 animae
743 1219 770 1243 et

127 1268 238 1298 possunt
263 1264 368 1296 intelligi
394 1262 580 1290 convenienter
599 1269 647 1294 per
665 1262 769 1294 nuptias

128 1310 208 1340 iactas
227 1309 252 1334 in
272 1308 341 1335 Cana
360 1308 487 1334 Galilaeae
506 1307 539 1333 Vl
560 1306 612 1333 545
631 1306 647 1332 5
666 1320 701 1326 —
719 1306 770 1338 spi-

180 1618 326 1645 Onnunmo
344 1632 379 1637 —
395 1620 462 1644 esta
476 1618 529 1643 Deo
547 1624 600 1643 non
619 1619 768 1649 apponente

127 1663 238 1695 gratiam
256 1662 292 1689 ob
304 1665 392 1689 nostra
405 1662 497 1688 merita
511 1662 544 1687 Vl
564 1662 616 1687 382
636 1660 670 1687 55
689 1675 722 1679 -
742 1661 769 1687 in

126 1707 258 1741 praesenti
276 1710 316 1733 est
339 1707 445 1738 signum
471 1706 647 1738 despectionis
666 1706 713 1731 Dei
732 1713 769 1731 se-

125 1752 242 1781 cundum
262 1750 475 1784 reprobationem
500 1753 633 1776 aeternam
652 1750 686 1775 59
705 1757 731 1783 q.
752 1751 767 1775 2

125 1810 161 1816 —
172 1796 212 1823 Ad
225 1795 427 1822 obdurationem
440 1795 630 1821 concomitatur
642 1794 766 1826 superbia

125 1841 175 1867 vii·
188 1840 240 1867 450
261 1841 276 1866 4
293 1855 328 1860 -
340 1839 468 1866 Obdurati
488 1847 539 1865 non
557 1839 649 1865 timent
667 1839 767 1870 Deum,

124 1885 172 1912 sed
190 1885 279 1918 potius
297 1887 469 1911 contemnunt
488 1883 537 1909 449
559 1883 574 1909 4
593 1898 628 1903 -
647 1883 767 1909 Obdura-

124 1930 188 1956 tioni
211 1929 379 1961 coniungitur
402 1928 515 1955 desertio
539 1928 591 1954 357
609 1928 644 1953 75
665 1941 698 1946 —-—
717 1927 767 1953 Ob-

122 1974 269 2001 durationis
280 1979 401 1999 summae
418 1975 460 2000 est
472 1972 659 2004 benignitatem
672 1971 766 1998 Christi

123 2017 247 2045 recusare
266 2017 300 2044 ib.
316 2017 351 2043 74
364 2031 399 2036 -
412 2018 440 2043 ln
455 2016 631 2043 obduratione
649 2016 767 2042 Christus

123 2062 255 2096 lapidatur
274 2061 325 2088 404
345 2062 378 2088 63

176 2107 331 2134 ΟΒΕοιΕΝτιΔ
349 2120 385 2125 —-
397 2108 437 2132 est
448 2105 611 2131 nobilissima
623 2112 686 2137 pars
698 2104 767 2131 iusti-

123 2152 174 2178 tiae
193 2152 238 2178 Vll
256 2151 308 2177 436
327 2151 361 2177 34
378 2165 415 2171 —-
428 2151 512 2177 Homo
522 2150 599 2176 audit
616 2149 766 2176 obediendo

124 2197 158 2223 vi
171 2196 205 2223 42
218 2203 246 2222 ν.
259 2196 292 2222 47
307 2210 341 2215 -
354 2201 418 2221 vera
429 2198 470 2221 est
483 2195 542 2228 illa,
559 2195 587 2220 in
606 2201 659 2228 qua
677 2194 766 2220 omnia

124 2241 265 2274 implentur
282 2240 406 2266 mandata
426 2240 469 2266 Vll
483 2239 534 2265 432
547 2240 576 2265 21
591 2254 627 2258 -
639 2238 767 2266 Obedien-

124 2287 163 2312 tes
182 2285 305 2320 mandata
326 2284 432 2311 Domini
456 2284 595 2317 perficiunt
612 2284 646 2310 Vl
672 2284 723 2310 539
750 2284 765 2309 8

123 2344 160 2349 -
187 2330 257 2357 Vere
284 2328 432 2356 obedientis
453 2331 493 2355 est
517 2329 625 2355 credere
648 2328 766 2359 fideliter,

124 2374 269 2406 intelligere
292 2373 420 2400 vivaciter
438 2376 464 2399 et
489 2373 599 2405 implere
627 2373 767 2399 efficaciter

125 2418 169 2445 Vll
195 2418 247 2444 464
273 2418 323 2444 406
343 2431 378 2437 -
397 2417 489 2444 Modus
507 2417 649 2443 obediendi
668 2417 767 2443 divinis

125 2462 274 2495 praeceptis
292 2465 346 2494 est,
366 2464 394 2488 ut
413 2462 446 2488 sit
463 2462 588 2488 sedulitas
602 2461 627 2487 in
646 2462 766 2493 proiectu

124 2507 243 2538 virtutis,
261 2506 427 2539 profunditas
440 2507 465 2532 in
479 2506 637 2537 humilitate,
657 2505 766 2535 firmitas

125 2551 150 2578 in
169 2551 276 2577 caritate
294 2550 328 2578 ib.
349 2551 399 2577 407

169 2610 214 2619 .-
232 2595 376 2622 Conversio
404 2596 433 2622 nt
453 2602 506 2628 per
533 2595 710 2621 obedientiam
734 2595 765 2621 Vl

126 2639 178 2666 583
198 2639 231 2665 40
251 2653 286 2658 -
303 2639 374 2665 Deus
392 2639 560 2671 cognoscitur
579 2645 626 2670 per
644 2638 767 2664 obedien-

125 2683 188 2710 tiam
216 2683 291 2717 quasi
316 2690 365 2715 per
388 2682 547 2716 obsequium
573 2682 624 2708 602
644 2683 669 2715 3,
690 2682 705 2708 4
732 2696 766 2700 —-

125 2728 181 2754 Deo
199 2728 298 2760 placet,
326 2728 389 2761 quia
416 2727 486 2753 bona
514 2727 548 2752 42
573 2735 599 2753 v.
621 2727 654 2753 47
675 2741 708 2745 —-
727 2729 767 2752 est

125 2773 239 2798 maxime
251 2772 360 2805 placita,
373 2772 480 2805 quando
499 2772 527 2797 flt
539 2779 571 2797 ex
584 2772 677 2797 affectu
696 2771 766 2797 filiali

127 2818 169 2843 Vll
190 2817 242 2843 397
262 2818 294 2843 38
315 2831 349 2835 -
369 2817 444 2842 Stulti
468 2823 519 2842 non
546 2819 638 2842 curant
656 2815 767 2842 obedire

125 2861 160 2888 Vl
180 2861 214 2887 42
241 2868 269 2887 ν.
295 2860 327 2886 47
345 2862 427 2886 —ln
451 2861 505 2886 Deo
530 2863 620 2887 manet
644 2860 691 2894 qui
716 2856 765 2892 ipsi

125 2905 216 2932 obedit
238 2905 291 2931 604
309 2912 336 2931 v.
356 2905 372 2930 4
395 2919 431 2923 -
454 2905 576 2931 Peccator
604 2911 715 2931 manens
740 2905 766 2930 in

126 2950 207 2976 domo
224 2948 390 2976 obedientiae
407 2956 461 2975 non
476 2948 556 2975 debet
573 2949 665 2974 timere
684 2948 735 2974 586
749 2949 765 2974 2

126 3008 161 3013 —-
179 2994 207 3020 Ei
226 2994 273 3027 qui
300 2992 404 3024 obedit,
433 2993 518 3019 nullus
544 2993 668 3019 dominus
696 2993 766 3018 valet

125 3038 305 3064 contradicere
323 3038 366 3063 Vll
387 3037 437 3062 490
458 3037 491 3063 50

179 3095 215 3101 -
227 3081 397 3108 obedientiae
411 3082 511 3107 fructus
528 3084 568 3107 est
586 3081 694 3107 victoria
714 3083 766 3106 ten-

127 3126 254 3153 tationum
268 3121 378 3152 Vll'165
398 3125 448 3150 408
462 3139 498 3144 -
510 3125 598 3151 firmat
610 3127 698 3151 contra
714 3127 766 3151 ten-

127 3170 252 3196 tationem
270 3170 424 3196 exteriorem
440 3172 466 3195 et
480 3169 631 3197 interiorem
650 3168 713 3195 ibid.
730 3183 766 3187 —

128 3213 297 3240 obedientiae
321 3213 503 3246 promptitudo
527 3213 587 3239 iacit
605 3213 713 3239 idoneos
732 3213 766 3239 ad

127 3258 315 3284 transeundum
329 3265 360 3284 ex
372 3259 423 3284 hoc
436 3257 536 3284 mundo
549 3257 582 3284 ad
599 3258 701 3283 Patrem
714 3257 766 3282 397

129 3302 161 3327 38
180 3316 216 3320 —
234 3301 366 3328 Obediens
389 3304 504 3328 meretur
527 3301 648 3334 accipere
671 3308 767 3328 merce-

128 3345 190 3371 dem
209 3346 242 3371 Vl
261 3345 313 3371 539
333 3346 349 3371 8

236 3398 267 3425 S.
285 3399 389 3425 Bonav.
400 3412 436 3418 —
449 3399 528 3425 Tom.
540 3400 595 3426 Vll.

795 202 832 235 ΙΝ
855 201 1148 236 COMMENTARios
1171 202 1201 234 S.
1225 201 1452 235 SCRIPTURAE

806 290 910 316 rituales
928 289 993 316 flunt
1011 290 1038 315 in
1056 290 1212 316 conscientia
1231 290 1335 315 animae
1348 289 1446 315 haben-

806 334 837 359 tis
856 334 939 359 zelum
959 333 1103 359 dilectionis
1122 333 1184 360 ibid.
1197 347 1231 353 —
1246 334 1272 359 ln
1285 333 1383 366 nuptiis
1395 333 1446 365 spi-

806 377 942 404 ritualibus
959 378 1087 404 convertit
1106 374 1233 403 Dominus
1251 384 1348 411 aquam
1366 378 1446 409 lacry-

807 428 909 448 marum
930 422 954 447 in
974 422 1066 447 vinum
1085 421 1270 448 consolationis
1288 420 1351 448 ibid.

859 479 893 494 ·-,-
911 466 1111 492 sacramentales
1136 466 1271 497 signantur
1290 473 1337 497 per
1356 467 1446 491 Esther

807 510 838 534 Vl
859 509 910 536 545
929 510 945 534 6
964 523 999 529 —-
1018 509 1135 541 Nuptiale
1149 510 1301 534 convivium
1316 512 1354 535 est
1368 510 1391 535 in
1406 517 1446 535 su-

806 554 940 585 sceptione
959 554 1190 579 sacramentorum
1209 554 1339 579 Ecclesiae
1359 557 1384 578 et
1403 554 1446 578 do·

807 600 990 623 cumentorum
1009 604 1098 623 sacrae
1118 597 1267 628 Scripturae
1286 597 1329 621 Vll
1347 597 1398 622 362
1415 598 1445 621 16

806 656 841 660 -
860 642 899 667 Ad
919 642 969 667 hoc
987 641 1140 667 convivium
1155 643 1281 666 vocantur
1294 647 1387 666 omnes
1400 647 1447 672 per

806 685 921 711 veritatis
948 685 1170 717 praedicationem
1196 683 1258 710 ibid.
1287 699 1320 702 —
1347 684 1446 710 invitatl

807 729 966 761 manducant
993 736 1041 761 per
1067 729 1220 755 divinorum
1250 728 1393 755 verborum
1422 731 1447 754 et

806 774 977 805 mysticorum
1003 774 1236 805 perscrutationem
1255 777 1281 798 et
1298 773 1447 799 ruminatio·

805 825 866 843 nem
880 817 940 844 ibid.
955 831 990 837 -—
1003 813 1103 844 lnv'itati
1116 817 1214 844 debent
1227 818 1368 849 intelligere
1378 824 1447 851 quae

805 862 952 894 suscipiunt
977 862 1027 888 363
1060 863 1090 887 46
1110 863 1189 888 —ln
1214 862 1300 894 primo
1326 863 1383 888 loco
1410 862 1447 888 di-

809 906 924 932 scumbit
950 907 997 939 qui
1022 907 1078 933 aliis
1105 908 1251 939 praefertur
1269 907 1326 932 sive
1346 907 1371 932 in
1391 907 1445 933 offl-

806 951 846 977 cio
865 951 1011 983 dignitatis,
1024 951 1080 977 sive
1095 951 1119 977 in
1132 951 1278 983 privilegiis
1291 951 1445 982 sanctitatis,

806 996 863 1021 sive
881 996 907 1021 in
927 996 1077 1027 magisterio
1096 995 1212 1022 veritatis
1224 994 1286 1022 ibid.
1299 1009 1334 1015 —
1346 996 1446 1022 Invitati

806 1046 857 1065 non
877 1038 974 1066 debent
997 1047 1011 1065 a
1031 1047 1059 1066 se
1085 1040 1149 1072 ipsis
1172 1040 1350 1066 conscendere
1375 1039 1446 1072 ibid„

812 1084 841 1109 17
860 1099 894 1102 -
913 1084 1131 1110 Recumbendum
1151 1087 1191 1110 est
1212 1085 1237 1110 in
1263 1085 1355 1110 ultimo
1380 1086 1447 1116 loco,

807 1128 988 1161 postponendo
1007 1135 1036 1154 se
1054 1128 1177 1155 omnibus
1195 1128 1230 1156 ib.
1250 1129 1298 1161 49,
1312 1130 1345 1155 20
1359 1144 1394 1148 -
1406 1129 1447 1155 Ad

806 1174 854 1199 has
874 1173 981 1205 nuptias
999 1173 1071 1199 venit
1096 1173 1214 1200 Christus
1233 1180 1281 1205 per
1304 1174 1447 1206 inspiratio-

806 1224 881 1248 nem,
895 1224 942 1250 per
955 1220 1065 1243 mortem
1085 1221 1110 1243 et
1131 1217 1208 1243 finale
1226 1225 1335 1243 examen
1349 1217 1400 1243 364
1413 1218 1441 1243 21

860 1276 895 1281 -
919 1262 1073 1294 Nuptiarum
1101 1262 1270 1288 aeternalium
1298 1262 1448 1288 solemnitas

806 1306 921 1333 initiatur
940 1307 966 1333 in
985 1307 1115 1339 praesenti
1135 1307 1161 1332 in
1179 1307 1254 1332 iustis
1266 1313 1314 1338 per
1327 1313 1401 1339 spem
1415 1307 1449 1333 de

1094 1455 1142 1508 O

860 1629 895 1636 —·
913 1615 1065 1643 divinorum
1079 1616 1264 1642 mandatorum
1281 1616 1449 1643 commenda·

807 1663 849 1686 tur
869 1660 902 1686 Vl
922 1661 955 1687 42
974 1668 1001 1686 v.
1022 1660 1054 1686 47
1067 1674 1103 1680 --
1115 1661 1201 1687 Homo
1216 1660 1296 1687 debet
1308 1663 1449 1693 promptus

806 1712 864 1731 esse
873 1705 908 1731 ad
918 1704 1094 1731 obedientiam
1106 1704 1167 1732 ibid.
1174 1719 1210 1725 —
1219 1705 1259 1732 Ad
1270 1705 1448 1731 obedientiam

805 1749 934 1776 illuminat
951 1750 1101 1782 exemplum
1126 1749 1221 1776 Christi
1240 1757 1268 1775 se
1287 1749 1449 1775 subiicientis

806 1793 869 1826 Legi
888 1794 939 1820 302
960 1794 993 1819 83
1014 1794 1119 1827 (82)-
1132 1794 1246 1820 maxime
1261 1794 1403 1826 requiritur
1422 1794 1447 1819 in

805 1837 1031 1870 praedicatoribus
1049 1839 1169 1870 exemplo
1188 1837 1283 1864 Christi
1302 1841 1327 1864 et
1341 1838 1448 1864 Sancto-

804 1889 863 1908 rum
876 1882 919 1908 Vll
930 1882 981 1908 397
996 1883 1029 1908 39
1039 1896 1074 1902 -
1085 1882 1217 1909 Christum
1230 1882 1305 1915 sequi
1318 1882 1447 1908 debemus

805 1933 853 1959 per
871 1926 1048 1953 obedientiam
1076 1927 1100 1953 in
1124 1928 1217 1953 effectu
1246 1927 1280 1952 Vl
1300 1926 1351 1952 584
1378 1927 1393 1952 2
1413 1940 1447 1944 -

804 1970 923 1997 Christus
941 1971 1125 1997 obedientibus
1144 1973 1255 2003 apparet
1272 1971 1300 1996 in
1325 1971 1368 1996 via
1387 1969 1447 1996 obe-

804 2015 916 2041 dientiae
935 2014 986 2041 623
1007 2023 1033 2041 v.
1050 2015 1059 2040 4
1083 2029 1119 2034 -
1137 2016 1184 2041 Per
1203 2014 1380 2041 obedientiam
1394 2015 1447 2040 col-

804 2060 904 2085 locatur
923 2060 1003 2085 homo
1032 2059 1057 2085 in
1086 2063 1175 2085 monte
1193 2058 1295 2085 Christo
1324 2062 1350 2084 et
1368 2058 1447 2084 bene-

804 2104 899 2130 dicitur
927 2110 942 2129 a
965 2103 1067 2130 Christo
1096 2106 1122 2129 et
1145 2103 1263 2130 ascendit
1291 2104 1316 2129 in
1344 2103 1445 2129 caelum

805 2148 848 2175 Vll
867 2148 918 2174 603
935 2149 969 2174 63
982 2162 1018 2167 -
1030 2151 1069 2174 est
1090 2148 1165 2180 quasi
1187 2148 1270 2178 scala,
1292 2155 1340 2180 per
1364 2154 1445 2180 quam

804 2192 950 2219 ascendunt
972 2193 1064 2225 Angeli
1084 2192 1118 2218 ad
1139 2192 1191 2218 Deo
1219 2192 1395 2218 assistendum
1420 2194 1447 2217 et

804 2237 967 2263 descendunt
979 2237 1013 2263 ad
1031 2235 1108 2263 nobis
1120 2236 1322 2262 ministrandum
1342 2236 1375 2261 V}
1394 2235 1445 2261 474

804 2289 832 2308 v.
851 2282 884 2307 40

857 2328 892 2345 ’-
920 2326 1036 2352 Praelato
1065 2325 1160 2351 iniusto
1184 2328 1224 2351 est
1250 2324 1445 2356 obediendum,

804 2371 930 2404 quamdiu
952 2373 1106 2403 potestatem
1120 2369 1199 2396 habet
1218 2377 1232 2395 a
1246 2370 1299 2395 Deo
1316 2369 1351 2395 Vl
1371 2370 1404 2395 82
1418 2377 1445 2402 q.

803 2430 839 2434 —
858 2416 907 2447 Qui
927 2418 967 2441 est
991 2414 1118 2441 obediens
1136 2415 1161 2440 in
1181 2421 1263 2446 opere
1284 2413 1364 2439 debet
1387 2421 1445 2440 esse

804 2460 910 2485 humilis
929 2460 953 2485 in
973 2459 1137 2491 reputatione
1156 2459 1198 2484 Vll
1220 2458 1271 2484 433
1290 2458 1319 2484 24

858 2518 892 2523 -
912 2504 959 2533 Per
978 2510 1070 2529 servos
1092 2503 1271 2535 intelliguntur
1292 2502 1445 2528 obedientes

804 2549 838 2574 Vl
858 2549 909 2574 539
929 2549 945 2574 8
959 2562 993 2566 -
1006 2548 1100 2575 dicitur
1119 2551 1223 2574 scutum
1240 2547 1373 2579 spirituale
1393 2547 1443 2572 226

804 2600 830 2619 V.
850 2594 879 2619 21
904 2607 938 2611 -
957 2593 1117 2625 significatur
1136 2599 1184 2624 per
1195 2592 1340 2617 auriculam
1360 2592 1445 2617 dexte-

804 2644 860 2663 ram
881 2637 932 2663 480
953 2638 986 2663 48
1002 2652 1037 2655 -
1054 2637 1102 2662 Per
1114 2637 1240 2663 Martham
1254 2636 1443 2661 ministrantem

804 2682 983 2714 intelliguntur
995 2681 1148 2707 obedientes
1168 2681 1214 2706 604
1238 2688 1265 2706 v.
1284 2681 1317 2705 23
1330 2693 1366 2699 —
1378 2680 1445 2706 desi-

804 2729 900 2758 gnatur
918 2726 944 2751 in
963 2725 1147 2752 calceamentis
1166 2725 1207 2751 Vll
1228 2724 1279 2750 397
1299 2725 1332 2749 38

857 2770 1015 2796 Ουιᾼτιοηεε
1033 2785 1068 2788 -
1087 2768 1184 2795 flebant
1208 2768 1240 2795 ad
1269 2769 1442 2795 reverentiam

803 2815 887 2840 cultus
899 2815 995 2847 divini,
1015 2817 1121 2846 propter
1134 2813 1324 2845 indulgentiam
1344 2813 1444 2845 peccati

803 2862 829 2885 et
847 2866 895 2891 pro
915 2859 1058 2891 gratiarum
1072 2858 1174 2884 actione
1191 2858 1233 2883 Vll
1253 2857 1305 2882 520
1325 2858 1340 2882 2
1355 2871 1389 2876 ——-
1402 2857 1444 2883 fie-

804 2902 866 2929 bant
884 2903 910 2928 in
930 2903 1118 2935 gazophylacio
1138 2902 1170 2927 vi
1191 2901 1241 2927 457
1261 2902 1276 2926 9

856 2962 892 2966 -·
910 2947 1003 2979 triplex
1030 2946 1123 2973 Christi
1151 2946 1245 2972 invitat
1264 2945 1297 2971 ad
1317 2945 1442 2971 humilita-

803 2995 869 3024 tem,
888 2993 1069 3024 paupertatem
1082 2994 1109 3017 et
1121 2991 1244 3023 pietatem
1258 2990 1301 3015 Vll
1315 2989 1349 3015 57
1363 2989 1396 3015 54
1409 3003 1445 3009 -

803 3036 830 3062 1η
848 3035 980 3062 oblatione
999 3035 1102 3061 Domini
1121 3038 1235 3068 quatuor
1253 3041 1383 3066 personae
1401 3034 1445 3059 ad-

804 3082 908 3107 fuerunt
926 3082 952 3106 et
970 3080 1118 3112 significant
1140 3082 1254 3112 quatuor
1276 3079 1386 3104 virtutes
1411 3078 1444 3103 64

804 3125 837 3150 89
859 3138 888 3143 -
909 3131 1057 3156 pauperum
1077 3124 1103 3150 in
1126 3123 1307 3156 purificatione
1325 3126 1380 3149 erat
1397 3130 1446 3155 par

803 3171 934 3194 turturum
954 3171 999 3194 aut
1011 3169 1065 3194 duo
1078 3168 1142 3200 pulli
1155 3167 1338 3194 columbarum
1358 3167 1391 3193 56
1411 3166 1444 3192 54

858 3226 892 3231 —
905 3212 1002 3239 viduae
1014 3212 1191 3245 pauperculae
1210 3212 1257 3237 suit
1273 3212 1327 3237 Deo
1339 3214 1444 3243 accepta

805 3257 848 3283 Vll
867 3257 914 3283 524
939 3257 955 3283 3
973 3271 1008 3275 -
1027 3263 1175 3289 pauperum
1201 3259 1445 3289 quantumcumque

805 3307 903 3333 parvae
931 3301 985 3327 Deo
1013 3304 1075 3327 sunt
1102 3302 1225 3332 acceptae
1253 3298 1314 3326 ibid.
1333 3313 1367 3319 —
1388 3299 1444 3325 Non

804 3345 944 3378 perpendit
963 3345 1046 3376 DeuS,
1066 3347 1194 3378 quantum
1216 3344 1336 3376 offertur,
1355 3343 1401 3369 sed
1415 3350 1444 3369 ex

2051 203 2112 235 801

1773 245 1834 272 occ

1485 290 1593 321 tuturis;
1611 290 1754 315 ratificatur
1767 291 1794 315 in
1808 290 1947 322 adeptione
1961 291 2060 322 primae
2073 295 2122 316 sto-

1485 334 1537 364 lae,
1563 334 1666 360 animae
1691 335 1800 366 scilicet;
1826 337 1851 360 et
1876 338 2073 360 consummatur
2097 335 2121 360 in

1485 378 1623 409 adeptione
1642 378 1771 404 secundae
1791 378 1884 410 stolae,
1897 378 1993 404 scilicet
2006 379 2122 410 corporis

1487 422 1516 448 Vl
1531 421 1582 448 546
1596 422 1612 447 7
1625 435 1660 441 —
1674 422 1816 448 invitamur
1833 422 1868 448 ad
1887 423 1990 454 nuptias
2009 423 2122 454 gmtiae,

1486 468 1514 491 ut
1528 466 1580 491 Deo
1598 465 1743 497 nubamus;
1763 467 1795 492 ad
1816 467 1919 498 nuptias
1937 467 2123 499 eucharistiae,

1487 513 1514 535 ut
1533 509 1567 535 ibi
1586 510 1798 542 discumbamus;
1818 511 1850 536 ad
1876 511 1982 542 nuptias
2010 512 2120 542 gloriae,

1486 557 1513 579 ut
1531 553 1567 579 ibi
1587 561 1728 585 regnemus
1747 553 1780 580 ib.
1804 555 1834 579 40
1848 569 1882 572 -
1896 555 1935 580 Ad
1950 555 2053 586 nuptias
2067 562 2122 586 gra-

1485 598 1535 622 tiae
1554 598 1676 623 invitatur
1695 599 1796 629 anima,
1820 601 1847 623 ut
1872 599 1926 624 Deo
1951 599 2123 630 desponsetur

1485 640 1546 667 ibid.
1565 656 1600 659 —
1619 642 1646 667 ln
1665 642 1763 673 nuptiis
1782 642 1881 673 gratiae
1901 643 2048 668 cavendum
2069 647 2122 673 est,

1485 691 1518 710 ne
1536 685 1622 710 anima
1642 686 1790 711 inveniatur
1809 686 1888 718 digna
1911 687 2022 718 repudio
2047 686 2123 712 abne-

1485 729 1574 761 gundo
1593 728 1710 755 debitum
1727 736 1775 762 per
1787 729 1989 756 inobedientiam
2004 734 2028 756 ct
2041 731 2124 762 ingre-

1485 773 1582 799 diendo
1609 777 1696 799 torum
1723 774 1836 799 alienum
1863 781 1909 806 per
1934 774 2124 806 impudicitiam

1485 817 1547 844 ibid.

1538 862 1724 889 Nurumswruu
1746 877 1781 882 —
1806 863 1958 889 Nutrimenti
1984 864 2125 896 spiritualis

1485 907 1656 933 detectionem
1678 907 1810 939 patiuntur
1828 908 1872 940 qui
1892 915 1944 933 non
1965 907 2061 934 habent
2080 910 2124 934 hu-

1486 958 1586 977 morem
1607 952 1706 983 gratiae
1725 955 1750 977 et
1768 952 1813 985 qui
1833 959 1862 978 se
1881 952 2017 978 effundunt
2036 956 2061 978 et
2080 953 2124 978 im-

1486 996 1581 1028 plicant
1599 996 1711 1022 diversis
1730 996 1946 1029 occupationibus
1965 1000 1990 1022 et
2009 998 2053 1030 qui
2073 997 2124 1023 sut-

1487 1042 1605 1066 iocantur
1624 1048 1639 1066 a
1658 1041 1728 1067 curis
1747 1041 1824 1067 huius
1842 1042 1938 1067 saeculi
1958 1044 1983 1067 et
2007 1042 2124 1068 sollicitu-

1486 1084 1592 1111 dinibus
1617 1086 1650 1111 Vl
1676 1085 1727 1111 553
1747 1086 1763 1111 6
1782 1099 1817 1105 -—
1836 1086 1919 1111 Homo
1941 1086 2018 1111 habet
2043 1087 2125 1112 nutri·

1486 1132 1602 1156 mentum
1629 1130 1763 1156 doctrinae
1788 1133 1813 1156 et
1839 1130 1937 1162 gratiae
1963 1137 2010 1162 per
2038 1131 2125 1156 mode-

1485 1174 1561 1200 stiam
1581 1174 1743 1206 paupertatis
1761 1177 1787 1200 et
1808 1174 1989 1206 eleemosynae
2014 1175 2123 1206 largitio-

1487 1225 1547 1244 nem
1568 1219 1618 1244 554
1637 1219 1653 1244 7

1538 1277 1573 1281 —
1593 1263 1718 1288 Nutritiva
1738 1270 1805 1295 opus
1825 1263 1903 1289 habet
1921 1264 2048 1295 regimine
2068 1270 2124 1295 pro·

1486 1307 1617 1333 videntiae
1636 1307 1741 1333 divinae
1762 1308 1802 1333 Vll
1825 1308 1874 1333 320
1896 1308 1928 1333 38

1486 1620 1585 1650 quanto
1604 1617 1681 1643 detur
1701 1616 1762 1644 ibid.
1776 1632 1809 1637 —
1825 1617 1962 1650 Copiosius
1981 1618 2061 1644 donat
2080 1619 2126 1651 qui

1486 1661 1580 1687 maiori
1598 1662 1679 1688 corde
1698 1662 1779 1688 donat
1797 1661 1830 1689 ib.
1852 1662 1867 1688 4

1539 1706 1674 1732 ΟΒιιοΑτιο
1699 1721 1733 1725 -
1762 1706 1864 1739 Omnia,
1893 1713 1961 1739 quae
1980 1706 2125 1738 habemus,

1485 1751 1541 1776 sine
1559 1749 1718 1782 obligatione
1737 1751 1838 1783 peccati
1857 1751 1912 1777 Deo
1934 1751 2062 1777 debemus
2082 1751 2125 1777 Vll

1486 1794 1537 1820 485
1558 1795 1592 1820 73
1612 1808 1648 1814 -
1667 1795 1828 1821 desumenda
1857 1799 1897 1821 est
1924 1802 1954 1821 ex
1983 1796 2126 1828 quantitate

1484 1839 1674 1865 beneficiorum
1692 1840 1845 1865 collatorum
1865 1839 1925 1866 ibid.

1537 1883 1673 1913 Ostiorum
1692 1898 1727 1903 —
1746 1883 1865 1916 pluribus
1884 1884 1970 1910 modis
1988 1888 2027 1910 est
2043 1892 2123 1917 quam

1484 1928 1563 1960 dirigi
1583 1929 1624 1954 Vll
1645 1928 1696 1954 379
1717 1928 1750 1953 62

1537 1972 1639 1998 Oetivio
1657 1986 1693 1991 —
1712 1975 1751 1998 est
1775 1973 1881 2005 signum
1907 1975 2075 2004 contemptus
2099 1976 2125 1998 et

1484 2016 1676 2048 ingratitudinis
1696 2016 1728 2042 Vl
1748 2017 1781 2042 78
1802 2024 1827 2042 v.
1846 2017 1881 2042 45
1907 2030 1935 2034 -
1954 2017 2069 2042 Plurium
2087 2024 2124 2042 re-

1483 2068 1542 2087 rum
1571 2064 1610 2087 est
1628 2060 1727 2087 oblivio
1755 2068 1835 2094 quam
1856 2062 1982 2087 memoria
2012 2061 2041 2086 17
2062 2069 2088 2094 q.
2109 2061 2124 2087 4

1483 2120 1518 2125 —
1537 2106 1630 2132 Omnia
1650 2106 1786 2132 traduntur
1802 2105 1928 2132 oblivioni
1948 2106 1980 2131 46
2000 2113 2026 2131 v.
2047 2107 2074 2131 41
2089 2119 2125 2125 --

1484 2150 1602 2182 Tempus
1626 2145 1725 2176 inducit
1743 2149 1905 2176 oblivionem
1925 2149 1987 2176 ibid.

1534 2209 1571 2213 -
1589 2193 1732 2220 verborum
1753 2194 1798 2220 Dei
1826 2198 1903 2221 nooet
1929 2194 1963 2219 Vl
1982 2194 2034 2220 455
2055 2193 2069 2219 4
2087 2208 2124 2214 -

1482 2238 1609 2265 Obliviosi
1623 2238 1733 2265 audiunt
1747 2238 1860 2264 verbum
1874 2239 1990 2271 Domini,
2003 2239 2050 2265 sed
2063 2242 2124 2265 sunt

1483 2284 1650 2314 infructuosi,
1669 2283 1730 2316 quia
1750 2290 1804 2308 non
1823 2283 1936 2308 retinent
1954 2283 1997 2308 Vll
2021 2283 2069 2308 194
2090 2283 2122 2308 48

1535 2328 1682 2353 Oasscnaniz
1700 2341 1737 2346 —
1755 2326 1922 2353 obsecrantis
1935 2330 1973 2352 est
1993 2334 2021 2352 se
2040 2327 2123 2352 humi·

1482 2372 1544 2397 liare
1562 2375 1588 2397 et
1605 2372 1721 2397 revereri
1740 2371 1782 2397 Vll
1804 2371 1854 2397 240
1873 2371 1907 2396 73

1535 2415 1711 2442 ΟΒεεῃνΑΝτιΑ
1732 2429 1766 2434 —
1785 2416 1839 2441 Non
1863 2420 1924 2441 sunt
1948 2415 2123 2448 imponendae

1481 2467 1567 2487 novae
1576 2459 1759 2486 observantiae
1771 2460 1956 2485 convenientes
1966 2467 2050 2485 novae
2064 2467 2123 2485 con-

1482 2504 1637 2535 versationi,
1659 2504 1787 2537 quamdiu
1811 2505 1890 2529 homo
1909 2511 1960 2529 non
1979 2507 2018 2529 est
2040 2504 2122 2536 priori

1482 2551 1575 2574 exutus
1595 2549 1636 2574 Vll
1659 2549 1708 2574 133
1729 2549 1762 2574 83
1782 2561 1817 2567 -
1836 2548 1984 2580 spirituales
1996 2555 2049 2574 non
2063 2551 2123 2573 sunt

1481 2592 1657 2625 imponendae
1676 2591 1825 2618 carnalibus
1846 2592 1896 2618 434
1916 2592 1946 2617 84
1969 2606 2004 2611 -
2022 2593 2124 2624 regula-

1481 2637 1517 2662 ris
1535 2636 1696 2669 significatur
1716 2644 1764 2668 per
1783 2637 1872 2662 sunem
1892 2637 1925 2662 Vl
1946 2636 1996 2661 598
2017 2630 2032 2662 3

1534 2681 1704 2707 Ossa-emicas
1721 2694 1757 2700 -
1775 2687 1826 2706 non
1842 2688 1890 2712 pro
1904 2681 2056 2712 mendacio,
2075 2680 2121 2706 sed

1481 2728 1588 2757 propter
1599 2725 1804 2751 misericordiam
1813 2728 1965 2751 meruerunt
1974 2725 2121 2757 praemium

1481 2770 1515 2795 Vl
1536 2770 1584 2795 146
1605 2777 1632 2795 v.
1652 2770 1680 2794 44
1972 2788 1974 2790 .

1534 2813 1684 2840 ΟΒετιΝΑτιο
1702 2827 1738 2833 -
1757 2817 1796 2839 est
1814 2814 1924 2839 caecitas
1947 2814 1979 2839 vi
1999 2813 2050 2839 579
2070 2814 2085 2839 2

1534 2858 1721 2884 namurcum:
1740 2872 1774 2877 —
1793 2858 1842 2890 Qui
1862 2857 1964 2883 Christo
1987 2857 2121 2889 obtempe-

1481 2905 1521 2928 rat
1539 2902 1624 2934 decipi
1645 2908 1696 2927 non
1716 2905 1802 2934 potest
1821 2902 1865 2927 Vll
1886 2901 1936 2926 489
1957 2901 1988 2926 48

1534 2946 1640 2972 Occisto
1659 2959 1694 2965 —-
1713 2946 1798 2971 Homo
1817 2945 1897 2972 debet
1915 2952 2009 2971 cavere
2029 2953 2043 2970 a
2063 2952 2121 2977 pec-

1481 2991 1531 3017 cati
1559 2990 1696 3016 occasione
1718 2990 1750 3015 Vl
1780 2989 1825 3015 59l
1859 2997 1885 3014 v.
1915 2989 1946 3015 43
1966 3003 2001 3008 —
2020 2989 2119 3015 Diaboli

1481 3035 1639 3060 munitiones
1657 3036 1717 3060 sunt
1735 3037 1901 3065 peccatorum
1922 3034 2073 3059 occasiones
2086 3034 2118 3059 78

1481 3086 1508 3104 v.
1529 3079 1561 3104 15
1579 3092 1615 3098 -
1633 3078 1745 3110 Lapides
1763 3077 1911 3103 offensionis
1929 3082 1989 3103 sunt
2008 3078 2120 3103 occasio—

1481 3130 1528 3149 nes
1547 3123 1646 3155 peccati
1675 3122 1703 3147 3t
1736 3129 1762 3147 v,
1783 3122 1797 3147 8
1817 3135 1852 3140 —
1870 3121 1910 3147 Ab
1939 3121 2120 3147 occasionibus

1482 3167 1581 3198 peccati
1595 3166 1670 3198 pauci
1684 3165 1840 3196 liberantur,
1859 3165 1907 3191 nisi
1921 3166 1966 3197 qui
1981 3173 1994 3190 a
2009 3166 2119 3191 Domino

1482 3211 1664 3237 custodiuntur
1684 3211 1716 3235 32
1736 3217 1762 3235 v.
1782 3211 1796 3235 8
1811 3210 1986 3235 —Securitas
2005 3214 2044 3235 est
2056 3210 2119 3235 mul-

1482 3258 1569 3281 torum
1588 3254 1691 3280 occasio
1711 3257 1877 3286 peccatorum
1897 3254 1931 3279 72
1950 3260 1976 3278 V.
1997 3254 2012 3279 3

1526 3298 1653 3324 Occmsns
1663 3313 1697 3316 —
1706 3298 1870 3323 innocentem
1882 3298 1950 3323 nullo
1961 3298 2040 3323 modo
2052 3297 2119 3322 bene

1486 3346 1570 3375 potest
1583 3342 1638 3368 fleri
1652 3342 1684 3367 Vt
1701 3342 1751 3367 409
1765 3342 1799 3367 75
1819 3341 1880 3368 Vide
1894 3349 1917 3368 v.
1930 3341 2119 3368 Homiculium.

1963 3395 2005 3419 ¹0¹
