2476 3921
770 238 965 271 COMMENT.
991 238 1028 270 IN
1052 237 1292 271 EVANGELIUM
1317 238 1435 271 LUCAE
1459 239 1491 273 C.
1517 240 1564 271 lx.

173 328 233 361 ibi:
259 328 349 361 Haec
371 332 483 360 autem
507 327 563 360 illo
587 327 751 371 loquente;
776 330 909 370 quarto,
934 327 1036 369 quoad
1061 326 1138 359 sab-

173 382 384 421 tractionem,
409 381 470 414 ibi:
497 382 536 414 Et
559 381 642 414 clam
663 380 756 423 fieret
777 390 851 413 vox.

261 435 428 468 Sciendum
444 439 566 474 autem,
583 435 668 477 quod
684 434 722 467 ad
739 434 1043 476 contemptationem
1059 434 1138 467 divi-

45 495 124 521 Primo
172 498 285 522 narum
314 489 542 522 revelationum
571 491 747 521 occurrunt
777 488 840 521 duo
869 488 959 530 quasi
984 489 1020 521 in
1040 488 1139 530 prin-

16 521 145 572 ἷέἷῖιῗιῗιῗᾱαῖἶι
169 542 267 585 cipio,
292 543 410 576 scilicet
432 552 620 585 9ναυαννιεη
644 551 685 574 ex
710 545 800 583 parte
828 545 962 575 naturae
986 545 1017 575 et
1040 542 1138 574 iuva-

16 575 151 650 ἷῗυιὲἓέῗιῗτὴ
168 598 243 629 men
266 605 307 629 ex
332 599 421 638 parte
437 596 573 638 gratiae;
599 595 737 638 primum
755 599 896 637 soporat,
914 599 945 628 et
961 595 1135 628 secundum

169 649 298 682 excitat.

260 703 311 734 57.
336 693 437 742 (vers.
464 701 541 743 32..)
569 702 671 734 Primo
696 701 792 744 igitur
817 705 972 744 quantum
998 701 1037 734 ad
1058 711 1138 744 9ν-1ι

33 762 150 810 Ggffirpgn
168 764 288 788 vamen
310 764 351 788 ex
376 758 466 797 parte
495 758 627 788 naturae
658 755 885 788 obdormientis
916 755 1050 788 dicitur:
1076 755 1137 787 Pe-

167 872 303 900 somno;
327 866 358 895 et
385 862 428 895 ita
451 872 561 896 omnes
588 863 784 896 deficiebant.
809 864 869 896 Nec
894 863 1029 901 mirum,
1062 862 1137 905 quia

169 915 351 948 infirmitate
367 915 553 948 circumdati
577 918 684 954 erant;
709 916 793 948 unde
810 916 986 958 Sapientiae
1009 925 1092 948 nono
1107 916 1135 947 ¹:

173 968 345 1010 «Corpus,
380 968 465 1010 quod
496 969 729 1011 corrumpitur,
761 972 911 1011 aggravat
943 968 1080 1001 animam
1106 972 1137 1001 et

169 1021 318 1064 deprimit
346 1026 473 1055 terrena
496 1022 682 1055 inhabitatio
713 1031 841 1055 sensum
867 1023 967 1055 multa
998 1023 1136 1065 cogitan-

169 1078 230 1108 tem
244 1088 275 1107 ».
294 1093 335 1099 —
353 1075 432 1108 Cum
456 1075 539 1108 enim
561 1079 676 1108 natura
692 1084 843 1108 sensuum
860 1076 1058 1108 exteriorum
1079 1076 1137 1108 im-

168 1128 288 1171 pediat,
312 1138 352 1162 ne
376 1129 555 1162 intellectus
585 1132 693 1162 noster
716 1129 791 1171 figat
818 1129 955 1162 oculum.
973 1129 1002 1161 in
1029 1130 1135 1162 lumen

167 1185 349 1222 aeternum,
378 1185 502 1224 oportet
529 1182 561 1214 in
593 1182 864 1224 contemplationis
896 1182 1068 1225 principio,
1100 1186 1136 1215 ut

167 1235 261 1268 homo
290 1236 379 1278 quasi
411 1236 593 1277 consopitus
620 1245 639 1268 a
662 1235 807 1268 sensibus
839 1236 1012 1275 alienetur,
1045 1236 1135 1278 quasi

166 1297 223 1330 per
255 1297 418 1328 somnum,
450 1289 504 1331 qui
529 1298 592 1322 non
616 1289 742 1322 fitsine
766 1289 947 1331 gravamine
972 1284 1133 1322 sensuum.

166 1342 252 1375 Unde
275 1343 379 1375 anima
411 1343 653 1385 contemplativa
683 1343 726 1375 ait
750 1343 950 1376 Canticorum
975 1344 1087 1386 quInto
1103 1344 1134 1375 2;

171 1408 187 1425 «
206 1396 268 1438 Ego
291 1396 433 1436 dormio,
457 1400 488 1430 et
512 1406 566 1429 cor
589 1405 696 1429 meum
722 1397 828 1439 vigilat
844 1409 879 1436 »;
904 1400 935 1429 et
963 1397 1016 1430 lob
1040 1397 1135 1439 trige-

166 1449 245 1483 simo
276 1450 387 1483 tertio:
418 1463 434 1479 <x
451 1450 582 1492 Quando
610 1450 704 1483 irruit
728 1459 822 1492 sopor
850 1459 947 1493 super
971 1450 1133 1489 homines,

166 1507 197 1536 et
218 1503 382 1536 dormiunt
405 1504 436 1537 in
461 1504 591 1542 lectulo;
618 1508 693 1537 tunc
716 1504 817 1546 aperit
845 1513 940 1537 aures
963 1513 1073 1537 eorum
1103 1508 1135 1537 et

165 1557 314 1590 erudiens
337 1557 467 1590 instruit
490 1566 544 1590 eos
574 1557 739 1599 disciplina
766 1570 801 1597 »;
826 1561 857 1590 et
880 1557 919 1590 de
943 1557 1003 1590 hoc
1034 1557 1134 1591 Gene-

165 1611 209 1644 sis
232 1611 371 1644 secundo
397 1611 531 1644 dicitur:
563 1624 578 1639 α
602 1611 732 1644 Immisit
755 1610 908 1644 Dominus
931 1620 1076 1653 soporem
1101 1611 1132 1644 in

166 1664 259 1697 Adam
277 1678 308 1697 n.

7 1746 8 1756 ,
256 1718 308 1750 58.
327 1718 470 1751 Secundo
490 1727 566 1751 vero
582 1721 738 1760 quantum
754 1718 793 1750 ad
810 1718 967 1751 iuvamen
984 1727 1025 1751 ex
1043 1722 1133 1760 parte

7 1781 152 1825 πνοῖιιιξέιετε·
164 1770 283 1813 gratiae
306 1771 475 1804 excitantis
498 1771 664 1804 subditur:
695 1772 735 1804 Et
757 1771 949 1814 eviyila-ntes
976 1771 1134 1804 viderunt

163 1824 370 1858 maiestatem
387 1825 459 1857 eius
474 1829 502 1857 et
523 1825 606 1857 [laos
623 1825 726 1864 viros,
743 1825 802 1868 qui
820 1824 955 1858 stabant
971 1835 1048 1858 cam
1065 1824 1130 1858 illo.

165 1878 244 1912 Haec
267 1878 385 1921 vigilia
408 1881 455 1911 est
478 1888 536 1920 per
559 1878 751 1911 desiderium
776 1882 807 1912 et
830 1888 971 1912 amorem
996 1879 1132 1921 Spiritus

164 1931 278 1971 sancti,
302 1931 477 1965 secundum
501 1931 579 1965 illud
603 1932 698 1965 Isaiae
713 1932 864 1974 vigesimo
884 1936 975 1965 sexto
989 1933 1016 1965 ⁸:
1038 1946 1054 1961 (ε
1070 1933 1132 1965 Βο-

165 1985 267 2025 mine,
291 1986 397 2018 anima
412 1995 482 2019 mea
504 1985 695 2019 desideravit
718 1989 748 2019 te
765 1986 796 2019 in
821 1990 926 2025 nocte,
944 1986 997 2019 sed
1020 1989 1052 2019 et
1068 1986 1130 2029 spi-

5 2070 6 2079 ,
164 2039 229 2072 ritu
253 2048 324 2072 meo
348 2039 380 2072 in
412 2039 604 2082 praecordiis
635 2039 713 2072 meis
736 2039 775 2073 de
806 2049 897 2073 mane
925 2039 1060 2082 vigilabo
1091 2040 1130 2072 ad

0 2095 145 2128 *inlautum
164 2095 196 2126 te
219 2106 251 2125 n.
275 2093 355 2126 Haec
386 2096 491 2126 autem
523 2093 684 2135 potissime
711 2093 888 2127 necessaria
918 2096 966 2126 est
989 2094 1020 2126 in
1052 2102 1131 2126 ora-

5 2128 31 2144 ’Π
44 2123 149 2146 mmm
165 2145 273 2184 tione;
296 2145 381 2179 unde
404 2146 557 2179 Dominus
589 2147 679 2179 Petro
702 2151 733 2179 et
757 2146 849 2180 sociis
873 2147 1017 2180 Matthaei
1046 2147 1130 2189 vige·

164 2199 245 2232 simo
269 2200 403 2232 sexto4:
433 2212 449 2228 «
467 2200 598 2243 Vigilate
620 2204 652 2233 et
674 2203 780 2239 orate,
804 2203 841 2233 ut
863 2209 926 2233 non
950 2200 1074 2233 intretis
1098 2200 1129 2233 in

164 2252 385 2293 tentationem
418 2253 549 2295 spiritus
580 2250 707 2296 quidem
740 2258 906 2296 promptus
937 2257 984 2287 est
1008 2267 1023 2283 n
1052 2257 1129 2293 etc.;

164 2306 258 2339 Marci
290 2306 412 2340 decimo
443 2307 557 2340 tertio:
588 2321 604 2336 «
620 2307 746 2347 Videte,
777 2308 903 2350 vigilate
934 2311 965 2340 et
988 2312 1077 2340 orate
1098 2321 1128 2339 ».

170 2371 186 2388 <x
201 2359 291 2401 Quod
315 2359 370 2392 uni
393 2359 480 2399 dico,
512 2360 661 2393 omnibus
684 2360 771 2393 dico:
800 2360 932 2403 Vigilate
956 2374 986 2392 ».
1015 2379 1059 2384 —
1086 2359 1129 2392 Ad

164 2412 246 2445 hanc
269 2416 375 2446 autem
404 2413 540 2456 vigiliam
572 2414 742 2456 praecipue
765 2423 822 2447 nos
849 2414 961 2447 invitat
984 2413 1130 2457 promis-

163 2475 241 2499 sam
261 2467 473 2509 praemium,
494 2467 668 2501 secundum
692 2467 771 2500 illud
794 2467 876 2500 infra
898 2467 1128 2501 duodecimo⁵:

169 2532 185 2549 «ι
202 2519 285 2553 Beati
309 2520 391 2554 servi
415 2520 478 2560 illi,
502 2530 597 2563 quos,
622 2530 696 2554 cum
719 2521 842 2555 venerit
863 2521 1026 2562 dominus,
1044 2522 1130 2555 inve-

163 2573 247 2607 nerit
271 2574 451 2616 vigilantes;
476 2584 566 2608 amen
582 2575 652 2608 dico
676 2575 764 2608 vobis
780 2589 795 2604 n
821 2579 879 2609 etc.
906 2576 1018 2609 Invitat
1033 2575 1129 2609 etiam

160 2627 357 2669 praevisum
373 2627 583 2670 periculam,
608 2628 782 2662 secundum
807 2628 885 2662 illud
902 2629 1023 2671 primae
1047 2628 1129 2662 Petri

163 2679 293 2713 ultimo:
323 2693 339 2710 α
356 2681 457 2714 Sobrii
481 2684 580 2715 estote
603 2685 634 2715 et
658 2682 801 2725 vigilate,
825 2682 900 2725 quia
927 2682 1129 2716 adversarius

164 2736 268 2767 vester
291 2734 435 2768 diabolus
452 2748 467 2765 n
495 2739 573 2775 etc.;
597 2738 629 2769 et
652 2736 796 2769 Matthaei
822 2736 973 2779 vigesimo
995 2740 1128 2779 quarto:

15 1070 148 1104 ¹Notandum.

236 2962 244 2977 ¹
265 2964 341 2989 Vers.
362 2964 456 2990 15.-
474 2963 525 2990 CIr.
545 2965 561 2990 1.
582 2965 652 2991 Sent.
670 2965 698 2990 d.
718 2966 742 2991 2.
756 2965 821 2991 dub.
844 2967 865 2992 1.
885 2970 911 2993 et
930 2968 958 2999 ‘23
978 2968 1005 2993 d.
1019 2968 1043 2993 3.
1065 2975 1091 3000 p.
1111 2969 1127 2994 Ι.

164 3016 190 3042 q.
212 3008 235 3034 1.
255 3015 331 3041 seqq.
489 3043 491 3045 .

235 3051 246 3067 ⁹
268 3054 340 3079 vers.
371 3054 395 3079 2.
414 3066 449 3072 —
468 3054 526 3079 Duo
550 3060 624 3086 seqq.
650 3054 699 3079 loci
723 3057 784 3080 sunt
808 3054 854 3081 lob
878 3056 926 3087 33,
953 3056 994 3082 45.
1021 3064 1077 3090 seq.
1102 3060 1128 3084 et

165 3098 228 3124 Gen.
249 3098 279 3129 2,
299 3098 343 3124 24.

236 3140 247 3155 ⁵
267 3142 341 3168 Vers.
360 3143 384 3168 9.
401 3156 436 3162 -
450 3142 577 3175 Superius
595 3143 652 3168 loco
670 3143 814 3170 excitantis
832 3143 915 3170 CDG
926 3145 946 3170 11
965 3144 1126 3179 evigilantis.

235 3184 247 3199 ⁴
267 3186 343 3212 Vers.
361 3186 404 3218 tt,
423 3190 483 3219 post
501 3194 581 3220 quem
601 3187 678 3213 Marc.
699 3187 744 3219 13,
765 3188 807 3213 33.
827 3191 852 3214 et
872 3187 919 3214 37:
939 3188 1018 3221 Quod
1035 3191 1127 3216 autem

164 3228 238 3256 coba
257 3230 315 3257 dico
335 3234 384 3257 etc.
403 3245 439 3251 -
458 3231 584 3264 Superius
603 3239 652 3264 pro
672 3226 745 3259 Haec
761 3233 852 3258 aulem
873 3231 903 3266 [B
928 3233 1001 3259 addit
1019 3233 1126 3268 viyilia]

167 3274 187 3298 D
210 3273 307 3308 Viqilia
325 3276 432 3307 autem,
454 3276 511 3302 Vat.
531 3275 580 3303 Hic
598 3278 705 3308 arctam,
725 3283 793 3310 quae
806 3276 885 3302 etiam
904 3277 1018 3304 subinde
1037 3279 1127 3310 proin

165 3318 287 3345 oratione
305 3319 438 3348 substituit
459 3320 556 3347 oratio.
1101 3334 1102 3337 =

235 3360 247 3376 ⁰
266 3363 341 3389 Vers.
360 3364 404 3390 37.
416 3378 451 3384 —
464 3365 522 3391 Duo
540 3372 614 3398 seqq.
634 3365 682 3392 loci
702 3368 762 3392 sunt
781 3366 797 3391 Ι.
817 3361 883 3392 petr.
901 3366 933 3398 ὃ,
952 3367 977 3392 8.
991 3370 1016 3393 et
1038 3367 1126 3393 Matth.

166 3407 214 3439 24,
235 3407 277 3434 43.
297 3407 334 3441 (v.
354 3408 402 3434 34:
424 3410 507 3436 Amen
526 3409 584 3436 dico
603 3409 698 3442 vobis).

170 812 245 841 trus
275 818 371 848 vero,
394 813 425 841 et
455 809 515 852 qai
538 818 616 842 cum
651 808 706 841 illo
737 813 836 841 erant
864 809 1005 851 pravati
1039 813 1149 841 erant

2107 242 2171 276 235

1209 327 1336 360 «Amen
1360 327 1430 360 dico
1454 329 1560 361 vobis:
1579 330 1608 361 Si
1634 330 1729 362 sciret
1744 330 1986 372 paterfamilias,
2007 341 2070 374 qua
2094 332 2174 364 hora

1204 380 1256 413 sur
1280 385 1437 414 venturus
1461 386 1558 421 esset,
1583 383 1727 424 vigilaret
1749 384 1860 425 utique
1877 398 1892 413 n
1922 389 1980 417 etc.

1294 434 1346 466 59.
1365 434 1500 466 Maxime
1521 438 1626 467 autem
1644 436 1913 477 contemplationi
1933 438 2109 470 necessaria
2126 443 2172 471 est
2188 445 2247 471 nem
2259 446 2279 467 in
2291 453 2336 468 oon-

1202 486 1333 529 viyilia,
1357 487 1433 529 quia
1449 487 1597 520 citissime
1619 488 1819 521 subtrahitur
1836 490 1940 522 oblata
1955 491 2070 532 gratia;
2089 492 2172 524 unde
2192 473 2335 500 temp¹³¹¹⁰⁰⁰

1202 540 1404 573 Canticorum
1429 541 1580 583 quinto⁶⁵1
1604 554 1619 570 <t
1637 542 1800 574 Pessulum
1821 543 1931 584 aperui
1949 543 2062 576 dilecto
2086 554 2170 582 meo;

1202 597 1235 626 at
1258 594 1309 627 ille
1325 594 1538 627 declinaverat
1554 604 1589 627 ac
1615 596 1829 628 transierat».
1855 614 1899 619 ——
1924 597 1954 629 In
1982 597 2039 630 hac
2063 602 2169 630 autem

1202 647 1412 690 evigilatione
1429 648 1554 681 videtur
1571 648 1688 681 divina
1705 649 1863 681 maiestas
1880 650 1915 682 in
1929 651 2107 690 creaturis,
2125 660 2172 684 se-

1201 701 1341 734 cundum
1367 702 1445 734 illud
1469 702 1644 744 Sapientiae
1668 702 1789 735 decimo
1814 704 1950 736 terti0⁷:
1973 718 1988 732 α
2006 705 2025 736 Α
2053 705 2171 747 magni-

1204 754 1311 788 tudIne
1335 756 1448 797 speciei
1473 759 1504 788 et
1528 759 1693 789 creaturae
1709 770 1724 785 »
1746 760 1824 796 etc.;
1842 757 1926 790 unde
1950 758 2044 791 Isaiae
2061 763 2170 791 sexto:

1207 821 1222 837 α
1236 808 1304 841 Vidi
1322 809 1491 842 Dominum
1517 809 1677 843 sedentem
1695 819 1791 852 super
1816 811 1929 843 solium
1946 811 2124 851 excelsum,
2140 817 2171 845 et

1202 863 1294 904 plena
1311 876 1326 892 n
1347 866 1406 896 etc.
1421 882 1466 887 —
1478 863 1609 896 Videtur
1633 864 1751 896 divina
1768 863 1942 897 humilitas
1966 865 2002 898 in
2020 865 2171 908 Scriptu-

1202 916 1272 954 rz's;
1297 920 1427 958 propter
1450 917 1535 959 quod
1563 917 1655 950 dicit:
1682 918 1722 950 Et
1745 918 1830 950 auos
1853 918 1956 957 viros,
1986 919 2016 950 id
2044 923 2091 951 est
2116 920 2170 952 Le-

1201 978 1271 1011 gem
1303 973 1334 1002 et
1366 970 1555 1012 Prophetas,
1584 970 1623 1003 de
1654 980 1719 1013 qua
1751 972 1869 1004 visione
1901 971 1983 1004 infra
2006 973 2169 1005 ultimoss:

1206 1035 1221 1051 α
1238 1023 1368 1065 Aperuit
1392 1023 1453 1056 illis
1476 1033 1623 1062 sensum,
1649 1028 1684 1057 ut
1708 1024 1919 1067 intelligerent
1942 1026 2122 1068 Scripturas
2137 1040 2168 1066 »;

1200 1079 1231 1108 et
1254 1075 1389 1109 iterum:
1424 1077 1610 1119 «Incipiens
1633 1087 1652 1110 a
1676 1078 1779 1120 Moyse
1803 1082 1835 1111 et
1858 1079 2006 1112 omnibus
2031 1079 2168 1121 Prophe-

1200 1128 1257 1168 tis,
1283 1129 1553 1172 interpretabatur
1570 1130 1630 1163 illis
1654 1131 1685 1163 in
1703 1131 1878 1164 omnibus»
1908 1135 1966 1165 etc.
1981 1152 2022 1158 —
2038 1133 2168 1175 Propter
2189 1138 2318 1161 Notandum-

1190 1182 1276 1215 ‘istos
1299 1182 1380 1215 duos
1403 1183 1512 1216 modos
1536 1184 1766 1226 contemplandi
1792 1185 1894 1218 sactus
1917 1189 1964 1218 est
1987 1186 2106 1228 duplex
2133 1187 2168 1219 li-

1200 1236 1274 1269 ber:
1305 1237 1487 1278 Scripturae
1522 1241 1553 1270 et
1588 1241 1771 1278 creaturae,
1808 1239 1862 1281 qui
1899 1239 2104 1282 designantur
2136 1241 2166 1274 in

1199 1298 1332 1322 ascensu
1356 1293 1387 1322 et
1410 1290 1563 1324 descensu
1587 1300 1643 1333 per
1666 1292 1796 1325 scalam
1821 1292 1942 1332 Iacob,
1967 1293 2095 1327 Genesis
2123 1295 2168 1326 vi-

1199 1343 1318 1384 gesimo
1352 1343 1506 1383 octavo⁰;
1532 1353 1588 1386 per
1613 1354 1783 1387 eyressam
1818 1350 1846 1378 et
1881 1346 2071 1389 inyressum
2104 1357 2166 1389 per

1198 1397 1341 1436 ostiam,
1367 1397 1488 1430 IoanniS
1516 1398 1653 1437 decimo;
1679 1408 1736 1441 per
1760 1400 1912 1443 aquilam
1940 1405 1968 1433 et
1991 1402 2063 1433 eius
2091 1402 2168 1444 pul-

1200 1449 1267 1488 los,·
1292 1450 1344 1483 Iob
1368 1451 1529 1493 trigesimo
1553 1461 1653 1484 nono:
1684 1465 1699 1481 α
1724 1453 1872 1495 Nunquid
1895 1454 1935 1486 ad
1962 1458 2166 1497 praeceptum

1199 1507 1291 1537 tuum
1315 1504 1491 1538 elevabitur
1507 1505 1614 1547 aquila
1630 1509 1669 1538 »2
1693 1509 1725 1539 et
1753 1510 1839 1548 post:
1871 1520 1886 1535 α
1902 1507 1981 1540 Ρ11111
1998 1508 2067 1541 eius
2091 1509 2168 1541 lam-

1198 1557 1273 1590 bent
1297 1558 1482 1600 sanguinem
1500 1572 1531 1590 n.

1290 1612 1341 1644 60.
1368 1612 1470 1651 (Vers.
1502 1612 1580 1652 33.).
1607 1613 1646 1645 Et
1662 1611 1801 1655 factam
1824 1618 1891 1653 est,
1916 1624 1991 1647 cam
2025 1615 2167 1648 (ascede-
2217 1647 2271 1668 oadi
2289 1647 2331 1667 ⁵10³

1198 1668 1280 1697 rent.
1308 1665 1379 1698 Post
1405 1666 1678 1708 contemplationis
1701 1667 1870 1700 exordium
1899 1668 2063 1710 subiungit
2091 1679 2166 1701 con-
2187 1652 2325 1721 ἓτέετεέῗξιῐυ

1198 1717 1420 1760 temptationis
1440 1729 1679 1762 proqressum;
1703 1720 1735 1753 in
1760 1730 1824 1763 quo
1848 1720 1911 1754 duo
1935 1722 2095 1763 potissime
2117 1732 2167 1755 re—
2251 1733 2284 1748 ⁰⁰-

1196 1771 1388 1813 quiruntur,
1413 1773 1531 1806 scilicet
1555 1773 1712 1807 excedens
1727 1774 1895 1817 yaadz'um
1919 1775 1958 1808 (Ze
1981 1776 2067 1808 dono
2091 1786 2167 1809 0οη-

1196 1834 1284 1857 cesso
1308 1829 1340 1858 et
1363 1827 1523 1860 excedens
1545 1827 1749 1860 desiderium
1773 1829 1812 1861 cle
1843 1829 2086 1868 continuando,
2119 1839 2167 1863 se-

1196 1878 1335 1911 cundum
1364 1879 1441 1912 illud
1467 1880 1673 1914 Ecclesiastiei
1698 1882 1849 1924 vigesimo
1872 1870 1988 1925 quarto
1999 1883 2039 1915 ¹⁰:
2069 1897 2084 1913 α
2103 1884 2167 1926 Spi-

1195 1932 1278 1965 ritus
1294 1942 1384 1966 meus
1404 1942 1502 1975 super
1522 1934 1583 1967 mel
1602 1934 1704 1968 dulcis
1716 1948 1747 1968 ».
1771 1949 1787 1964 α
1799 1936 1858 1977 Qui
1877 1936 1975 1969 edunt
1994 1946 2045 1970 me
2061 1937 2165 1970 adhuc

1195 1985 1353 2025 esurient,
1377 1990 1409 2019 et
1432 1987 1486 2028 qui
1508 1986 1622 2020 bibunt
1646 1996 1697 2020 me
1718 1988 1822 2021 adhuc
1846 1988 1995 2021 sitient».
2014 1990 2070 2022 Per
2088 1991 2164 2023 haec

1194 2039 1279 2072 enim
1302 2039 1366 2072 duo
1389 2040 1495 2072 anima
1519 2040 1551 2072 in
1567 2044 1641 2073 actu
1664 2042 1937 2083 contemplationis
1960 2042 2080 2085 figitur,
2105 2044 2164 2076 sio-

1194 2096 1231 2125 ut
1262 2093 1429 2126 comedens
1460 2093 1490 2126 in
1523 2094 1593 2126 cibo
1624 2103 1680 2136 per
1716 2095 1863 2128 solatium
1896 2096 1990 2129 simul
2021 2100 2052 2129 et
2082 2097 2164 2130 desi-

1193 2147 1328 2180 derium.
1868 2180 1870 2182 ,

1284 2200 1387 2233 Primo
1402 2209 1479 2243 ergo
1503 2205 1658 2243 quantum
1679 2202 1716 2234 ad
1732 2202 1900 2244 yauclium
1923 2203 1963 2236 de
1986 2204 2071 2236 dono
2087 2214 2162 2237 con—

1194 2263 1282 2287 cesso
1305 2254 1395 2287 dicit:
1422 2255 1463 2286 Et
1480 2253 1610 2297 factum
1634 2259 1696 2294 est,
1721 2265 1798 2288 cam
1819 2256 2020 2289 discederem
2036 2258 2078 2290 alt
2095 2257 2161 2297 illo,

1194 2307 1225 2340 id
1256 2311 1322 2346 est,
1353 2307 1514 2341 discedere
1546 2308 1681 2347 vellent3
1714 2309 1763 2341 ait
1796 2309 1918 2342 Petrus
1949 2310 1997 2343 att
2030 2311 2160 2344 lesam:

1195 2362 1406 2404 Praecepto-r,
1432 2361 1554 2394 bonam
1577 2366 1624 2394 est
1646 2372 1707 2394 iios
1730 2361 1783 2395 hie
1806 2372 1897 2401 essm
1921 2364 1953 2396 in
1978 2374 2042 2406 quo
2058 2368 2162 2398 osten—

1193 2415 1239 2448 dit
1262 2415 1392 2454 Petrus,
1426 2415 1506 2448 miro
1530 2415 1622 2448 modo
1646 2415 1705 2449 sibi
1729 2417 2002 2458 contemplationis
2029 2418 2160 2460 gloriam

1193 2478 1262 2502 esse
1286 2472 1465 2511 acceptam,
1489 2469 1580 2512 quasi
1603 2469 1687 2502 dicat
1710 2469 1788 2502 illud
1821 2470 1996 2512 Prophetae
2019 2472 2051 2504 in
2066 2472 2161 2505 -Psal-

1193 2532 1246 2555 mo
1264 2524 1307 2555 1¹:
1337 2536 1353 2552 «κ
1378 2523 1451 2556 Mihi
1477 2526 1583 2556 autem
1607 2523 1780 2556 adhaerere
1804 2523 1868 2556 Deo
1900 2524 2020 2557 bonum
2052 2529 2099 2558 est
2122 2538 2160 2565 ιη

1193 2576 1286 2619 quia,
1310 2575 1392 2609 sicut
1423 2576 1539 2609 dicitur
1563 2576 1765 2609 Threnorum
1796 2577 1908 2616 tertio,
1938 2591 1953 2606 «
1970 2577 2073 2611 bonus
2101 2579 2161 2611 Do-

1193 2629 1299 2663 minus
1316 2629 1518 2672 sperantibus
1541 2630 1573 2662 in
1590 2639 1678 2670 eum,
1699 2630 1821 2663 animae
1837 2630 2002 2673 quaerenti
2026 2631 2116 2664 illum
2129 2645 2159 2664 n.

1194 2683 1231 2716 Et
1246 2686 1415 2726 propterea
1431 2683 1554 2716 dicebat
1571 2684 1682 2716 Petrus
1696 2696 1702 2716 z
1721 2684 1853 2717 Bonum
1870 2688 1916 2716 est
1931 2694 1992 2717 nos
2009 2682 2062 2717 hic
2078 2694 2160 2723 esse;

1194 2736 1269 2779 quia
1304 2736 1427 2769 lionam
1462 2740 1509 2770 est
1546 2735 1718 2770 Christum
1752 2742 1957 2780 exspectare,
1987 2739 2160 2772 secundum

2205 1619 2310 1644 Secundo,

2180 2208 2285 2229 Gaudium
2300 2208 2325 2228 de

2195 2235 2251 2256 dono
2266 2241 2312 2256 eon-

2220 2267 2288 2283 cesso.

2181 2688 2263 2710 Bonum
2285 2688 2324 2716 pri-

2207 2722 2272 2737 mum.

1264 2966 1276 2981 ⁰
1295 2968 1370 2994 Vers.
1389 2968 1413 2993 6.
1427 2981 1463 2986 —
1477 2968 1604 2999 Superius
1624 2974 1672 2999 pro
1692 2967 1912 3001 contemplationi
1930 2968 2045 2994 secunda
2067 2976 2160 2994 manus

1193 3012 1218 3038 in
1238 3012 1259 3038 D
1279 3012 1414 3039 substituit
1432 3011 1654 3046 contemplativis.

1263 3055 1273 3070 '¹
1294 3057 1369 3083 Vers.
1389 3057 1420 3088 ὅ,
1440 3061 1500 3089 post
1524 3063 1605 3090 quem
1625 3057 1683 3082 lsai.
1708 3057 1738 3089 6,
1760 3057 1786 3082 1.
1807 3061 1832 3082 et
1852 3057 1882 3082 3:
1908 3057 1985 3083 Plena
2009 3061 2048 3084 est
2073 3058 2159 3084 omnis

1192 3104 1260 3127 terra
1280 3101 1363 3133 gloria
1383 3101 1449 3127 eius.

1262 3143 1273 3158 ⁸
1293 3146 1368 3171 Vers.
1389 3145 1431 3171 45.
1450 3149 1476 3171 et
1495 3145 1538 3171 27.
1557 3145 1608 3172 Cir.
1627 3152 1708 3177 supra
1728 3152 1789 3177 pag.
1810 3144 1876 3175 234,
1890 3148 1956 3175 ¹nota
1977 3146 2001 3171 2.

1262 3188 1274 3204 ⁹
1294 3191 1368 3216 Vers.
1393 3191 1436 3221 ta,
1456 3191 1498 3216 cui
1523 3189 1722 3222 subiunguntur
1747 3191 1817 3216 Ioan.
1847 3190 1890 3221 to,
1915 3192 1945 3221 9;
1970 3190 2015 3216 lob
2040 3191 2086 3222 39,
2115 3191 2158 3218 21.

1192 3234 1248 3268 (ubi
1268 3242 1317 3267 pro
1334 3236 1511 3268 praeceptum
1530 3236 1609 3261 tuum
1628 3234 1741 3261 ACDG
1760 3236 1934 3268 praeceptum
1953 3239 2048 3264 suum)
2069 3240 2095 3261 et
2114 3236 2156 3261 30.

1190 3279 1242 3306 Cir.
1262 3280 1377 3305 itinerar.
1398 3279 1492 3304 inentis
1511 3279 1536 3304 in
1558 3279 1655 3311 Deum,
1675 3286 1698 3305 c.
1726 3280 1745 3305 Ι
1760 3287 1786 3305 11.
1808 3280 1833 3305 9
1847 3279 1914 3306 Vide
1934 3280 2011 3306 etiam
2026 3280 2155 3313 Breviloq

1191 3331 1217 3356 p.
1238 3325 1264 3350 II.
1285 3331 1307 3349 c
1329 3324 1371 3348 tt.
1390 3330 1447 3356 seq

1262 3366 1285 3381 ¹⁰
1305 3367 1379 3393 Vers.
1398 3367 1440 3392 27.
1460 3370 1486 3393 et
1505 3368 1548 3393 29.

1263 3411 1283 3426 ¹¹
1305 3412 1399 3438 Psalm.
1417 3412 1467 3443 72,
1486 3412 1527 3438 28.
1549 3426 1583 3431 ——
1602 3413 1725 3446 Sequitur
1746 3413 1843 3439 Thren.
1864 3413 1895 3445 3,
1916 3414 1959 3439 25.
