2476 3921
150 720 253 741 Honestas
263 719 294 739 in-

163 748 233 775 iuncta
246 751 295 766 con-

163 774 218 794 sistit
226 773 247 793 in
258 772 294 793 tri-

163 985 194 1005 De
209 989 299 1014 pauper-

176 1013 218 1032 tate
233 1016 254 1031 in
269 1016 300 1031 vi-

151 1670 229 1705 Deatus
237 1674 301 1695 Fran-

191 1707 266 1722 ciscus.

174 2099 290 2121 Concordia

162 2126 303 2153 avangelista-

174 2159 220 2174 mm
236 2159 294 2174 mon-

192 2181 278 2201 stratur.

314 255 377 287 218

312 351 368 384 per
392 340 563 373 secundum
589 338 668 377 Filii,
693 347 749 380 per
775 339 902 371 tertium
935 338 1070 380 Spiritus
1093 339 1201 371 sancti.
1227 339 1270 371 De

313 394 428 426 talibus
450 392 580 425 dicitur:
611 391 733 424 «Posui
759 400 832 430 vos,
856 395 892 424 ut
915 391 993 424 eatis
1016 395 1047 424 et
1062 391 1201 424 fructum
1226 391 1270 424 af-

312 446 436 485 feratis,
461 449 491 477 et
515 445 639 478 fructus
670 447 774 477 vester
802 447 974 483 maneat»,
1007 444 1128 476 Ioannis
1151 443 1271 476 decimo

312 499 422 541 quinto
436 500 455 529 ¹.
482 498 517 530 Et
540 497 594 539 qui
619 497 663 529 sic
680 496 815 529 mittitur
840 500 942 538 potest
957 496 1061 529 dicere
1085 495 1161 528 illud
1178 495 1272 528 Isaiae

313 551 506 593 sexagesimo
530 550 648 592 primo:
678 563 693 578 «
710 550 846 592 Spiritus
869 549 991 582 Domini
1017 558 1113 591 super
1146 557 1210 587 me,
1235 558 1272 581 eo

313 604 395 647 quod
420 603 550 636 unxerit
574 612 624 635 me
641 616 656 631 n
678 606 736 635 etc.

402 658 431 689 5.
457 657 558 698 (Vers.
584 656 639 696 3.).
659 657 698 688 Et
720 655 769 688 ait
786 655 832 688 ad
855 655 945 688 illos:
963 654 1056 687 Nihil
1079 654 1221 688 tuleritis
1236 655 1272 687 in

312 712 377 744 via.
404 711 472 743 Post
495 709 734 751 explicationem
759 703 955 741 auctoritatis
985 708 1170 741 commissae
1197 708 1272 740 sub-

311 764 397 797 ditur
427 762 603 804 descriptio
634 761 812 794 honestatis
843 761 1021 794 iniunctae.
1054 761 1133 793 Haec
1153 763 1272 793 autem

313 817 452 850 consistit
474 816 505 848 in
530 816 649 854 tribus,
675 815 793 848 scilicet
817 815 847 847 in
860 819 1061 857 paupertate
1083 815 1206 853 vietus,
1231 817 1273 847 te·
1295 842 1297 845 .

312 871 439 903 nuitate
460 869 594 901 vestitu-s
617 872 649 901 et
671 867 856 900 humilitate
879 868 1056 900 convictus.

402 923 503 955 Primo
527 931 602 964 ergo
625 924 779 963 quantum
803 921 841 953 ad
865 925 1096 963 paupertatem
1120 920 1156 953 in
1184 920 1273 952 victu

312 977 444 1010 dicitur:
471 977 510 1008 Et
527 975 583 1008 ait
605 975 651 1007 ad
671 974 761 1007 utos.-
788 972 880 1006 Niltil
903 974 1046 1007 tuleritis
1069 974 1105 1006 in
1127 973 1197 1012 via,
1221 982 1273 1006 oc-

313 1030 435 1063 casione
458 1028 576 1062 scilicet
598 1028 778 1070 temporalis
802 1027 1051 1067 sustentationis,
1075 1030 1112 1060 ut
1127 1027 1274 1068 exemplo

312 1082 497 1125 praedicetis
520 1072 598 1113 illud
614 1080 734 1122 primae
749 1080 788 1112 ad
811 1080 1012 1113 Timotheum
1037 1079 1167 1112 sextoss:
1191 1092 1206 1108 α
1222 1079 1273 1112 Ν1-

312 1136 357 1168 1111
380 1135 545 1167 intulimus
568 1134 600 1166 in
625 1133 709 1166 hunc
731 1133 902 1172 mundum,
932 1142 989 1166 nec
1016 1133 1167 1172 dubium,
1199 1132 1274 1175 quia

312 1198 369 1222 nec
385 1188 511 1221 auferre
535 1187 611 1230 quid
627 1196 796 1229 possumus
810 1200 839 1218 ».
858 1187 893 1219 Et
917 1190 953 1219 ut
970 1186 1069 1228 magis
1085 1186 1272 1225 innotescat,

312 1241 472 1274 descendit
494 1240 532 1273 ad
557 1240 707 1282 speciale,
731 1249 803 1272 cum
828 1239 954 1272 subdit:
980 1239 1089 1283 Neque
1119 1239 1273 1281 virgam,

314 1295 431 1327 scilicet
446 1294 485 1326 ad
508 1293 764 1332 sustentandum,
780 1302 882 1335 neque
903 1302 1038 1334 peram,
1056 1292 1096 1324 ad
1121 1300 1274 1333 reponen-

313 1347 403 1386 dum,
427 1356 528 1390 neque
556 1356 697 1388 panem,
729 1346 768 1378 ad
792 1345 1065 1383 manducandum,
1097 1354 1200 1388 neque
1219 1354 1275 1386 pe-

314 1401 469 1439 cuniam,
494 1400 532 1433 ad
556 1400 734 1433 emendum.
760 1400 791 1431 ln
817 1409 881 1441 quo
904 1401 952 1431 est
981 1398 1150 1440 prohibitio
1174 1397 1275 1430 omnis

314 1453 571 1492 sustentamenti,
596 1456 633 1486 ut
663 1452 857 1490 ostendatur,
889 1451 972 1494 quod
1005 1451 1202 1493 praedicator
1233 1459 1275 1483 ex

314 1506 528 1549 magnitudine
552 1506 616 1548 spei
641 1506 697 1539 soli
722 1506 785 1538 Deo
801 1505 894 1538 debet
916 1505 1022 1544 inniti,
1047 1503 1221 1537 secundum
1239 1503 1276 1535 il-

315 1560 368 1592 lud
393 1559 512 1601 primae
544 1558 625 1591 Petri
649 1558 803 1600 quinto³z
833 1571 848 1586 «
869 1557 1001 1590 Omnem
1033 1555 1275 1589 sollicitudinem

315 1617 450 1646 vestram
475 1612 674 1655 proiicientes
697 1612 728 1650 in
760 1621 849 1650 eum,
875 1611 949 1653 quia
976 1610 1034 1652 ipsi
1060 1619 1137 1643 cura
1168 1612 1215 1642 est
1237 1609 1276 1641 de

316 1667 402 1699 vobis
420 1680 447 1698 ».
474 1666 559 1698 Unde
582 1665 675 1698 etiam
699 1665 809 1697 beatus
826 1664 1024 1702 Franciscus,
1049 1663 1175 1706 quando
1201 1662 1272 1695 mit—

316 1720 400 1753 tebat
439 1719 553 1752 tratres
587 1719 625 1751 ad
662 1718 924 1761 praedicandum,
961 1717 1083 1750 dicebat
1118 1717 1163 1750 eis
1198 1716 1275 1749 illud

316 1773 427 1806 Psalmi
445 1774 476 1804 4:
507 1786 522 1801 «
547 1773 627 1805 lacta
651 1772 820 1814 cogitatum
846 1776 936 1804 tuum
961 1771 992 1803 in
1016 1771 1148 1803 Domino
1170 1783 1187 1799 ι»
1216 1773 1275 1802 etc.

316 1827 347 1858 111
373 1826 431 1858 1100
463 1829 568 1858 autem
600 1834 661 1857 non
694 1825 857 1867 prohibet,
889 1828 925 1857 ut
955 1824 1030 1857 dicit
1065 1823 1274 1865 Augustinus,

316 1879 484 1912 studiosam
504 1878 745 1920 providentiam,
770 1878 822 1910 sed
840 1878 997 1910 curiosam
1018 1876 1274 1915 sollicitudinem,

316 1932 488 1965 secundum
505 1932 581 1964 illud
606 1931 749 1964 Matthaei
767 1935 858 1964 sexto
871 1931 898 1963 ⁵:
922 1944 937 1959 (ι
950 1930 1049 1963 Nolite
1067 1930 1188 1963 solliciti
1208 1938 1276 1962 esse

316 1986 346 2018 in
371 1985 560 2024 crastinum,
585 1985 701 2017 sufficit
724 1984 805 2017 enim
830 1984 890 2016 diei
914 1983 1032 2016 malitia
1055 1992 1113 2016 sua
1129 1997 1159 2015 ».

407 2039 435 2070 6.
462 2038 497 2070 Et
520 2038 589 2070 ideo
605 2037 642 2070 ad
668 2037 764 2070 11111115
787 2037 944 2079 praecepti
962 2040 1079 2069 rectam
1102 2036 1277 2077 intelligen-

317 2092 408 2131 tiam,
433 2091 515 2133 quod
549 2100 633 2123 unus
658 2090 852 2132 Evangelista
880 2092 989 2131 negat,
1021 2089 1140 2122 seilicet
1164 2090 1277 2128 Lucas,

316 2146 396 2178 alius
421 2144 615 2186 Evangelista
645 2143 799 2182 affirmat,
832 2143 950 2176 scilicet
973 2143 1113 2181 Marcus,
1145 2145 1237 2175 sexto
1253 2142 1277 2182 ⁶,

316 2198 369 2230 ubi
394 2197 528 2229 dicitur:
558 2209 573 2224 t<
592 2196 627 2228 Et
651 2196 809 2238 praecepit
832 2196 877 2228 eis
901 2196 1003 2234 105115,
1027 2204 1067 2228 110
1090 2195 1167 2237 quid
1190 2195 1278 2228 tolle-

317 2254 388 2284 rent
412 2250 442 2282 in
467 2250 517 2282 via
547 2249 606 2282 nisi
631 2249 751 2291 virgam
776 2252 898 2282 tantum
923 2262 953 2280 ».
979 2250 1079 2291 Super
1110 2258 1174 2291 quo
1204 2248 1279 2282 dicit

317 2302 509 2345 Augustinus
523 2301 562 2334 de
577 2301 749 2334 Concordia
766 2301 1050 2343 Evangelistarum:
1073 2314 1089 2330 «
1101 2301 1278 2343 Utrumque

318 2359 520 2399 praeceptum
545 2358 592 2387 est
615 2364 633 2387 a
656 2355 802 2393 Domino,
827 2358 863 2388 ut
886 2355 963 2387 nihil
988 2355 1046 2388 nisi
1072 2355 1190 2397 virgam
1215 2354 1277 2387 fer-

391 2529 399 2543 ¹
420 2530 495 2555 Vers.
519 2530 562 2560 16,
586 2532 646 2561 post
671 2537 749 2562 quem
771 2530 827 2556 lsai.
847 2531 893 2560 61,
915 2531 939 2555 ’1.
952 2544 987 2549 -
1001 2530 1127 2562 Superius
1148 2533 1207 2562 post
1219 2529 1279 2563 Spi-

319 2574 389 2600 ritus
407 2574 496 2600 sancti
514 2574 571 2599 Vat.
591 2574 772 2607 prosequitur:
788 2575 823 2600 De
838 2575 924 2606 primo
944 2574 997 2608 [Ps.
1013 2574 1059 2605 44,
1082 2574 1147 2608 17.];
1167 2575 1221 2600 Pro
1232 2581 1280 2608 pa·
1308 2575 1314 2582 ¹

319 2618 405 2645 tribus
425 2618 478 2645 tuis
500 2617 559 2645 nati
582 2620 646 2645 sunt
665 2618 712 2645 tibi
729 2618 780 2653 filii
798 2622 845 2644 etc.
873 2619 956 2644 Lucas
980 2618 1038 2652 [10,
1065 2618 1133 2652 16.];
1155 2618 1209 2650 Qui
1232 2626 1279 2645 vos

319 2662 395 2690 audit
413 2670 456 2689 me
473 2662 563 2694 audit,
584 2664 607 2689 et
625 2662 674 2696 qui
692 2670 738 2689 vos
757 2662 860 2696 spernit
878 2670 920 2689 me
933 2663 1049 2696 spernit,
1068 2662 1115 2696 qui
1133 2665 1224 2689 autem
1237 2670 1279 2689 me

319 2707 422 2741 spernit
445 2707 548 2741 spernit
567 2714 629 2732 eum
648 2706 696 2740 qui
716 2706 789 2733 misit
808 2714 859 2733 me.
881 2707 955 2732 Unde
974 2706 1078 2732 dicebat
1098 2707 1188 2732 Petrus
1210 2708 1279 2732 Ana-

320 2752 377 2777 niae
398 2751 463 2785 [Act.
484 2752 512 2782 5,
533 2750 583 2784 4,];
604 2751 665 2777 Non
690 2758 716 2777 es
735 2751 861 2777 mentitus
887 2750 1054 2782 hominibus,
1080 2750 1128 2777 sed
1151 2751 1205 2777 Deo
1226 2754 1276 2776 etc.

321 2796 357 2821 De
377 2796 492 2821 secundo
512 2795 552 2829 [ll.
573 2795 631 2821 Cor.
650 2795 678 2826 4,
699 2794 752 2828 5.]:
772 2795 834 2821 Non
858 2794 929 2821 enim
947 2794 1123 2828 nosmetipsos
1139 2794 1278 2828 praedica-

320 2847 382 2865 mus
401 2843 449 2865 etc.
476 2841 505 2864 Et
524 2839 585 2864 item
606 2840 645 2871 [ll.
664 2838 721 2864 Cor.
744 2839 789 2869 12,
819 2838 885 2872 14.];
907 2839 968 2865 Non
986 2838 1057 2864 enim
1082 2846 1184 2872 quaero
1210 2846 1279 2873 quae

321 2885 411 2910 vestra
428 2885 506 2915 sunt,
526 2883 572 2909 sed
585 2890 639 2909 vos.
661 2883 697 2908 De
716 2883 804 2908 tertio:
820 2882 902 2909 Posui
918 2889 979 2914 vos,
999 2884 1030 2909 ut
1048 2883 1114 2909 eatis
1133 2886 1181 2908 etc.
1197 2898 1230 2901 —
1245 2884 1279 2908 ln-

323 2927 402 2953 serius
420 2934 468 2959 pro
488 2927 521 2953 Et
540 2927 587 2960 qui
604 2926 642 2952 sie
662 2925 778 2953 mittitur
798 2927 816 2951 B
836 2925 881 2952 Sic
900 2926 1008 2952 missus.

392 2971 403 2987 ²
424 2971 498 2996 Vers.
518 2971 547 3001 7,
575 2970 619 2995 ubi
639 2974 699 3002 post
723 2969 858 2995 mundum
884 2970 994 3002 Vulgata
1015 2971 1182 3003 prosequitur
1205 2969 1280 2996 haud

323 3014 449 3046 dubium,
470 3014 541 3048 qnod
559 3021 607 3040 nec
626 3014 737 3047 auferre
756 3018 805 3039 etc.

393 3057 403 3072 ⁸
424 3059 499 3084 Vers.
518 3059 543 3084 7.
565 3072 600 3077 —
623 3058 748 3090 Superius
774 3065 821 3090 pro
845 3058 1051 3085 sustentamenti
1074 3059 1133 3085 Vat.
1148 3058 1282 3092 praesidii

323 3102 490 3137 temporalis.

393 3145 404 3160 ⁴¹
423 3147 515 3172 Psalm.
537 3147 583 3178 54,
606 3147 654 3172 23:
674 3147 748 3173 lacta
767 3153 848 3180 super
864 3146 1009 3173 Dominum
1025 3153 1124 3173 curam
1142 3148 1218 3173 tuam
1231 3149 1279 3172 etc.

323 3191 439 3217 Thomas
457 3192 491 3217 de
510 3191 620 3223 Celano,
640 3192 698 3217 Vita
718 3192 802 3224 prima
823 3192 849 3216 S.
866 3191 994 3217 Francisci
1009 3192 1102 3222 Assia,
1125 3198 1146 3217 c.
1168 3192 1209 3217 12.
1233 3192 1280 3217 ait:

324 3236 380 3267 lpse
400 3235 573 3269 [Franciscus]
589 3243 666 3266 vcro,
680 3236 830 3268 amplexans
849 3242 895 3261 eos
913 3235 1099 3269 [suscipientes
1117 3235 1281 3262 obedientiae

324 3280 498 3312 mandatum,
512 3280 622 3305 dulciter
641 3283 666 3305 et
678 3280 774 3306 devote
792 3279 896 3305 dicebat
909 3276 1034 3311 5108111151Ι
1048 3280 1120 3306 lacta
1134 3279 1281 3314 cogitatum

324 3325 401 3350 tuum
421 3324 449 3350 in
474 3324 601 3356 Domino,
627 3326 652 3350 et
676 3324 731 3357 ipse
756 3326 780 3350 te
799 3323 921 3351 enutriet.
946 3325 999 3350 Hoc
1025 3324 1137 3350 verbum
1163 3324 1280 3355 dicebat,

324 3369 427 3401 quoties
446 3369 477 3394 ad
498 3368 672 3394 obedientiam
689 3370 779 3394 trau-es
799 3369 901 3401 aliquos
914 3368 1112 3394 transmittebat.
1125 3368 1176 3394 cfr.
1195 3370 1221 3394 S.
1235 3369 1281 3394 Bo-

325 3419 398 3443 nav.,
418 3413 540 3444 Legenda
560 3413 585 3438 S.
605 3413 696 3438 Franc.
716 3420 738 3438 c.
759 3414 783 3438 3.

915 250 1107 283 COMMENT.
1134 251 1170 282 ΙΝ
1194 250 1432 283 EVANGELlUM
1457 250 1573 282 LUCAE
1598 249 1630 282 C.
1656 250 1702 282 lx.

1335 342 1419 376 rent,
1444 342 1475 371 et
1498 341 1534 370 ut
1557 347 1614 370 nec
1638 338 1758 380 virgam
1785 337 1912 370 ferrent.
1944 338 2081 380 Virqam
2105 347 2171 370 non
2201 336 2293 379 ferre
2312 346 2446 373 Spu-imaus*

1334 395 1381 424 est
1404 391 1571 424 sollicitum
1596 400 1658 423 non
1682 399 1768 428 esse;
1793 389 1878 423 nihil
1899 390 1989 433 ferre
2005 391 2074 423 nisi
2087 390 2221 433 virqam
2247 394 2294 423 est
2333 378 2416 394 mm
2445 382 2446 392 ¹

1334 444 1380 477 uti
1408 453 1555 477 concessa
1585 444 1854 486 praedicatoribus
1884 444 2055 486 accipiendi
2086 447 2239 486 potestate
2262 457 2292 476 ».

1334 497 1420 530 Unde
1456 498 1556 529 Lucae
1590 497 1711 530 decimo
1728 497 1762 528 ⁷:
1792 510 1808 525 a
1832 496 2054 529 Manducantes
2088 500 2119 529 et
2152 496 2295 529 bibentes

1335 558 1416 591 quae
1440 549 1523 590 apud
1547 549 1615 581 11105
1639 552 1712 581 sunt
1729 563 1759 581 n.
1789 568 1830 572 —
1860 549 2027 581 Litteratis
2050 552 2155 582 autem
2187 549 2294 582 obser-
2306 557 2442 588 minorantur

1336 602 1441 634 vantia
1468 602 1559 635 istius
1590 602 1748 644 praecepti
1780 605 1827 634 est
1858 601 2071 643 perfectorum
2102 601 2295 644 praedicato·
2323 586 2435 606 ‘mmm

1336 663 1428 692 rum,
1452 654 1588 696 perfecte
1611 654 1770 687 Christum
1788 654 1993 693 imitantium;
2017 654 2048 686 in
2074 663 2212 696 quorum
2229 662 2297 696 per-

1336 716 1412 740 sona
1429 707 1538 740 Petrus
1562 707 1706 740 Matthaei
1722 707 1843 740 decimo
1866 716 1949 740 nono
1962 707 1993 739 8:
2024 720 2038 735 α
2055 707 2149 746 Ecce,
2174 715 2231 740 nos
2247 715 2297 739 re-

1336 760 1487 802 liquimus
1509 760 1614 792 omnia
1637 764 1667 793 et
1691 760 1789 793 secuti
1814 769 1925 793 sumus
1950 764 1980 793 te
1996 773 2026 792 ».
2052 760 2110 793 Sed
2134 755 2297 802 spiritua-
2315 769 2375 794 nem,
2389 769 2451 800 „spiri-¹

1337 812 1378 845 tis
1401 813 1601 846 observantia
1623 813 1660 846 ad
1678 822 1786 846 omnes
1809 822 1842 846 se
1866 813 2025 852 extendit,
2042 817 2078 846 ut
2100 813 2298 855 praedicator
2342 796 2413 818 mam

1336 865 1478 897 veritatis
1517 865 1558 898 sit
1592 869 1787 907 contemptor
1819 866 2050 905 terreneitatis;
2080 866 2236 908 alioquin,
2271 866 2297 898 si

1337 918 1525 950 annuntiant
1555 918 1689 951 verbum
1722 918 1777 951 Dei
1801 918 1971 960 cupiditate
2003 918 2101 957 lucri,
2130 928 2192 952 non
2224 923 2298 951 sunt

1336 970 1480 1013 discipuli
1505 971 1639 1010 Christi,
1672 971 1725 1004 sed
1750 972 1872 1004 Balaam
1904 971 2015 1004 harioli
2027 980 2038 1010 ,·
2063 971 2237 1004 secundum
2262 971 2298 1004 il—

1337 1024 1392 1056 lud
1408 1024 1564 1057 secundae
1584 1025 1664 1057 Petri
1682 1025 1820 1058 secundo
1834 1025 1864 1057 ⁹:
1892 1038 1906 1053 a
1923 1025 1982 1057 Cor
1999 1025 2208 1058 exercitatum
2226 1034 2299 1057 ava-

1338 1077 1410 1109 ritia
1426 1077 1594 1117 habentes,
1612 1078 1837 1111 maledictionis
1854 1078 1925 1117 filii,
1941 1078 2196 1120 derelinquentes
2216 1078 2297 1111 viam

1338 1134 1456 1163 rectam
1481 1144 1511 1169 »,
1536 1130 1566 1163 id
1590 1134 1637 1163 est
1668 1131 1879 1173 paupertatis3
1915 1131 1953 1164 de
1984 1140 2048 1173 qua
2071 1131 2103 1163 hi
2133 1144 2148 1159 α
2173 1140 2299 1164 errave-

1339 1187 1431 1222 runt,
1456 1183 1555 1216 secuti
1580 1184 1661 1216 viam
1687 1184 1828 1223 Balaam,
1853 1184 1908 1226 qui
1932 1184 2110 1217 mercedem
2125 1184 2300 1226 iniquitatis

1338 1237 1500 1269 amavit».
1517 1256 1561 1260 —
1577 1237 1663 1270 Unde
1687 1237 1883 1279 praedicator
1911 1237 2051 1270 veritatis
2075 1246 2171 1279 super
2195 1237 2300 1270 omnia
2319 1247 2444 1269 Notandum.

1338 1290 1438 1323 vitare
1455 1290 1547 1323 debet
1564 1290 1674 1323 vitium
1692 1290 1885 1332 cupiditatis;
1903 1290 2042 1333 alioquin
2060 1299 2120 1323 non
2137 1290 2197 1323 erit
2209 1298 2300 1332 prae-

1338 1343 1474 1382 dicator,
1499 1344 1553 1376 sed
1576 1343 1730 1376 adulator.
1750 1344 1879 1386 Propter
1899 1343 1987 1386 'quod
2004 1343 2124 1386 primae
2148 1343 2187 1376 ad
2203 1343 2299 1377 Thes-

1339 1397 1547 1429 salonicenses
1570 1397 1708 1430 secundo
1723 1397 1765 1429 ¹⁰:
1795 1410 1810 1426 α
1828 1398 1933 1439 Neque
1951 1397 2118 1439 aliquando
2135 1396 2252 1430 fuimus
2267 1397 2299 1430 in

1339 1458 1483 1482 sermone
1507 1449 1711 1488 adulationis,
1736 1450 1818 1482 sicut
1833 1450 1936 1489 scitis,
1962 1459 2065 1492 neque
2084 1450 2115 1482 in
2139 1449 2300 1482 occasione

1339 1502 1503 1540 avaritiae,
1527 1502 1612 1535 Deus
1643 1503 1734 1535 testis·
1754 1506 1847 1535 est».
1873 1503 1994 1536 Sciebat
2018 1503 2118 1542 enim,
2150 1503 2235 1545 quod
2258 1512 2300 1536 ex

1340 1556 1399 1588 hoc
1423 1556 1501 1588 iram
1528 1556 1581 1588 Dei
1607 1560 1807 1597 provocaret,
1832 1556 1915 1589 sicut
1929 1556 2045 1589 dicitur
2069 1557 2225 1590 Michaeas
2242 1560 2300 1590 ter-

1340 1609 1397 1641 tio:
1419 1621 1434 1637 <t
1452 1609 1610 1650 Principes
1633 1609 1702 1641 eius
1725 1609 1756 1641 in
1782 1609 1966 1642 muneribus
1990 1610 2184 1649 iudicabant,
2209 1613 2240 1642 et
2256 1618 2301 1642 sa·

1339 1662 1481 1695 cerdotes
1500 1662 1569 1694 01115
1592 1662 1623 1694 111
1640 1662 1784 1695 mercede
1806 1662 1973 1701 docebant,
1991 1667 2021 1694 et
2045 1662 2216 1704 prophetae
2232 1662 2301 1695 01115

1339 1714 1370 1746 in
1395 1714 1528 1756 pecunia
1552 1714 1765 1747 divinabant»
1794 1718 1852 1747 etc.
1875 1708 1955 1747 «Ob
1980 1715 2060 1747 hanc
2085 1723 2211 1747 causam
2229 1715 2300 1747 Sion

1339 1768 1427 1810 quasi
1452 1777 1527 1810 ager
1550 1768 1692 1800 arabitur
1710 1781 1724 1796 »
1753 1772 1811 1800 etc.

1399 1845 1408 1848 ⁴
1430 1824 1459 1854 7.
1485 1821 1626 1854 Secundo
1651 1826 1806 1864 quantum
1838 1821 1877 1854 ad
1902 1822 2093 1854 tenuitatem
2118 1821 2154 1854 in
2183 1821 2301 1854 vestitu
2315 1830 2452 1862 Detenujtat·

1339 1875 1505 1908 subditur:
1531 1874 1640 1918 Neque
1656 1875 1744 1907 (tuas
1760 1875 1892 1908 tunicas
1915 1874 2080 1914 habeatis,
2105 1878 2141 1907 ut
2164 1875 2208 1907 sic
2229 1883 2302 1907 con·
2327 1864 2350 1879 ¹¹¹
2365 1860 2447 1879 ’.ΘΒΜ

1340 1928 1449 1961 cordet
1471 1928 1613 1960 doctrina
1636 1928 1772 1970 Magistri
1801 1929 1962 1962 doctrinae
1987 1928 2222 1968 Praecursoris,
2253 1937 2301 1961 se-

1341 1980 1480 2013 cundum
1498 1980 1575 2013 illud
1592 1981 1692 2013 Lucae
1718 1982 1809 2014 tertio
1823 1982 1863 2014 ¹¹:
1886 1982 1973 2023 «Qui
1998 1982 2093 2015 habet
2116 1981 2195 2014 duas
2217 1981 2302 2014 tuni—

1341 2043 1393 2066 cas
1424 2033 1476 2066 det
1511 2043 1606 2066 unam
1642 2043 1704 2066 non
1740 2034 1866 2067 habenti
1884 2047 1918 2073 »3
1954 2039 1984 2068 et
2019 2034 2192 2068 secundum
2224 2034 2302 2067 illud

1341 2086 1477 2128 Apostoli
1508 2087 1628 2128 primae
1658 2087 1697 2119 ad
1731 2088 1930 2121 Timotheum
1962 2092 2074 2121 sexto:
2113 2101 2128 2117 <‹
2149 2088 2302 2121 Habentes

1341 2139 1489 2172 alimenta
1517 2143 1548 2172 et
1579 2140 1696 2182 quibus
1719 2143 1878 2182 tegamur,
1903 2141 1953 2174 his
1984 2141 2120 2174 contenti
2144 2141 2243 2174 simus
2270 2153 2300 2172 ».

1342 2193 1373 2225 ln
1398 2193 1458 2225 hoc
1481 2196 1602 2232 autem,
1627 2193 1711 2235 quod
1728 2202 1789 2225 non
1807 2194 1953 2235 prohibet
1976 2194 2109 2236 simplex
2134 2194 2302 2227 vestimen·
2322 2204 2448 2226 Notandum.

1342 2250 1425 2286 tum,
1443 2246 1497 2279 sed
1513 2246 1647 2288 dupleX,
1666 2246 1807 2279 concedit
1822 2246 2037 2281 necessitatem
2053 2250 2084 2279 et
2100 2249 2184 2280 vetat
2199 2246 2302 2280 curio-

1342 2300 1464 2333 sitatem
1488 2300 1520 2333 in
1544 2300 1717 2333 mutatione
1734 2303 1765 2333 et
1781 2300 2032 2342 superfluitatem
2049 2300 2080 2332 in
2097 2300 2300 2342 possessione.

1342 2354 1428 2387 Unde
1456 2354 1590 2387 Beda1‘2:
1621 2367 1636 2382 α
1654 2353 1798 2396 Simplex
1825 2354 2046 2387 vestimentum
2075 2357 2123 2386 est
2149 2353 2303 2396 quidquid

1415 2528 1425 2543 ⁶
1446 2530 1521 2555 Vei-s.
1540 2529 1582 2554 34.
1605 2543 1636 2547 —
1656 2529 1693 2554 De
1712 2529 1837 2554 sententia
1857 2530 1980 2560 August..
2000 2536 2068 2561 quae
2088 2528 2198 2554 habetur
2217 2529 2245 2554 11.
2270 2528 2303 2553 de

1343 2573 1477 2600 Consensu
1498 2573 1654 2605 Evangelist.
1679 2580 1700 2598 c.
1722 2573 1763 2598 30.
1789 2580 1814 2598 11.
1833 2572 1876 2598 73.
1896 2572 1984 2605 seqq„
2004 2572 2065 2598 vide
2090 2572 2169 2604 paulo
2187 2572 2303 2597 inferius.

1343 2618 1395 2644 Csr.
1415 2619 1464 2651 Qq.
1484 2618 1580 2649 disput.
1600 2617 1633 2643 de
1652 2617 1810 2642 Persectione
1829 2624 1924 2648 evang.
1943 2624 1968 2649 q.
1990 2617 2014 2642 2.
2033 2624 2056 2642 a.
2077 2618 2101 2642 2.
2121 2617 2240 2642 fundam.
2260 2616 2285 2641 3.

1414 2660 1425 2675 ⁶
1447 2663 1520 2687 vers.
1540 2663 1564 2687 8.
1584 2661 1680 2687 Codd.:
1702 2661 1776 2687 Nihil
1789 2661 1903 2688 tuleritis
1922 2661 1977 2687 nisi
1995 2661 2111 2694 virgam.
2124 2675 2158 2680 —
2173 2660 2303 2686 Sententia

1344 2707 1454 2738 August.
1475 2706 1518 2732 (11.
1537 2705 1570 2730 de
1590 2705 1724 2731 consensu
1745 2705 1903 2737 Evangelist.
1923 2712 1944 2730 c.
1966 2705 2007 2730 30.
2022 2712 2048 2730 11.
2067 2704 2111 2729 73.
2130 2704 2216 2737 seqq.)
2236 2704 2303 2729 exhi-

1344 2750 1421 2776 betur
1441 2749 1530 2775 verbis
1549 2750 1656 2774 61055οο
1675 2748 1832 2775 ordinariae
1852 2749 1877 2774 in
1897 2749 1960 2774 Luc.
1980 2749 2009 2779 9,
2030 2749 2054 2773 3.

1414 2792 1424 2807 ⁷
1446 2794 1519 2819 Vers.
1538 2793 1562 2818 7.
1583 2792 1665 2819 Codd.
1686 2795 1824 2824 perperam
1845 2793 1958 2824 allegant
1977 2792 2072 2818 Matlh.
2093 2790 2136 2818 10.

1415 2836 1426 2851 ⁸
1447 2838 1521 2862 Vei-s.
1540 2837 1583 2863 27.
1604 2851 1637 2855 —-
1657 2837 1784 2868 Superius
1804 2837 1915 2862 vocibus
1931 2837 2115 2870 perfectorum
2136 2835 2303 2870 praedicato·

1342 2889 1406 2908 rum
1427 2883 1483 2907 Vat.
1504 2882 1624 2913 praefigit
1641 2880 1805 2914 ememplum.

1413 2925 1424 2939 ⁹
1445 2926 1518 2951 vers.
1540 2925 1582 2951 14.
1601 2929 1627 2950 et
1647 2925 1687 2950 15.
1707 2925 1790 2951 Codd.
1805 2926 1895 2958 legunt
1914 2925 1966 2952 Cor
1980 2925 2160 2952 excercitatum
2178 2925 2303 2952 acal-iliis

1344 2971 1412 3005 [Vat.
1433 2971 1461 2997 in
1479 2969 1608 3003 avaritia]
1628 2973 1676 2995 etc.
1697 2970 1733 2995 De
1754 2971 1855 2996 Balaam
1876 2972 1922 2996 cfr.
1943 2971 2018 2996 Num.
2038 2971 2085 3001 22,
2105 2970 2129 2995 5.
2149 2977 2224 3003 seqq.

1416 3014 1438 3029 ¹⁰
1457 3016 1531 3040 Vers.
1551 3014 1574 3039 5.
1595 3028 1630 3033 -
1650 3014 1766 3040 Subinde
1779 3015 1924 3046 allegantur
1938 3015 2013 3040 Mich.
2027 3015 2052 3046 3,
2068 3015 2076 3039 1
2089 3014 2109 3039 Ι.
2125 3017 2150 3040 et
2165 3015 2205 3039 ⁴2.
2219 3013 2302 3040 Codd.

1344 3060 1363 3085 Α
1374 3059 1393 3086 C
1405 3060 1426 3085 D
1445 3059 1572 3093 Princeps
1586 3058 1642 3085 eius
1660 3058 1688 3084 in
1700 3058 1858 3086 muneribus
1874 3058 2023 3091 iudicabat,
2037 3059 2133 3084 omisso
2148 3059 2218 3092 (rum
2239 3059 2258 3084 G
2270 3059 2302 3091 H)

1344 3106 1368 3130 et
1387 3103 1536 3130 sacerdotes
1556 3102 1612 3129 eius
1638 3103 1664 3129 in
1689 3100 1809 3130 met-tede
1829 3103 1964 3130 docebant.
1993 3104 2066 3129 vers.
2094 3103 2135 3128 ⁴2.
2156 3103 2301 3129 secundum

1345 3149 1499 3180 Vulgatam2
1519 3148 1632 3181 Propter
1651 3147 1712 3179 hoc,
1733 3155 1817 3175 causa
1846 3148 1943 3180 vestri,
1963 3147 2029 3175 Sion
2048 3151 2096 3173 etc.
2119 3161 2154 3166 —
2177 3147 2303 3179 Superius

1344 3196 1404 3224 post
1422 3199 1477 3218 non
1496 3191 1547 3218 erit
1563 3191 1738 3225 praedicator
1758 3193 1815 3218 Vat.
1834 3192 1907 3218 addit
1926 3191 2054 3218 veritatis.

1416 3235 1436 3250 ¹¹
1458 3237 1532 3262 Vers.
1554 3236 1602 3266 11,
1622 3239 1681 3267 post
1704 3244 1783 3269 quem
1807 3237 1823 3261 Ι.
1844 3237 1913 3262 Tim.
1932 3237 1961 3268 6,
1981 3237 2006 3261 8.

1416 3278 1437 3294 ¹²
1457 3280 1525 3305 ilaec
1546 3279 1626 3305 verba
1646 3281 1720 3306 affert
1737 3280 1825 3306 Glossa
1847 3279 1989 3306 ordinaria
2012 3279 2039 3304 in
2058 3280 2121 3305 Luc.
2140 3279 2170 3310 9,
2190 3279 2219 3310 3,
2234 3279 2303 3305 Beda

1345 3324 1388 3356 (11.
1408 3324 1431 3349 111
1451 3324 1514 3350 Luc.
1539 3324 1569 3355 9,
1598 3324 1633 3356 3.)
1660 3324 1849 3356 Hieronymum
1876 3324 1908 3357 (1.
1935 3323 2080 3349 Commeut.
2105 3323 2129 3349 in
2149 3324 2235 3349 Mattli.
2257 3323 2303 3354 10,

1345 3369 1397 3400 10.)
1418 3375 1530 3401 sequens
1549 3368 1597 3394 ait:
1618 3369 1644 3394 ln
1663 3368 1768 3394 duabus
1787 3368 1881 3394 tunicis
1900 3368 2005 3394 videtur
2025 3367 2088 3393 mihi
2105 3367 2199 3399 duplex
2219 3371 2303 3393 osten-

1345 3413 1408 3438 dere
1427 3412 1630 3443 vestimentun1;
1655 3420 1706 3438 non
1725 3412 1797 3445 quod
1823 3413 1848 3438 in
1875 3413 1937 3438 locis
1965 3412 2087 3443 Scythiae
2113 3412 2213 3444 glaciali
2242 3412 2303 3437 nive
