2476 3921
18 763 75 789 item,
83 767 165 784 manus.

62 1482 150 1504 Divisio.

22 2029 148 2053 Subdivisio.

19 2580 90 2611 Tertia
106 2580 160 2602 divi-

68 2613 108 2629 sio.

746 239 941 272 COMMENT.
966 239 1003 272 IN
1029 239 1268 274 EVANGELIUM
1292 241 1410 274 LUCAE
1434 242 1466 275 C.
1491 243 1593 277 XXlV.

169 329 324 372 primum
341 332 556 371 unguentum,
573 331 648 362 sunt
672 331 764 361 recta
783 327 935 368 intencio,
959 328 1063 370 firma
1086 333 1137 361 at-

175 383 273 415 tentio
296 386 328 415 et
357 382 418 425 pia
441 381 578 426 affectio.
611 381 746 421 Herhae,
763 381 881 423 quibus
903 381 1070 414 coniicitur
1089 390 1138 413 se-

173 435 323 468 cundum
346 439 564 478 unguentum,
588 437 664 468 sunt
683 434 797 477 pudor
827 433 1011 473 commissi,
1043 434 1138 467 dolor

173 489 294 522 amissi
316 492 348 522 et
371 489 471 522 timor
487 484 609 522 iudicii
621 489 642 521 ¹.
664 488 805 527 Herbae,
830 487 948 530 quibus
971 487 1138 521 coniicitur

173 542 308 575 tertium
331 544 549 585 unguentum,
573 544 648 574 sunt
678 540 758 584 fidei
779 540 972 580 instructio,
1003 550 1139 574 morum

172 594 391 638 informatio,
423 595 583 628 vitiorum
608 594 800 637 increpatio.
827 594 871 627 De
895 594 945 627 his
968 594 1139 637 unguentis

171 649 289 682 dicitur
308 649 553 682 Proverbiorum
573 648 725 691 vigesimo
748 648 922 690 septimo²:
945 648 1138 690 «Unguento

171 705 203 735 et
219 702 315 735 variis
337 702 489 735 odoribus
503 700 679 736 delectatur
703 710 772 741 cor,
797 701 935 735 ethonis
954 701 1046 734 amici
1063 710 1138 735 con-

172 755 249 789 siliis
271 755 377 788 anima
399 755 585 788 dulcoratur
602 769 633 787 ι».
652 773 693 778 -
711 755 876 797 Unguenta
892 755 1003 788 tertiae
1027 755 1138 788 mulie-

171 809 231 849 ris,
256 809 375 842 scilicet
397 818 540 848 manus,
573 811 648 842 sunt
669 812 789 851 septem
813 818 916 852 opera
947 808 1138 842 misericor-

2099 248 2162 280 587

1201 329 1278 362 diae
1291 329 1315 369 ³,
1339 330 1458 364 scilicet
1488 332 1640 374 hospitari
1665 334 1869 376 peregrinos,
1893 339 2001 377 potare
2033 336 2165 369 sitibun—

1201 382 1276 422 dos,
1312 383 1417 417 cibare
1452 385 1631 425 famelicos,
1668 387 1822 421 redimere
1858 388 2014 430 captivos,
2050 390 2164 422 vestire

1203 436 1322 475 nudos,
1347 437 1475 470 visitare
1491 438 1633 472 infirmos
1656 442 1686 472 et
1710 440 1843 481 sepelire
1860 444 2015 480 mortu0s;
2040 441 2079 474 de
2095 442 2165 484 qui-

1202 489 1264 522 bus
1287 490 1458 532 unguentis
1485 490 1617 524 Genesis
1648 493 1802 525 ultimo⁴:
1833 494 2025 536 «Praecepit
2056 495 2164 537 loseph

1204 542 1305 575 servis
1329 542 1395 575 suis
1417 543 1564 583 medicis,
1588 548 1624 577 ut
1640 546 1834 579 aromatibus
1858 547 2021 580 condirent
2045 551 2165 589 patrem

1204 604 1297 628 suum
1316 609 1331 625 n
1356 600 1434 635 etc.;
1458 599 1490 629 et
1524 596 1562 629 de
1585 597 1677 630 dictis
1700 599 1871 640 unguentis
1903 604 2005 641 potest
2036 601 2165 643 intelligi

1203 648 1281 682 illud
1304 648 1504 682 Canticorum
1539 649 1662 691 primo:
1691 663 1707 679 α
1732 651 1858 684 Meliora
1883 656 1957 684 sunt
1981 653 2080 685 ubera
2112 656 2166 686 tua

1203 702 1293 742 vino,
1317 702 1490 745 fragrantia
1513 703 1684 745 unguentis
1707 704 1833 745 optimis
1848 718 1879 736 n.
1905 705 1980 737 Nam
2005 709 2166 747 unguenta

1202 755 1323 798 primae
1340 756 1482 789 mulieris
1505 755 1606 795 bona,
1630 756 1786 790 secundae
1801 757 1959 797 meliora,
1977 758 2030 791 sed
2056 759 2166 791 tertiae

1203 808 1347 842 mulieris
1371 812 1446 842 sunt
1468 809 1603 852 optima.

1035 970 1219 1003 Clima-unum
1243 970 1345 1004 XXlV.

224 1132 310 1171 Pars
338 1132 399 1171 IV.
430 1132 482 1171 De
511 1131 774 1170 resurrectionis
802 1138 947 1184 tropaeo
975 1132 1088 1184 agitur

512 1194 799 1247 quadrupliciter.

267 1312 294 1343 1.
337 1311 412 1343 Una
446 1314 558 1343 autem
591 1310 731 1343 Sabbati
764 1310 860 1343 valde
894 1310 1041 1344 diluculo
1076 1313 1134 1344 etc.

170 1364 339 1407 Postquam
375 1364 572 1407 Evangelista
606 1363 670 1406 egit
692 1364 731 1397 de
763 1363 877 1397 Christi
903 1363 1135 1404 incarnatione,

170 1417 403 1460 praedicatione
426 1420 458 1450 et
489 1417 652 1459 passione,
686 1417 736 1450 hic
759 1417 899 1460 quarto⁵
923 1417 988 1460 agit
1018 1417 1057 1450 de
1085 1427 1136 1450 re—

169 1471 383 1504 surrectione.
410 1471 567 1504 Dividitur
598 1474 704 1504 autem
733 1480 808 1512 pars
831 1470 891 1504 ista
923 1471 953 1503 in
986 1474 1134 1513 quatuor.

170 1525 204 1557 In
227 1533 365 1567 quarum
390 1524 493 1567 prima
516 1524 621 1566 agitur
645 1524 684 1557 de
700 1523 897 1557 revelatione
920 1524 1136 1557 resurrectio-

169 1577 243 1616 nis;
267 1577 299 1610 in
323 1576 476 1616 secunda,
500 1576 539 1610 de
563 1576 777 1619 apparitione
793 1576 1018 1619 resurgentis,
1043 1576 1085 1610 ibi
1103 1577 1135 1610 ⁶:

172 1631 270 1669 Ecce,
295 1629 362 1662 duo
385 1640 425 1663 ex
449 1629 515 1663 illis
523 1641 535 1668 ‚·
559 1629 591 1662 in
615 1629 724 1668 tertia,
748 1629 787 1662 de
810 1629 1006 1662 certitudine
1029 1639 1137 1672 appa-

170 1683 324 1722 ritionis,
349 1683 410 1716 ibi:
437 1684 478 1716 Et
499 1687 671 1725 suryentes
694 1683 808 1716 eadem
825 1681 928 1722 lwra;
951 1683 983 1716 in
1004 1687 1136 1726 quarta,

170 1737 209 1771 de
230 1737 458 1780 divulyatione
481 1736 692 1769 certitudinis
708 1736 878 1776 veritatis,
903 1736 964 1770 ibi:
995 1737 1057 1769 Vos
1072 1746 1136 1770 au-

171 1794 233 1823 tem
255 1789 333 1823 estis
356 1793 449 1823 testes
472 1788 594 1822 ltorum
619 1792 677 1823 etc.

202 1879 332 1919 Primo,
355 1878 395 1911 de
418 1878 616 1912 revelatione
639 1879 897 1912 resurrectionis
921 1878 1105 1922 tripliciter.

260 1967 351 2001 Circa
374 1967 605 2000 revelationem
626 1967 884 2000 resurrectionis·
915 1967 1135 2009 explicandam

170 2021 232 2054 tria
254 2020 503 2054 introducuntur
526 2021 566 2053 ab
590 2020 800 2063 Evangelista,
825 2020 943 2053 scilicet
966 2020 1136 2053 revelatio-

170 2075 224 2108 nis
248 2074 394 2113 occasio,
418 2073 457 2107 de
481 2083 544 2116 qua
567 2073 672 2116 agitur
695 2073 816 2115 primo;
840 2073 1051 2106 revelationis
1067 2082 1136 2106 cer-

172 2127 297 2167 titudo,
321 2127 360 2160 de
383 2136 447 2169 qua
463 2126 620 2166 secundo,
644 2126 687 2159 ibi
701 2124 728 2158 ⁷:
754 2127 795 2159 Et
813 2124 944 2169 factum
968 2129 1031 2165 est,
1055 2125 1136 2158 dum

170 2185 274 2214 mente
305 2184 553 2218 consternatae,-
584 2183 616 2213 et
646 2179 857 2212 revelationis
887 2177 1135 2222 manifestatio,

171 2235 210 2268 de
225 2243 289 2277 qua
313 2234 407 2267 tertio
417 2259 424 2273 ,
442 2233 503 2266 ibi:
519 2234 563 2266 Et
578 2242 749 2278 regressae
765 2242 788 2265 a
807 2236 1033 2272 monumento,
1049 2241 1136 2265 nun-

173 2288 342 2321 tiaverunt
365 2286 454 2320 haec.

267 2375 388 2410 Occasio
411 2374 614 2410 revelationis
637 2373 828 2410 describitur
852 2373 954 2420 quoad
976 2373 1046 2409 du0.

264 2465 401 2498 Occasio
424 2468 550 2505 autem,
574 2467 611 2498 ut
633 2464 749 2498 Christi
766 2464 960 2498 resurrectio
981 2464 1137 2497 revelare-

172 2522 243 2558 tur,
275 2518 336 2555 fuit
365 2518 521 2551 adventus
552 2518 723 2555 mulierum
751 2517 791 2550 ad
821 2517 983 2551 Christum
1017 2527 1138 2560 ungen—

172 2572 267 2612 dum;
292 2571 376 2604 circa
399 2571 484 2614 quod
506 2571 571 2624 duo
587 2574 781 2614 tanguntur,
805 2571 924 2605 scilicet
947 2572 1067 2604 modus
1086 2581 1137 2604 ve-

172 2624 287 2658 niendi
308 2625 355 2657 ad
384 2624 577 2666 sepulerum
605 2624 810 2658 dominicum
845 2627 876 2658 et
906 2625 1026 2658 modus
1049 2624 1138 2657 inve-

172 2677 288 2711 niendi
309 2677 498 2721 sepulcrum
523 2687 680 2711 vacuum.

246 2878 256 2893 ¹
277 2878 328 2906 Csr.
348 2886 428 2912 supra
449 2886 509 2911 pag.
532 2879 596 2911 183,
615 2881 675 2904 nota
695 2879 720 2904 6.

246 2922 257 2937 ²
277 2923 351 2950 vers.
370 2924 400 2955 9,
420 2923 466 2949 ubi
485 2922 504 2949 C
516 2923 567 2949 DG
587 2924 611 2951 et
628 2922 658 2949 in
676 2921 778 2949 bonis...
800 2922 999 2950 dulcorabitur.

249 2966 260 2981 ⁹
279 2968 317 2993 De
335 2967 434 3001 quibus
453 2969 501 2994 cfr.
521 2967 563 2993 lV.
582 2969 651 2993 sent.
671 2967 698 2993 d.
718 2966 761 2993 15.
780 2974 807 2999 p.
826 2967 855 2993 ll.
873 2966 937 2994 dub.
957 2968 982 2993 2.

246 3011 257 3026 ⁴
277 3012 353 3038 Vers.
372 3013 397 3038 2.
418 3027 452 3031 —
471 3012 595 3046 Sequitur
613 3011 685 3039 Cant.
707 3012 731 3043 4,
751 3011 776 3037 t.
795 3018 851 3045 seq.
874 3010 927 3038 Cir.
945 3011 1023 3038 Card.
1044 3012 1136 3044 nugo,

175 3056 222 3089 qui
239 3056 318 3082 etiam
338 3057 405 3082 hanc
423 3056 557 3088 duplicem
578 3056 702 3082 moralem
715 3055 904 3088 expositionem
917 3056 1065 3082 secundum
1078 3057 1138 3082 Gre-

176 3106 233 3131 gor.
253 3102 279 3125 et
297 3099 422 3126 Bernard.
441 3099 554 3126 exhibet.

247 3141 258 3156 ⁶
276 3142 327 3169 Cir.
347 3150 427 3175 supra
448 3143 566 3169 prooem.
585 3150 610 3169 n.
630 3144 672 3169 23.
692 3146 718 3169 et
736 3150 760 3169 c.
780 3143 805 3169 l.
822 3150 849 3169 n.
867 3143 895 3169 7.

246 3183 258 3200 ⁶
277 3186 353 3212 Vers.
374 3187 406 3212 43
422 3196 428 3213 :
445 3187 481 3214 Et
498 3193 556 3214 ecce
574 3191 637 3220 etc.;
667 3187 740 3213 tertia
769 3194 831 3220 pars
859 3187 949 3220 incipit
967 3194 993 3213 v.
1013 3187 1061 3220 33,
1088 3194 1137 3220 pro

176 3237 231 3262 quo
250 3229 310 3256 Vnt.
331 3237 471 3263 perperam
491 3238 517 3257 v.
537 3230 588 3257 45:
610 3231 685 3258 Tunc
703 3231 813 3265 aperuit
829 3234 898 3263 etc.;
916 3234 1009 3265 quarta
1029 3238 1056 3257 v.
1076 3230 1118 3257 48.

248 3271 258 3287 ⁷
278 3273 355 3303 Vers,
377 3274 392 3299 4
403 3283 410 3305 ;
430 3274 534 3300 tertium
555 3273 666 3300 habetur
685 3282 712 3301 v.
731 3275 757 3301 9.

248 3314 259 3331 ⁸
278 3318 313 3343 lta
332 3317 411 3348 etiem
430 3317 515 3350 Beda,
533 3317 611 3345 Card.
630 3319 707 3352 lingo
725 3322 752 3346 et
769 3319 798 3346 B.
817 3319 915 3346 Albert.
926 3330 933 3351 ;
952 3319 1057 3353 aliquae
1075 3318 1136 3345 edd.

177 3361 307 3394 Vulgatae
320 3363 501 3395 paraverunt.

248 3403 260 3420 ⁹
279 3405 354 3432 Vers.
375 3405 401 3431 6.
420 3408 446 3432 et
464 3406 489 3432 8.
508 3406 712 3440 Theophylact.‚
740 3407 766 3434 in
794 3409 857 3435 Luc.
882 3408 931 3440 24,
952 3408 1033 3434 t-ts:
1052 3408 1135 3434 Unam

1291 1134 1321 1166 2.
1347 1133 1448 1174 (Vers.
1477 1134 1530 1174 1.).
1554 1133 1658 1167 Primo
1674 1134 1772 1177 igitur
1788 1138 1942 1177 quantum
1966 1134 2004 1167 ad
2028 1135 2163 1168 modum

1200 1187 1353 1220 veniendi
1375 1187 1421 1220 ad
1452 1191 1703 1221 monumentum
1726 1188 1819 1221 dicit:
1849 1188 1923 1221 Una
1946 1193 2056 1222 autem
2081 1189 2162 1222 Sab-

1201 1239 1272 1273 bati
1286 1239 1381 1273 valde
1404 1240 1551 1273 diluculo
1567 1245 1728 1274 venerunt
1743 1241 1790 1274 ad
1804 1246 2070 1281 monumentum,
2084 1251 2164 1285 por-

1201 1297 1311 1326 tantes
1334 1303 1420 1337 quae
1448 1294 1686 1336 paraverant⁸
1710 1299 1887 1334 aromata,
1913 1296 2031 1329 scilicet
2054 1296 2164 1329 mulie-

1201 1355 1261 1379 res.
1279 1346 1316 1378 Et
1335 1346 1576 1386 attendendum,
1594 1347 1678 1389 quod
1697 1347 1879 1380 Sabbatum
1900 1348 2016 1381 dicitur
2034 1353 2097 1381 tota
2113 1349 2164 1382 illa

1200 1398 1376 1440 septimana
1407 1398 1622 1438 sabbatizalis,
1654 1400 1730 1442 quia
1754 1404 1873 1443 septem
1896 1401 2008 1434 diebus
2031 1405 2099 1435 erat
2121 1402 2165 1435 se-

1200 1450 1368 1491 riandum3
1394 1451 1520 1484 Levitici
1545 1452 1699 1494 vigesimo
1720 1453 1813 1486 tertio
1826 1453 1857 1485 ⁹:
1880 1467 1895 1483 α
1913 1455 2036 1496 Septem
2053 1454 2165 1488 diebus

1200 1513 1310 1546 azyma
1333 1504 1547 1543 comedetis»,
1572 1508 1604 1537 et
1631 1505 1798 1539 «offeretis
1822 1506 2012 1539 sacrificium
2037 1507 2068 1540 in
2093 1507 2164 1550 igne

1200 1557 1333 1590 Domino
1357 1561 1476 1600 septem
1500 1557 1612 1591 diebus
1628 1571 1658 1590 n.
1685 1559 1720 1591 Et
1743 1559 1812 1592 ideo
1837 1563 1901 1592 tota
1924 1560 1977 1592 illa
1992 1560 2166 1602 septimana

1200 1610 1366 1644 dicebatur
1403 1611 1606 1651 Sabbatum,
1642 1612 1672 1645 in
1710 1612 1802 1646 cuius
1827 1605 1936 1655 'prima
1963 1613 2031 1653 die,
2064 1614 2095 1646 id
2119 1617 2167 1647 est

1201 1664 1358 1698 dominica
1381 1665 1449 1704 die,
1473 1674 1598 1698 summo
1621 1675 1713 1699 mane
1737 1670 1893 1700 venerunt
1916 1666 1955 1700 ad
1980 1676 2166 1701 monumen-

1202 1721 1288 1758 tum,
1313 1719 1389 1761 quia
1411 1719 1559 1758 decebat,
1583 1719 1669 1762 quod
1693 1720 1746 1753 illo
1769 1720 1836 1759 die,
1861 1730 1925 1763 quo
1960 1721 2063 1763 primo
2086 1721 2167 1754 facta

1201 1775 1271 1805 erat
1294 1773 1352 1805 lux
1366 1773 1404 1812 ¹⁰,
1429 1777 1613 1815 resurgeret
1635 1773 1781 1807 Christus
1797 1774 1835 1807 de
1844 1774 1992 1808 tenebris
2008 1775 2119 1808 mortis
2135 1778 2166 1808 et

1201 1826 1315 1859 inferni
1332 1826 1370 1859 ad
1388 1826 1489 1859 lucem
1515 1827 1606 1860 vitae.
1632 1827 1668 1859 Et
1692 1827 1761 1860 ideo
1777 1827 1843 1860 dies
1859 1827 1919 1861 ista
1934 1831 2066 1861 vocatur
2083 1838 2165 1868 una,

1201 1879 1276 1922 quia
1292 1879 1482 1921 principium
1499 1883 1547 1913 est
1562 1880 1775 1922 spiritualium
1796 1881 2059 1914 illuminationum
2085 1881 2167 1914 sicut

1201 1932 1306 1965 unitas
1330 1941 1556 1971 numerorum;
1579 1936 1612 1965 et
1643 1932 1713 1966 ideo
1736 1932 1865 1966 Genesis
1888 1933 1991 1975 primo
2005 1935 2050 1965 ¹¹:
2079 1947 2094 1963 α
2111 1934 2166 1966 Fa-

1200 1988 1286 2018 ctum
1311 1988 1360 2017 est
1383 1993 1513 2027 vespere
1536 1989 1568 2018 et
1590 1990 1696 2024 mane,
1721 1986 1787 2018 dies
1810 1990 1941 2018 unus».
1966 1986 2000 2018 {n
2025 1986 2084 2018 hoc
2108 1986 2165 2028 igi-

1201 2041 1255 2070 tur
1278 2037 1329 2070 die
1352 2037 1458 2071 decuit
1480 2038 1641 2071 Christum
1666 2047 1684 2070 a
1709 2038 1843 2071 mortuis
1868 2047 2052 2080 resurgere3
2076 2042 2108 2071 et
2131 2039 2162 2071 in

1200 2090 1253 2123 die
1275 2090 1467 2123 concordant
1490 2090 1617 2132 quidem
1652 2099 1762 2123 omnes
1797 2090 2028 2132 Evangelistae,
2053 2092 2107 2124 sed
2131 2092 2162 2124 in

1200 2143 1286 2176 liora
1305 2143 1461 2185 temporis
1484 2143 1632 2176 videntur
1655 2143 1832 2177 dissentire.

1290 2197 1320 2231 3.
1335 2197 1412 2230 Nam
1425 2197 1570 2230 Matthaei
1588 2197 1737 2239 vigesimo
1753 2202 1863 2230 octavo
1877 2198 1902 2217 ¹²
1919 2198 2053 2231 dicitur:
2077 2212 2092 2227 α
2105 2198 2163 2232 Ve-

1200 2258 1293 2293 spere
1316 2254 1422 2283 autem
1447 2250 1588 2290 Sabbati,
1613 2260 1694 2293 quae
1708 2251 1841 2291 lucescit
1857 2251 1888 2284 in
1906 2251 2009 2293 prima
2025 2251 2161 2291 Sabbati,

1200 2304 1286 2337 venit
1320 2304 1417 2338 Maria
1448 2303 1627 2347 Magdalene
1658 2304 1766 2337 videre
1801 2304 1983 2347 sepulcrum
1999 2317 2030 2343 »;
2067 2306 2161 2338 Marci

1203 2366 1277 2391 vero
1300 2356 1421 2390 decimo
1456 2360 1547 2390 sexto
1581 2357 1716 2397 dicitur,
1748 2357 1833 2400 quod
1861 2371 1877 2387 <x
1894 2362 2067 2397 venerunt,
2092 2362 2162 2391 orto

1201 2412 1262 2445 iam
1286 2412 1351 2445 sole
1367 2424 1398 2451 »;
1423 2411 1477 2445 sed
1499 2411 1622 2445 Ioannis
1646 2411 1796 2454 vigesimo
1818 2412 1949 2451 dicitur,
1967 2412 2050 2455 quod
2073 2412 2162 2445 «Ma-

1201 2465 1249 2498 ria
1271 2465 1451 2508 Magdalene
1474 2465 1559 2499 venit
1582 2474 1693 2505 mane,
1718 2474 1791 2498 cum
1815 2465 1919 2499 adhuc
1944 2466 2091 2499 tenebrae
2115 2475 2163 2499 es-

1201 2521 1288 2558 sent,
1312 2518 1350 2551 ad
1375 2522 1616 2552 monumentum
1633 2532 1663 2551 ».
1682 2538 1725 2543 —-
1741 2519 1800 2552 Sed
1816 2519 1847 2552 in
1865 2520 1925 2553 hoc
1940 2529 2002 2552 non
2026 2524 2074 2553 est
2090 2529 2163 2553 con-

1201 2572 1374 2612 troversia,
1410 2572 1502 2615 quia,
1538 2572 1610 2605 licet
1648 2572 1781 2606 diversis
1817 2572 1923 2607 verbis
1963 2573 2161 2615 exprimant,

1201 2629 1306 2658 tamen
1329 2633 1438 2658 omnes
1462 2625 1572 2658 volunt
1595 2624 1717 2664 dicere,
1741 2624 1827 2667 quod
1851 2625 1882 2657 in
1903 2625 2073 2667 principio
2098 2625 2164 2658 diei

1201 2682 1376 2718 venerunt,
1392 2677 1511 2711 scilieet
1526 2677 1652 2721 quando
1668 2678 1715 2711 sol
1731 2678 1898 2720 incipiebat
1911 2687 2006 2720 super
2019 2681 2161 2711 nostrum

1201 2879 1394 2911 sabbatorum,
1415 2880 1529 2912 primam
1549 2880 1653 2905 dierum
1682 2879 1805 2909 Sabbati,
1834 2880 1884 2904 hoc
1912 2882 1950 2904 est
1979 2877 2161 2903 hebdomadae

1203 2925 1307 2950 dierum
1327 2924 1458 2954 nominat,
1477 2930 1546 2956 quae
1565 2919 1705 2955 epud'nos
1734 2925 1841 2954 propter
1869 2922 2087 2947 resurrectionem
2114 2922 2161 2947 Do-

1202 2968 1266 2993 mini
1284 2967 1426 2993 Domt'nica
1445 2967 1549 2992 dicitur.
1569 2966 1620 2992 Cir.
1639 2969 1701 2992 tom.
1723 2966 1764 2991 Vl.
1793 2972 1857 2997 pag.
1885 2965 1950 2995 504,
1978 2968 2041 2990 nota
2072 2965 2109 2990 lo.
2135 2969 2160 2990 et

1201 3011 1319 3043 Hieron„
1339 3010 1418 3042 Epist.
1440 3010 1499 3035 ⁴20.
1521 3009 1594 3040 (alias
1614 3010 1685 3042 ⁴50.)
1705 3015 1729 3034 c..
1748 3008 1773 3034 4.

1273 3054 1296 3069 ¹⁰
1314 3055 1380 3080 Gen.
1399 3054 1424 3085 i,
1444 3054 1476 3079 3:
1497 3053 1617 3086 Dixitque
1636 3053 1724 3078 Deus:
1742 3053 1797 3078 Fiat
1816 3053 1873 3083 lux,
1902 3056 1927 3078 et
1947 3053 2013 3077 sacta
2042 3055 2081 3078 est
2109 3052 2158 3077 lux.

1201 3099 1285 3130 Beda,
1305 3099 1347 3124 lV.
1366 3097 1512 3125 Comment.
1532 3097 1558 3122 in
1578 3097 1664 3122 Matth.
1693 3097 1743 3127 28,
1773 3097 1802 3122 l:
1830 3097 1860 3122 Et
1888 3096 1996 3129 quidem
2025 3097 2159 3128 aptissime

1199 3143 1336 3176 quondam
1356 3142 1426 3168 diem
1441 3133 1607 3174 'sequebatur
1626 3148 1691 3172 uox,
1716 3140 1777 3173 quia
1808 3141 1888 3166 homo
1915 3147 1930 3165 a
1959 3141 2017 3165 luce
2045 3140 2159 3172 paradisi

1201 3187 1336 3219 peccando
1355 3187 1445 3218 lapsus
1464 3186 1490 3211 in
1508 3185 1587 3211 huius
1608 3184 1704 3211 saeculi
1734 3184 1855 3210 tenebras
1883 3184 1996 3216 decidit;
2025 3184 2159 3216 aptissime

1201 3238 1272 3257 nunc
1290 3231 1409 3265 sequitur
1428 3230 1484 3256 dies
1503 3232 1621 3261 noctem,
1640 3229 1748 3262 quando
1767 3229 1966 3254 resurrectionis
1985 3235 2032 3259 per
2051 3228 2129 3253 fldem
2144 3234 2157 3252 a

1202 3275 1303 3308 peccati
1322 3274 1438 3301 tenebris
1455 3277 1481 3300 et
1500 3273 1594 3300 umbra
1620 3273 1711 3299 mortis
1730 3273 1763 3298 ed
1783 3273 1868 3298 lucem
1888 3272 1971 3302 vitae,
1991 3271 2093 3297 Clu-isto
2113 3272 2158 3296 lar-

1202 3319 1304 3351 triente,
1323 3319 1486 3345 reducimur.
1504 3331 1540 3337 —
1558 3317 1607 3343 Pro
1625 3316 1714 3351 primo
1733 3316 1806 3350 facta
1825 3315 1844 3343 C
1856 3317 1876 3341 D
1891 3315 1985 3349 prima
2004 3315 2085 3349 sacta.

1273 3362 1294 3377 ¹¹
1314 3362 1389 3389 Vers.
1409 3363 1434 3388 5.

1273 3404 1296 3420 ¹⁹
1315 3405 1391 3432 Vers.
1411 3405 1438 3438 l;
1457 3405 1535 3431 Marc.
1555 3404 1601 3437 46,
1621 3405 1647 3430 2.
1666 3407 1691 3430 et
1709 3403 1779 3430 loen.
1798 3404 1845 3436 20,
1868 3403 1891 3429 l.

2206 1138 2281 1160 nodus
2295 1145 2331 1160 vo-

2182 1165 2254 1187 niendi
2262 1165 2290 1186 221
2297 1171 2330 1187 ιο-

2183 1193 2286 1219 pulcrum.

2188 1835 2317 1857 Notandum.

2182 2205 2327 2228 contrarietas

2184 2233 2327 2259 Evangeliza-

2222 2265 2276 2281 mm.

2182 2527 2232 2549 Solu
2236 2527 2272 2548 tio.
