2476 3921
310 278 373 310 396

310 366 431 408 abyssi,
463 369 494 398 et
525 364 666 404 omnium
695 364 790 397 corda
822 363 979 396 intuentes
1010 363 1041 396 in
1072 362 1270 395 absconditas

312 422 424 460 partes.
450 418 582 450 Domino
606 418 688 450 enim
706 417 770 449 Deo
793 420 916 455 nostro,
932 419 1101 458 antequam
1124 423 1270 448 crearen-

312 477 379 510 tur,
403 471 507 504 omnia
531 474 605 503 sunt
621 470 743 512 agnita,
768 469 812 502 sic
836 472 867 501 et
890 472 959 511 post
975 468 1149 510 perfectum
1174 467 1270 509 inspi-

311 525 352 557 cit
376 524 480 557 omnia
492 536 527 562 »3
547 523 725 556 Psaimus1:
749 522 844 555 «Tibi
869 522 924 555 soli
949 521 1074 563 peccavi
1099 525 1130 553 et
1154 520 1269 553 malum

152 587 291 618 iammoni·
311 586 415 610 coram
441 580 470 610 te
494 577 551 609 feci
576 590 606 607 n.
632 595 676 599 —
700 576 774 608 Iam
805 585 872 608 rnon
902 584 978 607 sam
1006 575 1129 617 diynus
1155 572 1273 606 vocari

193 617 251 635 ιω
309 632 401 673 filias
425 635 520 669 taus,
546 633 674 672 propter
698 633 918 671 contemptam
943 628 1107 661 Bonitatis
1124 626 1271 660 omnibus

311 684 519 726 providentis3
543 682 716 725 Sapientiae
739 681 963 714 duodecimo2:
987 682 1063 713 «Tu
1078 683 1194 719 autem,
1212 679 1271 713 Do-

313 737 447 770 minator
472 736 614 775 virtutis,
639 744 711 768 cum
743 735 971 777 tranquillitate
995 734 1114 767 iudicas
1137 738 1168 766 et
1199 742 1270 766 cum

312 799 424 832 magna
456 789 632 822 reverentia
664 788 802 830 disponis
834 797 899 820 nos.
933 787 1045 820 Subest
1077 787 1161 819 enim
1197 787 1271 825 tibi,

313 852 385 875 cum
411 842 563 881 volueris,
576 852 682 884 posse.
708 841 846 874 Docuisti
863 844 967 874 autem
993 841 1145 882 populum
1164 843 1271 878 tuum,

313 896 460 938 quoniam
484 899 622 937 oportet,
647 895 766 927 iustum
790 903 857 927 esse
886 898 916 927 et
940 895 1130 932 humanum,
1155 897 1186 925 et
1217 893 1271 925 bo-

314 958 371 982 nae
402 949 467 990 spei
498 948 597 981 fecisti
628 948 709 980 tilios
742 951 831 986 tuos,
863 947 1012 989 quoniam
1043 946 1185 979 iudicans
1216 946 1271 978 das

316 1004 417 1035 locum
441 1002 472 1034 in
503 1002 637 1043 peccatis
669 1000 876 1042 poenitentiae
901 1014 930 1032 ».
965 1000 1043 1041 Quia
1071 1000 1167 1041 igitur
1199 1008 1271 1032 con-

316 1056 426 1097 tempsi
458 1055 538 1087 hanc
574 1063 729 1087 summam
766 1053 954 1091 bonitatem,
990 1053 1081 1086 cuius
1115 1056 1162 1085 est
1196 1052 1272 1084 dare

320 1108 497 1150 «spiritum
521 1107 695 1149 adoptionis
720 1107 857 1139 filiorum
876 1120 906 1145 »‚
931 1106 1104 1139 secundum
1133 1105 1209 1138 illud
1234 1105 1272 1137 ad

315 1163 467 1194 Romanos
490 1161 641 1193 octavoss:
673 1174 688 1188 «
704 1161 769 1192 Non
793 1160 954 1201 accepistis
970 1159 1116 1201 spiritum
1140 1159 1274 1191 servitu-

315 1215 354 1247 tis
379 1215 494 1247 iterum
518 1214 549 1246 in
582 1214 711 1252 timore,
737 1213 790 1246 sed
819 1213 963 1254 spiritum
989 1212 1163 1254 adoptionis
1182 1212 1273 1256 utilio-

317 1277 439 1306 rum»;
473 1268 565 1300 cuius
595 1267 689 1299 etiam
713 1271 760 1299 est
792 1275 978 1308 regenerare
1010 1275 1066 1307 per
1097 1275 1211 1308 aquam
1243 1268 1274 1298 et

316 1321 466 1363 Spiritum
491 1324 634 1353 sanctum
667 1320 697 1351 in
730 1329 863 1361 regnum
888 1319 1024 1351 filiorum
1057 1318 1129 1357 Dei,
1161 1327 1274 1351 secun-

316 1375 390 1407 dum
416 1373 492 1406 illud
516 1373 554 1405 ad
585 1368 781 1405 Colossense's
813 1373 929 1414 primo:
959 1385 974 1400 «
997 1372 1118 1414 Eripuit
1149 1381 1206 1404 nos
1236 1371 1274 1404 de

317 1429 467 1468 potestate
499 1425 700 1458 tenebrarum
734 1429 765 1458 et
800 1425 960 1457 transtulit
991 1425 1021 1457 in
1055 1433 1187 1466 regnum
1218 1424 1272 1456 filii

317 1480 455 1512 caritatis
477 1488 552 1512 suae
569 1491 599 1511 »z
625 1479 695 1511 iam
712 1489 777 1511 non
799 1488 876 1510 sam
899 1478 1021 1521 dionae
1045 1478 1162 1510 vocari
1183 1477 1275 1520 filias

317 1539 404 1565 ttt‘tts.

407 1586 458 1618 36.
486 1585 519 1617 Et
544 1588 635 1623 nota,
659 1585 743 1627 quod
761 1584 831 1617 licet
848 1588 936 1626 pater
952 1584 1010 1617 sibi
1028 1588 1195 1622 occurrat,
1213 1584 1275 1616 col-

318 1641 383 1672 lum
407 1639 539 1681 stringat
564 1648 619 1681 per
635 1639 833 1680 amplexum,
859 1638 930 1670 licet
953 1638 1102 1679 suscipiat
1124 1638 1162 1670 ad
1186 1647 1276 1671 oscu-

153 1595 253 1616 Memoria
260 1601 307 1622 pro·

166 1623 225 1649 priae
240 1622 295 1651 indi·

184 1651 276 1675 gnitatis.

320 1694 403 1733 lum,
435 1697 537 1726 tamen
570 1701 666 1725 verus
695 1692 856 1734 poenitens
888 1700 1049 1733 nunquam
1081 1691 1295 1724 obliviscitur

319 1756 412 1779 suum
445 1748 625 1788 peccatum,
658 1745 832 1778 secundum
866 1744 941 1776 illud
972 1745 1127 1777 Psalmi4:
1157 1757 1172 1773 α
1194 1745 1277 1786 Quo-

320 1800 401 1832 niam
426 1808 483 1841 ego
507 1798 537 1830 in
559 1798 684 1840 ¹flagella
708 1801 837 1839 paratus
861 1806 949 1835 sum,
974 1801 1005 1830 et
1027 1797 1116 1830 dolor
1140 1806 1230 1830 meus
1245 1798 1277 1830 in

319 1856 489 1894 conspectu
512 1860 581 1883 meo
605 1859 738 1892 semper.
764 1850 916 1891 Quoniam
945 1850 1141 1892 iniquitatem
1174 1859 1276 1883 meam

164 1913 241 1935 ventio
256 1918 303 1943 per,-
318 1904 511 1937 annuntiabo
534 1907 566 1937 et
589 1904 730 1946 cogitabo
754 1913 812 1945 pro
836 1906 962 1945 peccato
985 1912 1054 1936 meo
1071 1917 1100 1935 ».
1124 1904 1207 1936 Licet
1222 1913 1278 1936 au-

168 1941 235 1988 {Zffie
251 1946 304 1961 Μ’
322 1963 382 1991 tem
406 1961 625 2000 recognoscat,
658 1957 862 1990 nibilominus
886 1957 1012 1989 anhelat
1035 1957 1074 1989 ad
1105 1957 1277 1990 caritatem

316 2010 509 2055 perfectam.
534 2011 570 2043 Et
596 2010 663 2043 ideo
680 2020 741 2043 non
766 2010 843 2052 petit
867 2010 917 2043 hic
933 2010 1136 2043 dilectionem
1159 2020 1278 2043 merce-

320 2064 474 2103 nariam,
503 2064 584 2097 sicut
616 2064 737 2106 supra⁵
768 2063 917 2102 faciebat,
951 2072 1021 2096 oum
1055 2073 1116 2096 non
1150 2064 1280 2096 haberet

321 2118 423 2150 adhuc
447 2117 578 2159 gratiam
608 2116 751 2149 infusam.
775 2116 833 2149 Sed
858 2125 941 2149 nunc
973 2116 1012 2149 ad
1036 2119 1155 2158 patrem
1189 2117 1279 2158 plene

322 2179 509 2209 conversus,
542 2174 691 2212 tanquam
723 2179 797 2202 vere
828 2169 990 2211 poenitens
1022 2169 1218 2202 commendat
1249 2173 1280 2202 et

324 2223 458 2265 postulat
493 2222 625 2264 gratiam
661 2222 814 2261 divinam;
851 2226 882 2254 et
913 2223 972 2255 hoc
1007 2226 1054 2255 est
1086 2222 1170 2264 quod
1206 2222 1280 2255 dicit

322 2276 471 2309 Glossaflz
502 2288 517 2304 «
534 2275 625 2314 Vult,
651 2275 770 2317 inquit,
795 2284 851 2317 per
875 2275 1006 2317 gratiam
1032 2276 1099 2308 fieri
1128 2276 1213 2318 quod
1236 2276 1280 2308 fa-

323 2333 407 2362 tetur
431 2338 463 2361 se
488 2328 649 2370 indignum
680 2338 737 2371 per
761 2329 909 2361 meritum
927 2343 958 2367 »,
987 2329 1068 2362 sicut
1100 2329 1151 2362 ille
1175 2330 1281 2372 poeni-

324 2388 391 2416 tens
422 2383 510 2425 petiit
542 2382 670 2415 secundi
703 2382 958 2424 Paralipomenon
991 2383 1118 2415 ultimo:
1150 2396 1170 2412 ι(
1193 2384 1280 2416 Nunc

324 2436 414 2469 flecto
437 2444 539 2477 genua
561 2444 631 2467 mea
654 2444 759 2467 coram
777 2439 822 2473 te,
840 2444 972 2476 precans
989 2435 1160 2468 bonitatem
1184 2439 1280 2468 tuam.

326 2488 468 2527 Peccavi,
503 2488 654 2526 Domine,
691 2491 722 2520 et
757 2487 953 2529 iniquitatem
990 2497 1090 2520 meam
1126 2498 1281 2530 agnosco;

325 2545 395 2583 peto
419 2550 550 2583 rogans:
583 2540 733 2579 Domine,
759 2540 882 2573 remitte
906 2541 1001 2579 milii,
1026 2550 1064 2573 ne
1093 2541 1188 2574 simul
1211 2551 1283 2583 per-

324 2594 378 2627 das
404 2603 453 2626 me
481 2603 552 2626 cum
583 2593 801 2636 iniquitatibus
826 2593 903 2626 meis
933 2602 1033 2635 neque
1057 2594 1088 2626 in
1119 2596 1282 2627 aeternum

897 274 1090 307 COMMENT.
1116 274 1152 306 IN
1176 273 1425 306 EVANGELIUMJ
1440 272 1558 306 LUCAE
1583 272 1615 304 C.
1641 271 1702 304 XV.

1336 369 1479 394 reserves
1502 360 1583 393 mala
1606 359 1702 398 mihi,
1730 359 1804 401 quia
1828 358 1990 402 indignum
2014 359 2149 392 salvabis
2174 368 2223 392 me
2247 367 2296 392 se-

1335 413 1474 446 cundum
1498 421 1642 455 magnam
1665 411 1912 444 misericordiam
1937 413 2039 450 tuam,
2062 414 2094 444 et
2117 411 2250 444 laudabo
2266 414 2296 444 te

1335 475 1461 508 semper
1484 466 1631 498 omnibus
1647 465 1759 498 diebus
1782 464 1863 497 vitae
1881 472 1984 503 meae;
2009 464 2158 506 quoniam
2182 467 2213 496 te
2230 464 2296 497 lau—

1335 519 1388 552 dat
1420 511 1522 551 virtus
1553 518 1730 556 caelorum,
1760 521 1791 550 et
1822 517 1877 550 tibi
1910 520 1957 550 est
1987 516 2087 559 gloria
2117 516 2149 549 in
2173 517 2297 549 saecula

1336 571 1533 604 saeculorum
1552 584 1581 602 ».
2115 582 2116 585 ¹

1427 624 1478 657 37.
1505 624 1606 665 (Vers.
1631 625 1708 664 22).
1736 623 1828 656 Discit
1851 627 1961 656 autem
1989 626 2088 665 pater
2111 623 2156 656 ad
2185 632 2298 655 servos
2311 631 2444 664 negatam

1336 688 1425 710 suos.
1453 678 1522 710 Post
1552 681 1707 710 ostensam
1733 677 1980 709 misericordiam
2013 677 2114 718 patris
2143 676 2174 709 in
2199 659 2450 732 ευεεί-ιὲἓῖῗὲἓῖἓῗιι,

1337 731 1450 773 piendo
1482 731 1644 772 indignum
1676 729 1824 763 subditur
1856 730 1907 763 hic
1935 729 2169 762 misericordia
2193 730 2229 762 in
2251 739 2299 761 ve·
2347 717 2380 732 ⁰¹⁰
2394 713 2440 735 ω’

1336 784 1461 816 sciendo
1492 784 1658 816 nudam7.
1692 783 1728 815 Et
1758 782 1907 825 quoniam
1939 786 2084 824 peccator
2114 783 2254 815 nudatur
2282 792 2301 815 a

1337 841 1420 869 veste
1444 836 1614 869 interioris
1641 836 1807 878 paritatis
1837 839 1869 869 et
1898 840 2022 868 ornatu>
2046 836 2221 869 exterioris
2244 835 2301 869 lto-

1337 890 1492 927 aestatim
1517 889 1586 922 ideo
1602 893 1756 931 quantum
1782 889 1820 922 ad
1837 890 1915 922 haec
1939 889 2002 922 duo
2025 889 2174 928 ostendit,
2199 889 2300 922 filium

1339 943 1505 985 prodigum
1532 952 1588 984 per
1612 943 1711 985 patris
1735 942 1981 976 misericordiam
2006 943 2150 975 relevari.

1428 996 1531 1028 Primo
1555 996 1652 1038 igitur
1675 999 1830 1038 quantum
1850 996 1890 1029 ad
1914 1000 2030 1028 vestem
2054 996 2224 1029 interioris
2239 1006 2301 1039 pu·
2315 1003 2388 1033 Vestis
2410 1003 2449 1025 inte

1338 1049 1452 1082 ritatis
1482 1049 1578 1091 dicit:
1605 1049 1698 1081 Discit
1728 1053 1839 1081 autem
1869 1053 1964 1091 pater
1988 1050 2034 1082 ad
2061 1059 2172 1082 servos
2202 1059 2300 1082 suos.-
2328 1035 2391 1077 ἷῖιῗῖἕῗ
2406 1036 2449 1057 ⁹²⁹¹

1340 1103 1409 1136 Cito
1441 1101 1590 1145 proferte
1627 1102 1746 1135 stolam
1784 1103 1934 1145 primam
1968 1107 1998 1135 et
2032 1103 2158 1136 induite
2196 1103 2299 1136 illum.
2330 1131 2332 1133 ,

1339 1157 1462 1189 Prima
1493 1156 1577 1189 stola
1612 1151 1660 1189 est
1691 1157 1787 1189 vestis
1822 1157 1993 1189 interioris
2020 1157 2204 1199 paritatis,
2238 1167 2301 1200 qua

1337 1220 1426 1243 mens
1457 1213 1565 1242 nostra
1587 1210 1680 1242 debet
1711 1210 1798 1242 indui
1831 1214 1862 1243 et
1893 1219 1957 1252 qua
1988 1220 2006 1243 a
2037 1211 2192 1253 principio
2224 1220 2300 1244 suae

1338 1263 1524 1297 conditionis
1548 1263 1657 1296 induta
1689 1263 1756 1296 fuit.
1782 1263 1868 1296 Unde
1897 1263 2020 1296 Bedassz
2051 1277 2066 1292 «
2083 1264 2167 1297 Stola
2200 1264 2302 1306 prima

1338 1317 1434 1350 vestis
1456 1321 1503 1350 est
1527 1317 1739 1355 innocentiae,
1764 1316 1795 1349 in
1813 1326 1877 1359 qua
1900 1317 2023 1359 primus
2040 1318 2135 1350 homo
2159 1318 2303 1351 conditus

1339 1374 1403 1409 est;
1429 1370 1482 1403 sed
1508 1374 1576 1412 post
1600 1371 1723 1412 culpam
1749 1379 1782 1403 se
1807 1371 1928 1403 nudum
1961 1371 2047 1403 novit
2071 1375 2102 1404 et
2125 1371 2301 1413 pellicium,

1339 1424 1370 1456 id
1394 1427 1458 1463 est,
1484 1424 1615 1456 mortale
1647 1423 1760 1456 sumsit
1790 1424 2011 1457 indumentum
2036 1438 2066 1456 n.
2092 1425 2136 1457 De
2163 1425 2220 1458 boc
2244 1434 2303 1466 pu-

1340 1477 1441 1509 ritatis
1465 1477 1648 1509 indumento
1676 1477 1792 1509 dicitur
1823 1477 2022 1519 Apocalypsis
2045 1477 2186 1510 tertio⁹:>
2213 1490 2228 1506 «
2245 1477 2303 1510 Ve-

1341 1530 1496 1562 stimentis
1523 1530 1603 1562 albis
1634 1530 1790 1569 induaris,
1819 1533 1855 1563 ut
1886 1539 1948 1563 non
1980 1534 2130 1573 appareat
2161 1530 2303 1563 confusio

1340 1583 1491 1616 nuditatis
1515 1586 1633 1616 tuae».
1659 1584 1710 1616 His
1734 1584 1928 1617 vestimentis
1951 1584 2094 1617 induitur
2118 1584 2172 1627 qui
2197 1593 2231 1617 se
2247 1593 2304 1626 per

1340 1636 1463 1669 divinae
1495 1636 1614 1678 gratiae
1636 1637 1829 1670 adiutorium
1854 1637 1885 1669 in
1918 1637 2057 1679 puritate
2080 1637 2231 1677 custodit,
2256 1646 2304 1670 se-

1342 1690 1481 1723 cundum
1505 1690 1583 1722 illud
1606 1690 1805 1732 Apocalypsis
1829 1690 1939 1723 tertio:
1970 1704 1985 1720 «
2003 1691 2101 1724 Habes
2125 1700 2225 1733 pauca
2249 1700 2304 1723 no-

1342 1744 1426 1776 mina
1450 1744 1481 1776 in
1506 1743 1628 1782 Sardis,
1657 1744 1712 1786 qui
1744 1753 1806 1776 non
1839 1744 2087 1785 inquinaverunt
2119 1745 2304 1778 vestimenta

1343 1805 1421 1834 sua;
1453 1799 1484 1828 et
1514 1796 1724 1829 ambulabunt
1757 1806 1881 1830 mecum
1912 1797 1944 1829 in
1975 1797 2076 1836 albis,
2109 1797 2183 1840 quia
2218 1797 2303 1839 digni

1342 1853 1467 1882 sunt».
1500 1849 1579 1881 Haec
1602 1852 1707 1882 autem
1740 1849 1887 1891 puritatis
1919 1850 2015 1883 vestis
2045 1851 2139 1883 datur
2163 1859 2220 1893 per
2252 1859 2305 1883 su-
2326 1855 2452 1878 Notandum-

1343 1902 1532 1944 sceptionem
1565 1903 1857 1942 Sacramentorum,
1890 1903 2007 1937 scilicet
2039 1903 2214 1947 baptismi,
2250 1904 2306 1947 qui

1342 1964 1451 1988 omnes
1474 1955 1583 1988 sordes
1605 1956 1704 1988 abluit
1729 1975 1770 1980 —
1796 1956 1826 1989 in
1851 1956 1943 1990 cuius
1966 1957 2178 2000 designatione
2206 1958 2306 2000 bapti-

1344 2012 1432 2041 zatus
1456 2009 1526 2041 alba
1558 2012 1643 2041 veste
1666 2009 1801 2042 vestitur
1829 2029 1873 2033 —
1899 2014 1931 2043 et
1954 2011 2046 2043 etiam
2071 2012 2306 2054 poenitentiae,

1344 2070 1426 2104 quae
1455 2074 1470 2089 «
1487 2061 1532 2103 ad
1557 2062 1702 2103 baptismi
1734 2063 1904 2104 puritatem
1937 2068 2070 2097 conatur
2095 2065 2246 2098 reducere
2271 2079 2306 2104 n,

1344 2119 1380 2148 ut
1403 2115 1478 2148 dicit
1502 2115 1693 2158 Augustinus
1707 2117 1742 2149 ¹⁰.
1768 2117 1804 2149 Et
1827 2117 1902 2159 quia
1930 2118 2007 2151 haec
2034 2119 2224 2161 dispensatio
2254 2120 2308 2152 Sa-

1345 2172 1580 2202 cramentorum
1604 2170 1639 2202 sit
1670 2179 1726 2211 per
1753 2170 1945 2212 diligentiam
1977 2172 2212 2212 ministrorum,
2238 2173 2307 2206 ideo

1344 2222 1474 2261 dicitur,
1504 2222 1588 2265 quod
1616 2227 1715 2265 pater
1743 2223 1828 2256 dixit
1855 2225 1980 2264 servis,
2013 2225 2043 2258 id
2070 2229 2118 2259 est
2146 2226 2306 2260 ministris.

1345 2276 1420 2308 Nam
1445 2276 1489 2309 sic
1505 2276 1586 2308 dixit
1602 2277 1724 2310 Ioannis
1739 2277 1889 2319 vigesimo
1904 2279 1946 2310 ¹¹:
1969 2292 1985 2307 α
2001 2279 2136 2321 Accipite
2156 2280 2308 2322 Spiritum

1346 2333 1506 2369 sanctum;
1532 2339 1669 2372 quorum
1695 2331 1879 2364 remiseritis
1902 2335 2030 2373 peccata
2048 2346 2062 2362 »
2091 2336 2149 2366 etc.

1437 2383 1488 2416 38.
1518 2383 1660 2416 Secundo
1692 2388 1846 2426 quantum
1875 2385 1914 2418 ad
1938 2390 2098 2418 ornatum
2129 2385 2308 2419 honestatis
2318 2389 2467 2437 Orrssssggslffgffi

1346 2436 1519 2469 exterioris
1550 2437 1718 2470 subditur:
1753 2439 1793 2470 Et
1823 2439 1899 2471 date
1930 2439 2073 2472 anulum
2096 2440 2133 2472 in
2156 2450 2261 2473 manu
2280 2441 2306 2459 ¹²
2331 2442 2401 2463 ⁸²³⁶*-

1347 2489 1433 2527 eius,
1454 2498 1511 2531 per
1528 2489 1789 2531 pulcritudinem
1806 2491 2008 2533 pttdieiticte;
2027 2493 2152 2525 anulus
2172 2493 2255 2526 enim
2272 2493 2308 2525 in
2329 2495 2359 2517 De
2374 2495 2445 2517 anuto.

1347 2541 1503 2574 manibus
1531 2542 1685 2584 significat
1708 2543 1978 2585 desponsationem
2005 2554 2061 2586 per
2079 2549 2199 2578 castum
2223 2555 2308 2578 amo—

1348 2604 1414 2627 rem
1429 2595 1465 2627 13.
1491 2595 1536 2627 Ex
1554 2605 1617 2637 quo
1634 2596 1850 2638 intelligimus,
1875 2598 1959 2639 quod
1981 2598 2121 2631 amdam
2144 2599 2180 2631 in
2202 2609 2309 2632 mame

396 2776 403 2790 ¹
425 2777 517 2802 Psalm.
538 2778 584 2807 50,
603 2778 629 2802 6.
1012 2775 1022 2791 ²
1044 2778 1116 2803 Vers.
1138 2778 1180 2803 48.
1199 2780 1224 2803 et
1244 2779 1285 2803 1¹9.

396 2819 406 2834 ⁸
427 2821 502 2846 Vers.
521 2822 563 2846 ⁴5.
579 2836 612 2840 —
626 2821 743 2847 Subinde
760 2822 886 2852 allegatur
904 2821 958 2847 Col.
983 2822 1009 2853 l,
1030 2822 1072 2847 ⁴3.

396 2864 407 2878 ⁴
427 2866 520 2890 esaim.
541 2865 587 2897 37,
609 2866 650 2891 is.
664 2868 687 2890 et
709 2866 751 2891 2¹9.

396 2907 407 2921 ⁶
426 2909 502 2934 Num.
522 2909 564 2934 31.
584 2910 708 2940 August,
729 2910 755 2934 ll.
775 2910 824 2942 Qq.
845 2910 1005 2941 Evangelior.
1026 2918 1052 2943 q.
1073 2911 1115 2936 33.
1135 2918 1161 2936 n.
1181 2910 1210 2936 4:
1229 2912 1284 2936 Non

325 2952 398 2978 addit
421 2953 492 2985 quod
513 2953 537 2978 in
565 2953 604 2978 illa
630 2953 798 2979 meditatione
824 2954 938 2980 dixerat:
965 2955 1020 2981 Fac
1041 2961 1083 2981 me
1107 2954 1177 2981 sicut
1198 2962 1285 2981 unum

326 2996 357 3023 de
376 2996 550 3023 mercenariis
570 2997 651 3023 tuis...
669 2998 739 3030 quod
762 3001 820 3029 post
839 2999 958 3024 osculum
979 2999 1060 3030 patris
1084 3000 1285 3031 generosissime

327 3042 377 3066 iam
397 3041 562 3073 dedignatur.

396 3083 406 3099 ⁶
426 3086 527 3111 Scilicet
545 3085 726 3112 interlinearis
747 3086 787 3117 (ex
807 3087 891 3117 Beda,
911 3087 956 3120 qui
975 3088 1093 3121 sequitur
1113 3088 1237 3120 August,
1258 3089 1285 3114 ll.

327 3132 376 3163 Qq.
395 3130 558 3162 Evangelior.
577 3138 603 3163 (1.
624 3131 666 3159 33.
685 3138 711 3156 n.
734 3130 784 3163 4.):
805 3130 883 3164 Cupit
898 3138 948 3165 per
971 3132 1118 3165 qratiam...
1142 3132 1285 3166 indiymtm

326 3182 354 3201 se
372 3182 427 3201 esse
442 3182 494 3208 per
512 3174 646 3201 meritum.
667 3189 702 3194 —
722 3175 844 3208 Sequitur
858 3176 892 3201 ΙΙ.
912 3176 1030 3210 Poralz'p.
1045 3176 1094 3203 ult.
1115 3176 1166 3209 (ita
1186 3177 1285 3210 codd),

326 3219 373 3245 sed
392 3222 431 3244 est
452 3218 545 3245 Oratio
565 3219 705 3251 Meruisse,
726 3220 750 3245 in
765 3227 816 3252 qua
832 3220 943 3252 Vulgata
964 3221 1097 3247 hincinde
1116 3222 1191 3253 plura
1204 3222 1284 3247 addit.

326 3278 361 3283 —
379 3263 505 3295 Superius
525 3263 608 3289 verbo
627 3263 797 3290 commendat
817 3265 871 3289 Vat.
892 3265 1013 3297 praefigit
1030 3272 1066 3291 se.

397 3306 407 3321 ⁷
427 3307 478 3333 Cfr.
497 3315 574 3340 supra
596 3316 620 3333 n.
637 3309 680 3334 33.

394 3349 408 3365 ⁸
427 3351 497 3377 Libr.
516 3352 558 3377 lv.
578 3352 603 3378 in
622 3353 683 3378 Luc.
706 3352 754 3384 45,
774 3353 816 3383 22,
836 3353 959 3379 sententia
980 3356 1065 3379 tamen
1080 3354 1165 3379 Bedae
1184 3352 1286 3379 exhibe-

327 3398 369 3421 tur
386 3395 475 3421 verbis
493 3397 599 3421 Glossae
618 3395 790 3427 ordinemne,-
810 3396 947 3428 respicitur
966 3397 992 3422 in
1011 3397 1065 3429 ipsu
1086 3397 1150 3423 Gen.
1169 3398 1198 3426 3,
1218 3397 1245 3423 7.

307 3438 309 3440 ’
398 3437 409 3453 ⁹
430 3440 504 3465 Vers.
525 3440 566 3465 ta.
576 3454 610 3459 —
621 3440 738 3466 Subinde
749 3441 874 3472 allegatur
885 3441 965 3473 Apoc.
979 3441 993 3466 3
1003 3460 1009 3471 ,
1025 3440 1052 3473 4;
1067 3441 1126 3467 Vat.
1138 3441 1211 3467 addit
1221 3448 1247 3467 v.
1261 3441 1285 3467 5.

1421 2777 1442 2792 ¹⁰
1463 2779 1532 2805 Libr.
1551 2779 1584 2805 de
1605 2780 1670 2805 Vera
1685 2782 1710 2805 et
1724 2781 1784 2805 falsa
1805 2781 1963 2806 poenitentia
1984 2782 2064 2811 (Inter
2084 2789 2164 2814 opera
2178 2783 2311 2815 August.),

1349 2831 1372 2849 c.
1392 2824 1416 2848 9.
1435 2830 1461 2848 n.
1482 2823 1530 2854 24;
1549 2825 1595 2849 cfr.
1616 2825 1657 2849 lV.
1678 2825 1748 2850 Sent.
1767 2825 1801 2850 lit.
1822 2826 1950 2857 Magistri,
1969 2826 1997 2851 d.
2017 2827 2074 2851 XV.
2094 2833 2118 2852 c.
2136 2827 2161 2852 7.

1421 2866 1442 2881 ¹¹
1464 2868 1536 2893 Vers.
1557 2869 1598 2894 22.
1618 2876 1674 2902 seq.
1689 2883 1721 2887 ——
1736 2870 1859 2901 August„
1879 2871 1905 2896 ll.
1926 2871 1974 2903 Qq.
1995 2871 2159 2903 Evangelior.
2177 2879 2203 2904 q.
2224 2872 2266 2897 33.
2286 2879 2312 2897 n.

1350 2912 1380 2937 5:
1404 2922 1416 2934 ιι
1430 2912 1505 2938 Stola
1528 2913 1621 2946 prima
1646 2917 1684 2939 est
1708 2914 1837 2945 dignitas,
1856 2922 1936 2947 quam
1964 2915 2079 2947 perdidit
2101 2915 2200 2948 Adam;
2219 2915 2308 2948 servi,

1349 2955 1397 2988 qui
1414 2963 1474 2982 eom
1490 2956 1650 2990 proferunt,
1670 2958 1885 2984 reconciliationis
1904 2959 2098 2991 praedicatores
2111 2969 2136 2985 ι.
2156 2960 2247 2986 Glossa
2272 2959 2312 2985 in-

1349 2998 1518 3026 terlinearis:
1538 2999 1639 3027 Diarit...
1659 3000 1696 3027 od
1713 3008 1805 3028 servos
1824 3009 1902 3034 suos,
1925 3002 2090 3028 coadiutores
2104 3003 2130 3028 in
2149 3003 2240 3036 vinea,
2260 2993 2310 3029 cito

1345 3043 1479 3076 proferte,
1494 3044 1633 3070 certificate
1645 3045 1678 3070 de
1692 3046 1833 3071 hereditate
1848 3046 2048 3072 immortalitatis
2062 3046 2181 3073 habenda
2190 3067 2197 3079 ,
2210 3047 2311 3074 stolam

1345 3086 1481 3120 primam,
1504 3088 1531 3113 id
1551 3091 1590 3114 est
1609 3093 1709 3115 vestem
1724 3090 1836 3122 Spiritus
1855 3091 1937 3116 sancti
1958 3091 2015 3124 (cfr.
2036 3091 2153 3122 Hieron„
2174 3091 2254 3124 Epist.
2268 3092 2311 3116 21.

1350 3132 1412 3157 alias
1432 3132 1493 3158 1146.
1512 3140 1538 3157 n.
1558 3133 1609 3166 23.)
1630 3147 1665 3153 —
1684 3134 1815 3168 Superius,
1830 3142 1879 3167 pro
1899 3134 1927 3161 id
1944 3137 1983 3162 est
2001 3135 2135 3162 ministris
2155 3135 2200 3169 (ita
2217 3136 2248 3169 D)
2269 3136 2312 3161 alii

1349 3177 1428 3203 codd.
1447 3180 1472 3202 et
1492 3177 1547 3203 Vat.
1567 3180 1591 3204 el
1610 3178 1757 3212 ministris,
1774 3180 1794 3205 H
1811 3180 1887 3212 legit:
1898 3181 1977 3214 pater
1991 3179 2060 3207 dia-it
2072 3180 2110 3206 ad
2125 3187 2218 3207 servos
2230 3187 2311 3212 snos,

1350 3220 1378 3246 icl
1396 3223 1434 3247 est
1452 3221 1488 3247 ad
1506 3221 1655 3249 ministros.

1421 3264 1443 3280 ¹²
1464 3266 1495 3291 lta
1510 3266 1587 3292 etiam
1599 3267 1701 3293 Hieron.
1714 3268 1802 3300 (Epist.
1817 3269 1860 3295 21.
1874 3269 1937 3295 alias
1951 3269 2011 3295 146.
2023 3276 2050 3295 n.
2061 3269 2124 3301 240,
2138 3269 2221 3300 Beda,
2234 3268 2313 3295 Card.

1350 3310 1440 3341 Ilugo,
1461 3311 1488 3335 B.
1508 3310 1618 3343 Albert.¹
1637 3313 1770 3338 Gorrauus
1789 3316 1814 3338 et
1832 3314 1965 3345 Lyranus;
1985 3313 2095 3345 Vulgata
2116 3312 2143 3339 in
2162 3320 2285 3340 manum.

1423 3352 1497 3380 ¹³*lta
1517 3355 1538 3380 D
1557 3362 1570 3380 a
1591 3357 1707 3382 secunda
1733 3364 1826 3389 manu;
1852 3357 1974 3389 primitus
1999 3361 2060 3389 post
2080 3357 2312 3391 desponsationem

1350 3397 1468 3423 additum
1483 3397 1595 3424 habebat
1615 3399 1699 3431 hunc,
1716 3401 1736 3430 Α
1755 3399 1868 3432 liabens,
1889 3400 1908 3427 C
1921 3407 1954 3427 ac
1973 3400 2059 3432 hunc,
2073 3401 2094 3426 H
2113 3407 2182 3435 quae
2193 3400 2238 3435 fit,
2253 3400 2312 3426 Vat-

1350 3448 1409 3467 cum
1430 3442 1485 3468 aliis
1504 3440 1582 3469 codd.
1601 3444 1662 3476 legit
1680 3451 1712 3470 ac
1728 3451 1779 3478 per
1799 3444 1848 3471 hoc
1867 3446 1972 3471 castum
1990 3451 2122 3471 amorem.
