2476 3921
174 365 239 386 Liber
254 363 290 385 tri·

200 391 256 418 plex.

143 941 239 964 Secundo
254 947 287 963 re-

162 968 271 994 dai-guitur

150 994 279 1020 negligentia

169 1022 266 1047 respecto

142 1047 285 1074 poenitentiae

161 1073 271 1094 faciendae

155 1099 275 1126 tripliciter.

139 1364 171 1385 De
189 1364 285 1390 exemplo

146 1391 220 1412 audito
235 1391 284 1411 tria.

182 1575 285 1597 Primum.

309 264 373 297 336

309 351 421 393 triplici
445 349 619 387 excitatur,
636 346 753 379 scilicet
768 353 824 386 per
840 343 956 376 librum
973 344 1167 380 creaturae,
1184 350 1259 373 eon-

308 403 460 436 scientiae
482 404 513 434 et
536 399 745 442 Sert'pturae‚
762 396 850 439 quasi
875 404 932 437 per
956 398 1021 427 tres
1044 396 1157 432 testes,
1181 402 1260 435 quo-

309 465 380 488 rum
396 463 480 488 unus
495 452 649 490 exterior,
665 451 744 483 alter
761 448 910 486 interior,
927 447 1041 480 tertius
1057 445 1147 488 quasi
1163 454 1260 487 supe-

309 508 390 540 rior.
407 507 613 548 Quapropter,
630 503 712 536 sicut
723 502 839 534 dicitur
854 500 893 533 ad
910 499 1065 532 Hebraeos
1080 497 1218 531 secundo
1232 498 1259 537 ²,

314 573 329 588 «
344 558 552 592 abundantius
575 558 697 598 oportet
720 563 777 587 nos
800 561 927 587 servare
950 560 1003 591 ea,
1028 559 1109 593 quae
1139 549 1261 583 audivi-

884 254 1078 287 COMMENT.
1103 253 1139 286 lN
1163 251 1400 286 EVANGELIUM
1425 250 1542 284 LUCAE
1565 250 1597 282 C.
1622 249 1696 283 xlll.

1324 348 1413 379 mus,
1437 347 1476 372 ne
1500 338 1581 371 sorte
1603 337 1839 379 pereffluamus.
1865 336 1896 369 Si
1918 336 2003 369 enim
2026 335 2081 378 qui
2105 344 2161 378 per
2185 336 2283 379 Ange-

1323 392 1370 425 los
1393 392 1496 424 dictus
1512 394 1560 424 est
1576 399 1680 423 sermo
1695 390 1797 422 factus
1813 391 1861 422 est
1876 388 2008 428 firmus,
2024 392 2056 422 et
2071 388 2173 422 omnis
2191 397 2284 431 prae-

1323 444 1473 478 varicatio
1496 446 1527 477 et
1550 442 1760 476 inobedientia
1783 442 1898 475 iustam
1920 441 2076 475 mercedis
2098 441 2219 484 accepit
2233 451 2284 475 re-

1324 497 1550 536 tributionem3
1575 495 1733 538 quomodo
1754 504 1812 529 nos
1827 494 2031 537 effugiemus,
2048 494 2073 528 si
2091 497 2210 527 tantam
2229 504 2284 528 ne-

1324 550 1519 592 glexerimus
1542 549 1676 582 salutem
1692 551 1730 581 »2

1156 710 1340 743 Carnorum
1363 709 1436 742 XIlI.

398 879 424 910 1.
449 877 599 909 Aderant
623 879 732 908 autem
764 873 902 917 qnidam
926 872 987 905 in2
1012 872 1083 915 ipso
1107 876 1258 915 tempore.

306 932 406 973 Supra
429 928 590 970 redarguit
612 926 831 969 negligentiam
848 929 994 967 respectu
1011 924 1130 967 gratIae
1145 933 1260 967 cogno-

304 983 451 1021 scendae,
476 982 531 1014 hic.
550 980 711 1022 redarguit
734 978 953 1021 negligentiam
977 980 1124 1019 respectu
1144 977 1258 1019 poeni-

304 1036 420 1069 tentz'ae
450 1033 632 1078 faciendae.
666 1033 702 1065 Et
733 1032 793 1064 hoc
824 1030 951 1073 quidem
975 1030 1048 1063 facit
1071 1030 1259 1072 tripliciter:

303 1089 423 1131 primo,
446 1086 590 1129 exemplo
606 1085 742 1123 audito,·
758 1084 913 1123 secundo,
930 1083 1074 1126 eaeempto
1090 1087 1260 1122 assumto,

303 1142 392 1174 ibi3:
419 1141 510 1173 Sicut
533 1139 583 1172 itti
605 1139 712 1171 decem
735 1142 764 1171 et
786 1142 855 1170 octo
879 1140 956 1175 etc.;
980 1136 1092 1176 tertio,
1116 1136 1261 1178 exemplo

303 1194 477 1227 adinvento
492 1193 565 1226 -sive
588 1191 782 1234 excogitato,
806 1190 871 1223 ibi:
895 1189 1030 1222 Dicebat
1046 1193 1158 1222 autem
1174 1187 1262 1221 lianc

301 1247 560 1280 similitudinem.

391 1300 480 1332 Circa
504 1299 685 1341 exemplum
711 1297 865 1330 auditum
890 1297 949 1330 hoc
973 1296 1082 1329 ordine
1105 1295 1260 1338 procedit:

303 1354 405 1396 primo
429 1352 615 1395 proponitur
644 1351 804 1384 atrocitas
833 1350 1010 1393 supplicii,
1038 1348 1176 1382 secundo
1206 1357 1261 1381 ne-

302 1410 395 1449 gatur
415 1406 595 1438 enormitas
618 1404 745 1444 delicti,
769 1407 801 1437 et
824 1404 917 1436 tertio
941 1402 1140 1436 concluditur
1155 1411 1261 1434 neces-

302 1459 386 1492 sitas
404 1458 601 1502 poenitendi.

392 1514 422 1545 2.
448 1512 548 1552 (Vers.
575 1511 627 1552 1.).
653 1510 756 1543 Primo
776 1519 851 1552 ergo
867 1509 1080 1542 introducitur
1104 1508 1262 1542 narratio

305 1565 491 1598 atrocitatis
513 1565 689 1607 supplicii,
714 1573 786 1597 cum
809 1563 947 1596 dicitur:
973 1562 1124 1595 Aderant
1148 1566 1263 1595 autem

305 1619 442 1662 quidam
473 1618 509 1650 in
533 1618 604 1660 ipso
629 1622 788 1659 tempore,
813 1616 1031 1649 nuntiantes-¹¹=
1055 1615 1105 1648 z'ttz'
1127 1616 1167 1648 de
1194 1615 1261 1648 Ga—

305 1671 424 1709 lilaeis,
449 1671 566 1703 scilicet
588 1670 669 1703 dura
685 1674 715 1703 et
732 1669 901 1708 terribilia,
926 1678 1007 1711 quae
1030 1668 1170 1701 maxime
1187 1677 1262 1701 con-

304 1727 476 1757 sueverunt
500 1724 622 1756 recitari
634 1735 642 1762 ;
667 1723 750 1756 unde
766 1726 796 1756 et
812 1722 934 1755 subdit:
955 1722 1104 1763 Quorum
1121 1721 1261 1765 sanqui-

303 1787 375 1809 nem
402 1777 533 1809 Pilatus
557 1776 690 1809 miscuit
710 1786 786 1808 cum
801 1775 981 1818 sacrificiis
997 1785 1131 1814 eoram,
1149 1784 1261 1808 secun-

303 1831 378 1863 dum
401 1831 574 1863 historiam.
600 1830 713 1862 Narrat
736 1829 885 1871 Iosephus
898 1829 928 1868 ⁵,
946 1828 1031 1871 quod
1047 1828 1175 1870 quidam
1193 1832 1262 1861 erat

303 1884 334 1916 in
358 1884 508 1922 Galilaea,
529 1883 644 1915 faciens
668 1892 701 1915 se
724 1883 865 1916 Messiam
890 1882 921 1914 in
946 1883 1024 1924 Lege
1048 1881 1261 1924 promissum,

303 1941 333 1970 et
356 1937 446 1970 multi
471 1937 508 1969 de
531 1936 674 1969 Galilaeis
697 1936 911 1978 sequebantur
936 1935 1057 1977 ipsum,
1079 1935 1196 1978 quibus
1212 1944 1262 1968 as—

303 1990 479 2032 signaverat
500 1990 600 2027 diem,
625 1999 688 2032 quo
712 1998 903 2022 ascensurus
926 1989 1041 2022 eratin
1058 1989 1198 2027 caelum,
1216 1987 1262 2020 vi-

302 2043 447 2076 dentibus
471 2043 548 2081 illis,
580 2042 618 2075 de
645 2046 751 2074 monte
775 2041 919 2074 Garizim.
944 2041 1059 2074 Videns
1083 2044 1189 2074 autem
1215 2040 1263 2073 Pi-

302 2096 401 2135 latus,
425 2096 509 2138 quod
532 2096 648 2128 multos
672 2095 844 2128 seduxerat
866 2095 905 2128 de
930 2094 1101 2127 tetrarchia
1117 2093 1261 2133 Herodis,

302 2149 424 2188 timuit,
450 2158 488 2182 ne
511 2152 581 2191 post
597 2157 650 2181 eos
667 2148 831 2181 seduceret
847 2157 900 2181 eos
916 2148 970 2190 qui
987 2150 1077 2180 erant
1093 2147 1131 2180 de
1147 2150 1262 2180 tetrar-

302 2202 373 2238 chia
389 2211 454 2235 sua.
473 2202 551 2234 Cum
574 2210 649 2243 ergo
673 2201 739 2234 dies
762 2201 918 2243 assignata
935 2204 1034 2239 esset,
1059 2204 1091 2233 et
1114 2200 1157 2232 illi
1182 2209 1263 2242 quos

303 2254 491 2293 seduxerat,
507 2254 676 2287 adorarent
692 2263 765 2287 eum
789 2258 820 2286 et
836 2254 1050 2287 sacrificarent
1066 2253 1112 2292 ei3
1130 2256 1260 2295 repente

302 2307 485 2350 supervenit
505 2307 621 2340 Pilatus
644 2310 675 2340 et
699 2307 854 2340 interfecit
870 2316 923 2340 eos
940 2307 1022 2340 inter
1039 2306 1193 2339 sacrificia
1210 2315 1261 2339 eo-

303 2371 392 2401 rum;
412 2364 447 2405 ²et
472 2361 553 2394 inter
577 2361 646 2394 illos
670 2360 782 2393 occidit
798 2360 852 2403 qui
877 2360 1009 2393 faciebat
1033 2369 1066 2393 se
1087 2360 1260 2394 Christum.

304 2415 389 2448 Unde
417 2414 454 2448 de
482 2415 542 2448 hoc
566 2417 668 2456 potest
691 2414 820 2456 intelligi
845 2414 920 2446 illud
947 2415 1080 2447 ,ictuum
1105 2414 1260 2456 quintoss:

375 2661 384 2677 ¹
405 2663 478 2688 Vers.
500 2663 553 2688 1-3.
571 2677 606 2682 -
626 2663 661 2689 De
681 2663 774 2695 triplici
793 2663 859 2689 libro
878 2666 924 2689 cfr.
945 2665 988 2690 lV.
1007 2665 1078 2690 Sent.
1096 2664 1121 2690 (1,
1143 2664 1185 2690 43.
1199 2672 1222 2690 a.
1237 2665 1262 2690 3.

304 2715 330 2740 q.
351 2708 379 2739 ⁴3
398 2708 528 2740 Breviloq.
549 2715 575 2739 p.
596 2708 621 2733 ll.
641 2714 664 2733 e.
686 2708 727 2733 sil.
747 2711 772 2733 et
793 2709 841 2739 ta;
862 2715 887 2740 p.
909 2709 960 2734 Vll.
979 2716 1002 2734 c.
1024 2709 1048 2734 l.

375 2750 385 2765 ²
404 2751 467 2777 Cod.
488 2751 506 2777 C
526 2752 620 2777 omittit
639 2751 680 2783 in,
700 2759 769 2785 quae
792 2753 867 2778 lectio
892 2753 1015 2779 convenit
1034 2760 1094 2779 cum
1123 2754 1163 2779 illa
1189 2760 1258 2787 quae

305 2803 384 2827 supra
403 2803 426 2821 c.
447 2797 488 2821 l2.
508 2803 533 2820 n.
552 2796 595 2821 79.
616 2795 672 2828 (ubi
691 2796 761 2822 idem
787 2796 922 2822 exhibetur
942 2800 970 2823 ut
988 2797 1103 2823 secunda
1124 2798 1195 2830 pars)
1217 2804 1262 2829 po-

306 2840 352 2865 sita
372 2843 422 2870 est,
442 2840 483 2865 cui
504 2841 581 2871 paulo
600 2841 707 2866 inferius
726 2848 752 2866 n.
772 2842 795 2866 2.
816 2842 992 2873 suffragantur
1011 2842 1030 2867 Α
1043 2842 1132 2867 DFII.

377 2883 387 2897 ²³
407 2885 481 2909 Vers.
502 2884 533 2914 .4;
553 2885 657 2910 tertium
678 2885 788 2910 habetur
808 2893 832 2910 v.
852 2886 881 2918 6,
902 2886 946 2911 ubi
966 2890 1026 2918 post
1045 2886 1153 2913 Dicebat
1170 2888 1263 2913 autem

307 2929 327 2953 Il
348 2935 408 2953 cum
429 2929 539 2960 Vulgata
559 2929 631 2954 addit
649 2930 686 2960 et,
706 2930 777 2961 quod
792 2930 869 2955 etiam
884 2931 953 2956 Beda
967 2934 992 2956 et
1005 2931 1081 2957 Card.
1096 2932 1172 2963 Ilugo
1186 2931 1264 2957 omit-

308 2975 372 2997 tunt.
392 2972 461 2997 idem
481 2973 590 2997 recurrit
609 2973 715 2998 inscrins
734 2980 759 2998 n.
780 2974 821 2998 ti.
834 2987 870 2993 -—
882 2975 931 2999 Pro
944 2974 999 3001 sice
1011 2974 1176 3009 eaecoqitato,
1189 2975 1263 3008 quod

307 3018 328 3042 G
348 3017 455 3048 omittit,
474 3016 522 3042 AC
534 3018 582 3042 DF
594 3018 614 3042 Il
633 3016 687 3043 sine
705 3017 837 3050 excitam,-
856 3020 903 3044 etr.
923 3022 1008 3045 tamen
1028 3020 1137 3046 inferius
1155 3027 1182 3046 n.
1203 3020 1245 3045 tl.

378 3059 388 3074 ⁴
407 3060 490 3087 Codd.
509 3060 528 3086 C
540 3062 587 3086 DF
606 3061 807 3088 annuntiantes.

379 3104 389 3118 ⁶
407 3105 476 3131 Libr.
497 3106 583 3131 XVlll.
603 3106 687 3139 Antiq.
708 3106 764 3132 lud.
782 3114 806 3133 c.
825 3106 849 3133 4.
870 3107 943 3139 (alias
956 3108 991 3140 5.)
1007 3116 1032 3134 n.
1047 3109 1071 3134 l.
1086 3108 1140 3141 (ed.
1153 3108 1263 3134 Firmin-

308 3149 411 3182 Didot),
439 3149 484 3175 ubi
504 3157 545 3175 res
570 3151 619 3176 hoc
646 3150 725 3176 modo
751 3154 886 3177 narratur:
909 3162 922 3174 «
936 3153 1035 3178 Interea
1057 3160 1089 3178 ne
1108 3152 1263 3178 Samaritani

308 3193 415 3226 quidem
436 3195 547 3219 tumultu
566 3198 715 3220 caruerunt.
734 3195 851 3221 Concitat
870 3196 938 3221 enini
958 3203 1003 3221 eos
1022 3196 1077 3227 vir,
1093 3196 1140 3229 qui
1159 3195 1264 3222 mentiri

308 3245 356 3269 pro
375 3238 454 3263 nihilo
474 3238 586 3264 ducebat
604 3242 629 3264 et
647 3239 735 3265 omnia
754 3240 787 3265 ad
806 3240 949 3265 ineundam
968 3247 982 3265 a
1003 3240 1080 3272 plebe
1099 3241 1211 3273 gratiam
1231 3241 1265 3265 sa-

309 3281 407 3313 ciebat,
427 3281 526 3315 iubens,
547 3286 574 3309 ut
591 3290 681 3309 secum
701 3286 815 3309 montem
835 3284 937 3310 Garizin
951 3284 1172 3316 conscenderent,
1192 3291 1264 3309 mon-

309 3326 373 3351 tium
392 3327 463 3358 apud
483 3334 528 3352 eos
546 3327 686 3353 sanctitatis
704 3328 827 3359 opinione
845 3327 1064 3360 celeberrimum;
1084 3328 1185 3361 illisque
1198 3335 1265 3354 asse-

308 3370 430 3402 verabat,
443 3379 471 3397 se
483 3376 649 3398 ostensurum
670 3373 747 3405 ipsis,
767 3372 812 3398 ubi
831 3380 863 3399 eo
882 3373 1064 3405 pervenirent,
1077 3379 1150 3399 sacra
1167 3379 1229 3398 vasa
1249 3379 1264 3397 a

307 3415 397 3446 Moyse
421 3416 475 3442 istic
500 3416 602 3442 defossa
627 3420 705 3450 atque
729 3417 888 3445 recondita...
913 3420 939 3443 et
960 3417 1154 3450 potentissimos
1172 3423 1264 3442 eorum

1329 884 1345 900 «
1361 871 1437 904 Ante
1461 870 1519 903 hos
1542 869 1609 903 dies
1632 869 1755 903 exstitit
1777 868 1919 902 Theodas
1942 868 2066 909 dicens,
2090 879 2124 903 se
2147 879 2216 905 esse
2231 872 2283 905 ali-

1324 932 1437 965 quem,
1461 922 1513 956 cui
1537 922 1695 955 consensit
1718 930 1872 955 numerus
1895 921 2039 955 virorum
2062 922 2189 957 circiter
2209 933 2293 967 qua-²

1323 976 1582 1018 dringentorum,
1607 975 1662 1017 qui
1685 975 1809 1008 occisus
1832 978 1900 1015 est,
1925 979 1956 1008 et
1978 984 2105 1015 omnes,
2133 976 2188 1019 qui
2219 986 2288 1011 cre-

1324 1029 1440 1063 debant
1462 1029 1509 1068 ei‚
1532 1028 1672 1071 dissipati
1690 1042 1720 1061 ».
1742 1041 1758 1057 α
1774 1028 1846 1062 Post
1868 1028 1955 1062 hunc
1977 1029 2101 1062 exstitit
2123 1030 2214 1064 ludas
2229 1031 2288 1064 Ga-

1325 1082 1438 1115 lilaeus
1462 1085 1494 1114 et
1516 1081 1631 1113 avertit
1652 1081 1806 1123 populum
1830 1084 1902 1123 post
1924 1090 1976 1121 se,
2000 1085 2032 1114 et
2047 1082 2114 1124 ipse
2129 1083 2241 1125 periit,
2257 1087 2289 1118 et

1325 1143 1450 1173 omnes,
1474 1136 1631 1176 quotquot
1654 1137 1884 1167 consenserunt
1900 1134 1946 1173 ei,
1963 1134 2096 1177 dispersi
2113 1138 2188 1168 sunt
2203 1149 2234 1168 n.
2252 1131 2288 1169 Et

1326 1187 1370 1220 sic
1393 1186 1548 1220 acerbitas
1577 1187 1637 1220 fuit
1667 1187 1832 1229 supplicii,
1863 1187 1940 1230 quia
1967 1191 2114 1230 repente,
2136 1188 2289 1231 praviter·

1326 1243 1357 1273 et
1380 1239 1416 1272 in
1439 1239 1653 1272 multitudine
1672 1240 1778 1272 traditi
1795 1243 1870 1273 sunt
1885 1240 1917 1273 in
1934 1240 2126 1274 horrendam
2143 1245 2287 1275 mortem.

1416 1292 1446 1326 3.
1471 1293 1573 1334 (Vers.
1599 1294 1629 1326 2.
1655 1292 1711 1334 3.).
1736 1293 1880 1326 Secundo
1900 1296 2056 1336 quantum
2079 1294 2118 1327 ad
2141 1295 2289 1338 negatio-

1325 1356 1399 1379 nem
1431 1346 1574 1379 maioris
1604 1346 1814 1379 enormitatis
1836 1346 1947 1380 delicti
1973 1347 2142 1381 subditur:
2159 1349 2209 1382 -Et
2238 1359 2289 1383 re-

1325 1400 1489 1443 spondens
1511 1399 1599 1432 ctz‘aeit
1614 1399 1699 1433 z'ttis:
1717 1400 1872 1440 Putatis,
1889 1401 1978 1444 qaod
1993 1399 2030 1433 ln·
2048 1401 2192 1435 Galilaea*
2203 1412 2290 1445 prae

1326 1453 1480 1486 omnibus
1507 1452 1667 1486 Galilaeis
1693 1457 1883 1496 peccatores
1912 1452 2060 1497 fuerint,
2092 1455 2174 1499 qaia
2205 1456 2290 1490 tatia

1322 1506 1422 1548 passi
1442 1506 1549 1538 sunt?
1572 1506 1634 1539 Hoc
1658 1506 1741 1539 enim
1764 1506 1949 1550 frequenter
1970 1498 2133 1541 consuevit
2148 1509 2233 1542 credi
2249 1509 2290 1543 ab

1326 1559 1522 1598 hominibus,
1547 1559 1602 1602 qui
1626 1559 1766 1592 iudicant
1782 1560 1957 1593 secundum
1974 1560 2136 1594 exteriora
2149 1561 2179 1601 ⁷;
2196 1565 2228 1595 et
2243 1565 2290 1595 ta-

1326 1622 1398 1646 men
1422 1622 1484 1646 non
1509 1618 1556 1646 est
1579 1613 1623 1646 ita
1645 1612 1858 1646 iudicandum.
1883 1632 1928 1637 ——
1951 1614 2022 1647 ldeo
2046 1614 2173 1647 subdit:
2198 1614 2289 1655 Non,

1327 1666 1399 1699 dico
1422 1666 1533 1705 vobis,
1558 1666 1589 1699 id
1612 1669 1677 1706 est,
1701 1675 1826 1706 assero,
1842 1667 1927 1709 quod
1943 1676 2006 1700 non
2022 1671 2113 1700 erant
2128 1677 2205 1709 prae
2220 1669 2291 1702 aliis

1327 1723 1517 1762 peccatores.
1542 1719 1613 1753 Ideo
1636 1729 1697 1753 non
1723 1723 1770 1753 est
1793 1723 1912 1753 temere
1928 1719 2149 1759 iudicandum,
2165 1720 2219 1754 sed
2235 1730 2290 1763 po-

1329 1773 1390 1806 tius
1420 1773 1673 1813 formidandum,
1704 1774 1780 1816 quia
1810 1777 1932 1807 secreta
1963 1776 2038 1806 sunt
2069 1773 2184 1807 iudicia
2211 1774 2289 1813 Dei;

1327 1827 1410 1860 unde
1425 1827 1625 1860 Ecclesiastae
1642 1830 1753 1860 octavo
1765 1826 1796 1859 ⁸:
1815 1840 1831 1856 «
1844 1826 1912 1859 Vidi
1929 1826 2041 1869 impios
2057 1827 2207 1869 sepultos,
2224 1828 2290 1870 qui,

1327 1890 1399 1914 cum
1423 1881 1527 1913 adhuc
1551 1881 1711 1920 viverent,
1736 1880 1767 1913 in
1792 1880 1860 1913 loco
1883 1883 1992 1914 sancto
2015 1884 2105 1914 erant
2128 1884 2159 1914 et
2182 1881 2290 1914 lauda-

1326 1935 1443 1967 bantur
1468 1934 1499 1966 in
1523 1934 1649 1967 civitate
1672 1934 1762 1976 quasi
1780 1933 1936 1967 iustorum
1955 1942 2088 1976 operum
2105 1937 2136 1974 »ζ
2154 1937 2185 1968 et
2201 1938 2289 1977 post:

1332 2001 1348 2016 «
1365 1988 1444 2020 Sunt
1467 1987 1559 2026 iusti,
1591 1987 1709 2029 quibus
1731 1987 1814 2019 mala
1837 1987 2046 2029 proveniunt,
2071 1987 2162 2030 quasi
2193 1997 2290 2030 opera

1327 2041 1448 2083 egerint
1472 2040 1659 2082 impiorum3
1685 2043 1715 2072 et
1731 2044 1806 2073 sunt
1822 2040 1928 2082 impii,
1945 2041 2000 2083 qui
2017 2041 2061 2074 ita
2077 2041 2180 2074 securi
2198 2045 2290 2081 sunt,

1327 2094 1416 2137 quasi
1448 2093 1606 2126 iustorum
1630 2093 1711 2126 fac-ta
1734 2093 1917 2132 habeant»;
1949 2096 1981 2126 et
2011 2094 2128 2127 iterum
2159 2095 2290 2127 nono⁹z

1332 2161 1347 2177 «
1364 2147 1477 2180 Omnia
1501 2147 1532 2179 in
1556 2146 1702 2179 futurum
1726 2150 1895 2180 servantur
1911 2147 2049 2186 incerta,
2066 2156 2103 2180 eo
2120 2147 2205 2190 quod
2220 2147 2292 2180 uni-

1327 2210 1419 2234 versa
1441 2209 1542 2242 aeque
1565 2199 1715 2233 eveniunt
1738 2199 1822 2232 iusto
1845 2203 1877 2232 et
1900 2199 2013 2242 impio,
2038 2200 2121 2233 bono
2141 2204 2173 2234 et
2188 2201 2290 2241 malo,

1326 2253 1445 2286 mundo
1467 2256 1498 2285 et
1522 2252 1702 2291 immundo,
1734 2252 1910 2285 immolanti
1940 2252 2059 2286 hostias
2082 2256 2114 2286 et
2136 2254 2290 2287 sacrificia

1325 2305 1585 2339 contemnenti».
1610 2304 1646 2338 Et
1669 2305 1740 2338 ideo
1763 2305 1880 2338 dicitur
1904 2306 2024 2348 primae
2048 2306 2088 2339 ad
2111 2306 2292 2339 Corinthios

1327 2362 1459 2402 quarto:
1477 2372 1493 2388 ιι
1506 2358 1605 2391 Nolite
1617 2352 1689 2391 ante
1702 2362 1829 2401 tempus
1845 2358 2000 2398 iudicare,
2017 2359 2226 2402 quoadusque
2237 2368 2290 2392 ve-

1327 2413 1392 2446 niat
1404 2410 1566 2452 Dominus,
1578 2411 1632 2454 qui
1646 2415 1677 2445 et
1690 2412 1879 2445 illuminabit
1891 2412 2073 2445 abscondita
2086 2412 2291 2446 tenebrarum

1327 2671 1395 2697 quos
1407 2664 1434 2689 in
1448 2664 1509 2695 suga
1522 2665 1659 2695 ceperant,
1678 2662 1805 2688 interfecit
1823 2662 1920 2688 Pilatus
1932 2671 1957 2687 n.
1976 2661 2026 2688 Csr.
2041 2662 2154 2693 Darou„
2167 2662 2184 2688 l.
2197 2662 2291 2688 Annal.

1327 2715 1369 2734 an.
1388 2708 1431 2734 35.
1451 2715 1473 2733 c.
1493 2707 1541 2739 26,
1559 2707 1605 2740 qni
1624 2714 1655 2732 ex
1675 2707 1770 2733 Iustino
1790 2706 1902 2739 (Dialog.
1922 2713 1983 2732 cum
2004 2706 2167 2739 Thryphone
2180 2706 2291 2738 Iudaeo,

1327 2761 1353 2778 n.
1373 2752 1444 2785 4⁶20.)
1464 2754 1552 2784 putat,
1572 2752 1744 2783 impostorem
1764 2752 1834 2777 hunc
1853 2750 1933 2776 fuisse
1952 2750 2090 2777 Simonem
2104 2757 2226 2784 maqum.
2240 2750 2292 2782 Cy-

1327 2797 1399 2822 rillus
1418 2797 1500 2827 Alex„
1519 2803 1600 2828 quem
1625 2795 1744 2828 sequitur
1764 2794 1969 2826 Theopnylact„
1989 2794 2014 2819 in
2038 2795 2100 2820 Luc.
2121 2794 2169 2827 ¹13,
2189 2794 2220 2825 i,
2238 2794 2290 2820 ait:

1328 2841 1456 2867 Videntur
1469 2840 1574 2866 Galilaei
1587 2839 1637 2865 sub
1651 2839 1772 2872 praeside
1786 2839 1865 2864 Pilato
1878 2838 2033 2864 seditionem
2048 2839 2152 2871 secisse,
2165 2838 2292 2870 dogmata

1327 2888 1455 2911 sectantes
1474 2884 1557 2911 luctae
1576 2883 1706 2916 Galilaei‚
1732 2883 1808 2909 cuius
1835 2883 1914 2909 etiam
1942 2883 2026 2909 Lucas
2053 2882 2079 2908 in
2105 2883 2291 2914 Apostolorum

1328 2929 1435 2955 Actibus
1455 2929 1497 2963 [5‚
1517 2929 1574 2963 37.]
1603 2928 1731 2954 meminit.
1759 2928 1838 2954 Iudae
1865 2930 1954 2953 autem
1982 2927 2095 2959 dogma,
2120 2927 2188 2953 sicut
2212 2927 2291 2953 etiam

1327 2975 1453 3006 loseplius
1471 2973 1612 3006 postremis
1630 2972 1820 3006 Antiquitatum
1840 2971 2004 2997 Iudaicarum
2023 2970 2097 2997 libris
2109 2970 2212 3005 [XVlll.
2228 2978 2252 2997 c.
2267 2972 2291 2997 l.

1327 3025 1353 3044 n.
1374 3017 1413 3052 t.]
1433 3021 1533 3050 narrat,
1554 3025 1677 3050 magnam
1698 3024 1763 3049 prae
1781 3024 1810 3042 se
1830 3015 1929 3042 terebat
1957 3019 2062 3042 exactae
2083 3015 2217 3048 religionis
2234 3023 2292 3049 spe-

1328 3063 1394 3089 ciem
1415 3065 1464 3089 etc.
1484 3064 1510 3088 S.
1529 3063 1642 3095 BonaV.y
1660 3062 1737 3088 Card.
1757 3062 1835 3093 Hugo
1853 3063 1879 3086 et
1897 3061 1925 3086 B.
1939 3059 2035 3086 Albcrt.
2048 3060 2166 3086 nituntur
2178 3060 2210 3086 iis
2222 3067 2291 3093 quae

1328 3110 1417 3132 narrat
1434 3107 1501 3133 Petr.
1520 3107 1671 3138 Comestor‚
1690 3106 1785 3132 Histor.
1804 3105 1926 3131 scholast.
1944 3104 1971 3130 in
1990 3105 2090 3136 Evang.
2109 3111 2134 3130 c.
2153 3104 2195 3130 94.

1399 3149 1411 3164 ⁰
1430 3151 1503 3176 Vers.
1523 3152 1566 3177 36.
1585 3154 1611 3177 et
1629 3150 1671 3176 37.
1692 3151 1741 3176 l>r0
1759 3148 2024 3184 quadringentorum
2043 3148 2122 3175 codd.
2135 3148 2290 3183 quinqento-

1328 3201 1407 3226 rum,
1426 3195 1472 3228 qui
1491 3195 1570 3221 etlam
1589 3194 1731 3221 dictionem
1749 3195 1775 3220 et
1792 3192 1848 3227 ipse
1869 3191 1951 3226 periit
1976 3195 2149 3225 transponunt
2172 3195 2233 3225 post
2254 3191 2292 3219 di-

1328 3237 1417 3272 spersi
1433 3240 1506 3265 sunt.

1399 3280 1409 3296 ‘¹
1430 3283 1485 3308 Lib.
1506 3284 1523 3309 l.
1543 3284 1607 3314 Reg.
1629 3283 1676 3313 ⁴6,
1695 3283 1729 3308 7:
1748 3283 1834 3308 Homo
1853 3281 1924 3306 enim
1944 3280 2017 3306 videt
2035 3287 2066 3306 ea
2090 3287 2159 3314 quae
2184 3283 2290 3313 parent,

1329 3327 1456 3353 Dominus
1474 3330 1562 3353 autem
1582 3327 1696 3352 intuetur
1715 3333 1769 3352 cor.

1400 3369 1505 3397 ⁵.Vers.
1526 3371 1567 3396 ⁴0.
1586 3374 1612 3396 et
1632 3370 1676 3396 Η.

1400 3413 1412 3429 ⁹
1431 3415 1506 3441 Vers.
1526 3416 1551 3441 2.
1571 3429 1605 3433 ——
1625 3413 1742 3440 Subinde
1760 3414 1886 3446 allegatur
1905 3413 1922 3439 l.
1941 3412 2000 3440 Cor.
2022 3413 2051 3445 15,
2070 3413 2096 3439 5.

2307 1295 2431 1319 Secundum.
2469 1306 2476 1325 'q
