2427 3872
309 251 373 282 842

599 293 645 317 sm

309 339 460 363 Sanctorum
489 336 595 367 spiritus
623 335 683 361 ibid.
710 349 744 353 —
768 342 818 359 non
844 338 882 359 ost
901 335 943 359 da-

308 386 349 406 tus
368 381 414 405 nisi
435 380 602 405 credentibus
621 380 646 404 in
676 379 805 404 Christum
833 378 883 404 444
911 377 942 402 40

308 439 341 443 —
361 431 410 449 non
432 424 538 449 mittitur
557 423 605 448 nisi
630 423 663 447 ad
684 422 766 447 bonos
786 422 830 446 441
856 421 888 446 27
908 434 942 440 --

307 469 384 494 datur
403 467 569 499 diligentibus
588 470 613 492 et
632 467 664 491 ad
684 466 824 497 ampliores
836 466 942 491 effectus

307 513 392 544 inagis
405 511 572 543 diligentibus
587 510 636 535 442
651 510 683 536 34
700 525 731 528 -
746 517 796 536 000
816 510 892 535 datur
905 509 942 534 eis

306 558 351 590 qui
371 557 518 582 desiderant
532 556 606 580 aliam
620 555 822 580 consolationem
837 554 888 578 460
908 553 940 578 24

360 616 394 618 -
413 608 464 625 non
483 603 582 625 tantum
601 599 703 631 quaerit
716 598 833 623 habitare
846 598 871 623 in
885 605 943 623 cor-

308 652 371 677 pore
396 645 510 674 mundo,
539 644 584 669 scd
614 644 637 668 in
667 644 755 668 animo
780 646 870 667 sancto
901 642 941 667 Vil

308 689 358 714 295
378 688 411 713 54
431 701 465 706 -
490 691 576 713 manet
603 688 627 713 in
655 691 789 712 aeternum
815 687 838 711 in
868 686 943 711 honis

308 733 338 757 Vi
359 732 405 757 441
431 732 463 756 25
479 747 512 749 -
527 735 612 757 manet
625 739 685 757 cuin
700 731 868 756 invitantibus
881 737 941 755 cum

307 777 357 801 543
378 776 402 801 5.
422 776 472 800 606
492 783 519 801 v.
539 776 570 800 13
591 790 624 793 —-
644 777 707 801 solet
721 776 822 805 venire,
843 775 887 799 ubi
906 775 942 800 di-

307 821 406 852 ligitur,
427 819 471 845 ubi
491 820 626 850 invitatur,
647 819 691 845 ubi
705 822 878 850 exspectatur,
898 818 942 844 ubi

308 865 330 890 ei
351 864 491 896 hospitium
518 867 690 895 praeparatur
718 864 768 888 607
799 870 825 888 v.
852 864 883 888 13
910 877 939 880 -

307 912 393 934 manet
413 915 458 940 per
478 909 588 939 gratiam
608 908 633 933 in
645 908 821 939 ‚diligentibus
840 913 887 938 per
901 913 941 931 ca-

306 954 421 984 ritatem,
442 952 466 977 in
487 951 675 977 honorantibus
695 959 741 983 per
754 951 939 980 obedientiam,

305 998 331 1022 10
358 996 527 1022 imitantibus
555 1003 601 1027 per
625 996 767 1021 orationem
789 994 839 1020 542
859 995 875 1019 5
903 1009 937 1011 -

307 1041 422 1066 veritatis
450 1048 501 1066 non
526 1043 612 1065 manet
637 1040 661 1064 in
682 1038 862 1071 ignorantibus
888 1038 939 1062 543

305 1086 321 1110 5
341 1099 374 1102 -
394 1092 445 1109 nun
472 1088 565 1112 manet,
586 1083 629 1108 ubi
656 1083 795 1114 negligitur
823 1081 886 1107 ibid.
904 1096 939 1099 —

306 1136 358 1153 non
379 1131 463 1153 inanet
484 1128 508 1152 in
538 1127 701 1157 infidelibus,
732 1126 779 1151 sed
807 1125 941 1157 fidelibus,

306 1179 357 1197 non
387 1173 410 1197 in
435 1171 589 1197 animalibus
615 1170 779 1200 bominibus,
798 1170 844 1195 sed
869 1170 942 1201 spiri-

306 1216 417 1242 tualibus
437 1215 481 1241 441
507 1216 539 1240 26

358 1275 392 1278 -
410 1260 576 1291 cognoscitur
595 1258 628 1283 ab
647 1258 685 1283 eis
704 1258 749 1290 qui
769 1258 856 1289 ipsum
876 1258 942 1284 acci-

305 1304 380 1336 piunt
401 1304 430 1329 Vl
453 1303 497 1328 441
524 1303 557 1328 26
577 1316 609 1321 -
631 1302 792 1334 praesensio
807 1301 881 1327 bonis
896 1309 941 1333 per

304 1349 424 1374 effectum
452 1347 619 1372 manifestum
645 1346 811 1378 cognoscitur
837 1346 887 1371 443
908 1346 941 1371 37

305 1407 339 1412 -
358 1395 484 1425 quantum
504 1392 537 1417 ad
562 1392 681 1416 effectum
708 1391 870 1422 gratificandi
890 1398 941 1416 non

305 1440 344 1462 est
374 1436 448 1462 nobis
476 1439 551 1461 notus
579 1435 627 1460 nisi
656 1442 702 1466 per
733 1435 873 1466 specialem
904 1442 942 1460 re-

305 1481 459 1507 velationem
489 1479 550 1506 ibid.
569 1493 603 1498 —
626 1479 806 1510 cognoscitur,
832 1479 939 1512 quando

305 1526 387 1555 venit,
407 1532 454 1557 per
473 1526 601 1550 fervorem
615 1527 640 1548 et
654 1526 770 1555 teporem
790 1524 836 1549 281
862 1524 889 1549 21
908 1538 943 1543 -—

305 1570 422 1595 Nascitur
441 1569 505 1594 ratio
523 1569 650 1594 adventus
675 1571 700 1593 et
726 1574 844 1593 recessus
865 1567 943 1599 Spiri-

305 1615 347 1638 tus
365 1613 447 1638 sancti
465 1611 526 1638 ibid.
545 1625 580 1630 —
599 1614 637 1636 est
655 1611 770 1636 occultus
790 1611 840 1636 280
862 1611 893 1636 -13
908 1625 942 1629 -

305 1664 356 1682 000
375 1657 541 1688 cognoscitur
560 1655 593 1680 ab
612 1653 760 1680 infidelibus
780 1654 824 1680 441
851 1655 883 1680 26

358 1714 392 1719 -
412 1699 509 1725 habitat
528 1700 552 1725 in
572 1699 672 1725 Christo
690 1699 835 1724 secundum
849 1700 941 1724 huma-

305 1744 411 1770 nitatem
433 1745 463 1769 vt
493 1744 542 1770 156
566 1751 593 1769 ν.
618 1744 650 1768 22
672 1757 704 1761 -—-
729 1743 774 1768 fuit
793 1743 819 1768 in
838 1742 941 1769 Christo

306 1789 451 1814 secundum
471 1795 576 1814 omnem
597 1787 782 1820 plenitudinem
797 1787 840 1812 Vll
860 1787 893 1812 83
907 1787 940 1819 53

304 1846 340 1851 —
354 1833 483 1865 requievit
495 1839 574 1864 super
587 1833 726 1857 humanam
741 1834 859 1857 naturam
873 1830 942 1857 Chri-

303 1877 335 1902 sti
356 1880 482 1909 quantum
511 1877 544 1902 ad
569 1876 744 1902 excellentiam
772 1875 871 1907 gratiae
889 1875 941 1900 sin—

306 1920 403 1952 gularis
423 1924 447 1946 et
468 1921 539 1946 unxit
557 1928 617 1946 eum
637 1923 763 1953 quantuni
782 1920 815 1945 ad
834 1926 940 1951 praero-

305 1964 421 1996 gativam
440 1965 607 1990 sacerdotalis
635 1967 661 1990 et
688 1964 782 1996 regalis
807 1964 941 1996 dignitatis

304 2008 337 2034 97
357 2009 390 2034 36
409 2022 444 2028 -—
462 2009 592 2042 requievit
619 2012 644 2034 et
668 2009 762 2034 mansit
791 2009 814 2034 in
839 2008 940 2035 Christo

304 2053 336 2078 Vl
356 2053 407 2078 260
427 2053 476 2085 66,
494 2053 527 2078 67

356 2111 391 2115 --
410 2097 488 2122 datur
505 2104 519 2122 a
539 2097 601 2123 Filio
620 2097 653 2123 Vl
675 2098 724 2123 113
750 2105 775 2123 ν.
795 2098 811 2123 5
829 2111 864 2116 -
884 2104 940 2129 pro-

304 2141 412 2166 mittitur
443 2141 573 2173 Apostolis
603 2141 628 2167 in
649 2148 753 2167 recessu
777 2141 885 2172 Christi,
910 2149 940 2167 ex

302 2192 354 2218 qua
374 2186 548 2217 promissione
566 2185 663 2211 debent
688 2186 816 2212 consolari
836 2186 886 2212 458
908 2187 939 2211 13

302 2243 338 2248 -
357 2231 505 2262 frequenter
524 2237 539 2255 a
557 2229 665 2256 Christo
684 2230 831 2262 promissus
850 2230 896 2256 fuit
915 2230 940 2256 in

303 2274 443 2305 Evangelio
464 2274 504 2299 Vll
529 2274 580 2299 602
600 2274 628 2299 61
658 2287 693 2293 —
716 2275 801 2300 Missio
831 2275 941 2307 Spiritus

297 2314 384 2343 'sancti
404 2318 451 2343 fuit
469 2318 547 2343 dilata
568 2321 675 2350 propter
688 2319 848 2344 desiderium
867 2319 941 2345 disci-

302 2362 425 2393 pulorum
453 2362 682 2393 inflammandum,
711 2366 818 2395 propter
844 2366 940 2395 myste-

301 2406 369 2431 rium
389 2406 548 2432 servandum
563 2409 588 2432 et
601 2410 708 2438 propter
726 2408 874 2440 exemplum
888 2409 940 2434 603

302 2450 335 2475 62
346 2465 381 2468 -
394 2450 465 2476 venit
475 2450 567 2476 decem
580 2450 675 2476 diebus
688 2454 746 2483 post
760 2453 940 2478 ascensionem

303 2493 353 2519 479
374 2495 406 2519 19
425 2508 460 2513 -
479 2495 613 2521 descendit
637 2503 717 2528 super
737 2496 879 2522 duodecies
898 2497 941 2523 de-

301 2545 359 2564 cem
379 2537 438 2564 ibid.

353 2596 390 2601 —
402 2586 461 2607 ante
474 2583 688 2614 glorificationem
702 2585 807 2610 Domini
820 2592 872 2610 non
885 2589 941 2611 erat

303 2626 381 2651 datus
399 2625 535 2651 visibiliter
558 2630 584 2652 et
607 2631 710 2660 aperte,
735 2629 782 2655 sed
807 2629 940 2655 invisibili-

303 2672 341 2694 ter
362 2670 392 2694 Vi
413 2670 464 2694 286
485 2670 517 2695 48
538 2669 567 2695 3*
585 2685 618 2689 -
642 2672 728 2702 primo
748 2673 825 2698 datus
843 2676 881 2698 est
900 2680 940 2698 oc-

302 2713 369 2738 culte
387 2716 413 2738 et
432 2716 521 2744 postea
549 2713 713 2740 abundanter
740 2720 765 2741 et
788 2721 877 2747 aperte
898 2717 939 2742 Vll

302 2756 353 2781 602
374 2757 401 2781 61
426 2771 460 2774 -
479 2757 556 2783 datus
575 2761 614 2783 est
634 2759 767 2785 manifeste
791 2761 939 2792 Prophetis,

302 2800 462 2826 manifestius
491 2801 516 2826 in
545 2801 716 2828 insufflatione
745 2807 804 2835 post
827 2812 940 2832 resurre-

301 2844 428 2874 ctionem,
449 2845 656 2871 manifestissime
676 2850 735 2878 post
760 2849 938 2874 ascensionem

303 2888 334 2912 Vl
354 2887 404 2912 350
424 2888 457 2913 57
477 2903 511 2906 —
534 2889 638 2915 dandus
656 2894 711 2915 crat
735 2894 794 2922 post
814 2892 939 2923 glorifica-

301 2932 396 2957 tionem
416 2932 510 2958 Christi
528 2932 560 2958 ib.
575 2933 609 2959 55
628 2948 662 2951 —
682 2939 740 2960 ante
759 2936 937 2962 ascensionem

301 2975 393 3002 Christi
408 2983 460 3002 non
472 2980 527 3002 erat
540 2977 616 3003 datus
634 2978 657 3003 in
672 2979 802 3004 evidentia
816 2983 841 3004 et
860 2979 939 3005 abun-

301 3020 388 3046 dantia
409 3020 442 3047 ib.
471 3021 503 3046 57
523 3036 557 3039 —
576 3029 628 3047 non
654 3021 768 3048 debebat
794 3023 850 3049 dari
879 3027 936 3049 ante

302 3071 438 3091 ascensum
466 3065 559 3091 Christi
589 3066 638 3091 460
666 3067 699 3092 24
720 3081 753 3085 -
772 3067 863 3094 debuit
881 3068 937 3093 dari

302 3112 359 3140 post
378 3109 612 3135 reconciliationem
633 3118 692 3136 cum
714 3112 767 3137 Deo
786 3111 846 3138 ibid.

354 3167 389 3172 --
409 3154 512 3179 Donum
540 3155 653 3186 Spiritus
680 3156 760 3181 sancti
789 3156 879 3182 datum
900 3160 938 3182 est

301 3197 430 3229 Apostoiis
449 3198 481 3223 ad
501 3199 653 3225 remittenda
674 3203 778 3231 peccata
793 3201 824 3226 Vl
839 3200 889 3226 513
904 3201 937 3226 43

301 3256 336 3260 —
355 3242 431 3268 datus
449 3245 488 3268 est
506 3243 540 3268 ad
562 3244 743 3269 remissionem
770 3248 937 3276 peccatorum

302 3286 336 3311 ad
354 3286 461 3318 dignam
482 3288 671 3313 exsecutionem
692 3289 825 3320 potestatis
839 3289 890 3315 515
904 3289 937 3315 53

355 3344 390 3349 -
408 3331 542 3357 descendit
561 3332 587 3357 in
613 3333 707 3364 linguis
732 3333 830 3365 igneis,
850 3334 938 3359 dando

303 3374 426 3400 virtutem
455 3375 489 3401 ad
516 3376 576 3401 fidei
602 3376 804 3408 publicationem
834 3378 866 3403 Vl
886 3377 937 3403 514

1168 245 1280 277 INDEX
1306 245 1435 278 RERUM

980 333 1013 358 50
1034 347 1066 351 -—-
1086 333 1208 365 apparuit
1226 339 1306 364 super
1325 333 1469 364 discipulos
1488 333 1512 358 in
1532 334 1620 364 specie

981 376 1107 406 flaminis,
1127 376 1231 407 linguae
1250 380 1275 401 ct
1294 376 1362 407 ignis
1381 376 1432 401 542
1453 377 1467 401 3
1489 390 1522 394 -
1541 384 1618 408 appa-

979 422 1030 445 ruit
1049 421 1074 445 in
1094 420 1182 451 specie
1201 420 1278 451 ignis,
1298 421 1358 452 quia
1386 421 1441 451 ipse
1461 420 1575 445 incendit
1595 421 1618 445 in

979 464 1058 490 corde
1076 464 1197 489 ardorem
1218 463 1344 495 caritati33
1365 464 1390 488 in
1410 464 1498 496 specie
1516 464 1620 495 liuguae

979 508 1113 540 apparuit,
1132 508 1193 540 quia
1214 508 1270 539 ipse
1290 508 1405 533 immittit
1422 508 1460 533 ori
1474 508 1617 533 doctrinam

980 552 1109 582 veritatis;
1134 552 1158 577 in
1184 552 1271 583 specie
1297 552 1410 577 flaminis
1434 552 1490 577 sive
1513 552 1619 583 spiritus

979 597 1113 629 apparuit,
1132 596 1193 628 quia
1213 595 1393 621 subministrat
1411 596 1485 627 operi
1500 596 1617 627 vigorem

979 641 1082 666 virtutis
1101 639 1134 666 ib.
1155 640 1170 664 4

1034 699 1064 702 —
1086 684 1180 709 dicitur
1199 683 1366 709 descendisse
1392 683 1416 707 in
1436 683 1558 708 columba
1578 691 1619 708 so-

979 730 1032 754 lum
1052 728 1151 753 ratione
1170 727 1323 752 ostensionis
1343 727 1374 751 Vl
1396 727 1442 751 261
1467 727 1500 751 69
1520 742 1554 745 -—
1575 728 1619 752 De-

979 779 1086 798 scensus
1105 771 1217 803 Spiritus
1236 771 1318 796 sancti
1338 771 1490 802 designatur
1510 778 1556 802 per
1577 771 1618 796 ‹ie-

979 822 1100 842 scensum
1119 814 1201 840 nimbi
1221 814 1263 839 Vll
1284 814 1335 839 334
1356 815 1388 839 82
1409 816 1542 840 —Flatus
1562 816 1619 846 Spi-

978 861 1043 885 ritus
1061 859 1142 884 sancti
1157 859 1309 889 designatur
1323 866 1370 890 per
1383 862 1500 884 austrum
1515 860 1618 884 flantem

980 903 1039 930 ibid.
1069 917 1102 921 ——
1122 904 1244 934 apparuit
1269 903 1295 927 in
1321 902 1441 928 columba
1473 908 1497 928 et
1521 904 1545 928 in
1573 904 1619 928 lin-

979 948 1038 979 guis
1049 952 1073 972 et
1084 948 1143 978 igne
1157 947 1255 972 ratione
1269 947 1467 978 significationis
1481 948 1513 973 83
1528 948 1570 977 53,
1584 947 1617 972 51

977 1005 1012 1011 -
1031 991 1215 1023 incipientibus
1235 991 1346 1017 illabitur
1367 996 1394 1017 ut
1412 991 1542 1022 columba,
1557 992 1616 1023 quia

977 1035 1063 1061 reddit
1082 1042 1127 1060 eos
1156 1038 1291 1066 gementes
1310 1039 1335 1061 et
1355 1036 1509 1061 meditantes
1516 1046 1522 1066 ;
1543 1035 1619 1066 profi-

978 1079 1107 1105 cientibus
1127 1082 1154 1104 ut
1173 1079 1266 1110 nubes,
1285 1080 1347 1112 quia
1367 1080 1505 1105 conamine
1525 1079 1618 1104 mentis

980 1124 1038 1149 facit
1057 1130 1103 1148 eos
1129 1130 1234 1148 sursum
1261 1124 1417 1155 ascendere;
1446 1124 1566 1155 perfectis
1591 1123 1617 1148 in

978 1168 1049 1199 igne,
1062 1167 1123 1200 quia
1139 1167 1193 1192 illos
1208 1168 1351 1193 inflammat
1365 1168 1397 1193 84
1413 1168 1446 1194 54
1460 1182 1494 1187 —
1514 1168 1619 1193 descen-

978 1212 1016 1237 dit
1027 1212 1053 1236 in
1065 1211 1164 1243 gratiae
1177 1211 1366 1242 vivificatione,
1381 1215 1490 1244 apparet
1501 1212 1525 1237 in
1538 1211 1618 1237 bono-

979 1263 1037 1282 rum
1058 1262 1169 1288 operum
1184 1256 1355 1288 exhibitione,
1375 1260 1462 1282 manet
1482 1257 1506 1281 in
1526 1263 1617 1281 eorun-

979 1300 1040 1325 dem
1052 1300 1245 1332 perseverautia
1256 1304 1281 1326 et
1290 1301 1484 1326 continuatione
1496 1300 1527 1325 Vi
1540 1300 1591 1325 542
1604 1301 1613 1325 1

1031 1358 1066 1363 -
1086 1344 1232 1370 inflammat
1250 1346 1370 1370 affectum
1400 1345 1432 1370 Vl
1454 1344 1499 1369 171
1533 1351 1558 1368 v.
1586 1344 1617 1370 17

978 1404 1013 1407 -
1033 1390 1057 1414 10
1077 1389 1189 1420 Spiritus
1208 1389 1287 1414 sancti
1314 1389 1454 1414 donatione
1472 1388 1618 1414 infunditur

978 1433 1082 1459 dilectio
1097 1433 1130 1458 45
1145 1433 1195 1458 476
1209 1446 1244 1452 -
1262 1434 1368 1459 divinus
1387 1433 1501 1458 animam
1521 1433 1619 1464 gratifi-

979 1484 1042 1502 cans
1061 1477 1105 1503 dat
1124 1478 1148 1503 ei
1161 1484 1268 1503 sensum
1283 1477 1438 1509 devotionis,
1452 1476 1564 1502 verbum
1579 1483 1618 1502 ae-

978 1522 1135 1547 dificationis
1165 1525 1190 1547 et
1218 1525 1319 1547 motum
1346 1521 1429 1547 bonae
1460 1521 1618 1553 operationis

979 1565 1030 1591 542
1051 1567 1066 1591 2
1085 1579 1121 1585 ·--
1144 1569 1183 1592 est
1211 1566 1278 1597 ignis
1304 1566 1330 1591 in
1358 1566 1451 1597 corde,
1478 1566 1575 1590 veritas
1592 1565 1617 1591 in

978 1617 1024 1636 ore
1043 1611 1084 1635 vel
1103 1617 1225 1636 sermone
1244 1613 1269 1636 et
1288 1611 1371 1636 virtus
1399 1610 1424 1635 in
1450 1617 1530 1641 opere
1548 1609 1582 1636 ib.
1602 1610 1616 1635 4

977 1668 1012 1673 -
1031 1654 1126 1680 dicitur
1139 1655 1251 1687 Spiritus
1269 1655 1419 1686 sanctitatis,
1438 1654 1500 1687 quia
1520 1654 1554 1679 ad
1574 1653 1617 1680 bo·

978 1706 1040 1724 num
1062 1702 1151 1724 movet
1170 1699 1344 1728 voluntatem,
1370 1698 1481 1730 Spiritus
1500 1698 1616 1730 virtutis,

978 1743 1041 1776 quia
1066 1743 1176 1769 adiuvat
1194 1744 1317 1768 virtutem
1338 1743 1388 1768 603
1409 1743 1424 1768 6
1443 1756 1479 1762 --
1497 1743 1542 1768 dat
1568 1743 1617 1768 vir-

979 1790 1059 1812 tutem
1079 1788 1178 1813 Sanctis
1198 1787 1241 1813 Vll
1270 1787 1302 1813 43
1324 1787 1374 1812 143
1394 1802 1428 1805 -
1448 1787 1493 1813 dat
1516 1787 1616 1819 sapien-

978 1831 1039 1857 tiam
1059 1831 1084 1856 in
1104 1832 1183 1857 corde
1202 1834 1227 1857 et
1249 1831 1423 1864 eloquentiam
1447 1831 1471 1857 in
1496 1838 1617 1857 sermone

979 1878 1004 1900 et
1027 1875 1204 1901 fortitudinem
1224 1879 1314 1901 contra
1334 1875 1523 1901 cavillationem
1549 1876 1618 1901 frau-

979 1919 1112 1945 dulentam
1133 1919 1184 1945 528
1204 1920 1238 1945 22

1030 1976 1066 1981 -
1075 1966 1114 1988 est
1128 1963 1240 1995 Spiritus
1254 1963 1376 1995 veritatis,
1391 1964 1452 1997 quia
1466 1964 1543 1990 docet
1555 1970 1617 1989 vera

978 2007 1009 2033 Vl
1031 2006 1075 2032 441
1101 2007 1144 2032 26.
1166 2007 1217 2032 603
1244 2008 1259 2032 6
1278 2021 1313 2025 -
1332 2008 1427 2033 dicitur
1452 2008 1564 2039 Spiritus
1582 2008 1618 2033 di-

977 2051 1115 2084 sciplinae,
1143 2051 1169 2076 in
1197 2055 1325 2084 quantum
1355 2052 1528 2084 ignorantiam
1555 2052 1619 2077 tollit

977 2099 1002 2122 et
1020 2095 1174 2128 sapientiam
1194 2095 1275 2121 donat
1295 2096 1344 2121 113
1365 2103 1390 2121 ν.
1411 2096 1428 2121 5
1441 2110 1474 2115 -
1488 2097 1564 2122 docet
1577 2104 1619 2122 ve-

977 2141 1093 2171 ritatem,
1112 2146 1192 2172 quam
1222 2139 1302 2165 habet
1327 2139 1361 2165 ab
1390 2140 1439 2166 alio
1460 2140 1509 2166 459
1530 2141 1563 2166 20
1583 2155 1618 2159 -

977 2185 1054 2211 docet
1072 2183 1158 2210 bonos
1176 2184 1226 2209 458
1248 2184 1290 2209 14.
1309 2183 1360 2209 459
1376 2185 1407 2209 19
1422 2198 1456 2203 -
1469 2185 1618 2211 amovendo

977 2229 1154 2255 carnalitatem
1180 2228 1257 2254 docet
1281 2228 1418 2254 veritatem
1446 2228 1496 2254 459
1524 2230 1565 2261 19,
1585 2230 1618 2254 20

978 2288 1011 2292 —-
1023 2271 1078 2299 'Per
1097 2272 1222 2305 Spiritum
1241 2276 1362 2298 sanctum
1381 2273 1479 2304 repleta
1500 2276 1539 2299 est
1551 2276 1618 2299 terra

977 2318 1083 2344 scientia
1102 2318 1136 2343 90
1155 2324 1182 2342 ν.
1201 2318 1216 2342 6
1237 2331 1271 2336 —
1290 2317 1367 2342 docet
1390 2324 1439 2343 nos
1458 2318 1546 2343 omnia
1568 2317 1618 2342 444

978 2363 1011 2389 40
1024 2376 1060 2381 —
1072 2368 1216 2394 suggerere
1228 2361 1332 2392 dicitur,
1345 2362 1406 2394 quia
1421 2362 1521 2387 occulta
1541 2362 1619 2387 docet

978 2407 1029 2433 445
1049 2407 1081 2432 46
1103 2420 1136 2424 -
1156 2409 1183 2432 ut
1202 2406 1317 2438 optimus
1336 2406 1428 2432 doctor
1447 2406 1524 2432 docet
1537 2406 1618 2432 homi-

977 2459 1038 2477 nem
1068 2451 1208 2483 intelligere
1233 2454 1259 2476 et
1286 2454 1377 2476 ornate
1404 2450 1550 2482 exprimere
1575 2451 1617 2476 Vll

978 2496 1029 2522 315
1049 2496 1082 2521 20
1102 2509 1137 2514 -
1157 2495 1216 2520 facit
1235 2495 1347 2520 disertos
1367 2495 1399 2520 Vl
1420 2495 1470 2520 156
1485 2494 1502 2520 b
1515 2509 1547 2513 —
1562 2501 1617 2520 san-

977 2544 1035 2566 ctus
1060 2540 1120 2565 ideo
1144 2541 1254 2565 lustrare
1278 2539 1387 2569 dicitur,
1409 2539 1470 2571 qnia
1491 2545 1539 2564 nos
1558 2539 1618 2564 facit

977 2585 1064 2610 omnia
1089 2584 1245 2616 perscrutari
1276 2584 1307 2609 13
1338 2583 1354 2609 b
1376 2597 1410 2602 —
1436 2590 1486 2608 non
1516 2586 1615 2608 tantum

977 2630 1055 2655 docet
1073 2629 1210 2654 veritatem
1235 2629 1269 2654 de
1294 2628 1453 2660 praeteritis,
1472 2628 1518 2653 sed
1538 2628 1615 2653 etiam

977 2674 1010 2699 de
1028 2673 1121 2698 futuris
1140 2672 1190 2698 459
1210 2673 1243 2697 20
1262 2686 1298 2691 -
1316 2673 1404 2697 omnia
1424 2672 1550 2704 prospicit
1569 2678 1616 2703 per

977 2717 1131 2748 sapientiam
1153 2716 1202 2741 157
1222 2723 1236 2741 a

1030 2774 1064 2778 —
1083 2760 1203 2791 Cognitio
1222 2761 1396 2792 experientiae
1421 2763 1446 2785 ct
1470 2759 1616 2785 devotionis

976 2804 1126 2829 attribuitur
1151 2804 1257 2835 Spiritui
1283 2808 1372 2830 sancto
1399 2805 1429 2829 Vl
1459 2805 1509 2829 460
1530 2804 1563 2829 25
1582 2817 1617 2822 --

977 2848 1095 2873 faciendo
1114 2849 1228 2875 animam
1249 2849 1303 2873 Deo
1326 2849 1468 2874 adhaerere
1490 2849 1549 2874 facit
1567 2848 1615 2874 sibi

977 2892 1129 2917 familiarem
1149 2895 1174 2917 et
1201 2893 1311 2917 revelari
1330 2897 1429 2917 secreta
1448 2893 1491 2918 Yll
1512 2893 1563 2917 316
1583 2893 1615 2918 20

1028 2950 1064 2955 -
1082 2936 1159 2961 docet
1179 2936 1263 2966 utilia,
1283 2936 1344 2968 quia
1364 2940 1404 2962 est
1426 2937 1533 2968 spiritus
1551 2937 1616 2962 salu-

977 2981 1008 3006 tis
1027 2980 1060 3005 Vl
1081 2980 1131 3005 240
1152 2981 1167 3005 3
1186 2993 1221 2998 -
1241 2980 1317 3005 docet
1331 2981 1467 3006 veritatem
1483 2981 1558 3013 vitae,
1572 2981 1616 3006 do·

975 3024 1072 3050 cti-inae
1085 3027 1111 3049 et
1123 3024 1235 3050 iustitiae
1250 3025 1298 3049 113
1313 3031 1340 3049 ν.
1353 3025 1379 3050 5.
1391 3024 1440 3049 460
1452 3025 1485 3050 25
1495 3038 1530 3043 -—
1539 3025 1616 3050 docet

976 3068 1111 3094 veritatem
1123 3068 1288 3100 cognitionis,
1302 3068 1457 3099 intentionis,
1471 3069 1615 3100 locutionis,

975 3112 1134 3144 operationis
1152 3113 1204 3137 606
1233 3113 1257 3137 2.
1277 3113 1328 3137 607
1348 3113 1363 3137 3
1383 3127 1418 3130 -
1438 3113 1554 3138 veritatis
1572 3120 1614 3138 no-

975 3156 1016 3182 bis
1044 3148 1120 3182 datur
1147 3156 1182 3182 ad
1206 3156 1370 3188 docendum,
1396 3157 1508 3188 Spiritus
1525 3158 1615 3182 sancti-

976 3201 1033 3226 tatis
1051 3201 1085 3226 ad
1104 3201 1319 3232 suggerendum,
1338 3201 1450 3232 Spiritus
1467 3201 1568 3227 virtutis
1580 3202 1614 3227 ad

975 3245 1155 3275 adiuvandum
1176 3245 1227 3270 603
1247 3245 1262 3270 6
1281 3258 1317 3263 -
1336 3245 1412 3270 docet
1425 3246 1561 3271 veritatem
1580 3246 1614 3271 ad

976 3289 1187 3322 intelligendum,
1205 3289 1325 3321 suggerit
1343 3289 1376 3315 ad
1395 3290 1552 3321 volendum,
1572 3291 1615 3316 ad-

976 3333 1049 3359 iuvat
1075 3334 1111 3359 ad
1137 3334 1333 3366 exsequendum
1362 3333 1426 3359 ibid.
1452 3348 1485 3352 —
1505 3334 1613 3360 niodum

977 3380 1064 3403 tenere
1083 3378 1160 3403 docet
1179 3378 1205 3403 in
1224 3377 1347 3403 omnibus
1370 3378 1417 3402 156
1438 3377 1454 3402 b

1957 291 2004 317 Sf‘l

1709 347 1744 352 -—
1776 334 1919 365 Prophetae
1949 342 1995 366 per
2022 335 2148 366 Spiritum
2176 340 2295 362 sanctuni

1656 380 1716 402 sunt
1743 378 1822 403 locuti
1851 378 1883 403 Vl
1912 379 1926 403 8
1955 385 1982 411 q.
2007 378 2021 403 4
2041 392 2076 398 —-
2095 379 2142 404 Per
2170 380 2295 411 Spiritum

1656 423 1775 446 sanctum
1804 421 1892 446 divina
1922 426 2020 447 secreta
2048 422 2125 448 nobis
2149 428 2296 450 reserantur

1657 464 1698 489 Vll
1718 464 1732 489 3
1753 465 1769 489 3
1788 478 1824 483 -
1843 469 1882 490 cst
1901 466 2040 497 inspirator
2066 473 2156 492 sacrae
2184 468 2296 499 Scriptu-

1656 515 1700 532 rac
1721 507 1734 533 4
1757 508 1789 532 10
1808 522 1842 527 ——
1863 509 2018 541 loquebatur
2043 518 2090 542 per
2118 511 2296 543 Evangelistas

1655 550 1719 577 ibid.
1737 565 1772 569 —
1791 552 1880 578 docuit
1909 561 1955 585 per
1980 554 2090 585 gratiam
2117 555 2133 580 5
2153 556 2185 579 12
2205 568 2240 575 -—
2258 559 2297 581 est

1657 602 1735 620 causa
1755 602 1878 627 suprema
1899 598 2100 628 Evangeliorum
2121 597 2182 624 ibid.
2205 613 2238 617 —
2258 599 2293 624 in-

1655 639 1765 670 spiravit
1784 640 1963 672 Evangelistas
1982 642 2015 666 ad
2029 641 2198 667 scribendum
2213 643 2246 668 86
2261 643 2294 668 59

1655 696 1690 701 -
1709 683 1837 714 Apostolis
1861 684 1942 710 verba
1971 684 2064 711 Christi
2094 686 2233 717 postillavit
2263 686 2294 712 Vl

1660 726 1710 752 466
1731 727 1763 752 49
1784 727 1812 752 3*

1709 784 1743 790 -
1762 773 1849 803 arguit
1868 772 1900 798 ad
1920 773 2070 798 docendum
2090 777 2115 798 et
2134 773 2296 799 demonstra-

1656 815 1708 840 tive
1738 816 1769 840 Vl
1800 816 1850 840 606
1876 817 1890 841 2
1917 831 1951 834 -
1976 817 2063 848 arguit
2091 818 2165 850 quasi
2190 818 2297 843 demon-

1655 859 1761 884 strative.
1790 860 1822 885 ad
1851 860 2001 886 docendum
2032 861 2071 886 vel
2099 861 2244 892 ostensive,
2269 865 2297 887 ut

1655 907 1813 934 promoveat
1832 904 1974 935 dIscentes,
1995 906 2035 930 vel
2054 905 2127 938 quasi
2147 906 2181 931 ad
2202 904 2296 937 impos-

1654 947 1744 978 sibile,
1765 951 1792 973 ut
1810 948 1918 974 reducat
1937 952 2054 974 errantes
2073 948 2105 975 ib.
2126 950 2141 974 3
2156 964 2190 967 -
2210 950 2296 981 arguit

1656 991 1785 1016 mundum
1799 992 1833 1017 de
1847 992 1997 1018 infidelitate
2011 993 2061 1018 454
2082 993 2123 1018 39.
2144 993 2194 1018 458
2215 994 2248 1019 18
2261 1008 2296 1012 -

1656 1036 1737 1060 malos
1757 1036 1843 1067 arguit
1863 1036 1912 1062 458
1934 1037 1966 1062 14
1986 1051 2021 1056 -
2041 1037 2187 1062 manifestat
2205 1044 2295 1069 pecca-

1655 1080 1711 1104 tum
1727 1080 1827 1111 mundi,
1842 1080 1964 1107 iustitiam
1985 1081 2088 1112 Christi,
2101 1081 2228 1107 iudicium
2243 1082 2295 1107 dia-

1656 1122 1708 1148 boli
1728 1122 1762 1149 ib.
1783 1124 1814 1148 18

1707 1182 1741 1185 -—
1760 1169 1893 1199 postulare
1920 1169 1980 1194 facit
2010 1169 2039 1194 Vl
2070 1169 2121 1194 464
2151 1168 2183 1194 40
2203 1183 2238 1189 -
2256 1173 2295 1196 est

1655 1212 1729 1243 origo
1760 1213 1879 1238 omnium
1911 1213 2042 1239 bonorum
2074 1213 2218 1239 verborum
2251 1214 2295 1240 Vlf

1656 1255 1707 1280 592
1732 1256 1760 1281 19

1710 1314 1742 1317 -
1768 1300 1793 1325 10
1819 1301 1947 1332 praesenti
1979 1302 2044 1333 sugit
2079 1304 2243 1333 peccatorem
2272 1305 2298 1328 et

1656 1345 1819 1376 hypocritam
1846 1345 1878 1371 Vl
1905 1346 1955 1370 113
1985 1353 2011 1371 v.
2035 1346 2050 1371 5
2075 1360 2109 1364 —
2130 1347 2214 1372 aufert
2232 1353 2261 1371 se
2280 1354 2294 1372 a

1655 1389 1857 1420 cogitationibus
1878 1390 1948 1415 falsis
1975 1393 2000 1415 et
2028 1391 2143 1415 erroneis
2170 1389 2233 1416 ibid.
2262 1405 2296 1409 -

1657 1433 1722 1464 fugit
1742 1433 1879 1459 indiscreta
1899 1433 1979 1459 verba
2008 1437 2033 1459 et
2061 1434 2233 1465 cogitationes
2252 1435 2296 1461 Vll

1656 1476 1707 1502 592
1729 1477 1760 1501 19
1780 1491 1816 1496 -
1845 1478 1960 1503 maculas
1989 1479 2099 1504 mundat
2118 1479 2143 1504 in
2163 1478 2294 1511 baptismo

1658 1521 1690 1546 Vl
1711 1521 1762 1546 156
1782 1521 1800 1546 b

1709 1579 1744 1583 —
1764 1566 1818 1591 Vox
1842 1566 1953 1598 Spiritus
1976 1566 2081 1592 auditur
2109 1567 2133 1592 in
2163 1567 2295 1599 praedica-

1656 1609 1756 1635 toribus
1778 1610 1808 1635 vi
1828 1610 1879 1635 280
1901 1611 1932 1635 13
1946 1618 2047 1636 -000
2068 1614 2167 1636 tantum
2181 1611 2296 1645 loquitur

1655 1660 1717 1679 vera
1737 1656 1762 1679 et
1781 1653 1850 1679 bona
1869 1661 1917 1685 per
1937 1653 2036 1685 bonos,
2056 1655 2137 1681 immo
2151 1655 2229 1681 etiarn
2250 1663 2297 1688 per

1654 1699 1737 1723 malos
1757 1698 1772 1722 8
1792 1705 1818 1730 q.
1839 1697 1854 1723 4
1874 1711 1908 1717 —
1929 1699 2008 1724 utitur
2028 1699 2102 1725 malis
2120 1699 2188 1725 sicut
2205 1700 2297 1726 instru-

1654 1744 1743 1767 mento
1760 1741 1814 1779 *409
1833 1742 1867 1767 76
1886 1756 1921 1760 —--
1942 1743 2021 1768 multa
2042 1743 2139 1769 nobilia
2153 1751 2232 1776 opera
2247 1751 2295 1776 per

1654 1786 1737 1811 malos
1765 1786 1824 1811 facit
1851 1786 1902 1811 408
1931 1787 1964 1812 69
1984 1801 2019 1806 -
2043 1789 2103 1813 facit
2126 1788 2294 1814 considerare

1654 1830 1780 1862 triplicem
1801 1831 1938 1856 circuitum
1961 1831 2030 1857 13“1)

1707 1888 1741 1892 -
1760 1874 1815 1900 unit
1828 1873 1912 1900 bonos
1926 1882 1973 1906 per
1986 1876 2154 1902 concordiam
2170 1877 2202 1901 Vl
2217 1877 2267 1902 156
2281 1884 2296 1902 a

1709 1933 1743 1937 ——
1762 1921 1825 1944 sunt
1837 1919 1997 1945 immortales
2006 1919 2049 1945 Vll
2060 1920 2112 1946 512
2125 1921 2159 1946 35
2172 1934 2206 1940 ·-
2219 1920 2297 1947 Ortus

1655 1966 1680 1988 et
1699 1969 1808 1988 occasus
1827 1963 1934 1995 spiritus
1953 1965 2067 1990 nescitur
2087 1965 2119 1990 Vl
2140 1965 2173 1990 89
2193 1972 2218 1991 v.
2239 1965 2255 1990 5

1709 2021 1745 2026 —
1763 2010 1802 2032 est
1821 2008 1925 2034 animus
1942 2008 1999 2034 sive
2017 2009 2159 2041 spiritualis
2178 2012 2296 2035 creatura

1659 2052 1688 2077 Vl
1710 2052 1742 2077 89
1764 2059 1789 2076 v.
1809 2052 1825 2077 5
1844 2067 1879 2070 —
1898 2052 2021 2078 dicuntur
2049 2053 2140 2085 Angeli
2168 2057 2296 2086 quantum

1657 2096 1690 2122 ad
1709 2096 1882 2122 substantiam
1902 2097 1944 2122 vel
1964 2101 2085 2123 naturam
2106 2097 2156 2123 157
2176 2097 2194 2123 b
2207 2111 2242 2117 —
2254 2105 2297 2124 ac-

1657 2141 1751 2173 cipitur
1777 2148 1824 2172 pro
1853 2140 1995 2167 substantia
2022 2141 2135 2172 animae,
2154 2149 2202 2173 pro
2222 2148 2296 2174 supe-

1656 2185 1717 2210 riori
1734 2188 1822 2217 parte,
1835 2192 1884 2217 pro
1898 2185 2084 2217 imaginatione
2103 2189 2128 2211 et
2147 2193 2195 2218 pro
2208 2186 2295 2211 anima

1656 2230 1801 2255 secundum
1821 2236 1899 2255 suum
1919 2236 2073 2261 supremum
2095 2230 2136 2256 Vll
2156 2231 2185 2255 31
2208 2231 2241 2256 89
2260 2245 2296 2248 -

1656 2273 1750 2299 dicitur
1779 2276 1873 2299 ventus
1893 2274 1925 2299 Vl
1947 2274 1978 2298 12
1999 2281 2025 2299 ν.
2045 2274 2069 2299 6.
2094 2274 2143 2300 143
2163 2282 2189 2300 v.
2209 2274 2242 2300 24
2260 2289 2296 2293 -

1657 2318 1742 2343 vitalis
1761 2321 1799 2343 est
1818 2324 1916 2349 corpus
1933 2317 2028 2343 subtile
2048 2318 2154 2350 igneum
2176 2319 2226 2343 119
2240 2326 2266 2344 v.
2281 2320 2296 2344 2

1657 2376 1688 2379 -
1703 2362 1828 2387 naturalis
1840 2362 1977 2387 viviflcans
1991 2362 2035 2387 dat
2052 2361 2157 2394 corpori
2176 2369 2296 2393 sensum,

1656 2406 1785 2439 loquelam
1805 2410 1830 2432 et
1849 2410 1950 2432 motum
1970 2406 2021 2431 542
2042 2407 2057 2431 2

1707 2463 1743 2469 —-
1769 2450 1872 2482 Corpus
1902 2451 2004 2483 spiritui
2024 2451 2177 2476 continuum
2198 2450 2294 2477 bellum

1654 2495 1761 2520 suscitat
1778 2497 1804 2520 et
1823 2495 1943 2526 spiritum
1964 2495 2082 2520 solllcitat
2104 2496 2135 2521 Vl
2158 2495 2207 2520 170
2221 2503 2248 2521 v.
2262 2495 2295 2520 15

1654 2553 1689 2558 -
1708 2539 1902 2570 crucifigendus
1921 2539 1999 2564 estin
2018 2539 2107 2565 medio
2121 2545 2181 2565 cum
2194 2539 2295 2565 Christo

1654 2583 1697 2608 Vll
1716 2583 1766 2608 576
1787 2583 1820 2608 40

1707 2641 1741 2645 -
1761 2628 1832 2652 furor
1852 2627 1947 2652 dicitur
1968 2627 1999 2652 Vl
2021 2628 2053 2652 80
2074 2635 2100 2652 v.
2119 2627 2134 2653 4
2154 2641 2188 2646 —
2209 2631 2295 2660 potest

1653 2671 1705 2697 dici
1724 2671 1850 2696 sententia
1872 2671 1964 2696 iudicis
1984 2671 2035 2696 144
2055 2679 2079 2696 v.
2101 2671 2134 2697 24

1707 2729 1741 2734 -
1760 2715 1809 2747 Qui
1828 2718 1889 2740 sunt
1908 2715 1932 2740 in
1952 2715 2044 2746 spiritu
2060 2716 2111 2741 Deo
2130 2717 2293 2741 conforman-

1655 2763 1696 2785 tur
1717 2760 1747 2784 Vl
1768 2759 1819 2784 295
1839 2760 1872 2784 39
1892 2773 1927 2778 -
1947 2759 2022 2791 Quod
2051 2760 2165 2785 nascitur
2185 2760 2218 2786 de
2237 2760 2296 2792 Spi-

1654 2804 1703 2829 ritu
1725 2804 1770 2828 Dei
1789 2810 1841 2828 non
1861 2806 1899 2829 est
1928 2811 1994 2829 unus
2022 2804 2129 2835 spiritus
2154 2811 2214 2830 cum
2239 2804 2294 2830 Deo

1655 2855 1701 2880 per
1720 2848 1873 2878 essentiam,
1892 2848 1940 2874 sed
1964 2855 2012 2880 per
2039 2849 2247 2874 conformitatem
2268 2851 2293 2874 et

1654 2892 1850 2918 adhaerentiam
1871 2893 1917 2918 281
1952 2893 1985 2917 20
2015 2892 2043 2917 2*
2062 2907 2097 2911 ——-
2116 2892 2217 2919 Christo
2240 2900 2293 2918 non

1654 2940 1693 2962 est
1713 2937 1790 2962 datus
1813 2937 1845 2962 ad
1876 2944 2027 2963 mensuram
2056 2941 2154 2962 certam
2174 2938 2225 2962 288
2250 2937 2292 2962 57.

1654 2982 1704 3006 289
1726 2982 1758 3006 63

1706 3039 1740 3044 -
1760 3025 1845 3051 bonus
1864 3029 1903 3051 est
1921 3025 2075 3056 sanctitatiS,
2096 3026 2255 3057 paupertatis
2267 3028 2293 3051 et

1654 3069 1806 3095 humilitatis
1825 3070 1868 3095 Vll
1892 3070 1943 3094 292
1970 3069 2003 3095 47
2023 3084 2057 3088 -
2076 3070 2127 3102 Qui
2146 3069 2225 3095 babet
2243 3070 2293 3101 spi·

1652 3113 1730 3138 ritum
1759 3117 1859 3139 rectum
1896 3113 1974 3139 habet
2001 3114 2126 3139 iustitiam
2152 3114 2186 3139 ad
2211 3121 2239 3139 se
2267 3117 2293 3139 et

1652 3157 1801 3189 proximum
1822 3161 1847 3183 et
1866 3158 1962 3188 Deum,
1982 3162 2007 3183 et
2026 3165 2073 3189 per
2086 3159 2136 3183 hoc
2147 3157 2228 3183 habet
2246 3164 2292 3189 pa-

1652 3208 1709 3226 cem
1730 3205 1754 3227 ct
1774 3202 1916 3233 gaudium,
1934 3205 1960 3227 et
1982 3202 2049 3227 intra
2067 3209 2096 3227 se
2114 3209 2225 3234 regnum
2247 3202 2291 3227 Dei

1652 3245 1713 3271 ibid.
1742 3260 1777 3265 —
1805 3245 1892 3272 bonus
1916 3249 1955 3271 est
1977 3246 2022 3278 qui
2049 3246 2163 3271 continet
2190 3250 2290 3277 septem

1652 3290 1720 3315 dona
1749 3290 1800 3315 295
1829 3291 1863 3316 56
1891 3304 1926 3309 —
1955 3291 2051 3316 Fervor
2074 3290 2180 3322 spiritus
2206 3291 2291 3316 elevat

1652 3335 1766 3360 animam
1785 3342 1865 3366 supra
1893 3341 1935 3365 se,
1954 3334 2000 3360 ubi
2027 3334 2101 3360 audit
2118 3338 2144 3360 et
2162 3334 2234 3360 videt
2252 3341 2290 3360 ar-

1652 3385 1716 3403 cana
1735 3379 1786 3404 316
1808 3380 1840 3404 20
