2476 3921
5 721 128 744 Notandum.

0 1363 133 1411 inspectare-

6 1390 131 1438 {tlisl'⁰‘⁶‘

743 194 939 228 COMMENT.
964 195 1001 227 IN
1026 194 1265 228 EVANGELIUM
1288 196 1407 229 LUCAE
1431 196 1462 229 C.
1488 196 1551 229 XX.
2078 198 2142 231 505

148 296 224 320 eam
248 286 393 319 inanem.
418 284 570 318 Glossa1:
592 297 609 314 α
625 285 758 318 Caesum
783 284 947 317 dimittunt
970 283 1115 323 inanem,

148 339 224 383 quia
246 339 474 372 irritaverunt
505 338 639 382 Moysen
666 338 702 371 in
726 338 869 378 eastris,
894 339 1013 370 Aaron
1036 347 1116 370 san-

148 397 238 426 etum
278 392 415 426 Domini
424 404 437 431 ;
475 395 507 426 et
544 392 683 425 iterum:
722 392 866 424 Vexatas
904 395 952 424 est
990 391 1116 435 Moyses

144 449 283 489 propter
305 455 379 486 803,
403 445 486 489 quia
508 445 793 479 exacerbaverant
815 445 976 487 spiritum
996 445 1068 477 eius
1085 458 1114 476 n.

148 499 234 533 Unde
265 498 501 533 Deuteronomii
532 498 696 541 trigesimo
727 498 879 540 primo2:
917 511 933 526 α
958 498 1020 540 Ego
1051 498 1116 531 scio

148 552 379 586 contentionem
411 555 497 585 tuam
529 555 561 585 et
591 552 747 586 cervicem
779 555 867 585 tuam
901 551 1114 584 durissimam.

146 606 256 640 Adbuc
282 606 405 639 vivente
433 615 485 641 me
509 608 541 639 et
564 605 759 648 ingrediente
782 605 965 645 vobiscum,
990 614 1115 647 semper

148 659 340 693 contentiose
363 659 471 702 egistis
494 662 605 692 contra
628 658 820 698 Dominum;
854 661 973 701 quanto
997 658 1114 701 magis,

148 722 222 747 cum
246 716 395 746 mortuus
423 713 515 746 fuero
531 716 569 746 »ἲ
600 713 662 746 Hoc
693 715 800 746 autem
831 712 976 746 fecerunt
1007 712 1116 745 coloni

147 767 345 810 specialiter,
377 766 407 800 id
437 770 485 800 est
508 775 657 809 proceres
680 775 876 809 synagogae;
902 767 1114 800 Numerorum

147 820 268 854 decimo
284 823 376 854 sexto
389 820 420 853 ³:
443 833 458 850 «ι
475 820 571 860 Ecce,
588 820 684 859 Core,
709 820 795 853 filius
818 820 920 859 Isaar,
944 823 976 852 et
991 820 1114 853 Dathan

147 876 179 907 et
208 873 324 906 Abiron
357 876 573 907 surrexerunt
603 876 713 906 contra
741 873 885 914 Moysen,
910 872 961 905 alii
986 881 1114 915 quoque

147 926 204 959 filii
228 926 341 966 lsrael,
366 926 493 960 ducenti
518 926 749 969 quinquaginta
772 925 832 959 viri
850 934 999 968 proceres
1022 934 1113 967 syna—

146 989 262 1023 gogae,
286 984 317 1014 et
341 980 396 1023 qui
421 983 563 1023 tempore
586 979 709 1013 concilii
733 988 790 1022 per
815 979 942 1012 nomina
958 979 1113 1012 vocaban-

149 1036 203 1066 tur
219 1046 251 1066 ».
276 1033 313 1066 Et
337 1033 395 1066 hos
418 1033 635 1076 sequebantur
658 1033 819 1072 minores;
845 1032 930 1066 unde
953 1036 984 1066 et
1009 1032 1115 1075 sequi-

148 1090 203 1120 tur
214 1087 230 1106 ⁴
252 1090 340 1130 post,
357 1087 442 1130 quod
464 1100 481 1116 <t
497 1086 711 1125 murmuravit
726 1086 829 1120 omnis
846 1086 1018 1119 multitudo
1034 1086 1115 1119 filio-

147 1149 221 1174 rum
253 1141 348 1174 Israel
380 1140 525 1183 sequenti
557 1140 607 1173 die
638 1143 749 1173 contra
781 1140 907 1182 Moysen
939 1143 971 1173 et
1001 1141 1113 1173 Aaron.

148 1194 293 1237 Cumque
305 1194 446 1227 oriretur
459 1193 570 1227 seditio
586 1196 617 1227 et
633 1195 791 1227 tumultus
808 1194 1013 1233 incresceret,
1030 1194 1114 1236 Moy—

146 1256 197 1281 ses
219 1250 251 1281 et
275 1248 375 1280 Aaron
398 1247 551 1289 fugerunt
573 1247 605 1280 in
630 1247 873 1281 tabernaculum
896 1247 1031 1280 foederis
1050 1260 1079 1280 n.

239 1301 289 1334 ⁴6.
315 1301 417 1342 (Vers,
437 1300 513 1342 11.).
539 1301 682 1334 Secundo
706 1304 862 1343 quantum
887 1300 926 1334 ad
946 1301 1113 1343 perversi-

147 1358 247 1387 tatem
270 1358 420 1396 respeetu
443 1354 534 1397 regis
559 1354 687 1393 David,
712 1354 874 1396 praecipui
892 1354 1024 1387 cultoris
1040 1354 1113 1394 Dei,

147 1408 271 1442 subdit:
289 1409 330 1441 Et
345 1404 481 1441 addidit
493 1407 639 1441 alterum
650 1417 785 1441 servum
798 1407 945 1446 mittere;
961 1408 1070 1441 Glossa
1082 1408 1113 1440 ⁵:

152 1475 168 1491 α
184 1462 269 1496 Alter
290 1467 422 1502 servus,
446 1461 546 1495 David
569 1462 743 1505 propheta,
761 1462 815 1504 qui
833 1465 904 1504 post
919 1462 1045 1504 Moysen
1063 1471 1114 1495 co-

146 1515 235 1549 lonos
262 1515 369 1549 vineae
392 1515 584 1558 psalmodiae
607 1514 821 1549 modulamine
837 1519 868 1549 et
884 1515 1025 1549 citharae
1041 1516 1113 1549 dul-

148 1569 256 1602 cedine
279 1569 318 1602 ad
342 1569 534 1603 exercitium
566 1568 640 1602 boni
671 1568 777 1611 operis
808 1568 953 1601 invitavit
970 1582 999 1605 ι»,
1025 1569 1114 1603 Hunc

148 1623 302 1657 Dominus
325 1623 429 1662 misit,
453 1623 580 1666 quando
603 1623 642 1656 de
665 1623 792 1666 pascuis
808 1623 902 1665 elegit
917 1631 991 1656 eum
1007 1623 1046 1656 ad
1064 1632 1114 1657 re-

148 1676 286 1720 gendum
317 1680 349 1711 et
380 1677 572 1719 pascendum
603 1677 758 1719 populum
792 1686 905 1717 suum,
937 1677 1112 1710 secundum

149 1730 232 1773 quod
258 1730 325 1773 ipse
348 1730 505 1773 propheta
527 1730 625 1764 David
649 1730 726 1764 dicit
742 1730 773 1763 in
791 1730 957 1763 Psalmo⁶z
981 1743 996 1759 «
1013 1730 1112 1773 Elegit

146 1783 246 1816 David
276 1784 406 1817 ‘servum
438 1793 534 1817 suum
566 1787 597 1817 et
628 1783 758 1817 sustulit
789 1792 862 1816 eum
895 1784 934 1817 de
962 1784 1112 1826 gregibus

146 1835 263 1869 ovium.
288 1836 333 1869 De
356 1839 428 1879 post
450 1836 603 1870 foetantes
626 1836 747 1879 accepit
761 1845 854 1875 eum,
871 1845 1000 1879 pascere
1021 1837 1112 1870 Iacob

147 1897 275 1922 servum
299 1898 394 1922 suum
426 1892 457 1923 et
492 1889 588 1923 Israel
619 1889 826 1922 hereditatem
859 1898 948 1922 suam
966 1902 998 1922 ».
1022 1889 1110 1923 Unde

147 1943 275 1976 secundi
300 1943 419 1986 Regum
444 1943 595 1986 septimo:
624 1956 640 1972 «
657 1943 737 1977 Haec
753 1943 839 1977 dices
856 1952 948 1977 servo
964 1952 1035 1976 meo
1052 1944 1112 1976 Da-

146 1997 220 2030 vid:
246 1997 308 2040 Ego
332 2001 363 2031 te
386 1997 445 2031 tuli
470 1997 510 2031 de
533 1997 667 2040 pascuis
697 2000 883 2040 sequentem
914 2006 1044 2041 greges,
1076 2001 1113 2031 ut

146 2059 231 2084 esses
254 2051 323 2084 dux
347 2060 444 2094 super
461 2051 615 2094 populum
631 2060 741 2084 meum
758 2051 875 2091 Israel;
897 2054 928 2085 et
944 2051 989 2085 fui
1007 2054 1111 2085 tecum

146 2104 179 2138 in
202 2104 367 2144 omnibus,
399 2104 595 2147 ubicumque
617 2105 804 2145 ambulasti,
829 2105 953 2149 fecique
976 2105 1114 2139 tibi‘no-

146 2166 219 2205 men
247 2157 366 2201 grande
396 2157 489 2191 iuxta
519 2167 634 2192 nomen
656 2167 864 2201 magnorum,
888 2159 944 2202 qui
976 2161 1051 2192 sunt
1080 2159 1113 2192 in

146 2214 234 2258 terra
249 2223 281 2250 »;
305 2210 390 2244 unde
414 2214 446 2244 et
468 2211 515 2251 ei,
539 2210 658 2245 scilicet
681 2212 798 2252 David,
823 2212 909 2245 dedit
932 2212 1037 2246 sedem
1062 2221 1113 2246 re-

147 2264 248 2307 galem
271 2264 304 2297 in
327 2264 574 2307 sempiternum;
606 2265 708 2298 eidem
731 2265 817 2299 dedit
840 2266 1026 2309 prophetiae
1050 2265 1113 2308 spi-

147 2317 264 2357 ritum,
288 2317 389 2351 eidem
413 2317 499 2351 dedit
522 2318 714 2360 psalmodiae
738 2321 885 2359 cantum,
910 2321 948 2351 ut
964 2318 1008 2352 sic
1025 2317 1113 2351 incli-

147 2373 238 2404 naret
261 2371 414 2413 populum
432 2371 521 2404 illum
545 2371 664 2405 durum
677 2372 700 2405 ⁷.
718 2391 762 2396 —-
780 2372 815 2405 Et
839 2375 942 2405 tamen
967 2371 1112 2414 mitigare

147 2433 210 2456 non
234 2424 338 2466 potuit
360 2423 512 2457 duritiam
533 2424 721 2458 Iudaeorum
732 2451 740 2465 ,
757 2427 888 2467 propter
905 2424 990 2467 quod
1006 2424 1112 2457 addit:

151 2476 203 2509 Illi
218 2480 350 2517 autern,
367 2476 456 2511 lianc
471 2487 599 2522 quoque
614 2478 783 2511 caedentes
798 2482 828 2511 et
843 2477 1021 2521 afficientes
1038 2486 1114 2510 eon-

149 2530 304 2570 tamdia,
336 2531 537 2573 dimiserant
568 2531 722 2571 inanem,
754 2531 830 2574 quia
853 2533 1114 2572 contempserunt

148 2584 217 2617 eius
245 2584 387 2627 regimen
418 2587 450 2617 et
481 2584 643 2618 ducatum.
679 2585 766 2618 Unde
802 2583 956 2617 GlossaS:
994 2596 1010 2612 (ι
1034 2583 1113 2616 Con-

148 2637 279 2670 tumelia
309 2637 456 2671 affectum
488 2637 652 2671 dimittunt
682 2638 808 2671 inanem
832 2637 993 2670 dicentes:
1021 2637 1114 2678 Quae

148 2690 243 2723 nobis·
262 2684 350 2733 pars
374 2691 410 2723 in
436 2691 563 2731 David,
596 2694 658 2724 aut
684 2701 769 2735 qaae
793 2690 958 2724 hereditas
982 2690 1018 2723 in
1041 2689 1130 2735 filio„

224 2886 233 2902 ¹
253 2887 355 2920 Nempe
374 2887 518 2918 ordinaria
538 2889 578 2920 (ex
597 2889 694 2921 Beda),
715 2889 814 2921 integra
834 2889 906 2922 apud
929 2891 1062 2922 Lyranum
1089 2889 1115 2922 (a

151 2931 238 2958 Strab.
257 2931 411 2958 exhibetur:
433 2932 548 2960 Caesam
566 2932 705 2960 dimittant
723 2933 860 2969 inanem),
889 2934 913 2960 in
933 2941 985 2968 qua
1005 2935 1115 2966 allegan-

150 2979 193 3002 tur
212 2976 253 3002 Ps.
273 2976 338 3008 ⁴05,
359 2977 400 3002 ⁴6.
421 2980 447 3003 et
465 2977 509 3003 32.
528 2984 583 3011 seq.

222 3019 233 3035 ²
252 3021 326 3047 Vers.
346 3021 389 3047 27.

223 3063 234 3079 ³
252 3064 328 3091 Vers.
348 3066 373 3091 ⁴.
391 3068 417 3092 et
436 3066 462 3092 2.
626 3098 629 3102 .

222 3107 233 3123 ⁴
250 3109 326 3135 Vers.
345 3109 434 3137 41-43.
461 3110 544 3137 Codd.
570 3110 653 3137 CDG
681 3119 730 3144 pro
755 3114 833 3146 post,
862 3111 934 3147 quod
952 3111 1114 3139 substituunt

157 3154 308 3188 Postquam,
321 3156 347 3179 et
359 3160 408 3186 pro
422 3154 556 3182 tumultus
570 3154 732 3183 incresceret
749 3157 768 3183 C
779 3157 801 3183 D
817 3156 952 3183 tumultus
965 3156 993 3183 in
1006 3155 1113 3183 castris.

224 3196 235 3212 ⁶
255 3197 357 3223 Scilicet
375 3197 519 3225 ordinaria
539 3198 580 3232 (ex
593 3199 686 3233 Beda).
704 3214 741 3220 —
760 3201 888 3233 Superius
906 3203 966 3233 post
981 3199 1114 3235 perversi-

153 3243 234 3269 tatem
253 3241 279 3267 in
299 3242 320 3268 D
338 3243 454 3269 secunda
474 3250 568 3269 manus
587 3243 689 3270 addidit
708 3244 882 3272 ludaeorum.

224 3283 236 3300 ⁸
254 3286 348 3312 Psalm.
367 3285 417 3319 77,
435 3286 479 3312 70.
499 3293 572 3320 seq.;
591 3287 687 3314 deinde
706 3288 734 3314 ll.
753 3288 819 3321 Reg.
837 3288 869 3320 7,
889 3289 912 3315 8.
932 3291 958 3315 et
976 3289 1001 3314 9.

224 3327 235 3343 '¹
254 3329 307 3356 Cir.
324 3330 341 3356 1.
361 3330 427 3363 Reg.
447 3330 495 3362 ⁴6,
516 3331 558 3357 ⁴3.
582 3333 608 3357 et
628 3332 669 3358 ⁴8.
689 3339 782 3366 seqq.;
802 3333 830 3359 ll.
849 3333 915 3365 Reg.
933 3332 959 3365 7,
980 3332 1068 3358 ⁴246.
1089 3333 1115 3357 et

155 3373 203 3405 23,
224 3374 246 3400 ⁴.
267 3380 342 3408 seqq.

262 3426 293 3454 S.
307 3427 412 3454 Bonav.
422 3441 458 3447 —
471 3428 548 3455 Tom.
562 3429 616 3456 Vll.

1180 284 1253 317 Isai
1268 284 1306 317 »5²
1330 285 1457 318 secundi
1484 286 1602 328 Regum
1627 286 1786 329 vigesimo.
1804 286 1860 320 Ubi
1876 287 1970 320 etiam
1996 287 2145 329 praemit-

1180 337 1276 377 titur,
1301 339 1437 380 qualiter
1461 339 1558 372 David
1583 348 1656 372 cum
1680 340 1842 373 Absalome
1865 341 2022 382 persecuti
2047 344 2142 380 sunt3

1180 391 1310 424 secundi
1334 392 1452 434 Regum
1477 392 1597 426 decimo
1621 393 1775 436 quinto⁹z
1805 407 1821 422 α
1837 394 1929 427 Venit
1952 394 2085 427 nuntius
2105 394 2144 427 ad

1180 444 1278 477 David
1309 444 1436 478 dicens:
1462 446 1539 478 Toto
1562 446 1656 479 corde
1680 447 1851 480 universus
1878 447 1973 480 Israel
1998 447 2144 490 sequitur

1180 497 1333 530 Absalom.
1351 498 1387 530 Et
1403 498 1446 531 ait
1462 498 1560 532 David
1577 500 1676 532 servis
1692 500 1777 533 suis:
1795 500 1939 543 Surgite,
1963 500 2142 543 fugiamus;

1180 560 1241 584 non
1266 551 1327 584 erit
1349 551 1440 585 nobis
1469 553 1620 595 effugium
1645 562 1664 585 a
1686 553 1764 587 facie
1787 553 1930 586 Absalom
1948 567 1979 586 n.
2014 554 2050 586 Et
2073 558 2144 596 post

1179 604 1300 638 decimo
1323 608 1415 638 sexto
1438 606 1555 639 dicitur
1582 607 1621 640 de
1644 607 1844 640 contumeliis
1867 608 1894 641 ei
1920 608 2035 640 illatis:
2067 621 2082 636 α
2100 608 2144 640 lta

1179 658 1369 701 loquebatur
1393 660 1513 699 Semei,
1538 669 1611 693 cum
1635 660 1836 694 malediceret
1853 661 1941 703 regi:
1966 661 2142 704 Egredere‚

1178 712 1346 754 egredere,
1371 713 1419 745 vir
1444 714 1634 756 sanguinum
1659 717 1690 747 et
1714 714 1762 746 vir
1787 714 1890 747 Belial.
1919 714 2058 748 Reddidit
2083 715 2139 748 tibi

1179 765 1331 799 Dominus
1355 767 1540 800 universum
1567 767 1751 810 sanguinem
1768 767 1881 801 domus
1898 769 1990 808 Saul;
2007 772 2038 802 et
2054 774 2142 808 ecce,

1178 824 1328 862 premunt
1352 824 1382 853 te
1406 820 1506 860 mala,
1530 821 1679 863 quoniam
1704 821 1753 854 vir
1777 821 1968 864 sanguinum
1993 831 2026 856 es
2043 836 2073 854 n.

1271 874 1321 905 17.
1347 873 1448 915 (Vers.
1478 874 1552 915 12).
1577 874 1683 907 Tertio
1707 878 1861 917 quantum
1887 875 1926 908 ad
1940 876 2142 918 perversita-
2155 879 2309 935 Ruegfficrtgpgrg

1180 929 1241 959 tem
1272 926 1364 959 illius
1392 927 1511 969 populi
1541 932 1690 970 respectu
1719 928 1817 960 cunei
1836 927 2043 971 prophetalis
2066 930 2141 963 sub·
2169 934 2225 955 2³¹1·-

1179 979 1340 1022 iungitur:
1356 981 1396 1013 Et
1407 981 1539 1013 addidit
1555 981 1688 1014 tertium
1702 982 1848 1020 mittere;
1860 982 1968 1015 Glossa
1981 983 2022 1015 ²⁰:
2042 997 2057 1012 α
2067 984 2142 1017 Ter-

1179 1033 1243 1065 tius
1266 1042 1379 1066 servus
1410 1037 1457 1067 est
1488 1034 1606 1067 chorus
1631 1035 1879 1077 Prophetarum,
1909 1036 1962 1078 qui
1987 1037 2140 1078 populum

1179 1086 1391 1128 corripiebant
1415 1091 1446 1120 et
1464 1088 1562 1127 mala,
1579 1097 1660 1130 quae
1680 1088 1788 1121 vineae
1811 1088 2033 1129 imminebant,
2051 1098 2141 1131 prae-

1179 1139 1370 1172 dicebant».
1396 1141 1440 1174 De
1463 1141 1610 1175 missione
1635 1141 1731 1175 huius
1747 1142 1829 1175 servi
1851 1141 1967 1175 dicitur
1992 1143 2140 1177 Ieremiae

1180 1193 1313 1236 septimo
1326 1195 1352 1213 ¹¹
1368 1206 1374 1226 :
1406 1207 1421 1223 α
1437 1195 1502 1228 Misi
1520 1195 1559 1228 ad
1575 1204 1631 1228 vos
1647 1204 1756 1229 omnes
1773 1204 1881 1229 servos
1899 1205 1985 1229 meos
2002 1197 2139 1239 Prophe-

1152 1263 1154 1267 ·
1180 1249 1227 1280 tas
1250 1255 1308 1289 per
1330 1247 1429 1286 diem,
1454 1256 1647 1290 consurgens
1663 1248 1803 1281 diluculo
1819 1252 1850 1282 et
1867 1249 2003 1282 mittens.
2022 1250 2058 1282 Et
2074 1259 2136 1283 non

1179 1300 1349 1333 audierunt
1380 1310 1429 1334 me
1458 1310 1515 1334 nec
1544 1301 1776 1349 inclinaverunt
1804 1311 1914 1335 aurem
1947 1312 2056 1342 suam,
2086 1303 2140 1336 sed

1179 1354 1409 1387 induraverunt
1439 1355 1593 1388 cervicem
1625 1364 1715 1388 suam
1738 1358 1769 1388 et
1793 1356 1883 1397 peius
1915 1357 2034 1398 operati
2066 1360 2140 1390 sunt

1179 1417 1274 1450 quam
1298 1411 1404 1450 patres
1427 1417 1538 1442 eorum
1554 1422 1584 1441 ιο.
1610 1427 1654 1433 -
1677 1408 1764 1442 Unde
1787 1412 1819 1442 et
1841 1409 1948 1442 addit:
1975 1410 2041 1451 Qui
2055 1415 2084 1443 et
2100 1410 2138 1443 il-

1180 1460 1249 1494 lunz
1278 1461 1490 1494 vulnerantes
1527 1462 1698 1495 eiecerunt.
1736 1462 1812 1495 Nam
1850 1462 1959 1495 isaiam
1997 1472 2140 1497 serrave-

1179 1517 1272 1554 runt,
1297 1514 1458 1548 Ieremiam
1490 1515 1709 1557 lapidaverunt
1732 1519 1764 1548 et
1789 1515 1981 1549 Ezechielem
2006 1525 2136 1550 excere-

1179 1568 1363 1601 braverunt.
1382 1568 1451 1601 Ideo
1466 1569 1611 1601 Matthaei
1635 1569 1786 1611 vigesimo
1809 1570 1903 1602 tertio
1916 1570 1962 1602 l²²:
1985 1583 2000 1598 α
2018 1570 2139 1604 Ierusa-

1178 1621 1257 1661 lem,
1282 1621 1470 1661 Ierusalem,
1498 1630 1579 1664 quae
1609 1621 1725 1655 occidis
1755 1622 1927 1664 Prophetas
1959 1627 1990 1655 et
2021 1623 2140 1665 lapidas

1177 1683 1231 1708 eos
1254 1675 1308 1717 qui
1333 1674 1371 1707 ad
1396 1677 1426 1707 te
1449 1675 1535 1708 missi
1558 1679 1633 1708 sunt
1649 1688 1680 1715 »3
1712 1678 1744 1709 et
1770 1676 1904 1709 Actuum
1937 1676 2070 1718 septimo
2094 1676 2139 1709 di-

1178 1729 1267 1762 cebat
1291 1729 1469 1770 Stephanus
1486 1729 1623 1762 Iudaeis:
1647 1742 1662 1757 α
1678 1729 1766 1761 Dura
1781 1730 1904 1762 cervice
1920 1734 1952 1762 et
1968 1730 2139 1763 incircum-

1178 1782 1250 1815 cisis
1273 1782 1421 1815 cordibus
1445 1785 1475 1814 et
1498 1782 1649 1821 auribus,
1671 1791 1727 1815 vos
1743 1791 1868 1824 semper
1884 1783 2015 1825 Spiritui
2032 1787 2139 1817 sancto

1178 1835 1355 1875 restitistis,
1379 1836 1460 1868 sicut
1483 1839 1589 1877 patres
1613 1835 1728 1875 vestri,
1753 1835 1796 1868 ita
1819 1839 1851 1869 et
1866 1845 1931 1869 vos.
1949 1837 2048 1878 Quem
2067 1837 2139 1870 Pro-

1177 1889 1347 1931 phetarum
1370 1898 1433 1922 non
1457 1892 1531 1922 sunt
1554 1889 1711 1931 persecuti
1737 1892 1843 1931 patres
1859 1889 1983 1922 vestri?
2007 1890 2042 1922 Et
2057 1890 2139 1923 occi-

1177 1942 1294 1975 derunt
1325 1951 1378 1975 eos
1410 1942 1464 1984 qui
1496 1942 1760 1984 praenuntiabant
1791 1941 1830 1975 de
1853 1942 1990 1975 adventu
2013 1943 2088 1976 Iusti
2105 1956 2136 1975 n.

1178 1995 1248 2028 Ideo
1264 1994 1322 2037 ipsi
1339 1995 1529 2037 Prophetae,
1554 1995 1695 2029 videntes
1711 1995 1781 2028 eius
1795 1995 1960 2035 duritiam,
1978 1999 2009 2029 et
2024 2005 2139 2038 argue-

1177 2048 1253 2081 bant
1276 2051 1307 2081 et
1329 2048 1543 2090 deplorabant.
1568 2048 1644 2081 Nam
1668 2048 1785 2082 dicitur
1809 2048 1903 2082 Isaiae
1927 2049 2039 2091 quinto
2052 2049 2079 2068 ¹³
2095 2049 2134 2082 de

1178 2102 1289 2135 vinea:
1318 2101 1554 2144 «Exspectavi,
1585 2105 1622 2135 ut
1652 2101 1769 2135 faceret
1799 2111 1896 2142 uvas,
1928 2106 1960 2136 et
1990 2103 2063 2136 fecit
2094 2103 2138 2135 la—

1177 2156 1309 2189 bruscas
1332 2168 1364 2195 »;
1393 2159 1424 2188 et
1454 2155 1603 2188 Ieremiae
1634 2155 1793 2188 secundo:
1830 2168 1846 2184 α
1871 2156 2033 2197 Quomodo
2065 2165 2138 2189 con-

1178 2219 1270 2243 versa
1293 2218 1326 2243 es
1350 2208 1427 2241 mihi
1451 2208 1482 2241 in
1507 2217 1660 2250 pravum,
1693 2209 1784 2242 vinea
1815 2209 1916 2242 aliena
1932 2212 1970 2242 n?
2002 2212 2033 2242 et
2064 2209 2138 2242 Eze-

1178 2263 1288 2296 chielis
1311 2261 1431 2295 decimo
1455 2270 1537 2294 nono
1552 2273 1559 2294 ε
1586 2274 1602 2290 α
1618 2262 1715 2294 Mater
1733 2264 1788 2294 tua
1803 2261 1894 2304 quasi
1911 2262 2002 2294 vinea
2018 2262 2050 2294 in
2067 2270 2137 2294 san—

1177 2315 1272 2358 guine
1303 2319 1359 2348 tuo
1390 2323 1486 2356 super
1513 2323 1627 2356 aquam
1651 2314 1791 2356 plantata
1813 2317 1860 2347 est
1876 2327 1908 2346 n.
1939 2327 1955 2342 α
1971 2314 2007 2346 Et
2029 2314 2136 2347 evulsa

1177 2371 1225 2402 est
1247 2368 1280 2401 in
1304 2368 1369 2407 ira,
1394 2367 1427 2400 in
1450 2371 1568 2400 terram
1593 2367 1733 2409 proiecta
1756 2370 1821 2406 est,
1846 2370 1877 2399 et
1901 2370 2015 2400 ventus
2038 2375 2136 2400 urens

1178 2421 1305 2455 siccavit
1328 2421 1467 2454 fructum
1491 2419 1560 2453 eius
1576 2433 1607 2452 ι).
1632 2420 1665 2452 In
1691 2420 1749 2453 hoc
1772 2423 1878 2453 autem
1903 2420 1985 2453 mira
2007 2424 2138 2463 apparet
2159 2422 2288 2444 “mudum-

1178 2476 1363 2509 Iudaeorum
1389 2473 1537 2516 perfidia,
1561 2473 1636 2516 quia
1660 2482 1769 2507 omnes
1791 2473 1843 2507 isti
1871 2483 1958 2516 quos.
1979 2475 2138 2516 persecuti

1178 2531 1270 2568 sunt,
1293 2527 1434 2560 maxime
1452 2526 1626 2569 diligebant
1650 2536 1712 2560 eos.
1745 2527 1821 2560 Nam
1853 2527 1973 2569 Moyses
2001 2537 2060 2570 pro
2083 2537 2138 2570 po-

1178 2582 1253 2625 pulo
1270 2590 1331 2618 non
1348 2580 1480 2614 cessavit
1503 2589 1616 2619 orare;
1642 2580 1740 2613 Exodi
1764 2580 1925 2622 trigesimo
1942 2580 2079 2613 secundo
2092 2581 2136 2613 14;

1185 2649 1201 2665 «
1216 2635 1298 2674 Cur,
1323 2634 1453 2667 Domine
1464 2660 1471 2673 ,
1496 2633 1644 2667 irascitur
1660 2633 1750 2666 furor
1767 2637 1842 2667 tuus
1859 2636 1968 2666 contra
1983 2634 2137 2676 populum

1179 2692 1289 2728 tuum,
1321 2697 1415 2730 quem
1447 2686 1584 2720 eduxisti
1609 2686 1648 2720 de
1679 2687 1815 2729 Aegypto
1832 2689 1874 2719 n?
1903 2700 1920 2715 «
1935 2687 1995 2720 Aut
2017 2687 2138 2720 dimitte

1250 2886 1261 2901 ³
1281 2886 1383 2912 Scilicet
1401 2883 1544 2911 ordinaria
1571 2884 1611 2916 (ex
1636 2882 1731 2916 Beda),
1757 2866 1782 2908 in
1808 2889 1859 2915 qua
1880 2882 2007 2914 allegatur
2026 2883 2053 2908 11.
2072 2883 2138 2915 Reg.

1179 2933 1228 2965 2⁰,
1249 2932 1355 3000 &vers
1377 2974 1417 2999 13.
1437 2980 1511 3005 seq.;
1531 2971 1627 2998 deinde
1648 2971 1695 3002 Ὶ16,
1714 2970 1738 2996 7.
1758 2977 1813 3003 seq.

1251 3018 1274 3034 ¹⁰
1292 3019 1393 3050 Nempe
1411 3016 1554 3044 ordinaria
1575 3016 1615 3046 (ex
1634 3015 1726 3048 Beda).

1250 3063 1271 3078 ¹¹
1292 3063 1365 3089 Vers.
1380 3061 1423 3087 25.
1442 3064 1467 3087 et
1486 3061 1529 3086 26.
1548 3061 1597 3086 Pro
1616 3058 1679 3086 Misi
1696 3058 1733 3085 ad
1750 3065 1797 3085 vos
1817 3057 1867 3085 AC
1879 3059 1929 3084 DG
1950 3058 2015 3085 Misi
2025 3058 2062 3085 od
2074 3065 2136 3092 eos,-

1179 3109 1226 3135 (ΛΥ.
1244 3113 1325 3139 supra
1344 3112 1405 3137 pag.
1426 3104 1493 3137 307,
1512 3107 1572 3130 nota
1593 3104 1617 3128 8.

1250 3149 1272 3165 ¹²
1292 3151 1368 3176 Vers.
1381 3148 1423 3180 37,
1437 3151 1497 3181 post
1510 3155 1590 3181 quem
1603 3148 1658 3174 Act.
1671 3147 1697 3179 7,
1711 3147 1753 3173 51.
1767 3153 1822 3180 seq.
1837 3146 1894 3178 (cir.
1907 3154 1988 3179 supra
2001 3154 2062 3179 pag.
2077 3147 2137 3178 290,

1179 3199 1239 3222 nota
1258 3196 1284 3221 6.
1303 3197 1329 3220 et
1348 3200 1409 3226 pag.
1430 3193 1496 3224 356,
1515 3196 1576 3219 notu
1597 3192 1638 3218 ⁴4.
1657 3192 1682 3217 in
1702 3191 1775 3224 flne).
1793 3190 1862 3217 vide
1875 3194 1937 3217 tom.
1952 3192 1984 3217 V.
1997 3198 2058 3224 pag.
2072 3191 2136 3223 375,

1179 3243 1239 3266 nom
1251 3240 1368 3309 ¹³Vers.
1388 3283 1417 3313 2,
1436 3284 1496 3314 post
1514 3288 1594 3314 quem
1614 3282 1661 3307 ier.
1681 3282 1711 3312 2,
1731 3281 1759 3306 21
1776 3289 1782 3313 3
1801 3281 1892 3307 Ezech.
1915 3280 1962 3310 ⁴9,
1990 3280 2031 3305 10.
2050 3283 2075 3305 et
2097 3280 2136 3305 12.

1251 3326 1274 3342 ¹⁴
1293 3327 1368 3353 Vers.
1394 3327 1436 3352 ⁴⁴.
1461 3329 1486 3352 et
1509 3326 1604 3352 deinde
1630 3332 1655 3352 v.
1681 3326 1724 3357 31,
1744 3324 1789 3351 ubi
1809 3332 1858 3358 pro
1877 3323 1978 3351 dimitte
1996 3323 2077 3350 CDG
2096 3331 2138 3350 re—

1180 3373 1263 3401 mitte.

1994 3422 2027 3448 64
