2476 3921
158 1370 289 1394 notandum.

171 2164 281 2186 Confessio

157 2191 296 2213 centurionis.

301 274 364 306 582

300 371 443 404 mayna,
478 361 571 393 Iesus
595 359 666 392 ait.-
691 358 811 397 Pater,
842 356 879 389 in
911 365 1036 403 manus
1064 358 1141 387 tuas
1176 363 1263 386 com-

138 423 283 472 cessffieru·
301 414 418 447 mendo
440 413 599 455 spiritum
614 421 732 444 meam.
759 429 801 434 —
825 410 884 443 Sed
908 409 1032 442 videtur
1056 407 1263 441 contrarietas

302 467 385 500 inter
402 466 621 508 Evangelistas.
639 465 713 497 Nam
730 463 875 496 Matthaei
893 460 1191 504 vigesimosseptimo
1203 460 1214 479 ¹
1232 462 1263 492 et

303 519 540 553 Marcidecimo
564 518 675 561 quinto
697 517 831 556 dicitur,
855 515 939 558 quod
967 514 1129 548 clamavit:
1160 526 1176 542 «
1199 512 1262 551 Eli,

304 573 348 607 Eli
366 585 396 613 ¹³3
413 576 444 606 et
461 572 582 605 Ioannis
597 571 717 604 decimo
733 579 816 603 nono
839 569 965 608 dicitur,
989 567 1073 610 quod
1097 566 1241 600 clamavit
1255 578 1262 597 :

308 640 325 655 «
348 626 606 659 Consummatum
631 627 679 657 est
702 637 732 655 n.
757 623 816 656 Sed
837 626 946 655 totum
971 622 1029 654 hoc
1053 629 1165 653 verum
1196 622 1262 657 est,

304 680 379 722 quia
401 683 450 712 ter
481 678 635 712 clamavit.
658 678 696 710 Et
720 677 822 719 primo
853 676 934 708 dixit
963 674 1048 716 quod
1079 673 1154 706 dicit
1187 673 1262 704 Mat-

304 732 434 770 thaeus,
464 730 575 764 deinde
607 729 762 768 seeundo,
794 728 879 770 quod
911 728 1058 765 Ioannes,
1089 729 1121 758 et
1152 725 1263 763 tertio,

305 785 389 827 quod
412 785 511 817 Lucas
523 784 546 815 2.
560 783 651 815 —Et
668 783 726 815 hoc
750 782 888 815 insinuat
903 781 969 822 ipse
994 779 1188 821 Evangelista
1204 778 1264 810 Lu-

305 842 358 870 cas
380 837 412 869 in
438 837 495 869 boc
519 835 603 878 quod
627 835 751 868 subdit:
779 835 818 866 Et
841 832 919 866 llaec
935 833 1046 865 dicens
1070 830 1263 873 exspiravit.

306 891 353 923 Ex
373 900 440 932 quo
463 893 608 932 apparet,
633 888 718 931 quod
741 887 915 929 exspiravit
939 885 1032 918 simul
1056 883 1218 918 clamando
1234 886 1265 916 et

306 942 441 981 orando,
466 946 502 975 ut
525 941 720 979 ostenderet,
745 939 827 982 quod
854 940 918 980 ipse
935 942 982 971 est
1005 946 1100 971 verus
1124 936 1264 978 pontifex

306 999 427 1035 noster;
452 998 581 1037 propter
592 993 683 1036 quod
706 993 744 1025 ad
761 993 918 1025 Hebraeos
939 990 1094 1033 quinto³:
1124 1002 1139 1018 α
1156 989 1216 1031 Qui
1232 989 1263 1021 in

306 1049 417 1082 diebus
441 1048 644 1081 carnissuae
667 1054 777 1088 preces
801 1044 1106 1087 supplicationesque
1129 1043 1168 1075 ad
1192 1051 1265 1075 eum

306 1102 361 1144 qui
386 1104 491 1143 posset
518 1101 607 1133 illum
637 1099 760 1135 salvum,
783 1098 885 1130 facere
916 1107 934 1130 a
957 1101 1076 1135 morte,
1101 1105 1173 1128 cum
1203 1095 1265 1128 cla-

306 1163 394 1187 more
419 1151 520 1186 valido
543 1156 574 1185 et
597 1151 744 1193 lacrymis
768 1151 920 1189 offerens,
944 1149 1113 1183 exauditus
1137 1151 1184 1181 est
1207 1158 1266 1190 pro

308 1214 366 1240 sua
389 1205 566 1239 reverentia
582 1218 612 1237 12.
643 1217 658 1233 «
676 1204 711 1236 Et
728 1206 963 1237 consummatus
986 1203 1086 1235 sactus
1109 1205 1157 1235 est
1171 1201 1267 1234 omni-

307 1260 368 1293 bus
391 1258 681 1300 obtemperantibus
705 1257 762 1290 sibi
787 1265 881 1289 causa
897 1255 1007 1288 salutis
1030 1258 1189 1293 aeternae,
1213 1263 1267 1296 ap-

308 1313 443 1355 pellatus
458 1321 477 1344 a
494 1312 557 1344 Deo
573 1309 715 1352 pontifex
731 1310 822 1342 iuxta
838 1308 979 1343 ordinem
997 1307 1222 1340 Melchisedech
1236 1319 1266 1338 ».

309 1365 380 1398 Ideo
395 1368 500 1398 autem
518 1363 612 1396 simul
633 1363 770 1395 clamans
786 1365 817 1395 et
836 1362 1012 1403 lacrymans
1027 1359 1215 1401 exspiravit,
1232 1362 1268 1391 ut

310 1419 341 1451 in
366 1417 527 1461 lacrymis
543 1417 736 1459 intelligatur
753 1424 828 1448 vera
851 1414 966 1447 Christi
983 1413 1086 1455 passio
1109 1418 1140 1445 et
1156 1413 1268 1445 huma—

309 1471 409 1508 nitas;
434 1471 464 1502 in
490 1470 634 1502 clamore
657 1477 732 1502 vero
756 1467 925 1506 Divinitas,
949 1466 1041 1509 quia,
1065 1475 1137 1499 cum
1161 1465 1269 1498 nullus

309 1524 407 1567 possit
430 1524 566 1557 clamare
590 1532 646 1565 per
670 1526 834 1560 naturam,
858 1520 917 1553 nisi
941 1520 995 1562 qui
1028 1519 1122 1552 habet
1145 1518 1269 1560 sangui-

310 1587 382 1611 nem
407 1576 615 1610 sufficientem
638 1576 670 1608 in
695 1575 788 1608 corde
804 1579 835 1607 et
859 1574 1009 1616 spiritum
1029 1572 1067 1605 ad
1089 1572 1269 1614 respiratio-

310 1639 401 1669 nem,
425 1629 615 1672 impossibile
631 1633 695 1668 est,
720 1628 804 1671 quod
820 1637 877 1670 per
900 1630 1047 1660 natu-ram
1068 1626 1140 1668 quis
1163 1625 1269 1668 exspi-

311 1688 360 1717 ret
383 1688 413 1717 et
436 1684 557 1716 clamet.
584 1683 619 1715 Et
643 1683 712 1715 ideo
736 1681 871 1718 ostendit
894 1681 924 1713 in
950 1680 1086 1713 clamore
1109 1679 1220 1712 mortis
1237 1687 1270 1711 se

310 1737 573 1779 omnipotentem,
598 1739 629 1769 et
652 1744 764 1768 verum
788 1743 856 1767 esse
880 1733 1066 1767 monstravit
1082 1732 1166 1775 quod
1189 1731 1270 1764 dixit

311 1790 432 1822 Ioannis
447 1787 608 1822 decim04:
631 1802 646 1817 «ι
658 1789 844 1821 Potestatem
860 1787 960 1820 habeo
983 1786 1115 1829 ponendi
1134 1785 1269 1818 animam

311 1851 413 1875 meam
444 1845 476 1875 et
509 1845 693 1883 potestatem
718 1841 819 1874 habeo
842 1839 1123 1873 iterumsumendi
1148 1848 1216 1872 eam
1237 1852 1268 1871 ».

318 1909 333 1924 ει
349 1896 444 1928 Nemo
468 1895 548 1928 tollit
578 1904 646 1928 eam
670 1904 689 1926 a
712 1903 779 1933 me,
804 1893 858 1926 sed
886 1902 942 1935 ego
966 1902 1048 1935 pono
1078 1902 1147 1925 eam
1171 1901 1190 1925 a
1220 1900 1270 1925 me

312 1949 379 1991 ipso
396 1961 427 1987 1›;
444 1952 475 1981 et
490 1948 559 1981 ideo
577 1947 670 1981 Isaiae
686 1946 948 1989 quinquagesimo
964 1946 1074 1979 tertio:
1097 1959 1112 1974 α
1129 1945 1157 1978 Si
1176 1954 1270 1987 posu-

311 2002 372 2034 erit
387 2011 445 2044 pro
461 2004 588 2043 peccato
608 2000 743 2033 animam
764 2008 869 2039 suam,
886 1999 1002 2032 videbit
1018 2008 1124 2032 semen
1146 1998 1270 2040 longae-

312 2064 407 2094 vum,
431 2058 463 2087 et
487 2054 631 2087 voluntas
654 2053 776 2086 Domini
800 2053 832 2085 in
857 2061 952 2085 manu
976 2052 1044 2085 eius
1067 2051 1221 2094 dirigetur
1238 2064 1268 2083 n.

403 2109 454 2140 57.
469 2107 573 2149 (Vers.
598 2107 676 2147 47.)
701 2106 806 2138 Tertio
822 2108 976 2147 quantum
992 2105 1030 2137 ad
1053 2104 1179 2147 fidelem
1195 2113 1270 2137 con-

312 2159 488 2203 fessionem
511 2158 714 2192 centurionis
738 2158 896 2200 adiungit:
928 2157 1045 2199 Videris
1068 2160 1178 2190 autem
1198 2166 1271 2189 oen-

315 2212 404 2245 turio
428 2212 515 2256 quod
544 2210 675 2254 factam
697 2210 831 2254 fuerat,
861 2209 1064 2253 ylorifi'cavit
1086 2210 1190 2242 Deum
1221 2208 1271 2241 di-

314 2275 404 2298 eens:
436 2265 513 2297 Vere
537 2263 589 2297 hie
613 2263 708 2297 homo
731 2264 841 2296 iustus
864 2267 945 2296 erat.
970 2263 1049 2297 Haec
1064 2265 1170 2295 autem
1195 2262 1270 2295 fide-

315 2319 353 2352 lis
383 2318 535 2351 confessio
566 2320 673 2350 ortum
704 2317 816 2350 habuit
846 2326 887 2350 ex
921 2316 1037 2349 visione
1060 2315 1271 2355 mirabilium,

315 2374 396 2414 qu'ae
419 2371 500 2404 facta
523 2373 597 2404 sunt
620 2370 651 2403 in
676 2370 883 2403 commotione
899 2369 1007 2402 mundi
1031 2372 1062 2402 et
1085 2369 1224 2402 maxime
1240 2368 1271 2401 in

316 2424 408 2457 modo
431 2424 601 2463 moriendi;
625 2423 709 2456 unde
741 2423 885 2456 Matthaei
917 2423 1066 2464 vigesimo
1094 2422 1226 2464 septimo
1242 2421 1272 2453 ⁵:

320 2490 336 2506 ιι
352 2477 500 2510 Centurio
515 2480 639 2516 autem,
663 2476 765 2518 etqui
789 2485 860 2509 cum
877 2485 914 2509 eo
937 2478 1044 2514 erant,
1068 2475 1135 2508 viso
1155 2477 1274 2507 terrae-

389 2667 398 2682 ¹
418 2667 493 2693 Vers.
512 2666 559 2697 465
579 2666 656 2691 Marc.
675 2666 721 2696 15,
740 2665 782 2691 34.
802 2669 827 2691 et
846 2666 913 2691 loan.
935 2666 981 2696 19,
1001 2666 1044 2691 30.

388 2710 399 2725 ²
418 2710 468 2737 Cir.
488 2711 612 2742 August„
632 2710 669 2735 ΙΙΙ.
694 2710 727 2735 de
746 2709 878 2735 Consensu
902 2710 1057 2741 Evangelist.
1077 2717 1100 2735 c.
1120 2710 1161 2738 ¹17.
1188 2713 1213 2735 ct
1236 2710 1274 2735 18.

317 2763 343 2781 n.
363 2755 406 2781 54.
425 2759 451 2781 et
470 2755 513 2780 55.
534 2754 600 2781 Vide
618 2754 695 2780 etiam
716 2755 741 2779 S.
760 2754 872 2786 Bonav.,
892 2754 1038 2780 Comment.
1057 2754 1083 2779 in
1102 2755 1170 2779 loan.
1189 2761 1211 2780 c.
1233 2755 1274 2779 49.

318 2807 343 2825 n.
363 2799 407 2824 59.

389 2841 400 2856 ⁰
419 2843 494 2869 Vers.
513 2842 538 2868 7.
558 2845 584 2868 et
601 2843 626 2868 9.
646 2849 700 2875 seq.
721 2843 770 2867 Pro
789 2841 826 2868 ad
836 2848 897 2868 eum
918 2842 937 2867 Α
949 2841 999 2868 CH
1018 2840 1055 2867 ad
1073 2841 1166 2867 Deum.
1181 2856 1214 2859 —
1229 2842 1275 2867 Su-

318 2887 408 2920 perius
428 2890 487 2919 post
506 2886 578 2921 quod
595 2878 652 2920 ipse
669 2887 708 2913 est
722 2886 778 2912 Vat.
799 2886 967 2919 prosequitur
985 2885 1056 2911 Deus
1075 2892 1168 2917 verus,
1189 2884 1274 2911 Ponti-

318 2932 366 2966 fea·
384 2932 484 2958 noster.

389 2976 401 2990 ⁴
420 2977 495 3003 Vers.
517 2976 563 3007 ⁴8,
582 2975 626 3002 ubi
646 2975 738 3001 etiam:
758 2975 844 3003 Nemo
857 2974 927 3001 tollit
938 2978 997 3006 etc„
1010 2977 1035 3000 et
1047 2974 1143 3000 deinde
1157 2974 1213 2999 lsai.
1227 2974 1274 3006 53,

321 3021 363 3046 io.
381 3020 432 3047 Cfr.
453 3019 598 3052 chrysost,
618 3020 711 3046 Homil.
730 3020 773 3045 88.
794 3019 868 3052 (alias
886 3019 940 3052 89.)
966 3019 992 3044 in
1012 3019 1099 3044 Matth.
1118 3025 1144 3043 n.
1170 3019 1194 3044 i.
1214 3019 1275 3044 Am-

319 3063 404 3095 bros,
429 3063 461 3089 X.
487 3063 513 3089 in
537 3064 598 3089 Luc.
624 3069 647 3088 c.
667 3063 710 3089 23.
732 3070 759 3089 n.
779 3063 843 3096 ‘¹273
867 3063 985 3093 Hieron„
1009 3062 1053 3088 tv.
1076 3061 1223 3088 Comment.
1249 3062 1274 3088 in

319 3109 407 3135 Mutth.
426 3108 472 3140 27,
486 3108 529 3133 50.

390 3150 402 3166 ⁶
422 3152 495 3178 Vers.
514 3150 557 3177 54.
569 3164 605 3170 —
617 3150 801 3178 Centurionem
825 3150 979 3185 Longinum
997 3149 1113 3176 nominat
1134 3150 1275 3182 Metaphra-

320 3198 373 3222 stes
390 3195 417 3221 in
431 3195 488 3221 Vita
502 3194 612 3227 Longini
633 3194 677 3228 (16
697 3195 794 3229 Mart),
813 3201 894 3228 quam
914 3194 987 3220 affert
999 3194 1077 3220 etiam
1093 3194 1197 3225 Surius,
1216 3194 1275 3220 Vita

321 3240 407 3265 Sanct.
426 3239 452 3265 in
472 3239 505 3265 ⁴5
525 3239 596 3265 Mart.
615 3239 684 3265 Vide
698 3240 800 3265 Baronii
824 3239 916 3265 Annei.
934 3239 968 3265 ad
990 3245 1087 3264 annum
1106 3238 1150 3264 34.
1169 3246 1194 3264 n.
1215 3239 1276 3265 431.

320 3286 346 3309 et
365 3283 425 3309 ⁴91.

390 3324 402 3340 ⁶
422 3323 496 3352 Vei-s.
517 3327 558 3352 39.
578 3326 629 3353 Cir.
654 3327 778 3359 August„
797 3327 836 3353 lli.
862 3327 896 3353 de
921 3326 1053 3353 consensu
1073 3327 1231 3360 Evangelist.
1253 3333 1275 3353 e.

320 3370 364 3397 20.
382 3377 407 3396 n.
427 3370 471 3397 57.

392 3413 402 3429 ⁷
422 3414 491 3441 Libr.
511 3415 549 3441 ΙΙΙ.
568 3415 593 3441 in
612 3415 690 3441 Marc.
710 3415 758 3447 ⁴5,
782 3415 826 3441 39.
850 3417 876 3441 et
894 3414 937 3440 Vl.
962 3414 988 3440 ln
1008 3415 1070 3441 Luc.
1095 3415 1142 3446 23,
1167 3414 1209 3441 47.
1229 3413 1278 3448 (se-

870 266 1066 301 COMMENT.
1090 266 1128 298 IN
1151 264 1391 298 EVANGELIUM
1413 262 1532 296 LUCAE
1556 261 1588 294 C.
1612 259 1713 293 XXIII.

1326 355 1414 385 motu
1444 350 1550 384 ethis
1584 358 1666 392 quae
1689 348 1824 387 fiebant,
1848 347 2024 380 timuerunt
2048 345 2156 385 valde,
2184 345 2288 379 dicen-

1327 408 1394 438 tes:
1419 405 1500 444 Vere
1524 403 1619 436 Filius
1653 402 1707 435 Dei
1732 405 1800 434 erat
1831 401 1889 433 iste
1913 413 1943 432 n.
1968 399 2028 433 Sed
2051 399 2145 432 Marci
2168 399 2290 432 decimo
2308 391 2437 454 2133quss

1327 457 1463 500 quint0⁸
1494 457 1624 495 dicitur,
1657 455 1741 498 quod
1771 453 1911 487 «videns
1943 453 2106 492 centurio,
2138 452 2213 495 quia
2244 452 2289 486 sic

1327 512 1465 544 clamans
1488 510 1697 553 exspirasset,
1721 508 1783 541 ait:
1808 507 1889 540 Vere
1912 506 1964 540 hic
1986 507 2082 539 homo
2108 506 2204 539 Filius
2233 506 2288 540 Dei

1327 568 1441 598 erat».
1467 555 1566 596 Lucas
1596 567 1701 596 autem
1730 560 1969 603 comprehendit
1999 563 2192 602 utrumque,
2216 569 2289 593 cum

1327 617 1418 650 dicit:
1451 617 1567 649 Videns
1598 615 1746 649 centurio
1776 613 1864 657 quod
1890 612 2021 656 factam
2050 610 2174 655 fuerat.
2204 612 2291 646 Unde

1328 670 1360 703 in
1386 670 1444 703 hoc
1467 669 1652 702 centurione
1674 667 1823 710 apparuit
1845 665 2116 709 promptitud0.in
2144 666 2291 708 gentibus

1327 722 1366 755 ad
1391 722 1503 760 fidem,
1528 725 1559 754 et
1582 724 1711 754 econtra
1734 720 1766 752 in
1791 719 1911 753 Iudaeis
1933 718 2100 751 obduratio
2127 714 2166 751 ad
2189 718 2291 751 incre—

1328 775 1501 808 dulitatem.
1527 775 1657 816 Propter
1687 773 1773 816 quod
1796 776 1827 806 et
1859 772 1982 805 Beda'1:
2013 783 2028 801 «
2046 771 2178 810 Videns,
2206 770 2291 814 quod

1328 828 1371 861 ita
1394 828 1526 861 haberet
1550 830 1734 869 potestatem
1751 825 1910 859 emittendi
1935 825 2100 867 spiritum,
2124 824 2209 867 quod
2229 834 2291 857 non

1328 885 1430 924 potest
1445 881 1505 914 nisi
1529 880 1676 913 Conditor
1699 880 1891 918 animarum,
1915 879 1981 921 ipse
2002 878 2056 921 qui
2073 878 2292 916 crucifixerat,

1329 930 1361 967 in
1393 934 1460 976 ipso
1496 934 1649 976 passionis
1684 933 1830 966 scandalo
1864 932 2033 965 confitetur
2067 932 2122 964 Dei
2158 931 2292 971 Filium,

1329 996 1424 1029 quem
1444 984 1552 1020 rIudaei
1578 989 1648 1029 post
1671 986 1824 1019 miracula
1848 985 1978 1018 credere
2001 984 2219 1017 noluerunt».
2234 984 2293 1017 Sed

1329 1041 1403 1083 quia
1427 1040 1594 1082 principes
1609 1039 1826 1078 sacerdotum,
1850 1048 1923 1072 cum
1940 1039 2017 1072 haec
2041 1038 2206 1077 vidissent,
2230 1047 2292 1071 non

1307 1106 1309 1109 ’
1329 1094 1587 1136 glorificaverunt
1602 1093 1719 1133 Deum,
1744 1093 1813 1126 ideo
1829 1092 1989 1126 excaecati
2005 1096 2094 1132 sunt,
2119 1091 2294 1125 secundum

1330 1146 1407 1179 illud
1423 1146 1462 1179 ad
1486 1147 1639 1179 Romanos
1655 1146 1758 1188 primo
1770 1146 1798 1178 8:
1820 1159 1836 1175 α
1848 1146 1927 1178 Cum
1943 1145 2161 1188 cognovissent
2177 1145 2293 1184 Deum,

1331 1208 1393 1231 non
1417 1198 1499 1231 sicut
1521 1199 1622 1231 Deum
1646 1198 1902 1240 glorificaverunt
1925 1201 1981 1239 aut
2003 1197 2121 1239 gratias
2144 1200 2292 1239 egerunt,

1331 1251 1385 1285 sed
1409 1255 1609 1284 evanuerunt
1639 1251 1672 1284 in
1696 1251 1937 1294 cogitationibus
1968 1251 2053 1290 suis,
2077 1253 2109 1283 et
2142 1250 2294 1283 obscura—

1332 1309 1400 1338 tum
1424 1309 1471 1338 est
1494 1305 1643 1347 insipiens
1667 1314 1721 1338 cor
1745 1314 1854 1338 eorum
1873 1318 1904 1337 υ.

1422 1359 1474 1390 58.
1499 1358 1600 1400 (Vers.
1625 1358 1703 1398 48).
1729 1358 1848 1399 Quarto
1871 1361 2025 1400 quantum
2048 1357 2086 1390 ad
2111 1357 2294 1390 tremebun-

1333 1411 1413 1444 dam
1447 1411 1727 1453 compunctionem
1758 1410 1862 1453 plebis
1895 1410 2076 1453 subiungit:
2113 1411 2152 1442 Et
2187 1410 2295 1443 omnis

1335 1464 1435 1496 turba
1466 1473 1581 1496 eorum
1605 1464 1664 1506 qui
1697 1463 1800 1496 simut
1823 1464 1967 1496 aderant
2001 1463 2047 1496 ad
2068 1463 2295 1505 spectaculum

1333 1517 1425 1550 istud
1448 1521 1478 1549 et
1492 1516 1645 1549 videbant
1667 1526 1752 1560 quae
1767 1516 1904 1558 fiebant,
1927 1517 2145 1558 percutientes
2157 1520 2294 1559 pectora

1333 1580 1399 1603 saa
1422 1569 1679 1603 revertebantur.
1711 1570 1888 1603 Percu-§sio
1919 1579 2057 1612 namque
2085 1571 2230 1613 pectoris
2253 1570 2294 1604 si-

1334 1632 1431 1665 gnum
1455 1626 1502 1656 est
1525 1623 1733 1665 poenitentiae
1755 1626 1787 1656 et
1802 1623 2069 1665 compunctionis,
2093 1623 2175 1656 sicut
2194 1633 2296 1666 supra

1334 1671 1454 1709 decimo
1471 1676 1601 1709 octav0⁹
1613 1676 1652 1709 de
1669 1676 1849 1718 publicano,
1867 1676 1921 1718 qui
1944 1689 1959 1705 α
1973 1677 2170 1718 percutiebat
2185 1681 2296 1719 pectus

1334 1738 1447 1768 suum,
1471 1728 1594 1762 dicens:
1616 1729 1714 1768 Deus,
1732 1729 1888 1770 propitius
1910 1732 1977 1761 esto
1994 1729 2070 1761 mihi
2094 1729 2295 1771 peccatori».

1334 1782 1520 1825 Intelligitur
1542 1786 1648 1815 autem
1672 1791 1728 1824 per
1745 1780 1832 1815 hanc
1856 1782 1992 1815 turbam
2008 1783 2145 1825 populus
2169 1782 2296 1816 Iudaeo-

1334 1846 1422 1876 rum,
1446 1837 1519 1879 qui,
1543 1836 1600 1869 etsi
1625 1836 1789 1869 veritatem
1813 1835 1949 1875 videret,
1967 1839 2003 1868 ut
2018 1835 2177 1875 centurio,
2194 1836 2296 1869 solum

1334 1893 1444 1932 pectus
1469 1889 1642 1932 percussit,
1667 1888 1721 1922 sed
1738 1889 1770 1921 in
1794 1897 1902 1922 vocem
1926 1888 2129 1922 confessionis
2144 1898 2206 1922 non
2222 1898 2296 1931 pro-

1334 1942 1431 1984 rupit.
1457 1942 1543 1975 Unde
1571 1942 1680 1975 Glossa
1693 1942 1737 1974 ¹⁰:
1768 1955 1783 1971 «
1801 1942 1970 1975 Videamus
1993 1942 2172 1975 distantiam
2195 1942 2297 1985 gentis

1334 1999 1365 2029 et
1388 1996 1506 2038 gentis:
1528 1995 1679 2038 9entiteS,
1709 1995 1862 2029 moriente
1893 1995 2036 2036 Christo,
2065 1999 2193 2038 apertae
2224 2005 2297 2029 con-

1334 2048 1476 2081 fessionis
1500 2057 1575 2081 voce
1591 2048 1692 2081 Deum
1712 2048 1905 2090 glorificant3
1930 2048 2060 2088 Iudaei,
2085 2048 2297 2091 percutientes

1334 2104 1461 2143 pectora
1484 2101 1604 2140 solum,
1629 2101 1755 2134 silentes
1778 2101 1907 2134 domum
1931 2101 2112 2135 redeunt».
2137 2102 2223 2135 Unde
2247 2110 2297 2135 re-

1334 2155 1442 2188 dibant
1464 2154 1610 2193 domum,
1635 2154 1724 2196 quia,
1740 2155 1798 2187 etsi
1816 2154 1977 2188 videretur
1993 2155 2038 2188 eis
2060 2155 2177 2188 iniuste
2192 2158 2299 2188 actum

1335 2211 1444 2241 contra
1467 2207 1648 2246 Christum,
1673 2211 1776 2240 tamen
1800 2207 1839 2240 ad
1863 2216 1936 2240 eum
1960 2207 2119 2241 modicum
2147 2208 2196 2241 vel
2227 2207 2298 2241 nul-

1334 2262 1401 2294 lum
1425 2261 1583 2294 habebant
1606 2261 1762 2293 affectum.

1426 2315 1477 2347 59.
1504 2314 1606 2356 (Vers.
1634 2313 1712 2354 49).
1737 2313 1798 2346 Nec
1829 2313 1965 2352 mirum,
1989 2313 2064 2356 quia
2087 2317 2119 2347 et
2141 2313 2297 2347 noticias

1337 2377 1448 2400 omnes
1471 2366 1660 2409 reputabant
1684 2375 1757 2399 eum
1782 2369 1930 2408 tanquam
1954 2366 2107 2407 alienum,
2132 2367 2204 2401 licet
2235 2377 2298 2402 non

1337 2420 1464 2453 omnino
1488 2418 1697 2461 perdidissent
1719 2419 1883 2458 affectum3
1908 2419 1977 2452 ideo
2001 2418 2125 2454 subdit:
2159 2420 2299 2454 Stabant

1339 2477 1452 2507 autent
1475 2482 1587 2505 omnes
1610 2472 1680 2505 noti
1695 2472 1766 2505 eius
1790 2481 1812 2504 a
1836 2472 1929 2516 tonye
1959 2477 1989 2506 et
2014 2473 2298 2518 mutieres,.quae

1338 2665 1427 2698 quitur
1446 2665 1564 2697 Hieron,
1584 2665 1625 2690 lV.
1646 2664 1671 2690 in
1690 2665 1777 2691 Matth.
1797 2665 1844 2696 27,
1863 2665 1927 2699 54.).
1948 2666 2076 2693 Sententia
2090 2666 2177 2692 Bedae
2196 2665 2299 2693 exhibe-

1338 2712 1380 2734 tur
1399 2708 1488 2734 verbis
1506 2709 1613 2734 Glossae
1635 2708 1806 2741 ordinariae,
1829 2716 1898 2742 quae
1916 2710 1984 2736 circa
2005 2710 2085 2736 finem
2104 2709 2216 2736 vocibus
2235 2712 2300 2744 post

1338 2752 1474 2779 miracula
1494 2753 1622 2778 interserit
1641 2754 1678 2779 tot
1697 2753 1745 2786 (ita
1759 2753 1836 2779 etiam
1857 2754 1896 2786 Β).

1409 2794 1420 2810 ⁸
1440 2796 1513 2822 Vers.
1534 2798 1577 2822 21.
1595 2810 1631 2816 —-
1644 2797 1780 2830 Ambros.,
1806 2799 1839 2824 X.
1858 2798 1884 2824 in
1903 2798 1965 2824 Luc,
1985 2805 2007 2824 c.
2027 2799 2069 2824 23.
2090 2806 2114 2824 n.
2135 2799 2200 2824 ⁴28:
2226 2799 2298 2825 Deni-

1338 2847 1390 2873 que
1403 2840 1455 2866 iam
1468 2841 1545 2866 etiam
1559 2841 1676 2867 centurio
1693 2842 1739 2867 Dei
1752 2842 1857 2875 Filium,
1876 2849 1955 2875 quem
1970 2842 2132 2869 crucifixerat
2151 2843 2298 2869 confltetur.

1338 2884 1358 2910 O
1378 2884 1483 2910 duriora
1502 2885 1571 2924 saxis
1589 2888 1694 2918 pectora
1715 2887 1886 2912 ludaeorumi

1408 2926 1419 2941 ⁹
1439 2929 1512 2955 Vers.
1534 2928 1574 2955 13.
1596 2943 1630 2948 --
1647 2930 1734 2961 Beda,
1753 2930 1795 2956 Vl.
1816 2930 1841 2955 in
1863 2931 1924 2955 Luc.
1945 2931 1992 2961 23,
2014 2930 2059 2956 48:
2080 2930 2156 2963 Quod
2170 2930 2295 2963 percutie-

1338 2972 1401 2998 bant
1419 2977 1537 3005 pectora,
1557 2974 1619 3006 quia
1638 2974 1814 3006 poenitentiae
1833 2977 1871 3000 est
1896 2977 1922 3000 et
1940 2975 2024 3000 luctus
2047 2974 2188 3006 indicium,
2213 2978 2299 3007 potest

1338 3017 1474 3049 dupliciter
1486 3018 1606 3050 intelligi:
1625 3018 1681 3044 sive
1695 3018 1764 3044 enim
1778 3025 1839 3044 enm
1856 3018 1931 3044 cuius
1945 3018 2025 3044 vitam
2039 3018 2191 3052 dilexerunt,
2204 3019 2298 3045 iniuste

1338 3062 1454 3088 occisum
1474 3061 1612 3093 dolebant,
1625 3069 1672 3088 seu
1691 3062 1766 3088 cuius
1780 3065 1891 3088 mortem
1910 3069 1938 3088 se
1951 3062 2106 3095 impetrasse
2125 3063 2297 3090 meminerant

1338 3107 1407 3132 hunc
1425 3106 1451 3131 in
1472 3109 1555 3132 morte
1573 3106 1686 3138 amplius
1705 3106 1877 3138 glorificatum
1895 3106 2048 3133 tremebant.

1408 3149 1432 3164 ¹⁰
1450 3150 1551 3176 Scilicet
1569 3149 1711 3176 ordinaria
1730 3149 1771 3183 (ex
1794 3150 1873 3184 Beda)
1892 3151 1919 3176 in
1937 3151 2001 3177 Luc.
2020 3151 2068 3184 23,
2089 3151 2129 3177 48.
2149 3152 2198 3177 Pro
2212 3151 2298 3185 qentss

1338 3196 1362 3221 et
1380 3193 1465 3228 yentis
1484 3194 1599 3220 secunda
1619 3201 1713 3220 manus
1734 3195 1759 3220 in
1778 3195 1800 3220 D
1819 3194 1952 3225 substituit
1974 3194 2061 3229 yentt's
2079 3197 2105 3222 ee
2123 3194 2297 3222 ludaeorum.

1338 3238 1403 3264 Voci
1422 3237 1533 3271 gentiles
1551 3237 1601 3264 AC
1626 3238 1775 3270 praefigunt
1799 3240 1831 3265 et.
1851 3239 1931 3265 —--B.
1953 3239 2065 3271 Albert.,
2092 3239 2148 3265 hle:
2173 3240 2199 3265 ln
2218 3239 2297 3266 huius

1339 3281 1444 3313 signum
1470 3281 1646 3313 percussionis
1670 3282 1805 3313 sacerdos,
1829 3283 1928 3308 elevata
1954 3283 2142 3316 aliquantulum
2165 3289 2245 3315 voce,
2270 3283 2296 3308 in

1339 3325 1446 3357 signum
1465 3325 1586 3351 clamoris
1600 3326 1702 3351 Domini
1722 3326 1807 3352 tundit
1825 3330 1917 3358 pectus
1935 3327 1962 3352 in
1975 3326 2080 3353 Canone
2093 3327 2200 3353 dicens:
2213 3325 2296 3353 Nobis

1341 3375 1445 3403 quoque
1459 3368 1655 3410 peccatoribus.
1676 3369 1729 3396 Csr.
1750 3371 1880 3397 innocent.
1900 3371 1952 3404 ut,
1971 3371 2004 3397 V.
2032 3371 2066 3397 de
2094 3373 2174 3397 Sacro
2202 3370 2297 3397 Altaris

1341 3413 1480 3446 mysterio,
1499 3421 1523 3440 c.
1543 3414 1586 3440 45.

2313 1358 2432 1386 Compunet':

2341 1385 2417 1413 plebis.

2318 2314 2368 2336 Noti
2383 2314 2430 2336 eius

2317 2341 2402 2363 stabant
2415 2346 2428 2363 a

2338 2368 2408 2395 longe.
