2476 3921
151 775 281 797 Notandum.

134 1093 225 1114 Ratione
232 1093 285 1113 mul-

135 1119 286 1149 titud-iniscon-

133 1148 254 1167 sentientis.

156 1677 266 1704 Expositio

147 1704 272 1731 spiritualis.

133 1731 229 1758 Quatuor
237 1736 284 1757 per-

143 1762 215 1781 sonae,
233 1763 284 1783 qna-

145 1787 192 1805 tuor
218 1784 283 1804 virtu-

144 1814 176 1832 tes
186 1810 282 1831 cardina-

144 1838 183 1858 les.

304 200 345 232 64

302 289 337 321 fit
360 287 525 330 processio.
558 286 644 319 Unde
675 285 757 318 sicut
780 284 887 317 eodem
920 283 1033 325 spiritu
1065 283 1167 321 venit,
1198 292 1262 324 quo

302 342 439 380 Simeon,
463 341 505 373 ita
528 343 559 373 et
583 339 691 372 eodem
715 338 829 380 spiritu
853 337 1069 379 prophetavit;
1094 340 1125 369 et
1153 336 1262 378 imple-

302 399 369 427 tum
393 398 440 427 est
462 393 539 426 illud
564 392 623 425 loel
648 391 785 424 secundo
799 392 827 422 ¹:
858 403 873 418 «
890 390 927 422 Et
950 389 1185 432 prophetabunt
1207 389 1261 421 filii

302 448 396 480 vestri
421 450 452 479 et
476 446 571 484 filiae,
595 454 685 478 senes
708 444 804 477 vestri
830 443 963 476 visiones
987 443 1169 475 videbunt»
1202 445 1261 475 etc.

301 502 441 533 Attamen
465 499 617 532 Simeonis
640 498 815 531 testificatio
838 497 986 538 explicite
1013 496 1203 529 describitur
1232 498 1263 528 et

301 563 358 595 per
381 553 508 586 modum
540 550 794 594 praedicationis,
818 551 921 582 Annae
945 558 1020 582 vero
1051 548 1201 590 implicite
1232 552 1263 581 et

301 616 357 649 per
381 606 508 639 modum
525 604 743 642 consessionis,
768 604 842 645 quia
865 603 978 635 docere
994 602 1024 634 in
1051 602 1185 634 Ecclesia
1200 611 1262 634 non

301 663 347 692 est
370 658 556 696 mulierum,
579 657 632 690 sed
657 657 817 694 virorum;
850 655 970 697 primae
993 655 1032 687 ad
1063 652 1263 687 Timotheum

302 712 437 745 secundo
451 712 480 742 2ε
511 724 526 739 «
543 710 662 742 Docere
685 709 836 741 mulieres
859 717 920 741 non
946 708 1093 750 permitto
1117 708 1148 740 in
1165 707 1263 740 eccle-

300 766 345 798 sia
368 774 471 807 neque
495 763 648 796 dominari
673 763 704 795 in
729 763 832 794 virum
851 776 880 793 n.
898 780 943 786 —
959 762 994 794 Et
1017 765 1108 800 nota,
1125 760 1209 803 quod
1224 761 1263 793 de

301 818 424 850 Christo
441 817 706 859 prophetaverant
723 815 845 848 Simeon
863 818 894 847 et
910 814 1086 852 Zacharias,
1100 813 1188 855 virgo
1201 814 1264 845 Ma-

302 872 348 904 ria
372 874 402 903 et
428 869 583 902 Elisabeth
601 869 747 910 copulata
763 868 924 910 coniugio,
949 871 980 900 et
996 867 1065 900 ideo
1086 876 1262 909 congruum

300 928 361 963 est,
378 923 462 966 quod
485 922 653 964 prophetet
668 925 699 954 et
716 921 824 960 vidua,
841 930 879 954 ne
896 921 1001 963 aliqua
1018 920 1168 962 professio
1183 920 1263 952 desit

299 980 355 1009 aut
377 985 484 1009 sexus.
883 998 885 1000 .

389 1029 440 1061 88.
468 1028 594 1060 Ratione
611 1036 687 1059 vero
703 1026 928 1058 multitudinis
945 1026 1173 1058 consentientis
1188 1026 1263 1058 sub-

299 1082 402 1114 ditur:
428 1082 469 1113 Et
484 1079 678 1123 loquebatur
694 1080 733 1111 de
750 1079 803 1110 illo
828 1078 999 1116 omuibus,
1017 1079 1076 1121 qui
1097 1082 1263 1120 exspecta-

299 1135 378 1166 bunt
402 1133 656 1175 redemptionem
680 1132 795 1164 Israel.
821 1132 866 1163 Illi
891 1132 972 1164 enim
999 1131 1132 1164 libenter
1156 1131 1263 1164 audie-

298 1188 389 1226 bant,
413 1187 496 1219 unde
528 1186 672 1218 dicebant
696 1185 773 1217 illud
805 1185 899 1217 Isaiae
923 1184 1073 1226 vigesimo
1104 1185 1215 1226 quinto
1232 1184 1262 1216 ³:

304 1254 318 1269 «
337 1241 426 1279 Ecce,
446 1240 597 1272 Dominus
614 1239 697 1271 Deus
713 1242 834 1276 noster,
851 1238 1105 1279 exspectavimus
1121 1246 1193 1270 eum
1205 1264 1212 1276 ,
1233 1241 1264 1270 et

299 1294 430 1327 salvabit
453 1302 510 1326 nos
528 1307 557 1324 υ.
584 1293 644 1325 lam
676 1295 800 1334 poterat
822 1292 1004 1325 decantare:
1035 1305 1049 1319 «
1069 1291 1263 1333 Redemptio-

298 1357 368 1380 nem
393 1347 477 1380 misit
500 1346 654 1379 Dominus
685 1346 801 1387 populo
826 1355 883 1378 suo
907 1359 937 1377 ».
973 1344 1132 1377 Omnibus
1156 1345 1263 1388 loque-

299 1400 410 1439 batur,
443 1400 517 1441 quia
540 1400 570 1431 in
604 1400 664 1431 hoc
688 1398 842 1440 pendebat
873 1398 959 1431 salus
982 1398 1144 1437 omnium3
1169 1398 1264 1431 Isaiae

299 1453 538 1496 quadragesimo
575 1462 678 1485 nono:
709 1465 724 1480 «
747 1452 782 1484 Et
817 1452 894 1484 sciet
929 1452 1029 1484 omnis
1066 1460 1153 1490 caro,
1189 1451 1264 1493 quia

298 1516 355 1549 ego
378 1507 530 1539 Dominus
554 1506 677 1538 salvans
708 1509 739 1537 te
770 1509 801 1538 et
836 1505 1017 1547 redemptor
1050 1508 1142 1543 tuus,
1174 1505 1264 1537 fortis

300 1560 389 1592 Iacob
406 1573 435 1591 ».

388 1614 440 1645 89.
468 1613 503 1644 Et
527 1616 599 1645 nota
624 1612 673 1644 hic
689 1611 925 1654 spiritualiter,
951 1611 1035 1653 quod
1060 1611 1091 1643 iu
1108 1611 1264 1644 oblatione

299 1666 422 1699 Domini
446 1670 584 1708 quatuor
608 1674 760 1707 personae
789 1664 974 1702 adfuerunt,
1000 1665 1118 1697 scilicet
1149 1663 1264 1706 Ioseph

298 1723 328 1752 et
362 1719 496 1757 Maria,
533 1718 663 1751 Simeon
698 1721 729 1750 et
764 1719 884 1756 Anna,
921 1718 995 1759 quia
1030 1718 1149 1755 anima,
1183 1726 1265 1759 quae

297 1781 408 1805 verum
444 1772 633 1805 sacrificium
670 1771 738 1803 vult
769 1771 883 1803 offerre
916 1771 1001 1809 Deo,
1025 1770 1118 1803 debet
1147 1771 1265 1803 habere

299 1827 480 1859 comitatum
515 1829 652 1867 quatuor
688 1825 844 1857 virtutum
881 1824 1097 1856 cardinalium.
1126 1824 1184 1857 Per
1214 1824 1265 1856 Si-

299 1889 442 1912 meoueni
479 1888 632 1921 namque,
668 1878 722 1920 qui
759 1878 988 1919 interpretatur
1020 1878 1181 1916 audiens,
1217 1878 1265 1909 in-

299 1934 451 1975 telligitur
471 1932 655 1975 prudentia
664 1944 675 1969 ;
711 1931 954 1964 Proverbiorum
986 1932 1131 1973 primo4:
1167 1944 1182 1959 «
1204 1932 1265 1964 Au-

299 1987 387 2020 diens
410 1987 551 2028 sapiens,
583 1985 752 2027 sapientior
776 1984 837 2017 erit
862 1998 891 2016 n.
919 1985 975 2017 Per
1009 1986 1144 2017 Antium
1174 1994 1263 2023 vero,

299 2048 381 2082 quae
415 2039 643 2080 interpretatur
680 2037 815 2080 qratia,
856 2036 1042 2078 intelligitur
1080 2041 1265 2079 temperan-

301 2092 365 2130 tiu‚·
388 2092 426 2124 ad
451 2092 606 2125 Hebraeos
630 2089 781 2123 ultimo⁵:
804 2102 819 2117 «
837 2088 999 2131 Optimum
1023 2093 1070 2123 est
1086 2090 1187 2132 gratia
1203 2094 1265 2123 sta-

300 2146 391 2178 bilire
420 2154 488 2184 cor,
512 2154 575 2178 non
603 2145 682 2177 escis
699 2157 729 2175 ».
755 2143 812 2176 Per
840 2142 972 2185 Ioseph,
997 2144 1101 2176 virum
1130 2144 1264 2183 iustum,

301 2199 355 2241 qui
380 2199 607 2240 interpretatur
631 2202 870 2240 augmentum,
898 2197 1084 2239 intelligitur
1116 2197 1265 2235 iustitia;

909 195 1102 228 COMMENT.
1128 195 1164 227 ΙΝ
1188 194 1426 227 EVANGELIUM
1451 194 1568 226 LUCAE
1593 194 1624 226 C.
1650 194 1682 226 11.

1326 283 1480 315 secundae
1496 282 1534 314 ad
1558 282 1736 315 Corinthios
1752 292 1834 321 nono
1846 283 1877 315 ⁶:
1908 296 1923 312 α
1940 284 2157 326 Multiplicabit
2180 293 2287 318 semen

1326 339 1467 369 vestrum
1490 339 1520 368 et
1544 335 1671 377 augebit
1694 335 1888 369 incrementa
1914 336 2044 378 frugum
2075 337 2211 371 iustitiae
2235 347 2288 371 ve-

1326 392 1409 422 strae
1423 403 1451 421 ».
1469 389 1527 422 Per
1544 389 1707 428 Mariam,
1724 398 1806 431 quae
1821 390 2048 431 interpretatur
2063 390 2288 430 dominatrix,

1326 442 1510 484 intelligitur
1533 441 1714 484 fortitudo,
1738 442 1981 476 proverbiorum
2009 443 2129 476 decimo
2152 444 2288 477 sexto⁷z

1332 495 1470 529 «Melior
1505 499 1552 528 est
1587 495 1708 537 patiens
1742 496 1811 528 viro
1834 496 1954 529 forti».
1990 497 2035 529 De
2067 496 2116 530 his
2151 500 2288 539 quatuor

1327 549 1500 582 virtutibus
1539 549 1713 590 Sapientiae
1751 552 1861 582 octavo
1900 550 1931 582 in
1964 550 2088 583 laudem
2119 550 2287 583 scribitur:

1331 615 1346 630 «
1364 602 1569 635 sobrietatem
1593 602 1676 635 enim
1700 606 1732 635 et
1755 603 1956 644 prudentiam
1971 603 2061 636 docet
2085 607 2115 636 et
2139 603 2289 637 iustitiam

1327 659 1358 688 et
1381 655 1530 687 virtutem
1548 668 1579 687 ».
1609 674 1649 678 —
1679 655 1716 687 Et
1739 655 1816 688 haec
1838 655 2043 697 designantur
2064 665 2120 698 per
2151 659 2290 698 quatuor
2299 660 2444 709 fuiffi'ffihss

1327 709 1540 751 prophetissas
1580 709 1728 741 mulieres
1742 735 1749 748 ,
1788 709 1826 741 de
1865 709 1982 751 quibus
2028 709 2064 742 tit
2102 710 2219 743 mentio
2257 710 2289 743 in

1327 762 1507 804 Scriptura;
1531 762 1648 795 scilicet
1664 762 1774 801 Maria,
1791 771 1881 795 soror
1906 762 2019 804 Moysi,
2044 763 2141 796 Exodi
2169 763 2290 797 decimo

1327 815 1437 858 quinto
1449 815 1479 853 ⁸;
1497 815 1655 854 Debbora,
1673 816 1814 848 Indicum
1838 816 1962 858 quinto,
1980 816 2089 855 Holda,
2111 817 2216 859 quarti
2233 818 2290 852 Re-

1326 878 1400 911 gum
1425 869 1575 910 vigesimo
1599 869 1753 907 secundo,
1777 873 1808 902 et
1832 870 1935 908 Anna,
1960 870 2042 902 sicut
2066 870 2127 903 hic.
2152 871 2208 904 Per
2231 872 2290 903 An-

1327 930 1417 959 nam,
1442 921 1523 953 sicut
1542 921 1661 953 dictum
1684 925 1745 958 est,
1771 921 1956 963 intelligitur
1981 922 2218 964 temperantia5
2234 931 2291 964 per

1327 975 1453 1007 Holdam
1465 1001 1472 1013 ,
1489 984 1570 1016 quae
1586 975 1814 1016 interpretatur
1830 975 1983 1007 discretio
2000 985 2089 1014 mea,
2105 975 2292 1018 intelligitur

1324 1026 1527 1068 prudentum
1550 1036 1606 1068 per
1631 1027 1829 1065 Debboram,
1855 1036 1936 1069 quae
1964 1028 2192 1069 interpretatur
2216 1027 2292 1069 apis

1326 1080 1446 1112 habens
1480 1080 1644 1119 aculeum,
1680 1080 1866 1122 intelligitur
1902 1081 2033 1113 iustitia
2067 1085 2221 1123 quantum
2253 1081 2292 1114 ad

1327 1132 1526 1165 severitatem
1550 1137 1581 1165 et
1605 1133 1817 1172 clementiam
1843 1143 1899 1175 per
1916 1135 2062 1173 Mariam,
2084 1143 2165 1176 quae
2187 1134 2292 1167 domi-

1326 1185 1444 1217 natria:
1468 1188 1498 1217 et
1514 1195 1609 1217 mare
1632 1195 1793 1218 amarum
1817 1186 2045 1228 interpretatur
2059 1187 2082 1225 ⁹,
2107 1187 2292 1229 intelligitur

1326 1236 1489 1279 fortitudo
1505 1242 1660 1279 quantum
1676 1238 1714 1270 ad
1738 1239 2026 1281 magnanimitatem
2044 1243 2076 1272 et
2098 1240 2291 1282 patientiam.

1328 1309 1369 1314 —
1388 1291 1423 1323 Et
1446 1289 1506 1323 hae
1522 1295 1660 1333 quatuor
1683 1291 1818 1325 virtutes
1838 1292 2057 1335 intelliguntur
2082 1302 2138 1335 per
2155 1296 2292 1335 quatuor

1327 1344 1407 1376 filias
1421 1344 1552 1386 Philippi
1570 1345 1798 1386 prophetissas;
1816 1346 1948 1378 Actuum
1968 1346 2118 1388 vigesimo
2134 1346 2236 1388 primo
2250 1346 2291 1378 ¹⁰:

1334 1411 1349 1425 «
1365 1397 1442 1430 Huic
1465 1401 1555 1430 erant
1579 1402 1716 1440 quatuor
1740 1398 1836 1438 filiae,
1861 1399 1999 1441 virgines
2016 1400 2240 1442 prophetantes
2260 1414 2291 1432 ».

1328 1452 1385 1484 Per
1410 1450 1625 1493 Philippum,
1649 1452 1704 1493 qui
1729 1452 1956 1494 interpretatur
1981 1462 2016 1485 os
2034 1453 2220 1495 lampadis,
2246 1454 2293 1486 in-

1328 1505 1481 1546 telligitur
1503 1505 1685 1546 sapientia,
1722 1514 1803 1547 quae
1826 1505 1915 1538 docet
1939 1509 1970 1538 et
2004 1510 2133 1547 generat
2156 1506 2294 1548 quadru-

1328 1558 1440 1600 plicem
1464 1558 1616 1590 virtutem
1642 1559 1843 1600 praedictam.

1419 1612 1470 1643 90.
1490 1611 1590 1652 (Vers.
1609 1611 1685 1652 399).
1715 1612 1752 1643 Et
1768 1617 1805 1643 ut
1817 1611 2029 1654 perfecerunt
2044 1616 2102 1646 etc.
2126 1614 2314 1669 Postquamp

1329 1720 1454 1759 ceptum
1479 1720 1509 1749 et
1526 1717 1707 1750 clarificatio
1731 1727 1787 1759 per
1804 1718 1944 1751 veritatis
1968 1719 2181 1752 testimonium
2193 1746 2201 1759 ,
2218 1720 2293 1753 sub-

1329 1770 1471 1812 iungitur
1495 1770 1546 1803 hic
1579 1770 1689 1803 ultima
1713 1771 1868 1812 particula
1897 1772 1991 1804 huius
2022 1773 2138 1813 partis,
2168 1773 2199 1805 in
2231 1782 2295 1815 qua

1329 1823 1518 1857 describitur
1543 1824 1785 1856 consummatio
1805 1825 2077 1866 praedictorum,
2103 1829 2134 1858 et
2165 1826 2224 1859 hoc
2248 1826 2294 1858 di-

1329 1878 1412 1910 citur
1444 1877 1546 1919 primo
1571 1881 1716 1918 respectu
1749 1877 1863 1919 lcgyalis
1893 1878 2077 1920 praecepti,
2109 1878 2221 1911 deinde
2245 1888 2294 1912 re-

1330 1933 1439 1972 spectu
1459 1928 1664 1971 prophetalis
1688 1930 1848 1963 vaticinii.
1867 1950 1910 1954 —
1927 1931 2086 1972 Quantum
2109 1932 2148 1964 ad
2181 1932 2295 1975 le9alis
2309 1934 2457 1988 gggggffiffiff

1326 1983 1496 2026 praecepti
1519 1983 1834 2016 consummationem
1857 1984 1991 2017 dicitur:
2018 1986 2058 2017 Et
2085 1989 2123 2018 ut
2151 1985 2294 2029 perfece-

1330 2041 1410 2069 runt
1446 2036 1560 2069 omnia
1595 2037 1777 2069 secuudum
1803 2037 1915 2079 Legyem
1940 2038 2095 2076 Domini;
2126 2039 2219 2081 quia,
2247 2048 2294 2072 se-

1330 2090 1469 2123 cundum
1494 2089 1579 2132 quod
1602 2089 1718 2122 dicitur
1746 2091 1892 2123 Matthaei
1915 2092 2026 2133 quinto
2040 2093 2076 2130 1¹,
2107 2106 2122 2120 «
2138 2102 2200 2125 non
2225 2093 2295 2125 veni

1330 2145 1441 2186 Legem
1476 2144 1615 2182 solvere,
1648 2143 1700 2176 sed
1725 2143 1897 2185 adimplere
1913 2157 1951 2183 »;
1976 2149 2007 2178 et
2039 2154 2170 2178 rursus:
2201 2146 2296 2178 «lota

1304 2206 1306 2209 ·
1331 2206 1449 2235 unum,
1474 2199 1529 2229 aut
1553 2205 1637 2228 unus
1660 2204 1742 2238 apex
1759 2205 1821 2228 non
1846 2197 2030 2238 praeteribit
2046 2207 2064 2230 a
2087 2199 2180 2241 Lege,
2197 2199 2295 2232 donec

375 2391 383 2405 ¹
404 2392 477 2417 Vers.
499 2392 541 2416 28.
559 2405 595 2410 —
615 2391 723 2416 luserius
737 2398 784 2423 pro
795 2390 1006 2424 praedicationis
1026 2392 1043 2416 F
1065 2392 1096 2424 (D
1116 2399 1130 2417 a
1150 2392 1266 2417 secunda

305 2435 395 2467 manu)
414 2434 615 2469 praedictionis.

374 2478 384 2493 ²
406 2480 479 2505 Vers.
504 2480 542 2504 l2.
563 2493 596 2497 ——
616 2479 733 2504 Subinde
752 2479 927 2510 respiciuntur
948 2478 1028 2504 verba
1049 2479 1180 2510 Ambros„
1195 2480 1222 2505 ll.
1242 2479 1267 2504 in

304 2526 366 2550 Luc.
385 2532 411 2549 n.
432 2525 479 2549 62:
500 2524 667 2556 Prophetavit
691 2524 780 2556 itaque
807 2524 927 2556 Simeon,
947 2525 1151 2555 prophetaverat
1170 2524 1267 2555 Virgo,

304 2569 508 2600 prophetaverat
532 2568 651 2599 copulata
678 2568 816 2599 coniugio,
837 2567 928 2593 debuit
947 2568 1025 2593 etiam
1047 2568 1142 2599 vidua,
1162 2574 1195 2592 ne
1215 2574 1266 2600 qua

304 2616 349 2638 aut
368 2613 494 2645 professio
513 2612 631 2642 deesset,
650 2615 695 2638 aut
714 2619 801 2638 sexus.

376 2655 386 2670 ²³
409 2658 480 2682 Vers.
496 2658 522 2682 9.
534 2670 569 2676 -
583 2657 641 2683 Duo
654 2664 728 2689 seqq.
742 2657 789 2682 loci
805 2660 864 2682 sunt
876 2657 917 2682 ΡΞ.
935 2657 995 2689 llo,
1011 2658 1035 2682 9.
1049 2660 1074 2682 et
1087 2657 1142 2682 lsai.
1157 2657 1205 2688 49,
1225 2657 1267 2682 26.

375 2699 386 2713 ⁴
407 2701 480 2726 Vers.
500 2700 525 2726 5.
544 2714 578 2718 —-
598 2701 711 2730 Hieron„
730 2700 788 2726 Lib.
817 2701 850 2726 de
880 2700 1011 2726 Nominib.
1039 2700 1186 2733 Hebraicis,
1205 2701 1268 2726 novi

307 2748 452 2770 testament.
471 2745 571 2770 Lucae:
591 2744 714 2775 Simeon,
743 2745 866 2775 audiens,
887 2746 928 2770 vel
948 2745 1049 2770 audivit
1076 2745 1213 2771 tristitiam.
1233 2759 1269 2764 —

307 2789 433 2821 Superius
452 2796 501 2820 pro
521 2788 669 2822 adsum-imi
691 2789 747 2814 Vat.
767 2788 894 2822 offerunt.

377 2831 387 2846 ⁵
408 2833 483 2858 Vers.
502 2833 526 2857 9.
545 2846 581 2851 —
599 2833 637 2858 De
656 2833 868 2864 interpretatione
888 2825 1001 2859 nominis
1020 2835 1110 2860 Annae
1130 2836 1174 2860 cfr.
1188 2841 1268 2866 supra

307 2884 368 2909 pag.
389 2878 435 2907 62,
455 2880 514 2902 nota
536 2877 578 2902 tl.

378 2919 389 2934 ὅ
409 2921 484 2946 Vers.
505 2922 544 2946 10.
564 2935 600 2940 -
618 2921 731 2952 Hieron„
750 2921 806 2947 Lib.
826 2922 859 2947 do
888 2922 1018 2948 Nominib.
1048 2923 1196 2954 Hebraicis,
1217 2927 1268 2948 vet.

308 2968 453 2991 testament.
474 2966 506 2991 de
526 2966 631 2991 Genesi:
662 2965 769 2999 loseph,
794 2970 975 2997 augmentum.
994 2966 1045 2992 Csr.
1066 2967 1130 2993 ibid.
1151 2967 1214 2993 novi
1233 2970 1270 2992 te-

308 3013 428 3035 stament.
446 3010 480 3035 dc
499 3010 640 3035 Matthaeoz
660 3009 765 3043 loseph,
785 3011 921 3043 apposuit,
942 3011 997 3036 sive
1017 3005 1162 3045 apponens.

379 3052 388 3066 ⁷
411 3054 484 3079 Vers.
503 3055 546 3080 32.
566 3068 601 3073 —
620 3055 657 3080 Do
676 3055 888 3086 interpretatione
916 3055 1032 3081 nominis
1051 3056 1145 3080 Mariae
1164 3057 1209 3081 cfr.
1230 3063 1270 3081 su-

309 3104 355 3129 pra
375 3105 436 3129 pag.
457 3098 484 3123 2l
499 3117 505 3128 ,
524 3102 583 3124 nota
606 3099 648 3124 40.
667 3113 701 3117 —
721 3098 838 3124 Subinde
858 3099 985 3131 allegatur
1005 3100 1065 3131 Sap.
1087 3100 1117 3130 8,
1137 3100 1162 3125 7.

380 3140 390 3154 ⁸
411 3142 486 3167 Vers.
505 3143 546 3168 20.
566 3156 602 3161 —
621 3144 771 3175 Sequuntur
791 3143 870 3169 ludio.
891 3143 920 3174 5,
942 3144 964 3168 l.
985 3146 1010 3168 et
1029 3143 1070 3169 lV.
1091 3144 1157 3175 Reg.
1170 3144 1213 3173 22,
1229 3143 1269 3168 tt.

309 3199 344 3205 -
368 3186 481 3218 Hieron,
510 3186 564 3212 Lib.
585 3187 619 3212 de
647 3187 778 3212 Nominib.
806 3187 955 3218 Hebraicis,
981 3191 1034 3213 vet.
1063 3191 1209 3213 testament.
1238 3188 1271 3213 de

310 3230 354 3255 lib.
374 3230 466 3255 ludic.:
487 3229 623 3261 Debbora,
643 3231 714 3263 apis,
733 3233 775 3257 vel
794 3232 896 3264 loquax.
916 3232 981 3258 lbid.
995 3233 1029 3258 de
1042 3233 1079 3258 lll.
1095 3233 1174 3264 Reg.:
1191 3231 1270 3263 olda,

310 3275 466 3305 destructio,
486 3275 542 3300 sive
560 3275 753 3301 diverticulum.
767 3276 866 3308 lsidor.,
881 3277 931 3301 Vll.
945 3277 1092 3308 Etymolog.
1106 3283 1128 3302 c.
1143 3277 1168 3302 6.
1181 3284 1206 3301 n.
1222 3276 1270 3302 53:

312 3318 447 3350 Debboru,
466 3319 538 3351 apis,
559 3320 600 3345 vel
619 3320 721 3352 loquax.
742 3321 819 3352 Apis,
838 3321 900 3353 quia
914 3322 961 3347 tuit
973 3321 1006 3346 ad
1020 3321 1118 3347 bellum
1132 3321 1271 3353 promptis-

311 3363 392 3394 sima,
412 3363 538 3388 dimicans
557 3364 685 3389 adversus
706 3365 833 3397 Sisaram,
852 3373 905 3398 quo
931 3368 1083 3397 perempto,
1102 3365 1195 3391 cecinit
1213 3372 1272 3391 can-

1332 2392 1427 2422 ticum,
1447 2391 1506 2416 inde
1526 2392 1630 2423 loquax.
1659 2390 1723 2416 lbid.
1750 2397 1772 2415 c.
1793 2391 1817 2415 8.
1838 2397 1864 2415 n.
1891 2390 1939 2415 29:
1967 2389 2049 2422 Olda,
2078 2391 2189 2417 distritio
2220 2392 2294 2425 (anti-

1331 2436 1408 2468 quior
1427 2435 1468 2461 ed.
1489 2435 1642 2466 districtio),
1656 2435 1713 2460 sive
1727 2434 1920 2460 diverticulum.
1944 2434 1994 2460 Csr.
2008 2434 2090 2460 Biblia
2104 2435 2232 2467 impressa
2247 2437 2295 2462 Ve-

1332 2480 1407 2505 netiis
1425 2487 1472 2511 per
1492 2480 1657 2504 Franciscum
1679 2479 1712 2504 de
1731 2478 1872 2509 Hailbrun,
1893 2479 1976 2509 ⁴480,
1992 2479 2017 2504 in
2031 2479 2106 2505 cuius
2125 2480 2177 2505 fine
2197 2480 2296 2506 haben-

1332 2528 1373 2549 tur
1390 2534 1402 2546 «
1416 2524 1644 2556 interpretationes
1657 2523 1846 2549 Hebraicorum
1860 2524 1998 2548 nominum
2009 2532 2034 2548 n:
2050 2523 2133 2556 Olda,
2148 2524 2295 2558 destruens,

1332 2569 1372 2593 vel
1392 2568 1557 2598 discernens,
1578 2568 1634 2593 sive
1662 2567 1817 2599 destructio,
1846 2570 1891 2593 aut
1918 2567 2114 2593 diverssculum.
2132 2582 2168 2587 -
2187 2569 2295 2595 Inferius

1333 2616 1392 2644 post
1410 2612 1534 2639 discretio
1554 2620 1583 2638 ex
1603 2611 1621 2638 C
1633 2612 1681 2637 DF
1693 2613 1713 2637 G
1733 2611 1885 2637 addidimus
1903 2615 1977 2643 mea,
1991 2619 2059 2644 quae
2079 2612 2154 2638 lectio
2174 2613 2296 2639 convenit

1333 2664 1393 2682 cum
1413 2657 1441 2682 B.
1467 2657 1573 2688 Albert.,
1600 2657 1625 2682 in
1654 2657 1715 2682 Luc.
1744 2657 1775 2687 2,
1795 2656 1843 2681 36:
1868 2656 1977 2681 «Tertia
2010 2655 2197 2689 [prophetissa]
2226 2656 2295 2684 olda

1333 2702 1455 2727 discretio
1475 2709 1533 2727 mea
1553 2702 1750 2733 interpretatur,
1770 2700 1831 2734 quia
1851 2707 1898 2732 per
1918 2707 2011 2732 pacem
2031 2700 2124 2726 Christi
2144 2701 2205 2730 mali
2219 2709 2233 2727 a
2248 2701 2295 2728 bo-

1333 2746 1373 2771 nis
1391 2745 1595 2771 discernuntur»
1619 2749 1666 2770 etc.
1688 2745 1758 2770 ldem
1780 2745 1842 2770 dicit
1870 2744 1947 2770 Card.
1971 2745 2062 2776 Hugo,
2083 2745 2106 2770 in
2127 2745 2242 2771 eundem
2262 2746 2296 2771 lo-

1334 2797 1407 2820 cum,
1428 2790 1472 2815 uhi
1492 2790 1570 2815 etiam
1589 2790 1680 2820 docet,
1701 2790 1741 2815 his
1760 2792 1873 2822 quatuor
1893 2789 2066 2820 prophetissis
2084 2793 2197 2822 quatuor
2217 2790 2294 2822 signi-

1333 2835 1405 2861 ficari
1423 2835 1533 2860 virtutes
1551 2835 1706 2860 cardinales.
1726 2835 1750 2859 ln
1771 2834 1927 2866 applicanda
1948 2834 2138 2866 significatione
2162 2841 2216 2860 non
2236 2841 2295 2860 con-

1335 2880 1406 2904 venit
1425 2886 1486 2904 cum
1507 2879 1531 2903 S.
1552 2879 1743 2904 Bonaventura.

1405 2921 1416 2936 ⁹
1435 2922 1486 2949 Csr.
1506 2929 1585 2954 supra
1605 2929 1666 2954 pag.
1687 2923 1715 2947 2l
1728 2941 1734 2952 ,
1749 2926 1808 2947 nota
1833 2923 1870 2947 10.

1406 2966 1428 2981 ¹⁰
1448 2968 1523 2992 Vers.
1543 2967 1567 2991 9.
1586 2980 1621 2986 -
1635 2967 1749 2997 Hieron,
1767 2967 1824 2992 Lib.
1853 2967 1886 2992 de
1905 2967 2034 2992 Nominib.
2061 2967 2211 2999 Hebraicis,
2231 2967 2295 2993 novi

1335 3015 1482 3038 testament.
1511 3012 1615 3036 Lucae:
1641 3010 1781 3044 Filippus,
1806 3018 1836 3036 os
1862 3011 2005 3043 lampadis,
2031 3012 2072 3036 vel
2103 3019 2132 3037 os
2161 3019 2297 3037 manuum.

2311 1296 2370 1322 item,
2386 1296 2408 1317 in

2325 1323 2352 1345 N.
2367 1324 2392 1344 T.

2316 1615 2397 1640 Tertio,
2413 1615 2440 1637 de

2316 1642 2456 1663 raedictorum

1328 1665 1485 1706 descripta
1507 1668 1554 1697 est
1570 1664 1684 1697 Christi
1710 1665 1886 1697 humiliatio
1903 1666 2076 1699 secundum
2099 1667 2185 1709 Legis
2201 1676 2293 1709 prae·
2307 1674 2449 1722 gggguffiggl

2352 1722 2402 1743 duo.

1335 3056 1386 3082 Cir.
1399 3057 1424 3081 S.
1438 3056 1549 3087 Bonav.,
1563 3054 1710 3081 Comment.
1731 3055 1756 3080 in
1776 3055 1846 3080 loan.
1867 3055 1876 3079 4
1891 3074 1897 3084 ,
1913 3054 1955 3080 44.
1969 3062 1993 3079 n.
2014 3055 2042 3079 91
2056 3063 2062 3079 :
2076 3054 2217 3081 Moraliter
2231 3062 2296 3081 vero
2340 3052 2342 3054 ’

1336 3099 1475 3133 Philippus
1494 3106 1524 3124 os
1544 3099 1673 3131 lampadis
1693 3099 1904 3130 interpretatur...
1923 3099 1971 3124 Per
1995 3105 2024 3124 os
2044 3098 2169 3130 sapientia
2192 3102 2296 3124 notatur

1335 3144 1512 3177 eloquentiae,
1532 3143 1565 3168 de
1584 3150 1636 3176 qua
1656 3144 1742 3169 Lucae
1761 3144 1789 3168 2l
1803 3162 1809 3174 ,
1837 3143 1882 3168 *¹52
1905 3144 1984 3174 «Ego
2013 3142 2082 3168 dabo
2110 3142 2188 3168 vobis
2212 3150 2242 3168 os
2271 3148 2296 3168 et

1335 3189 1503 3219 sapientiam,
1532 3188 1574 3213 cui
1598 3195 1649 3213 non
1675 3190 1799 3219 poterunt
1823 3187 1944 3213 resistere
1963 3190 1988 3212 et
2007 3187 2186 3212 contradicere
2204 3193 2296 3212 omncs

1336 3232 1479 3258 adversarii
1508 3232 1626 3258 vestri».
1656 3233 1702 3257 Per
1728 3231 1896 3265 lampadem,
1925 3233 2048 3257 honestas
2071 3230 2294 3263 conversationis,

1336 3277 1454 3302 Matthaei
1475 3277 1507 3307 5,
1528 3277 1572 3301 lss:
1597 3287 1609 3299 a
1623 3278 1719 3302 Luceat
1739 3277 1780 3302 lux
1799 3279 1885 3302 vestra
1906 3283 1994 3301 coram
2026 3275 2190 3308 hominibus,
2213 3278 2240 3301 ut
2259 3276 2295 3300 vi-

1336 3320 1414 3346 deant
1427 3330 1440 3342 »
1463 3324 1512 3346 etc.

1409 3363 1429 3378 ¹¹
1450 3364 1525 3390 Vers.
1549 3364 1592 3395 ¹73
1612 3364 1706 3389 deinde
1725 3371 1751 3389 v.
1776 3364 1814 3388 l8.
