<?xml version="1.0" encoding="UTF-8"?>
<!DOCTYPE html PUBLIC "-//W3C//DTD XHTML 1.0 Transitional//EN"
    "http://www.w3.org/TR/xhtml1/DTD/xhtml1-transitional.dtd">
<html xmlns="http://www.w3.org/1999/xhtml" xml:lang="en" lang="en">
 <head>
  <title>
</title>
<meta http-equiv="Content-Type" content="text/html;charset=utf-8" />
  <meta name='ocr-system' content='tesseract 3.04.00' />
  <meta name='ocr-capabilities' content='ocr_page ocr_carea ocr_par ocr_line ocrx_word'/>
</head>
<body>
  <div class='ocr_page' id='page_1' title='image "./doctorisseraphic07bona_0579.png"; bbox 0 0 2476 3921; ppageno 0'>
   <div class='ocr_carea' id='block_1_1' title="bbox 740 214 1572 250">
    <p class='ocr_par' dir='ltr' id='par_1_1' title="bbox 740 214 1572 250">
     <span class='ocr_line' id='line_1_1' title="bbox 740 214 1572 250; baseline 0.001 -1"><span class='ocrx_word' id='word_1_1' title='bbox 740 215 935 249; x_wconf 88' lang='lat' dir='ltr'><strong>COMMENT.</strong></span> <span class='ocrx_word' id='word_1_2' title='bbox 960 215 997 248; x_wconf 85' lang='grc' dir='ltr'>ΙΝ</span> <span class='ocrx_word' id='word_1_3' title='bbox 1022 214 1261 248; x_wconf 81' lang='lat' dir='ltr'>EVANGELIUM</span> <span class='ocrx_word' id='word_1_4' title='bbox 1285 215 1403 249; x_wconf 81' lang='lat' dir='ltr'>LUCAE</span> <span class='ocrx_word' id='word_1_5' title='bbox 1428 216 1459 249; x_wconf 90' lang='lat' dir='ltr'>C.</span> <span class='ocrx_word' id='word_1_6' title='bbox 1485 217 1572 250; x_wconf 91' lang='lat' dir='ltr'>XXll.</span> 
     </span>
    </p>
   </div>
   <div class='ocr_carea' id='block_1_2' title="bbox 0 303 1129 2205">
    <p class='ocr_par' dir='ltr' id='par_1_2' title="bbox 166 303 1129 507">
     <span class='ocr_line' id='line_1_2' title="bbox 166 303 1128 348; baseline -0.001 -10"><span class='ocrx_word' id='word_1_7' title='bbox 166 305 255 338; x_wconf 90' lang='lat' dir='ltr'>vobis</span> <span class='ocrx_word' id='word_1_8' title='bbox 277 305 397 348; x_wconf 83' lang='lat' dir='ltr'>gratiae</span> <span class='ocrx_word' id='word_1_9' title='bbox 420 305 594 348; x_wconf 89' lang='lat' dir='ltr'>spiritualis</span> <span class='ocrx_word' id='word_1_10' title='bbox 610 305 649 338; x_wconf 89' lang='lat' dir='ltr'>ad</span> <span class='ocrx_word' id='word_1_11' title='bbox 665 304 897 338; x_wconf 88' lang='lat' dir='ltr'>confirmandos</span> <span class='ocrx_word' id='word_1_12' title='bbox 920 313 991 343; x_wconf 91' lang='lat' dir='ltr'>vos,</span> <span class='ocrx_word' id='word_1_13' title='bbox 1015 303 1047 337; x_wconf 91' lang='lat' dir='ltr'>id</span> <span class='ocrx_word' id='word_1_14' title='bbox 1070 307 1128 343; x_wconf 90' lang='lat' dir='ltr'>est,</span> 
     </span>
     <span class='ocr_line' id='line_1_3' title="bbox 166 356 1129 392; baseline -0.002 -1"><span class='ocrx_word' id='word_1_15' title='bbox 166 358 263 392; x_wconf 90' lang='lat' dir='ltr'>simul</span> <span class='ocrx_word' id='word_1_16' title='bbox 294 358 448 391; x_wconf 87' lang='lat' dir='ltr'>consolari</span> <span class='ocrx_word' id='word_1_17' title='bbox 482 358 515 390; x_wconf 90' lang='lat' dir='ltr'>in</span> <span class='ocrx_word' id='word_1_18' title='bbox 549 357 639 391; x_wconf 90' lang='lat' dir='ltr'>vobis</span> <span class='ocrx_word' id='word_1_19' title='bbox 654 370 671 387; x_wconf 66' lang='grc' dir='ltr'><strong><em>ι</em></strong></span> <span class='ocrx_word' id='word_1_20' title='bbox 691 360 750 390; x_wconf 88' lang='lat' dir='ltr'>etc.</span> <span class='ocrx_word' id='word_1_21' title='bbox 775 357 862 390; x_wconf 87' lang='lat' dir='ltr'>Unde</span> <span class='ocrx_word' id='word_1_22' title='bbox 891 360 923 390; x_wconf 91' lang='lat' dir='ltr'>et</span> <span class='ocrx_word' id='word_1_23' title='bbox 945 360 1053 390; x_wconf 88' lang='lat' dir='ltr'>sancto</span> <span class='ocrx_word' id='word_1_24' title='bbox 1076 356 1129 389; x_wconf 89' lang='lat' dir='ltr'>lob</span> 
     </span>
     <span class='ocr_line' id='line_1_4' title="bbox 166 409 1128 448; baseline -0.005 -4"><span class='ocrx_word' id='word_1_25' title='bbox 166 411 296 444; x_wconf 89' lang='lat' dir='ltr'>dicitur:</span> <span class='ocrx_word' id='word_1_26' title='bbox 326 424 342 440; x_wconf 78' lang='grc' dir='ltr'><strong>α</strong></span> <span class='ocrx_word' id='word_1_27' title='bbox 356 410 542 443; x_wconf 88' lang='lat' dir='ltr'>Vacillantes</span> <span class='ocrx_word' id='word_1_28' title='bbox 566 409 836 443; x_wconf 80' lang='lat' dir='ltr'>confirmaverunt</span> <span class='ocrx_word' id='word_1_29' title='bbox 859 417 1022 442; x_wconf 85' lang='lat' dir='ltr'>sermones</span> <span class='ocrx_word' id='word_1_30' title='bbox 1038 409 1128 448; x_wconf 75' lang='lat' dir='ltr'>tui»,</span> 
     </span>
     <span class='ocr_line' id='line_1_5' title="bbox 166 464 368 507; baseline -0.005 -10"><span class='ocrx_word' id='word_1_31' title='bbox 166 464 220 497; x_wconf 91' lang='lat' dir='ltr'>lob</span> <span class='ocrx_word' id='word_1_32' title='bbox 243 466 368 507; x_wconf 85' lang='lat' dir='ltr'>quarto.</span> 
     </span>
    </p>

    <p class='ocr_par' dir='ltr' id='par_1_3' title="bbox 0 514 1129 1461">
     <span class='ocr_line' id='line_1_6' title="bbox 255 514 1128 558; baseline -0.002 -9"><span class='ocrx_word' id='word_1_33' title='bbox 255 517 309 549; x_wconf 70' lang='lat' dir='ltr'>lili.</span> <span class='ocrx_word' id='word_1_34' title='bbox 335 517 436 558; x_wconf 90' lang='lat' dir='ltr'>(Vers.</span> <span class='ocrx_word' id='word_1_35' title='bbox 461 515 539 557; x_wconf 88' lang='grc'>33.).</span> <span class='ocrx_word' id='word_1_36' title='bbox 564 515 670 549; x_wconf 89' lang='lat' dir='ltr'>Tertio</span> <span class='ocrx_word' id='word_1_37' title='bbox 693 518 849 558; x_wconf 89' lang='lat' dir='ltr'>quantum</span> <span class='ocrx_word' id='word_1_38' title='bbox 885 514 924 547; x_wconf 92' lang='lat' dir='ltr'>ad</span> <span class='ocrx_word' id='word_1_39' title='bbox 948 514 1128 557; x_wconf 83' lang='lat' dir='ltr'>repressio-</span> 
     </span>
     <span class='ocr_line' id='line_1_7' title="bbox 0 567 1129 625; baseline 0.001 -26"><span class='ocrx_word' id='word_1_40' title='bbox 0 582 2 597; x_wconf 79' lang='lat'>:</span> <span class='ocrx_word' id='word_1_41' title='bbox 37 577 149 625; x_wconf 47' lang='lat' dir='ltr'>neprostqio</span> <span class='ocrx_word' id='word_1_42' title='bbox 166 580 240 603; x_wconf 87' lang='lat' dir='ltr'>nem</span> <span class='ocrx_word' id='word_1_43' title='bbox 264 569 530 612; x_wconf 75' lang='lat' dir='ltr'><em>praesumtionis</em></span> <span class='ocrx_word' id='word_1_44' title='bbox 560 568 739 610; x_wconf 85' lang='lat' dir='ltr'>subiungit:</span> <span class='ocrx_word' id='word_1_45' title='bbox 774 568 842 609; x_wconf 88' lang='lat' dir='ltr'>Qui</span> <span class='ocrx_word' id='word_1_46' title='bbox 867 568 956 601; x_wconf 76' lang='lat' dir='ltr'>dixit</span> <span class='ocrx_word' id='word_1_47' title='bbox 985 568 1016 600; x_wconf 90' lang='lat' dir='ltr'>ei</span> <span class='ocrx_word' id='word_1_48' title='bbox 1024 579 1034 600; x_wconf 91' lang='lat'>.·</span> <span class='ocrx_word' id='word_1_49' title='bbox 1065 567 1129 600; x_wconf 91' lang='lat' dir='ltr'>Do-</span> 
     </span>
     <span class='ocr_line' id='line_1_8' title="bbox 0 610 1129 677; baseline 0 -23"><span class='ocrx_word' id='word_1_50' title='bbox 0 610 149 677; x_wconf 45' lang='lat' dir='ltr'>}E&#39;ffi‘m&#39;*</span> <span class='ocrx_word' id='word_1_51' title='bbox 166 623 270 662; x_wconf 89' lang='lat' dir='ltr'>mine,</span> <span class='ocrx_word' id='word_1_52' title='bbox 294 627 400 655; x_wconf 83' lang='lat' dir='ltr'>tecum</span> <span class='ocrx_word' id='word_1_53' title='bbox 426 626 576 664; x_wconf 83' lang='lat' dir='ltr'>paratus</span> <span class='ocrx_word' id='word_1_54' title='bbox 604 631 682 654; x_wconf 83' lang='lat' dir='ltr'>sum</span> <span class='ocrx_word' id='word_1_55' title='bbox 712 625 741 654; x_wconf 91' lang='lat' dir='ltr'>et</span> <span class='ocrx_word' id='word_1_56' title='bbox 773 621 809 654; x_wconf 85' lang='lat' dir='ltr'>in</span> <span class='ocrx_word' id='word_1_57' title='bbox 840 631 1009 654; x_wconf 81' lang='lat' dir='ltr'><em>carcerem</em></span> <span class='ocrx_word' id='word_1_58' title='bbox 1040 624 1068 653; x_wconf 87' lang='lat' dir='ltr'>et</span> <span class='ocrx_word' id='word_1_59' title='bbox 1091 621 1129 654; x_wconf 89' lang='lat' dir='ltr'>in</span> 
     </span>
     <span class='ocr_line' id='line_1_9' title="bbox 1 674 1127 713; baseline -0.003 -4"><span class='ocrx_word' id='word_1_60' title='bbox 1 679 2 699; x_wconf 61' lang='lat'><strong>¹</strong></span> <span class='ocrx_word' id='word_1_61' title='bbox 165 679 305 709; x_wconf 80' lang='lat' dir='ltr'>mortem</span> <span class='ocrx_word' id='word_1_62' title='bbox 328 675 387 708; x_wconf 85' lang='lat' dir='ltr'>ire.</span> <span class='ocrx_word' id='word_1_63' title='bbox 412 675 474 707; x_wconf 91' lang='lat' dir='ltr'>Hoc</span> <span class='ocrx_word' id='word_1_64' title='bbox 504 674 639 707; x_wconf 87' lang='lat' dir='ltr'>verbum</span> <span class='ocrx_word' id='word_1_65' title='bbox 670 674 731 707; x_wconf 88' lang='lat' dir='ltr'>fuit</span> <span class='ocrx_word' id='word_1_66' title='bbox 761 674 879 707; x_wconf 90' lang='lat' dir='ltr'>amoris</span> <span class='ocrx_word' id='word_1_67' title='bbox 901 677 934 707; x_wconf 94' lang='lat' dir='ltr'>et</span> <span class='ocrx_word' id='word_1_68' title='bbox 955 674 1091 707; x_wconf 84' lang='lat' dir='ltr'>fervoris</span> <span class='ocrx_word' id='word_1_69' title='bbox 1104 675 1127 713; x_wconf 88' lang='lat'>¹,</span> 
     </span>
     <span class='ocr_line' id='line_1_10' title="bbox 0 714 1128 770; baseline -0.002 -8"><span class='ocrx_word' id='word_1_70' title='bbox 0 714 2 732; x_wconf 56' lang='lat'><strong>³</strong></span> <span class='ocrx_word' id='word_1_71' title='bbox 166 729 221 762; x_wconf 88' lang='lat' dir='ltr'>sed</span> <span class='ocrx_word' id='word_1_72' title='bbox 252 731 356 761; x_wconf 89' lang='lat' dir='ltr'>tamen</span> <span class='ocrx_word' id='word_1_73' title='bbox 388 728 448 760; x_wconf 89' lang='lat' dir='ltr'>hoc</span> <span class='ocrx_word' id='word_1_74' title='bbox 478 730 547 760; x_wconf 90' lang='lat' dir='ltr'>erat</span> <span class='ocrx_word' id='word_1_75' title='bbox 570 727 734 760; x_wconf 88' lang='lat' dir='ltr'>cuiusdam</span> <span class='ocrx_word' id='word_1_76' title='bbox 766 727 1029 770; x_wconf 83' lang='lat' dir='ltr'><strong>praesumtionis,</strong></span> <span class='ocrx_word' id='word_1_77' title='bbox 1053 727 1128 770; x_wconf 89' lang='lat' dir='ltr'>quia</span> 
     </span>
     <span class='ocr_line' id='line_1_11' title="bbox 165 780 1127 824; baseline -0.001 -9"><span class='ocrx_word' id='word_1_78' title='bbox 165 781 243 815; x_wconf 90' lang='lat' dir='ltr'>illud</span> <span class='ocrx_word' id='word_1_79' title='bbox 267 781 439 824; x_wconf 90' lang='lat' dir='ltr'>promittit,</span> <span class='ocrx_word' id='word_1_80' title='bbox 471 780 510 813; x_wconf 90' lang='lat' dir='ltr'>ad</span> <span class='ocrx_word' id='word_1_81' title='bbox 533 780 619 823; x_wconf 86' lang='lat' dir='ltr'>quod</span> <span class='ocrx_word' id='word_1_82' title='bbox 649 790 712 813; x_wconf 91' lang='lat' dir='ltr'>non</span> <span class='ocrx_word' id='word_1_83' title='bbox 744 781 876 820; x_wconf 89' lang='lat' dir='ltr'>sufficit,</span> <span class='ocrx_word' id='word_1_84' title='bbox 900 781 1019 814; x_wconf 87' lang='lat' dir='ltr'>scilicet</span> <span class='ocrx_word' id='word_1_85' title='bbox 1041 780 1127 823; x_wconf 88' lang='lat' dir='ltr'>quod</span> 
     </span>
     <span class='ocr_line' id='line_1_12' title="bbox 165 827 1125 877; baseline 0 -10"><span class='ocrx_word' id='word_1_86' title='bbox 165 837 296 877; x_wconf 88' lang='lat' dir='ltr'>paratus</span> <span class='ocrx_word' id='word_1_87' title='bbox 319 834 359 867; x_wconf 90' lang='lat' dir='ltr'>sit</span> <span class='ocrx_word' id='word_1_88' title='bbox 382 843 441 876; x_wconf 93' lang='lat' dir='ltr'>pro</span> <span class='ocrx_word' id='word_1_89' title='bbox 464 834 589 867; x_wconf 85' lang='lat' dir='ltr'>Christo</span> <span class='ocrx_word' id='word_1_90' title='bbox 620 837 652 867; x_wconf 90' lang='lat' dir='ltr'>et</span> <span class='ocrx_word' id='word_1_91' title='bbox 673 827 756 867; x_wconf 52' lang='lat' dir='ltr'>&#39;cum</span> <span class='ocrx_word' id='word_1_92' title='bbox 779 834 905 867; x_wconf 86' lang='lat' dir='ltr'>Christo</span> <span class='ocrx_word' id='word_1_93' title='bbox 928 834 1028 873; x_wconf 89' lang='lat' dir='ltr'>mori,</span> <span class='ocrx_word' id='word_1_94' title='bbox 1052 843 1125 867; x_wconf 90' lang='lat' dir='ltr'>cum</span> 
     </span>
     <span class='ocr_line' id='line_1_13' title="bbox 165 887 1125 930; baseline 0 -10"><span class='ocrx_word' id='word_1_95' title='bbox 165 887 206 921; x_wconf 92' lang='lat' dir='ltr'>sit</span> <span class='ocrx_word' id='word_1_96' title='bbox 228 896 309 929; x_wconf 91' lang='lat' dir='ltr'>opus</span> <span class='ocrx_word' id='word_1_97' title='bbox 332 887 578 929; x_wconf 83' lang='lat' dir='ltr'><strong>perfectissimae</strong></span> <span class='ocrx_word' id='word_1_98' title='bbox 601 887 751 920; x_wconf 87' lang='lat' dir='ltr'>caritatis.</span> <span class='ocrx_word' id='word_1_99' title='bbox 769 888 855 921; x_wconf 91' lang='lat' dir='ltr'>Unde</span> <span class='ocrx_word' id='word_1_100' title='bbox 871 888 1081 930; x_wconf 84' lang='lat' dir='ltr'>Hieronymus</span> <span class='ocrx_word' id='word_1_101' title='bbox 1094 888 1125 920; x_wconf 67' lang='grc'>2;</span> 
     </span>
     <span class='ocr_line' id='line_1_14' title="bbox 169 940 1126 982; baseline 0.001 -9"><span class='ocrx_word' id='word_1_102' title='bbox 169 954 186 970; x_wconf 75' lang='grc' dir='ltr'>α</span> <span class='ocrx_word' id='word_1_103' title='bbox 202 940 273 974; x_wconf 82' lang='lat' dir='ltr'>Avis</span> <span class='ocrx_word' id='word_1_104' title='bbox 295 940 362 973; x_wconf 89' lang='lat' dir='ltr'>sine</span> <span class='ocrx_word' id='word_1_105' title='bbox 385 940 502 982; x_wconf 87' lang='lat' dir='ltr'>plumis</span> <span class='ocrx_word' id='word_1_106' title='bbox 525 940 631 973; x_wconf 90' lang='lat' dir='ltr'>volare</span> <span class='ocrx_word' id='word_1_107' title='bbox 654 941 767 974; x_wconf 91' lang='lat' dir='ltr'>nititur</span> <span class='ocrx_word' id='word_1_108' title='bbox 782 954 813 973; x_wconf 68' lang='grc' dir='ltr'>ι).</span> <span class='ocrx_word' id='word_1_109' title='bbox 838 941 925 974; x_wconf 88' lang='lat' dir='ltr'>Unde</span> <span class='ocrx_word' id='word_1_110' title='bbox 941 941 1052 974; x_wconf 88' lang='lat' dir='ltr'>Petrus</span> <span class='ocrx_word' id='word_1_111' title='bbox 1068 941 1126 974; x_wconf 92' lang='lat' dir='ltr'>du-</span> 
     </span>
     <span class='ocr_line' id='line_1_15' title="bbox 164 993 1126 1036; baseline 0.001 -10"><span class='ocrx_word' id='word_1_112' title='bbox 164 993 287 1036; x_wconf 81' lang='lat' dir='ltr'>pliciter</span> <span class='ocrx_word' id='word_1_113' title='bbox 310 993 362 1026; x_wconf 90' lang='lat' dir='ltr'>hic</span> <span class='ocrx_word' id='word_1_114' title='bbox 385 993 593 1036; x_wconf 83' lang='lat' dir='ltr'>praesumsit:</span> <span class='ocrx_word' id='word_1_115' title='bbox 618 996 649 1026; x_wconf 90' lang='lat' dir='ltr'>et</span> <span class='ocrx_word' id='word_1_116' title='bbox 672 993 748 1036; x_wconf 90' lang='lat' dir='ltr'>quia</span> <span class='ocrx_word' id='word_1_117' title='bbox 775 1002 874 1036; x_wconf 88' lang='lat' dir='ltr'>supra</span> <span class='ocrx_word' id='word_1_118' title='bbox 901 994 985 1027; x_wconf 87' lang='lat' dir='ltr'>vires</span> <span class='ocrx_word' id='word_1_119' title='bbox 1016 994 1055 1026; x_wconf 81' lang='lat' dir='ltr'>cle</span> <span class='ocrx_word' id='word_1_120' title='bbox 1077 994 1126 1027; x_wconf 84' lang='lat' dir='ltr'>vi-</span> 
     </span>
     <span class='ocr_line' id='line_1_16' title="bbox 138 1046 1123 1089; baseline 0.001 -10"><span class='ocrx_word' id='word_1_121' title='bbox 138 1047 141 1049; x_wconf 85' lang='grc'><strong>’</strong></span> <span class='ocrx_word' id='word_1_122' title='bbox 164 1046 261 1080; x_wconf 83' lang='lat' dir='ltr'>ribus</span> <span class='ocrx_word' id='word_1_123' title='bbox 279 1046 434 1089; x_wconf 84' lang='lat' dir='ltr'>propriis</span> <span class='ocrx_word' id='word_1_124' title='bbox 456 1046 578 1086; x_wconf 84' lang='lat' dir='ltr'>sensit;</span> <span class='ocrx_word' id='word_1_125' title='bbox 603 1047 687 1080; x_wconf 91' lang='lat' dir='ltr'>unde</span> <span class='ocrx_word' id='word_1_126' title='bbox 704 1047 827 1080; x_wconf 88' lang='lat' dir='ltr'>loannis</span> <span class='ocrx_word' id='word_1_127' title='bbox 849 1047 971 1080; x_wconf 88' lang='lat' dir='ltr'>decimo</span> <span class='ocrx_word' id='word_1_128' title='bbox 987 1047 1080 1080; x_wconf 86' lang='lat' dir='ltr'>tertio</span> <span class='ocrx_word' id='word_1_129' title='bbox 1094 1048 1123 1080; x_wconf 82' lang='lat'>⁸:</span> 
     </span>
     <span class='ocr_line' id='line_1_17' title="bbox 170 1099 1123 1143; baseline 0.002 -12"><span class='ocrx_word' id='word_1_130' title='bbox 170 1112 186 1129; x_wconf 72' lang='grc' dir='ltr'>α</span> <span class='ocrx_word' id='word_1_131' title='bbox 201 1099 289 1132; x_wconf 85' lang='lat' dir='ltr'>Dixit</span> <span class='ocrx_word' id='word_1_132' title='bbox 313 1099 420 1132; x_wconf 86' lang='lat' dir='ltr'>Petro:</span> <span class='ocrx_word' id='word_1_133' title='bbox 444 1099 513 1141; x_wconf 87' lang='lat' dir='ltr'>Quo</span> <span class='ocrx_word' id='word_1_134' title='bbox 537 1108 595 1142; x_wconf 87' lang='lat' dir='ltr'>ego</span> <span class='ocrx_word' id='word_1_135' title='bbox 617 1099 715 1139; x_wconf 89' lang='lat' dir='ltr'>vado,</span> <span class='ocrx_word' id='word_1_136' title='bbox 740 1109 803 1133; x_wconf 94' lang='lat' dir='ltr'>non</span> <span class='ocrx_word' id='word_1_137' title='bbox 834 1103 923 1143; x_wconf 92' lang='lat' dir='ltr'>potes</span> <span class='ocrx_word' id='word_1_138' title='bbox 953 1109 1003 1133; x_wconf 90' lang='lat' dir='ltr'>me</span> <span class='ocrx_word' id='word_1_139' title='bbox 1035 1100 1123 1142; x_wconf 89' lang='lat' dir='ltr'>sequi</span> 
     </span>
     <span class='ocr_line' id='line_1_18' title="bbox 164 1152 1125 1196; baseline 0 -11"><span class='ocrx_word' id='word_1_140' title='bbox 164 1152 273 1192; x_wconf 90' lang='lat' dir='ltr'>modo;</span> <span class='ocrx_word' id='word_1_141' title='bbox 297 1152 373 1185; x_wconf 86' lang='lat' dir='ltr'>dicit</span> <span class='ocrx_word' id='word_1_142' title='bbox 396 1152 424 1185; x_wconf 91' lang='lat' dir='ltr'>ei</span> <span class='ocrx_word' id='word_1_143' title='bbox 449 1152 554 1186; x_wconf 91' lang='lat' dir='ltr'>Simon</span> <span class='ocrx_word' id='word_1_144' title='bbox 578 1153 704 1187; x_wconf 89' lang='lat' dir='ltr'>Petrus:</span> <span class='ocrx_word' id='word_1_145' title='bbox 729 1154 834 1196; x_wconf 84' lang='lat' dir='ltr'>Quare</span> <span class='ocrx_word' id='word_1_146' title='bbox 857 1163 919 1186; x_wconf 92' lang='lat' dir='ltr'>non</span> <span class='ocrx_word' id='word_1_147' title='bbox 943 1162 1072 1195; x_wconf 89' lang='lat' dir='ltr'>possum</span> <span class='ocrx_word' id='word_1_148' title='bbox 1094 1155 1125 1186; x_wconf 91' lang='lat' dir='ltr'>te</span> 
     </span>
     <span class='ocr_line' id='line_1_19' title="bbox 164 1205 1123 1249; baseline 0 -11"><span class='ocrx_word' id='word_1_149' title='bbox 164 1205 253 1248; x_wconf 87' lang='lat' dir='ltr'>sequi</span> <span class='ocrx_word' id='word_1_150' title='bbox 277 1205 391 1238; x_wconf 78' lang='lat' dir='ltr'>modo?</span> <span class='ocrx_word' id='word_1_151' title='bbox 414 1205 554 1239; x_wconf 83' lang='lat' dir='ltr'>Animam</span> <span class='ocrx_word' id='word_1_152' title='bbox 579 1215 680 1240; x_wconf 88' lang='lat' dir='ltr'>meam</span> <span class='ocrx_word' id='word_1_153' title='bbox 704 1216 763 1249; x_wconf 91' lang='lat' dir='ltr'>pro</span> <span class='ocrx_word' id='word_1_154' title='bbox 787 1210 817 1239; x_wconf 89' lang='lat' dir='ltr'>te</span> <span class='ocrx_word' id='word_1_155' title='bbox 841 1215 955 1249; x_wconf 89' lang='lat' dir='ltr'>ponam</span> <span class='ocrx_word' id='word_1_156' title='bbox 971 1218 1002 1245; x_wconf 81' lang='lat'>»;</span> <span class='ocrx_word' id='word_1_157' title='bbox 1020 1210 1051 1239; x_wconf 90' lang='lat' dir='ltr'>et</span> <span class='ocrx_word' id='word_1_158' title='bbox 1067 1206 1123 1239; x_wconf 91' lang='lat' dir='ltr'>ite-</span> 
     </span>
     <span class='ocr_line' id='line_1_20' title="bbox 163 1258 1124 1302; baseline 0.001 -11"><span class='ocrx_word' id='word_1_159' title='bbox 163 1267 255 1298; x_wconf 88' lang='lat' dir='ltr'>rum,</span> <span class='ocrx_word' id='word_1_160' title='bbox 279 1258 354 1301; x_wconf 88' lang='lat' dir='ltr'>quia</span> <span class='ocrx_word' id='word_1_161' title='bbox 376 1268 410 1291; x_wconf 85' lang='lat' dir='ltr'>se</span> <span class='ocrx_word' id='word_1_162' title='bbox 433 1259 512 1292; x_wconf 85' lang='lat' dir='ltr'>aliis</span> <span class='ocrx_word' id='word_1_163' title='bbox 532 1260 747 1302; x_wconf 81' lang='lat' dir='ltr'>praeposuit;</span> <span class='ocrx_word' id='word_1_164' title='bbox 770 1259 854 1292; x_wconf 91' lang='lat' dir='ltr'>unde</span> <span class='ocrx_word' id='word_1_165' title='bbox 877 1259 971 1292; x_wconf 88' lang='lat' dir='ltr'>Marci</span> <span class='ocrx_word' id='word_1_166' title='bbox 1003 1259 1124 1292; x_wconf 88' lang='lat' dir='ltr'>decimo</span> 
     </span>
     <span class='ocr_line' id='line_1_21' title="bbox 166 1312 1123 1354; baseline 0 -10"><span class='ocrx_word' id='word_1_167' title='bbox 166 1312 325 1354; x_wconf 69' lang='lat' dir='ltr'>quarto4:</span> <span class='ocrx_word' id='word_1_168' title='bbox 354 1324 370 1341; x_wconf 73' lang='lat' dir='ltr'>&lt;x</span> <span class='ocrx_word' id='word_1_169' title='bbox 387 1312 424 1345; x_wconf 92' lang='lat' dir='ltr'>Et</span> <span class='ocrx_word' id='word_1_170' title='bbox 446 1312 472 1345; x_wconf 96' lang='lat' dir='ltr'>si</span> <span class='ocrx_word' id='word_1_171' title='bbox 497 1321 606 1346; x_wconf 91' lang='lat' dir='ltr'>omnes</span> <span class='ocrx_word' id='word_1_172' title='bbox 641 1312 839 1346; x_wconf 87' lang='lat' dir='ltr'>scandalizati</span> <span class='ocrx_word' id='word_1_173' title='bbox 871 1312 990 1345; x_wconf 84' lang='lat' dir='ltr'>fuerint</span> <span class='ocrx_word' id='word_1_174' title='bbox 1020 1312 1052 1344; x_wconf 91' lang='lat' dir='ltr'>in</span> <span class='ocrx_word' id='word_1_175' title='bbox 1075 1315 1123 1351; x_wconf 90' lang='lat' dir='ltr'>te,</span> 
     </span>
     <span class='ocr_line' id='line_1_22' title="bbox 165 1363 1125 1407; baseline -0.001 -10"><span class='ocrx_word' id='word_1_176' title='bbox 165 1363 220 1397; x_wconf 88' lang='lat' dir='ltr'>sed</span> <span class='ocrx_word' id='word_1_177' title='bbox 244 1373 306 1397; x_wconf 92' lang='lat' dir='ltr'>non</span> <span class='ocrx_word' id='word_1_178' title='bbox 341 1373 399 1407; x_wconf 82' lang='lat' dir='ltr'>ego</span> <span class='ocrx_word' id='word_1_179' title='bbox 415 1378 446 1398; x_wconf 71' lang='lat' dir='ltr'>n.</span> <span class='ocrx_word' id='word_1_180' title='bbox 471 1365 557 1398; x_wconf 87' lang='lat' dir='ltr'>Unde</span> <span class='ocrx_word' id='word_1_181' title='bbox 592 1365 854 1407; x_wconf 76' lang='lat' dir='ltr'>chrysostomus:</span> <span class='ocrx_word' id='word_1_182' title='bbox 884 1377 900 1394; x_wconf 85' lang='lat'>«</span> <span class='ocrx_word' id='word_1_183' title='bbox 916 1365 1003 1397; x_wconf 86' lang='lat' dir='ltr'>Duae</span> <span class='ocrx_word' id='word_1_184' title='bbox 1034 1367 1125 1397; x_wconf 88' lang='lat' dir='ltr'>erant</span> 
     </span>
     <span class='ocr_line' id='line_1_23' title="bbox 165 1417 1125 1461; baseline 0 -12"><span class='ocrx_word' id='word_1_185' title='bbox 165 1417 394 1451; x_wconf 84' lang='lat' dir='ltr'>incusationes:</span> <span class='ocrx_word' id='word_1_186' title='bbox 418 1421 450 1451; x_wconf 92' lang='lat' dir='ltr'>et</span> <span class='ocrx_word' id='word_1_187' title='bbox 472 1418 548 1461; x_wconf 85' lang='lat' dir='ltr'>quia</span> <span class='ocrx_word' id='word_1_188' title='bbox 569 1418 694 1451; x_wconf 90' lang='lat' dir='ltr'>Christo</span> <span class='ocrx_word' id='word_1_189' title='bbox 710 1417 902 1451; x_wconf 84' lang='lat' dir='ltr'>contradixit</span> <span class='ocrx_word' id='word_1_190' title='bbox 918 1420 949 1450; x_wconf 88' lang='lat' dir='ltr'>et</span> <span class='ocrx_word' id='word_1_191' title='bbox 965 1417 1040 1459; x_wconf 87' lang='lat' dir='ltr'>quia</span> <span class='ocrx_word' id='word_1_192' title='bbox 1055 1417 1125 1450; x_wconf 86' lang='lat' dir='ltr'>aliis</span> 
     </span>
    </p>

    <p class='ocr_par' dir='ltr' id='par_1_4' title="bbox 163 1471 446 1513">
     <span class='ocr_line' id='line_1_24' title="bbox 163 1471 446 1513; baseline 0.004 -10"><span class='ocrx_word' id='word_1_193' title='bbox 163 1479 197 1503; x_wconf 88' lang='lat' dir='ltr'>se</span> <span class='ocrx_word' id='word_1_194' title='bbox 220 1471 446 1513; x_wconf 80' lang='lat' dir='ltr'>praeposuit».</span> 
     </span>
    </p>

    <p class='ocr_par' dir='ltr' id='par_1_5' title="bbox 4 1523 1124 1672">
     <span class='ocr_line' id='line_1_25' title="bbox 190 1523 1124 1566; baseline -0.001 -9"><span class='ocrx_word' id='word_1_195' title='bbox 190 1563 193 1566; x_wconf 41' lang='grc'><strong>,</strong></span> <span class='ocrx_word' id='word_1_196' title='bbox 251 1524 304 1557; x_wconf 76' lang='grc'>[15.</span> <span class='ocrx_word' id='word_1_197' title='bbox 330 1524 431 1566; x_wconf 87' lang='lat' dir='ltr'>(Vers.</span> <span class='ocrx_word' id='word_1_198' title='bbox 457 1524 534 1566; x_wconf 72' lang='lat'><strong>34).</strong></span> <span class='ocrx_word' id='word_1_199' title='bbox 561 1525 596 1557; x_wconf 90' lang='lat' dir='ltr'>Et</span> <span class='ocrx_word' id='word_1_200' title='bbox 612 1524 681 1557; x_wconf 88' lang='lat' dir='ltr'>ideo</span> <span class='ocrx_word' id='word_1_201' title='bbox 697 1524 775 1557; x_wconf 90' lang='lat' dir='ltr'>haec</span> <span class='ocrx_word' id='word_1_202' title='bbox 791 1523 984 1566; x_wconf 88' lang='lat' dir='ltr'>praesumtio</span> <span class='ocrx_word' id='word_1_203' title='bbox 1000 1532 1124 1565; x_wconf 87' lang='lat' dir='ltr'>compe-</span> 
     </span>
     <span class='ocr_line' id='line_1_26' title="bbox 16 1576 1123 1620; baseline 0.003 -14"><span class='ocrx_word' id='word_1_204' title='bbox 16 1584 145 1607; x_wconf 67' lang='lat' dir='ltr'>rfaesumuo</span> <span class='ocrx_word' id='word_1_205' title='bbox 159 1576 279 1610; x_wconf 85' lang='lat' dir='ltr'>scenda</span> <span class='ocrx_word' id='word_1_206' title='bbox 301 1580 386 1617; x_wconf 86' lang='lat' dir='ltr'>erat,</span> <span class='ocrx_word' id='word_1_207' title='bbox 411 1580 443 1611; x_wconf 87' lang='lat' dir='ltr'>et</span> <span class='ocrx_word' id='word_1_208' title='bbox 473 1580 641 1620; x_wconf 89' lang='lat' dir='ltr'>propterea</span> <span class='ocrx_word' id='word_1_209' title='bbox 663 1576 829 1610; x_wconf 87' lang='lat' dir='ltr'>subditur:</span> <span class='ocrx_word' id='word_1_210' title='bbox 854 1576 919 1609; x_wconf 83' lang='lat' dir='ltr'>Et⁶</span> <span class='ocrx_word' id='word_1_211' title='bbox 943 1576 995 1610; x_wconf 85' lang='lat' dir='ltr'>ille</span> <span class='ocrx_word' id='word_1_212' title='bbox 1018 1576 1123 1609; x_wconf 74' lang='lat' dir='ltr'>dixit:</span> 
     </span>
     <span class='ocr_line' id='line_1_27' title="bbox 4 1613 1124 1672; baseline 0.001 -12"><span class='ocrx_word' id='word_1_213' title='bbox 4 1613 154 1660; x_wconf 52' lang='lat' dir='ltr'>mm&#39;ss‘iss‘ifnda</span> <span class='ocrx_word' id='word_1_214' title='bbox 164 1629 246 1663; x_wconf 85' lang='lat' dir='ltr'>Dico</span> <span class='ocrx_word' id='word_1_215' title='bbox 263 1630 339 1669; x_wconf 88' lang='lat' dir='ltr'>tibi,</span> <span class='ocrx_word' id='word_1_216' title='bbox 364 1631 479 1670; x_wconf 82' lang='lat' dir='ltr'>Petre,</span> <span class='ocrx_word' id='word_1_217' title='bbox 503 1640 569 1663; x_wconf 91' lang='lat' dir='ltr'>non</span> <span class='ocrx_word' id='word_1_218' title='bbox 593 1629 741 1662; x_wconf 75' lang='lat' dir='ltr'>cantabit</span> <span class='ocrx_word' id='word_1_219' title='bbox 765 1628 860 1662; x_wconf 78' lang='lat' dir='ltr'>hodie</span> <span class='ocrx_word' id='word_1_220' title='bbox 880 1629 1005 1672; x_wconf 79' lang='lat' dir='ltr'>yallus,</span> <span class='ocrx_word' id='word_1_221' title='bbox 1022 1629 1124 1662; x_wconf 84' lang='lat' dir='ltr'>donee</span> 
     </span>
    </p>

    <p class='ocr_par' dir='ltr' id='par_1_6' title="bbox 104 1682 1124 2205">
     <span class='ocr_line' id='line_1_28' title="bbox 164 1682 1124 1727; baseline 0 -11"><span class='ocrx_word' id='word_1_222' title='bbox 164 1687 212 1716; x_wconf 79' lang='lat' dir='ltr'>ter</span> <span class='ocrx_word' id='word_1_223' title='bbox 243 1683 382 1727; x_wconf 74' lang='lat' dir='ltr'>abneyes</span> <span class='ocrx_word' id='word_1_224' title='bbox 409 1693 503 1716; x_wconf 84' lang='lat' dir='ltr'>nosse</span> <span class='ocrx_word' id='word_1_225' title='bbox 528 1693 589 1716; x_wconf 90' lang='lat' dir='ltr'>me.</span> <span class='ocrx_word' id='word_1_226' title='bbox 617 1682 902 1725; x_wconf 67' lang='lat' dir='ltr'>Chrysostomusss:</span> <span class='ocrx_word' id='word_1_227' title='bbox 940 1683 1124 1717; x_wconf 77' lang='lat' dir='ltr'>«Permittit</span> 
     </span>
     <span class='ocr_line' id='line_1_29' title="bbox 162 1736 1124 1776; baseline 0 -6"><span class='ocrx_word' id='word_1_228' title='bbox 162 1745 235 1770; x_wconf 90' lang='lat' dir='ltr'>eum</span> <span class='ocrx_word' id='word_1_229' title='bbox 253 1736 379 1776; x_wconf 90' lang='lat' dir='ltr'>cadere,</span> <span class='ocrx_word' id='word_1_230' title='bbox 403 1736 561 1775; x_wconf 89' lang='lat' dir='ltr'>erudiens,</span> <span class='ocrx_word' id='word_1_231' title='bbox 578 1736 610 1769; x_wconf 90' lang='lat' dir='ltr'>in</span> <span class='ocrx_word' id='word_1_232' title='bbox 626 1736 773 1769; x_wconf 86' lang='lat' dir='ltr'>omnibus</span> <span class='ocrx_word' id='word_1_233' title='bbox 790 1736 981 1769; x_wconf 89' lang='lat' dir='ltr'>credendum</span> <span class='ocrx_word' id='word_1_234' title='bbox 999 1736 1124 1770; x_wconf 89' lang='lat' dir='ltr'>Christo</span> 
     </span>
     <span class='ocr_line' id='line_1_30' title="bbox 162 1789 1123 1832; baseline 0.001 -9"><span class='ocrx_word' id='word_1_235' title='bbox 162 1789 235 1832; x_wconf 89' lang='lat' dir='ltr'>plus</span> <span class='ocrx_word' id='word_1_236' title='bbox 249 1799 345 1832; x_wconf 87' lang='lat' dir='ltr'>quam</span> <span class='ocrx_word' id='word_1_237' title='bbox 362 1789 508 1832; x_wconf 89' lang='lat' dir='ltr'>propriae</span> <span class='ocrx_word' id='word_1_238' title='bbox 524 1789 731 1823; x_wconf 90' lang='lat' dir='ltr'>conscientiae</span> <span class='ocrx_word' id='word_1_239' title='bbox 747 1803 778 1822; x_wconf 86' lang='lat'>».</span> <span class='ocrx_word' id='word_1_240' title='bbox 797 1790 833 1823; x_wconf 91' lang='lat' dir='ltr'>Et</span> <span class='ocrx_word' id='word_1_241' title='bbox 849 1794 937 1832; x_wconf 89' lang='lat' dir='ltr'>post:</span> <span class='ocrx_word' id='word_1_242' title='bbox 959 1803 975 1819; x_wconf 70' lang='grc' dir='ltr'><strong>α</strong></span> <span class='ocrx_word' id='word_1_243' title='bbox 993 1790 1039 1823; x_wconf 85' lang='lat' dir='ltr'>Ex</span> <span class='ocrx_word' id='word_1_244' title='bbox 1063 1791 1123 1824; x_wconf 88' lang='lat' dir='ltr'>hoc</span> 
     </span>
     <span class='ocr_line' id='line_1_31' title="bbox 162 1842 1124 1885; baseline 0.001 -10"><span class='ocrx_word' id='word_1_245' title='bbox 162 1846 311 1885; x_wconf 90' lang='lat' dir='ltr'>apparet,</span> <span class='ocrx_word' id='word_1_246' title='bbox 335 1842 419 1885; x_wconf 90' lang='lat' dir='ltr'>quod</span> <span class='ocrx_word' id='word_1_247' title='bbox 443 1851 505 1875; x_wconf 93' lang='lat' dir='ltr'>non</span> <span class='ocrx_word' id='word_1_248' title='bbox 529 1842 646 1875; x_wconf 86' lang='lat' dir='ltr'>sufficit</span> <span class='ocrx_word' id='word_1_249' title='bbox 668 1842 859 1876; x_wconf 88' lang='lat' dir='ltr'>desiderium</span> <span class='ocrx_word' id='word_1_250' title='bbox 883 1843 1034 1883; x_wconf 90' lang='lat' dir='ltr'>hominis,</span> <span class='ocrx_word' id='word_1_251' title='bbox 1063 1843 1124 1877; x_wconf 93' lang='lat' dir='ltr'>nisi</span> 
     </span>
     <span class='ocr_line' id='line_1_32' title="bbox 161 1896 1123 1940; baseline 0.001 -11"><span class='ocrx_word' id='word_1_252' title='bbox 161 1899 243 1930; x_wconf 92' lang='lat' dir='ltr'>nutu</span> <span class='ocrx_word' id='word_1_253' title='bbox 267 1896 440 1938; x_wconf 89' lang='lat' dir='ltr'>superioris</span> <span class='ocrx_word' id='word_1_254' title='bbox 463 1896 603 1938; x_wconf 91' lang='lat' dir='ltr'>potiatur</span> <span class='ocrx_word' id='word_1_255' title='bbox 619 1909 650 1928; x_wconf 72' lang='lat' dir='ltr'>n.</span> <span class='ocrx_word' id='word_1_256' title='bbox 675 1896 761 1930; x_wconf 89' lang='lat' dir='ltr'>Unde</span> <span class='ocrx_word' id='word_1_257' title='bbox 777 1897 971 1940; x_wconf 86' lang='lat' dir='ltr'>Augustinus</span> <span class='ocrx_word' id='word_1_258' title='bbox 986 1897 1025 1931; x_wconf 91' lang='lat' dir='ltr'>de</span> <span class='ocrx_word' id='word_1_259' title='bbox 1046 1897 1123 1930; x_wconf 88' lang='lat' dir='ltr'>Ver-</span> 
     </span>
     <span class='ocr_line' id='line_1_33' title="bbox 104 1949 1122 1992; baseline 0.002 -10"><span class='ocrx_word' id='word_1_260' title='bbox 104 1956 106 1960; x_wconf 77' lang='grc'>’</span> <span class='ocrx_word' id='word_1_261' title='bbox 160 1950 209 1983; x_wconf 91' lang='lat' dir='ltr'>bis</span> <span class='ocrx_word' id='word_1_262' title='bbox 232 1949 381 1982; x_wconf 89' lang='lat' dir='ltr'>Domini⁷</span> <span class='ocrx_word' id='word_1_263' title='bbox 404 1949 497 1989; x_wconf 87' lang='lat' dir='ltr'>dicit,</span> <span class='ocrx_word' id='word_1_264' title='bbox 521 1949 607 1992; x_wconf 93' lang='lat' dir='ltr'>quod</span> <span class='ocrx_word' id='word_1_265' title='bbox 630 1950 784 1984; x_wconf 89' lang='lat' dir='ltr'>Dominus</span> <span class='ocrx_word' id='word_1_266' title='bbox 807 1951 934 1984; x_wconf 90' lang='lat' dir='ltr'>locutus</span> <span class='ocrx_word' id='word_1_267' title='bbox 948 1954 997 1984; x_wconf 89' lang='lat' dir='ltr'>est</span> <span class='ocrx_word' id='word_1_268' title='bbox 1013 1951 1052 1984; x_wconf 89' lang='lat' dir='ltr'>ad</span> <span class='ocrx_word' id='word_1_269' title='bbox 1068 1951 1122 1984; x_wconf 90' lang='lat' dir='ltr'>Pe-</span> 
     </span>
     <span class='ocr_line' id='line_1_34' title="bbox 160 2002 1123 2046; baseline 0.001 -11"><span class='ocrx_word' id='word_1_270' title='bbox 160 2005 264 2042; x_wconf 89' lang='lat' dir='ltr'>trum,</span> <span class='ocrx_word' id='word_1_271' title='bbox 288 2002 370 2035; x_wconf 92' lang='lat' dir='ltr'>sicut</span> <span class='ocrx_word' id='word_1_272' title='bbox 404 2002 545 2036; x_wconf 88' lang='lat' dir='ltr'>medicus</span> <span class='ocrx_word' id='word_1_273' title='bbox 579 2002 618 2035; x_wconf 91' lang='lat' dir='ltr'>ad</span> <span class='ocrx_word' id='word_1_274' title='bbox 653 2006 836 2046; x_wconf 87' lang='lat' dir='ltr'>aegrotum,</span> <span class='ocrx_word' id='word_1_275' title='bbox 860 2004 916 2046; x_wconf 85' lang='lat' dir='ltr'>qui</span> <span class='ocrx_word' id='word_1_276' title='bbox 948 2003 1065 2043; x_wconf 90' lang='lat' dir='ltr'>credit,</span> <span class='ocrx_word' id='word_1_277' title='bbox 1090 2012 1123 2036; x_wconf 88' lang='lat' dir='ltr'>se</span> 
     </span>
     <span class='ocr_line' id='line_1_35' title="bbox 160 2055 1121 2099; baseline 0.001 -11"><span class='ocrx_word' id='word_1_278' title='bbox 160 2064 229 2088; x_wconf 88' lang='lat' dir='ltr'>esse</span> <span class='ocrx_word' id='word_1_279' title='bbox 252 2064 374 2088; x_wconf 88' lang='lat' dir='ltr'>sanum.</span> <span class='ocrx_word' id='word_1_280' title='bbox 406 2055 489 2089; x_wconf 90' lang='lat' dir='ltr'>Dicit</span> <span class='ocrx_word' id='word_1_281' title='bbox 519 2056 603 2089; x_wconf 89' lang='lat' dir='ltr'>enim</span> <span class='ocrx_word' id='word_1_282' title='bbox 626 2057 684 2090; x_wconf 89' lang='lat' dir='ltr'>sic:</span> <span class='ocrx_word' id='word_1_283' title='bbox 713 2069 730 2086; x_wconf 81' lang='lat'>«</span> <span class='ocrx_word' id='word_1_284' title='bbox 746 2057 885 2090; x_wconf 88' lang='lat' dir='ltr'>Medicus</span> <span class='ocrx_word' id='word_1_285' title='bbox 913 2060 1044 2099; x_wconf 86' lang='lat' dir='ltr'>tangens</span> <span class='ocrx_word' id='word_1_286' title='bbox 1068 2065 1121 2089; x_wconf 91' lang='lat' dir='ltr'>ve-</span> 
     </span>
     <span class='ocr_line' id='line_1_36' title="bbox 160 2108 1122 2155; baseline 0.002 -15"><span class='ocrx_word' id='word_1_287' title='bbox 160 2117 233 2155; x_wconf 85' lang='lat' dir='ltr'>nam</span> <span class='ocrx_word' id='word_1_288' title='bbox 255 2108 360 2141; x_wconf 87' lang='lat' dir='ltr'>cordis</span> <span class='ocrx_word' id='word_1_289' title='bbox 382 2109 465 2142; x_wconf 86' lang='lat' dir='ltr'>Petri</span> <span class='ocrx_word' id='word_1_290' title='bbox 488 2109 626 2149; x_wconf 89' lang='lat' dir='ltr'>dicebat,</span> <span class='ocrx_word' id='word_1_291' title='bbox 649 2110 734 2152; x_wconf 89' lang='lat' dir='ltr'>quod</span> <span class='ocrx_word' id='word_1_292' title='bbox 758 2112 807 2143; x_wconf 90' lang='lat' dir='ltr'>ter</span> <span class='ocrx_word' id='word_1_293' title='bbox 827 2119 900 2143; x_wconf 91' lang='lat' dir='ltr'>eum</span> <span class='ocrx_word' id='word_1_294' title='bbox 924 2113 1006 2143; x_wconf 89' lang='lat' dir='ltr'>esset</span> <span class='ocrx_word' id='word_1_295' title='bbox 1029 2118 1122 2151; x_wconf 86' lang='lat' dir='ltr'>nega-</span> 
     </span>
     <span class='ocr_line' id='line_1_37' title="bbox 160 2161 1120 2205; baseline 0.001 -11"><span class='ocrx_word' id='word_1_296' title='bbox 160 2163 255 2194; x_wconf 91' lang='lat' dir='ltr'>turus</span> <span class='ocrx_word' id='word_1_297' title='bbox 266 2174 282 2190; x_wconf 74' lang='lat' dir='ltr'>n</span> <span class='ocrx_word' id='word_1_298' title='bbox 290 2173 298 2201; x_wconf 90' lang='lat'>;</span> <span class='ocrx_word' id='word_1_299' title='bbox 322 2161 407 2204; x_wconf 85' lang='lat' dir='ltr'>quod</span> <span class='ocrx_word' id='word_1_300' title='bbox 431 2162 558 2205; x_wconf 87' lang='lat' dir='ltr'>quidem</span> <span class='ocrx_word' id='word_1_301' title='bbox 589 2163 712 2196; x_wconf 86' lang='lat' dir='ltr'>dicebat</span> <span class='ocrx_word' id='word_1_302' title='bbox 736 2172 798 2196; x_wconf 92' lang='lat' dir='ltr'>non</span> <span class='ocrx_word' id='word_1_303' title='bbox 822 2163 980 2196; x_wconf 89' lang='lat' dir='ltr'>incitando</span> <span class='ocrx_word' id='word_1_304' title='bbox 1003 2162 1042 2195; x_wconf 87' lang='lat' dir='ltr'>ad</span> <span class='ocrx_word' id='word_1_305' title='bbox 1065 2171 1120 2196; x_wconf 91' lang='lat' dir='ltr'>ne-</span> 
     </span>
    </p>
   </div>
   <div class='ocr_carea' id='block_1_3' title="bbox 160 2214 1122 2259">
    <p class='ocr_par' dir='ltr' id='par_1_7' title="bbox 160 2214 1122 2259">
     <span class='ocr_line' id='line_1_38' title="bbox 160 2214 1122 2259; baseline 0.002 -12"><span class='ocrx_word' id='word_1_306' title='bbox 160 2214 334 2256; x_wconf 88' lang='lat' dir='ltr'>gationem,</span> <span class='ocrx_word' id='word_1_307' title='bbox 366 2215 420 2248; x_wconf 89' lang='lat' dir='ltr'>sed</span> <span class='ocrx_word' id='word_1_308' title='bbox 460 2216 686 2258; x_wconf 90' lang='lat' dir='ltr'>compescendo</span> <span class='ocrx_word' id='word_1_309' title='bbox 716 2216 993 2259; x_wconf 88' lang='lat' dir='ltr'>praesumtionem.</span> <span class='ocrx_word' id='word_1_310' title='bbox 1036 2215 1122 2249; x_wconf 86' lang='lat' dir='ltr'>Unde</span> 
     </span>
    </p>
   </div>
   <div class='ocr_carea' id='block_1_4' title="bbox 155 2402 1122 3407">
    <p class='ocr_par' dir='ltr' id='par_1_8' title="bbox 158 2402 1122 2568">
     <span class='ocr_line' id='line_1_39' title="bbox 231 2402 1121 2438; baseline 0.001 -9"><span class='ocrx_word' id='word_1_311' title='bbox 231 2402 240 2417; x_wconf 85' lang='lat'><strong>¹</strong></span> <span class='ocrx_word' id='word_1_312' title='bbox 260 2404 349 2430; x_wconf 87' lang='lat' dir='ltr'>Glossa</span> <span class='ocrx_word' id='word_1_313' title='bbox 369 2403 512 2431; x_wconf 75' lang='lat' dir='ltr'>ordinaria</span> <span class='ocrx_word' id='word_1_314' title='bbox 538 2404 579 2438; x_wconf 87' lang='lat' dir='ltr'>(ex</span> <span class='ocrx_word' id='word_1_315' title='bbox 604 2405 685 2438; x_wconf 84' lang='lat' dir='ltr'>Beda)</span> <span class='ocrx_word' id='word_1_316' title='bbox 705 2405 731 2430; x_wconf 91' lang='lat' dir='ltr'>in</span> <span class='ocrx_word' id='word_1_317' title='bbox 759 2405 823 2430; x_wconf 90' lang='lat' dir='ltr'>Luc.</span> <span class='ocrx_word' id='word_1_318' title='bbox 846 2405 893 2433; x_wconf 82' lang='lat'>22.</span> <span class='ocrx_word' id='word_1_319' title='bbox 919 2405 967 2430; x_wconf 84' lang='lat'>33:</span> <span class='ocrx_word' id='word_1_320' title='bbox 988 2405 1053 2437; x_wconf 85' lang='lat' dir='ltr'>Quia</span> <span class='ocrx_word' id='word_1_321' title='bbox 1073 2405 1121 2430; x_wconf 93' lang='lat' dir='ltr'>Do-</span> 
     </span>
     <span class='ocr_line' id='line_1_40' title="bbox 159 2447 1122 2485; baseline 0.002 -12"><span class='ocrx_word' id='word_1_322' title='bbox 159 2447 247 2474; x_wconf 86' lang='lat' dir='ltr'>minus</span> <span class='ocrx_word' id='word_1_323' title='bbox 265 2448 380 2481; x_wconf 86' lang='lat' dir='ltr'>dixerat,</span> <span class='ocrx_word' id='word_1_324' title='bbox 399 2456 427 2474; x_wconf 89' lang='lat' dir='ltr'>se</span> <span class='ocrx_word' id='word_1_325' title='bbox 446 2456 495 2480; x_wconf 89' lang='lat' dir='ltr'>pro</span> <span class='ocrx_word' id='word_1_326' title='bbox 514 2449 589 2475; x_wconf 90' lang='lat' dir='ltr'>Petro</span> <span class='ocrx_word' id='word_1_327' title='bbox 609 2456 710 2485; x_wconf 73' lang='lat' dir='ltr'>orasse,</span> <span class='ocrx_word' id='word_1_328' title='bbox 730 2449 850 2475; x_wconf 85' lang='lat' dir='ltr'>conscius</span> <span class='ocrx_word' id='word_1_329' title='bbox 869 2449 912 2474; x_wconf 85' lang='lat' dir='ltr'>ille</span> <span class='ocrx_word' id='word_1_330' title='bbox 930 2450 1075 2481; x_wconf 84' lang='lat' dir='ltr'>praesentis</span> <span class='ocrx_word' id='word_1_331' title='bbox 1088 2451 1122 2475; x_wconf 74' lang='lat' dir='ltr'>al·-</span> 
     </span>
     <span class='ocr_line' id='line_1_41' title="bbox 158 2492 1121 2525; baseline 0.003 -8"><span class='ocrx_word' id='word_1_332' title='bbox 158 2493 241 2518; x_wconf 83' lang='lat' dir='ltr'>rectus</span> <span class='ocrx_word' id='word_1_333' title='bbox 260 2495 285 2518; x_wconf 83' lang='lat' dir='ltr'>et</span> <span class='ocrx_word' id='word_1_334' title='bbox 305 2493 429 2519; x_wconf 80' lang='lat' dir='ltr'>ferventis</span> <span class='ocrx_word' id='word_1_335' title='bbox 447 2492 517 2524; x_wconf 85' lang='lat' dir='ltr'>ssdei,</span> <span class='ocrx_word' id='word_1_336' title='bbox 530 2493 578 2519; x_wconf 88' lang='lat' dir='ltr'>sed</span> <span class='ocrx_word' id='word_1_337' title='bbox 592 2493 696 2519; x_wconf 87' lang='lat' dir='ltr'>nescius</span> <span class='ocrx_word' id='word_1_338' title='bbox 715 2500 792 2519; x_wconf 77' lang='lat' dir='ltr'>casus</span> <span class='ocrx_word' id='word_1_339' title='bbox 810 2493 902 2525; x_wconf 82' lang='lat' dir='ltr'>futui-i,</span> <span class='ocrx_word' id='word_1_340' title='bbox 917 2500 968 2519; x_wconf 91' lang='lat' dir='ltr'>non</span> <span class='ocrx_word' id='word_1_341' title='bbox 981 2494 1078 2525; x_wconf 88' lang='lat' dir='ltr'>credit,</span> <span class='ocrx_word' id='word_1_342' title='bbox 1093 2502 1121 2520; x_wconf 84' lang='lat' dir='ltr'>se</span> 
     </span>
     <span class='ocr_line' id='line_1_42' title="bbox 158 2535 482 2568; baseline 0.003 -7"><span class='ocrx_word' id='word_1_343' title='bbox 158 2535 193 2562; x_wconf 82' lang='lat' dir='ltr'>ab</span> <span class='ocrx_word' id='word_1_344' title='bbox 212 2543 243 2562; x_wconf 89' lang='lat' dir='ltr'>eo</span> <span class='ocrx_word' id='word_1_345' title='bbox 263 2544 342 2568; x_wconf 86' lang='lat' dir='ltr'>posse</span> <span class='ocrx_word' id='word_1_346' title='bbox 360 2537 482 2563; x_wconf 81' lang='lat' dir='ltr'>deficere.</span> 
     </span>
    </p>

    <p class='ocr_par' dir='ltr' id='par_1_9' title="bbox 156 2579 1120 2875">
     <span class='ocr_line' id='line_1_43' title="bbox 230 2579 1120 2615; baseline 0.002 -9"><span class='ocrx_word' id='word_1_347' title='bbox 230 2579 240 2594; x_wconf 84' lang='lat'><strong>²</strong></span> <span class='ocrx_word' id='word_1_348' title='bbox 259 2581 293 2606; x_wconf 88' lang='lat' dir='ltr'>lta</span> <span class='ocrx_word' id='word_1_349' title='bbox 313 2581 391 2606; x_wconf 88' lang='lat' dir='ltr'>etiam</span> <span class='ocrx_word' id='word_1_350' title='bbox 411 2580 487 2607; x_wconf 90' lang='lat' dir='ltr'>Card.</span> <span class='ocrx_word' id='word_1_351' title='bbox 505 2582 583 2612; x_wconf 76' lang='lat' dir='ltr'>[iugo</span> <span class='ocrx_word' id='word_1_352' title='bbox 603 2581 658 2615; x_wconf 84' lang='lat' dir='ltr'>(qui</span> <span class='ocrx_word' id='word_1_353' title='bbox 679 2584 766 2606; x_wconf 86' lang='lat' dir='ltr'>tamen</span> <span class='ocrx_word' id='word_1_354' title='bbox 786 2588 834 2612; x_wconf 86' lang='lat' dir='ltr'>pro</span> <span class='ocrx_word' id='word_1_355' title='bbox 863 2580 920 2608; x_wconf 81' lang='lat' dir='ltr'>sine</span> <span class='ocrx_word' id='word_1_356' title='bbox 936 2581 1040 2615; x_wconf 81' lang='lat' dir='ltr'>plumis</span> <span class='ocrx_word' id='word_1_357' title='bbox 1060 2582 1120 2608; x_wconf 87' lang='lat' dir='ltr'>sub-</span> 
     </span>
     <span class='ocr_line' id='line_1_44' title="bbox 158 2624 1119 2659; baseline 0.003 -9"><span class='ocrx_word' id='word_1_358' title='bbox 158 2624 240 2650; x_wconf 87' lang='lat' dir='ltr'>stituit</span> <span class='ocrx_word' id='word_1_359' title='bbox 258 2624 407 2658; x_wconf 80' lang='lat' dir='ltr'>implumis)</span> <span class='ocrx_word' id='word_1_360' title='bbox 427 2627 453 2651; x_wconf 87' lang='lat' dir='ltr'>et</span> <span class='ocrx_word' id='word_1_361' title='bbox 471 2625 619 2656; x_wconf 60' lang='lat' dir='ltr'>Gffianus,</span> <span class='ocrx_word' id='word_1_362' title='bbox 639 2625 698 2650; x_wconf 78' lang='lat' dir='ltr'>Vnt.</span> <span class='ocrx_word' id='word_1_363' title='bbox 718 2632 748 2650; x_wconf 89' lang='lat' dir='ltr'>ex</span> <span class='ocrx_word' id='word_1_364' title='bbox 768 2624 916 2651; x_wconf 87' lang='lat' dir='ltr'>Comment.</span> <span class='ocrx_word' id='word_1_365' title='bbox 928 2626 956 2651; x_wconf 88' lang='lat' dir='ltr'>in</span> <span class='ocrx_word' id='word_1_366' title='bbox 969 2627 1069 2659; x_wconf 81' lang='lat' dir='ltr'>Evang.</span> <span class='ocrx_word' id='word_1_367' title='bbox 1082 2634 1119 2653; x_wconf 88' lang='lat' dir='ltr'>se-</span> 
     </span>
     <span class='ocr_line' id='line_1_45' title="bbox 157 2668 1119 2703; baseline 0.003 -9"><span class='ocrx_word' id='word_1_368' title='bbox 157 2669 275 2694; x_wconf 86' lang='lat' dir='ltr'>cundum</span> <span class='ocrx_word' id='word_1_369' title='bbox 294 2669 371 2694; x_wconf 79' lang='lat' dir='ltr'>Marc.</span> <span class='ocrx_word' id='word_1_370' title='bbox 392 2668 439 2699; x_wconf 76' lang='lat'>⁴4,</span> <span class='ocrx_word' id='word_1_371' title='bbox 453 2669 496 2694; x_wconf 81' lang='lat'>29.</span> <span class='ocrx_word' id='word_1_372' title='bbox 510 2669 586 2702; x_wconf 89' lang='lat' dir='ltr'>(inter</span> <span class='ocrx_word' id='word_1_373' title='bbox 599 2676 678 2700; x_wconf 87' lang='lat' dir='ltr'>opera</span> <span class='ocrx_word' id='word_1_374' title='bbox 694 2669 823 2702; x_wconf 82' lang='lat' dir='ltr'>Hieron.):</span> <span class='ocrx_word' id='word_1_375' title='bbox 849 2679 860 2693; x_wconf 75' lang='grc' dir='ltr'><strong>α</strong></span> <span class='ocrx_word' id='word_1_376' title='bbox 874 2670 938 2696; x_wconf 80' lang='lat' dir='ltr'>Avis</span> <span class='ocrx_word' id='word_1_377' title='bbox 956 2671 1011 2696; x_wconf 84' lang='lat' dir='ltr'>sine</span> <span class='ocrx_word' id='word_1_378' title='bbox 1025 2672 1119 2703; x_wconf 84' lang='lat' dir='ltr'>pennis</span> 
     </span>
     <span class='ocr_line' id='line_1_46' title="bbox 159 2712 1118 2749; baseline 0.004 -11"><span class='ocrx_word' id='word_1_379' title='bbox 159 2712 184 2738; x_wconf 93' lang='lat' dir='ltr'>in</span> <span class='ocrx_word' id='word_1_380' title='bbox 203 2713 284 2738; x_wconf 88' lang='lat' dir='ltr'>altum</span> <span class='ocrx_word' id='word_1_381' title='bbox 305 2713 393 2738; x_wconf 88' lang='lat' dir='ltr'>volare</span> <span class='ocrx_word' id='word_1_382' title='bbox 421 2713 524 2744; x_wconf 85' lang='lat' dir='ltr'>nititur;</span> <span class='ocrx_word' id='word_1_383' title='bbox 543 2713 590 2738; x_wconf 87' lang='lat' dir='ltr'>sed</span> <span class='ocrx_word' id='word_1_384' title='bbox 615 2719 716 2746; x_wconf 79' lang='lat' dir='ltr'>corpus</span> <span class='ocrx_word' id='word_1_385' title='bbox 743 2716 881 2747; x_wconf 73' lang='lat' dir='ltr'>aqqravat</span> <span class='ocrx_word' id='word_1_386' title='bbox 898 2714 1022 2741; x_wconf 83' lang='lat' dir='ltr'>animam</span> <span class='ocrx_word' id='word_1_387' title='bbox 1041 2715 1118 2749; x_wconf 88' lang='lat' dir='ltr'>[Sap.</span> 
     </span>
     <span class='ocr_line' id='line_1_47' title="bbox 157 2756 1119 2792; baseline 0.002 -10"><span class='ocrx_word' id='word_1_388' title='bbox 157 2757 188 2788; x_wconf 81' lang='lat'>9,</span> <span class='ocrx_word' id='word_1_389' title='bbox 209 2756 280 2790; x_wconf 83' lang='lat'><strong>⁴5.],</strong></span> <span class='ocrx_word' id='word_1_390' title='bbox 300 2760 328 2782; x_wconf 89' lang='lat' dir='ltr'>ut</span> <span class='ocrx_word' id='word_1_391' title='bbox 347 2757 441 2782; x_wconf 88' lang='lat' dir='ltr'>timore</span> <span class='ocrx_word' id='word_1_392' title='bbox 460 2758 591 2782; x_wconf 84' lang='lat' dir='ltr'>humanae</span> <span class='ocrx_word' id='word_1_393' title='bbox 609 2757 701 2783; x_wconf 89' lang='lat' dir='ltr'>mortis</span> <span class='ocrx_word' id='word_1_394' title='bbox 721 2758 798 2783; x_wconf 89' lang='lat' dir='ltr'>timor</span> <span class='ocrx_word' id='word_1_395' title='bbox 818 2759 923 2785; x_wconf 89' lang='lat' dir='ltr'>Domini</span> <span class='ocrx_word' id='word_1_396' title='bbox 942 2763 1080 2792; x_wconf 87' lang='lat' dir='ltr'>superetur</span> <span class='ocrx_word' id='word_1_397' title='bbox 1096 2769 1119 2785; x_wconf 74' lang='lat' dir='ltr'>i).</span> 
     </span>
     <span class='ocr_line' id='line_1_48' title="bbox 156 2799 1118 2834; baseline 0.005 -9"><span class='ocrx_word' id='word_1_398' title='bbox 156 2799 221 2826; x_wconf 90' lang='lat' dir='ltr'>Cod.</span> <span class='ocrx_word' id='word_1_399' title='bbox 240 2801 259 2826; x_wconf 93' lang='lat' dir='ltr'><strong>B</strong></span> <span class='ocrx_word' id='word_1_400' title='bbox 278 2800 371 2832; x_wconf 85' lang='lat' dir='ltr'>allegat</span> <span class='ocrx_word' id='word_1_401' title='bbox 389 2801 508 2826; x_wconf 86' lang='lat' dir='ltr'>Glossam</span> <span class='ocrx_word' id='word_1_402' title='bbox 527 2800 742 2834; x_wconf 81' lang='lat' dir='ltr'>interlinearem,</span> <span class='ocrx_word' id='word_1_403' title='bbox 756 2802 868 2828; x_wconf 85' lang='lat' dir='ltr'>habetur</span> <span class='ocrx_word' id='word_1_404' title='bbox 881 2806 968 2829; x_wconf 88' lang='lat' dir='ltr'>tamen</span> <span class='ocrx_word' id='word_1_405' title='bbox 988 2804 1015 2829; x_wconf 93' lang='lat' dir='ltr'>in</span> <span class='ocrx_word' id='word_1_406' title='bbox 1028 2804 1118 2830; x_wconf 84' lang='lat' dir='ltr'>Glossa</span> 
     </span>
     <span class='ocr_line' id='line_1_49' title="bbox 157 2843 573 2875; baseline -0.002 -5"><span class='ocrx_word' id='word_1_407' title='bbox 157 2843 300 2870; x_wconf 80' lang='lat' dir='ltr'>ordinaria</span> <span class='ocrx_word' id='word_1_408' title='bbox 320 2844 344 2870; x_wconf 93' lang='lat' dir='ltr'>in</span> <span class='ocrx_word' id='word_1_409' title='bbox 364 2845 441 2870; x_wconf 85' lang='lat' dir='ltr'>Marc.</span> <span class='ocrx_word' id='word_1_410' title='bbox 461 2844 510 2875; x_wconf 79' lang='lat'>⁴4,</span> <span class='ocrx_word' id='word_1_411' title='bbox 530 2845 573 2870; x_wconf 80' lang='grc'>29.</span> 
     </span>
    </p>

    <p class='ocr_par' dir='ltr' id='par_1_10' title="bbox 227 2886 503 2914">
     <span class='ocr_line' id='line_1_50' title="bbox 227 2886 503 2914; baseline 0.004 -1"><span class='ocrx_word' id='word_1_412' title='bbox 227 2886 238 2902; x_wconf 78' lang='lat'>³</span> <span class='ocrx_word' id='word_1_413' title='bbox 258 2888 333 2914; x_wconf 85' lang='lat' dir='ltr'>Vers.</span> <span class='ocrx_word' id='word_1_414' title='bbox 353 2889 396 2914; x_wconf 84' lang='lat'>36.</span> <span class='ocrx_word' id='word_1_415' title='bbox 416 2891 442 2914; x_wconf 85' lang='lat' dir='ltr'>ct</span> <span class='ocrx_word' id='word_1_416' title='bbox 461 2888 503 2914; x_wconf 87' lang='lat'>37.</span> 
     </span>
    </p>

    <p class='ocr_par' dir='ltr' id='par_1_11' title="bbox 158 2932 1118 3009">
     <span class='ocr_line' id='line_1_51' title="bbox 228 2932 1118 2966; baseline 0.007 -9"><span class='ocrx_word' id='word_1_417' title='bbox 228 2932 240 2946; x_wconf 81' lang='lat'><strong>⁴</strong></span> <span class='ocrx_word' id='word_1_418' title='bbox 259 2932 334 2958; x_wconf 86' lang='lat' dir='ltr'>Vers.</span> <span class='ocrx_word' id='word_1_419' title='bbox 355 2933 397 2958; x_wconf 82' lang='grc'>29,</span> <span class='ocrx_word' id='word_1_420' title='bbox 418 2947 452 2951; x_wconf 84' lang='lat'>-—</span> <span class='ocrx_word' id='word_1_421' title='bbox 472 2933 602 2966; x_wconf 52' lang='lat' dir='ltr'>Sententia</span> <span class='ocrx_word' id='word_1_422' title='bbox 621 2933 801 2966; x_wconf 85' lang='lat' dir='ltr'>Chrysostomi</span> <span class='ocrx_word' id='word_1_423' title='bbox 829 2935 941 2962; x_wconf 87' lang='lat' dir='ltr'>habetur</span> <span class='ocrx_word' id='word_1_424' title='bbox 959 2937 1054 2962; x_wconf 87' lang='lat' dir='ltr'>llomil.</span> <span class='ocrx_word' id='word_1_425' title='bbox 1074 2938 1118 2963; x_wconf 92' lang='lat'>82.</span> 
     </span>
     <span class='ocr_line' id='line_1_52' title="bbox 158 2976 545 3009; baseline 0.003 -7"><span class='ocrx_word' id='word_1_426' title='bbox 158 2976 231 3008; x_wconf 85' lang='lat' dir='ltr'>(alias</span> <span class='ocrx_word' id='word_1_427' title='bbox 251 2976 303 3009; x_wconf 86' lang='lat'><strong>83.)</strong></span> <span class='ocrx_word' id='word_1_428' title='bbox 324 2977 350 3002; x_wconf 95' lang='lat' dir='ltr'>in</span> <span class='ocrx_word' id='word_1_429' title='bbox 368 2977 457 3002; x_wconf 88' lang='lat' dir='ltr'>Matth.</span> <span class='ocrx_word' id='word_1_430' title='bbox 475 2984 501 3003; x_wconf 93' lang='lat' dir='ltr'>n.</span> <span class='ocrx_word' id='word_1_431' title='bbox 521 2978 545 3003; x_wconf 85' lang='lat'>3.</span> 
     </span>
    </p>

    <p class='ocr_par' dir='ltr' id='par_1_12' title="bbox 157 3017 1116 3096">
     <span class='ocr_line' id='line_1_53' title="bbox 227 3017 1116 3058; baseline 0.007 -13"><span class='ocrx_word' id='word_1_432' title='bbox 227 3017 238 3033; x_wconf 77' lang='lat'><strong>⁶</strong></span> <span class='ocrx_word' id='word_1_433' title='bbox 257 3020 292 3045; x_wconf 86' lang='lat' dir='ltr'>lta</span> <span class='ocrx_word' id='word_1_434' title='bbox 311 3019 389 3046; x_wconf 89' lang='lat' dir='ltr'>etiam</span> <span class='ocrx_word' id='word_1_435' title='bbox 418 3020 459 3046; x_wconf 88' lang='lat' dir='ltr'>alii</span> <span class='ocrx_word' id='word_1_436' title='bbox 488 3021 652 3054; x_wconf 73' lang='lat' dir='ltr'>scholastici,</span> <span class='ocrx_word' id='word_1_437' title='bbox 672 3025 700 3048; x_wconf 89' lang='lat' dir='ltr'>ut</span> <span class='ocrx_word' id='word_1_438' title='bbox 719 3022 796 3050; x_wconf 88' lang='lat' dir='ltr'>Card.</span> <span class='ocrx_word' id='word_1_439' title='bbox 814 3025 907 3056; x_wconf 79' lang='lat' dir='ltr'>Ilugo,</span> <span class='ocrx_word' id='word_1_440' title='bbox 926 3025 946 3050; x_wconf 88' lang='lat' dir='ltr'>B</span> <span class='ocrx_word' id='word_1_441' title='bbox 965 3023 1071 3058; x_wconf 81' lang='lat' dir='ltr'>Albcrt.‚</span> <span class='ocrx_word' id='word_1_442' title='bbox 1091 3025 1116 3050; x_wconf 87' lang='lat' dir='ltr'>S.</span> 
     </span>
     <span class='ocr_line' id='line_1_54' title="bbox 157 3063 623 3096; baseline 0.006 -8"><span class='ocrx_word' id='word_1_443' title='bbox 157 3063 262 3095; x_wconf 82' lang='lat' dir='ltr'>Thom.,</span> <span class='ocrx_word' id='word_1_444' title='bbox 281 3063 427 3096; x_wconf 81' lang='lat' dir='ltr'>Gorranus;</span> <span class='ocrx_word' id='word_1_445' title='bbox 447 3063 560 3096; x_wconf 77' lang='lat' dir='ltr'>Vulgata</span> <span class='ocrx_word' id='word_1_446' title='bbox 580 3065 623 3091; x_wconf 75' lang='lat' dir='ltr'>At.</span> 
     </span>
    </p>

    <p class='ocr_par' dir='ltr' id='par_1_13' title="bbox 156 3106 1116 3188">
     <span class='ocr_line' id='line_1_55' title="bbox 227 3106 1116 3146; baseline 0.007 -14"><span class='ocrx_word' id='word_1_447' title='bbox 227 3106 238 3122; x_wconf 80' lang='lat'><strong>⁰</strong></span> <span class='ocrx_word' id='word_1_448' title='bbox 257 3107 351 3133; x_wconf 83' lang='lat' dir='ltr'>llomil.</span> <span class='ocrx_word' id='word_1_449' title='bbox 370 3109 413 3134; x_wconf 88' lang='lat'>82.</span> <span class='ocrx_word' id='word_1_450' title='bbox 433 3107 507 3141; x_wconf 86' lang='lat' dir='ltr'>(alias</span> <span class='ocrx_word' id='word_1_451' title='bbox 526 3109 581 3142; x_wconf 90' lang='lat'>83.)</span> <span class='ocrx_word' id='word_1_452' title='bbox 601 3109 626 3135; x_wconf 89' lang='lat' dir='ltr'>in</span> <span class='ocrx_word' id='word_1_453' title='bbox 654 3111 742 3137; x_wconf 87' lang='lat' dir='ltr'>Matth.</span> <span class='ocrx_word' id='word_1_454' title='bbox 760 3119 786 3137; x_wconf 91' lang='lat' dir='ltr'>n.</span> <span class='ocrx_word' id='word_1_455' title='bbox 805 3112 831 3138; x_wconf 83' lang='lat'>3.</span> <span class='ocrx_word' id='word_1_456' title='bbox 857 3112 917 3146; x_wconf 89' lang='lat' dir='ltr'>(pro</span> <span class='ocrx_word' id='word_1_457' title='bbox 946 3112 1072 3140; x_wconf 77' lang='lat' dir='ltr'>erudiens</span> <span class='ocrx_word' id='word_1_458' title='bbox 1097 3113 1116 3138; x_wconf 93' lang='lat' dir='ltr'>B</span> 
     </span>
     <span class='ocr_line' id='line_1_56' title="bbox 156 3150 813 3188; baseline 0.008 -11"><span class='ocrx_word' id='word_1_459' title='bbox 156 3150 281 3185; x_wconf 54' lang='grc'>01000111),-</span> <span class='ocrx_word' id='word_1_460' title='bbox 300 3151 364 3178; x_wconf 89' lang='lat' dir='ltr'>ibid.</span> <span class='ocrx_word' id='word_1_461' title='bbox 383 3159 409 3178; x_wconf 93' lang='lat' dir='ltr'>n.</span> <span class='ocrx_word' id='word_1_462' title='bbox 430 3151 454 3178; x_wconf 63' lang='lat' dir='ltr'>b.</span> <span class='ocrx_word' id='word_1_463' title='bbox 473 3152 585 3179; x_wconf 88' lang='lat' dir='ltr'>habetur</span> <span class='ocrx_word' id='word_1_464' title='bbox 602 3160 658 3188; x_wconf 84' lang='lat' dir='ltr'>seq.</span> <span class='ocrx_word' id='word_1_465' title='bbox 678 3156 813 3182; x_wconf 80' lang='lat' dir='ltr'>sententia.</span> 
     </span>
    </p>

    <p class='ocr_par' dir='ltr' id='par_1_14' title="bbox 155 3194 1116 3407">
     <span class='ocr_line' id='line_1_57' title="bbox 228 3194 1114 3236; baseline 0.008 -16"><span class='ocrx_word' id='word_1_466' title='bbox 228 3194 351 3236; x_wconf 41' lang='lat' dir='ltr'>{Sermo</span> <span class='ocrx_word' id='word_1_467' title='bbox 378 3195 420 3227; x_wconf 74' lang='lat'>49,</span> <span class='ocrx_word' id='word_1_468' title='bbox 445 3196 492 3229; x_wconf 85' lang='lat' dir='ltr'>qui</span> <span class='ocrx_word' id='word_1_469' title='bbox 516 3204 586 3223; x_wconf 87' lang='lat' dir='ltr'>nunc</span> <span class='ocrx_word' id='word_1_470' title='bbox 610 3201 650 3225; x_wconf 84' lang='lat' dir='ltr'>est</span> <span class='ocrx_word' id='word_1_471' title='bbox 675 3199 759 3226; x_wconf 85' lang='lat' dir='ltr'>Serm.</span> <span class='ocrx_word' id='word_1_472' title='bbox 785 3199 846 3226; x_wconf 86' lang='lat'><strong>⁴37.</strong></span> <span class='ocrx_word' id='word_1_473' title='bbox 870 3207 894 3226; x_wconf 88' lang='lat' dir='ltr'>c.</span> <span class='ocrx_word' id='word_1_474' title='bbox 919 3201 943 3226; x_wconf 85' lang='lat'>3.</span> <span class='ocrx_word' id='word_1_475' title='bbox 968 3208 994 3226; x_wconf 93' lang='lat' dir='ltr'>n.</span> <span class='ocrx_word' id='word_1_476' title='bbox 1020 3201 1045 3227; x_wconf 88' lang='lat'>3.</span> <span class='ocrx_word' id='word_1_477' title='bbox 1064 3200 1114 3227; x_wconf 71' lang='lat' dir='ltr'>Cir.</span> 
     </span>
     <span class='ocr_line' id='line_1_58' title="bbox 156 3236 1116 3278; baseline 0.007 -14"><span class='ocrx_word' id='word_1_478' title='bbox 156 3239 240 3265; x_wconf 89' lang='lat' dir='ltr'>Serm.</span> <span class='ocrx_word' id='word_1_479' title='bbox 258 3239 303 3265; x_wconf 76' lang='lat'>79.</span> <span class='ocrx_word' id='word_1_480' title='bbox 320 3236 354 3265; x_wconf 56' lang='lat' dir='ltr'>ln*</span> <span class='ocrx_word' id='word_1_481' title='bbox 371 3240 526 3272; x_wconf 83' lang='lat' dir='ltr'>Appendice</span> <span class='ocrx_word' id='word_1_482' title='bbox 546 3241 619 3275; x_wconf 77' lang='lat' dir='ltr'>(alias</span> <span class='ocrx_word' id='word_1_483' title='bbox 638 3243 697 3269; x_wconf 71' lang='grc'>124.</span> <span class='ocrx_word' id='word_1_484' title='bbox 717 3243 752 3269; x_wconf 87' lang='lat' dir='ltr'>de</span> <span class='ocrx_word' id='word_1_485' title='bbox 769 3244 913 3278; x_wconf 86' lang='lat' dir='ltr'>Tempore)</span> <span class='ocrx_word' id='word_1_486' title='bbox 932 3252 958 3271; x_wconf 86' lang='lat' dir='ltr'>n.</span> <span class='ocrx_word' id='word_1_487' title='bbox 978 3245 1009 3270; x_wconf 88' lang='lat'>⁴:</span> <span class='ocrx_word' id='word_1_488' title='bbox 1031 3245 1116 3271; x_wconf 87' lang='lat' dir='ltr'>Verus</span> 
     </span>
     <span class='ocr_line' id='line_1_59' title="bbox 156 3283 1116 3322; baseline 0.005 -12"><span class='ocrx_word' id='word_1_489' title='bbox 156 3286 182 3310; x_wconf 85' lang='lat' dir='ltr'>et</span> <span class='ocrx_word' id='word_1_490' title='bbox 204 3283 323 3318; x_wconf 80' lang='lat' dir='ltr'>caelestis</span> <span class='ocrx_word' id='word_1_491' title='bbox 350 3284 469 3311; x_wconf 85' lang='lat' dir='ltr'>medicus</span> <span class='ocrx_word' id='word_1_492' title='bbox 496 3292 592 3312; x_wconf 73' lang='lat' dir='ltr'>venam</span> <span class='ocrx_word' id='word_1_493' title='bbox 617 3287 705 3314; x_wconf 83' lang='lat' dir='ltr'>cordis</span> <span class='ocrx_word' id='word_1_494' title='bbox 732 3287 892 3320; x_wconf 79' lang='lat' dir='ltr'>inspexerat,</span> <span class='ocrx_word' id='word_1_495' title='bbox 920 3292 946 3314; x_wconf 89' lang='lat' dir='ltr'>et</span> <span class='ocrx_word' id='word_1_496' title='bbox 973 3296 1026 3322; x_wconf 82' lang='lat' dir='ltr'>qua</span> <span class='ocrx_word' id='word_1_497' title='bbox 1051 3290 1116 3315; x_wconf 81' lang='lat' dir='ltr'>bora</span> 
     </span>
     <span class='ocr_line' id='line_1_60' title="bbox 156 3327 1116 3365; baseline 0.006 -12"><span class='ocrx_word' id='word_1_498' title='bbox 156 3327 302 3354; x_wconf 73' lang='lat' dir='ltr'>tentationis</span> <span class='ocrx_word' id='word_1_499' title='bbox 314 3328 420 3360; x_wconf 85' lang='lat' dir='ltr'>pondus</span> <span class='ocrx_word' id='word_1_500' title='bbox 437 3329 480 3355; x_wconf 88' lang='lat' dir='ltr'>vel</span> <span class='ocrx_word' id='word_1_501' title='bbox 500 3329 656 3357; x_wconf 77' lang='lat' dir='ltr'>infidelitatis</span> <span class='ocrx_word' id='word_1_502' title='bbox 676 3331 760 3363; x_wconf 72' lang='lat' dir='ltr'>nigus</span> <span class='ocrx_word' id='word_1_503' title='bbox 778 3335 921 3359; x_wconf 88' lang='lat' dir='ltr'>venturum</span> <span class='ocrx_word' id='word_1_504' title='bbox 940 3335 1021 3364; x_wconf 81' lang='lat' dir='ltr'>esset,</span> <span class='ocrx_word' id='word_1_505' title='bbox 1040 3340 1116 3365; x_wconf 81' lang='lat' dir='ltr'>prae-</span> 
     </span>
     <span class='ocr_line' id='line_1_61' title="bbox 155 3370 1115 3407; baseline 0.005 -10"><span class='ocrx_word' id='word_1_506' title='bbox 155 3371 263 3398; x_wconf 82' lang='lat' dir='ltr'>dixerat.</span> <span class='ocrx_word' id='word_1_507' title='bbox 280 3370 397 3398; x_wconf 79' lang='lat' dir='ltr'>Medicus</span> <span class='ocrx_word' id='word_1_508' title='bbox 409 3372 594 3405; x_wconf 76' lang='lat' dir='ltr'>praedicabat,</span> <span class='ocrx_word' id='word_1_509' title='bbox 615 3376 641 3400; x_wconf 91' lang='lat' dir='ltr'>et</span> <span class='ocrx_word' id='word_1_510' title='bbox 656 3377 783 3407; x_wconf 78' lang='lat' dir='ltr'>aegrotus</span> <span class='ocrx_word' id='word_1_511' title='bbox 801 3374 917 3407; x_wconf 75' lang='lat' dir='ltr'>negabat</span> <span class='ocrx_word' id='word_1_512' title='bbox 923 3385 931 3407; x_wconf 68' lang='grc' dir='ltr'>ς</span> <span class='ocrx_word' id='word_1_513' title='bbox 950 3376 997 3402; x_wconf 85' lang='lat' dir='ltr'>sed</span> <span class='ocrx_word' id='word_1_514' title='bbox 1016 3375 1063 3402; x_wconf 84' lang='lat' dir='ltr'>ubi</span> <span class='ocrx_word' id='word_1_515' title='bbox 1081 3376 1115 3402; x_wconf 82' lang='lat' dir='ltr'>ad</span> 
     </span>
    </p>
   </div>
   <div class='ocr_carea' id='block_1_5' title="bbox 263 3423 624 3467">
    <p class='ocr_par' dir='ltr' id='par_1_15' title="bbox 263 3423 624 3467">
     <span class='ocr_line' id='line_1_62' title="bbox 263 3423 624 3467; baseline 0.006 -16"><span class='ocrx_word' id='word_1_516' title='bbox 263 3423 294 3451; x_wconf 92' lang='lat' dir='ltr'>S.</span> <span class='ocrx_word' id='word_1_517' title='bbox 312 3424 417 3452; x_wconf 84' lang='lat' dir='ltr'>Bonav.</span> <span class='ocrx_word' id='word_1_518' title='bbox 428 3438 463 3467; x_wconf 76' lang='lat'><strong>‘.’‘</strong></span> <span class='ocrx_word' id='word_1_519' title='bbox 477 3425 556 3453; x_wconf 88' lang='lat' dir='ltr'>Tom.</span> <span class='ocrx_word' id='word_1_520' title='bbox 569 3427 624 3453; x_wconf 94' lang='lat' dir='ltr'>Vll.</span> 
     </span>
    </p>
   </div>
   <div class='ocr_carea' id='block_1_6' title="bbox 2089 218 2152 252">
    <p class='ocr_par' dir='ltr' id='par_1_16' title="bbox 2089 218 2152 252">
     <span class='ocr_line' id='line_1_63' title="bbox 2089 218 2152 252; baseline 0.032 -2"><span class='ocrx_word' id='word_1_521' title='bbox 2089 218 2152 252; x_wconf 77' lang='lat'>553</span> 
     </span>
    </p>
   </div>
   <div class='ocr_carea' id='block_1_7' title="bbox 1183 303 2315 2209">
    <p class='ocr_par' dir='ltr' id='par_1_17' title="bbox 1191 303 2153 349">
     <span class='ocr_line' id='line_1_64' title="bbox 1191 303 2153 349; baseline 0.004 -13"><span class='ocrx_word' id='word_1_522' title='bbox 1191 303 1344 337; x_wconf 66' lang='lat' dir='ltr'>Glossass:</span> <span class='ocrx_word' id='word_1_523' title='bbox 1375 305 1460 338; x_wconf 78' lang='lat' dir='ltr'>«lile</span> <span class='ocrx_word' id='word_1_524' title='bbox 1484 306 1538 348; x_wconf 88' lang='lat' dir='ltr'>qui</span> <span class='ocrx_word' id='word_1_525' title='bbox 1563 306 1666 345; x_wconf 90' lang='lat' dir='ltr'>novit,</span> <span class='ocrx_word' id='word_1_526' title='bbox 1696 306 1771 349; x_wconf 87' lang='lat' dir='ltr'>quid</span> <span class='ocrx_word' id='word_1_527' title='bbox 1803 307 1844 339; x_wconf 91' lang='lat' dir='ltr'>sit</span> <span class='ocrx_word' id='word_1_528' title='bbox 1873 307 1905 339; x_wconf 92' lang='lat' dir='ltr'>in</span> <span class='ocrx_word' id='word_1_529' title='bbox 1938 307 2081 346; x_wconf 89' lang='lat' dir='ltr'>homine,</span> <span class='ocrx_word' id='word_1_530' title='bbox 2114 316 2153 340; x_wconf 90' lang='lat' dir='ltr'>ne</span> 
     </span>
    </p>

    <p class='ocr_par' dir='ltr' id='par_1_18' title="bbox 1191 356 2153 399">
     <span class='ocr_line' id='line_1_65' title="bbox 1191 356 2153 399; baseline 0.004 -10"><span class='ocrx_word' id='word_1_531' title='bbox 1191 356 1264 399; x_wconf 90' lang='lat' dir='ltr'>quis</span> <span class='ocrx_word' id='word_1_532' title='bbox 1287 357 1325 390; x_wconf 90' lang='lat' dir='ltr'>de</span> <span class='ocrx_word' id='word_1_533' title='bbox 1349 361 1433 390; x_wconf 89' lang='lat' dir='ltr'>statu</span> <span class='ocrx_word' id='word_1_534' title='bbox 1458 367 1516 392; x_wconf 90' lang='lat' dir='ltr'>suo</span> <span class='ocrx_word' id='word_1_535' title='bbox 1540 359 1664 392; x_wconf 84' lang='lat' dir='ltr'>incaute</span> <span class='ocrx_word' id='word_1_536' title='bbox 1688 360 1841 399; x_wconf 86' lang='lat' dir='ltr'>confidat,</span> <span class='ocrx_word' id='word_1_537' title='bbox 1869 361 1916 393; x_wconf 86' lang='lat' dir='ltr'>vel</span> <span class='ocrx_word' id='word_1_538' title='bbox 1943 360 1982 393; x_wconf 89' lang='lat' dir='ltr'>de</span> <span class='ocrx_word' id='word_1_539' title='bbox 2007 369 2082 393; x_wconf 87' lang='lat' dir='ltr'>casu</span> <span class='ocrx_word' id='word_1_540' title='bbox 2105 361 2153 393; x_wconf 84' lang='lat' dir='ltr'>in-</span> 
     </span>
    </p>

    <p class='ocr_par' dir='ltr' id='par_1_19' title="bbox 1191 409 2152 456">
     <span class='ocr_line' id='line_1_66' title="bbox 1191 409 2152 456; baseline 0.004 -14"><span class='ocrx_word' id='word_1_541' title='bbox 1191 409 1316 443; x_wconf 88' lang='lat' dir='ltr'>cautius</span> <span class='ocrx_word' id='word_1_542' title='bbox 1340 410 1476 450; x_wconf 83' lang='lat' dir='ltr'>diffidat,</span> <span class='ocrx_word' id='word_1_543' title='bbox 1501 412 1582 445; x_wconf 89' lang='lat' dir='ltr'>sicut</span> <span class='ocrx_word' id='word_1_544' title='bbox 1606 413 1690 445; x_wconf 90' lang='lat' dir='ltr'>Deus</span> <span class='ocrx_word' id='word_1_545' title='bbox 1712 413 1858 452; x_wconf 88' lang='lat' dir='ltr'>modum,</span> <span class='ocrx_word' id='word_1_546' title='bbox 1884 417 2009 456; x_wconf 84' lang='lat' dir='ltr'>tempus</span> <span class='ocrx_word' id='word_1_547' title='bbox 2033 417 2064 446; x_wconf 91' lang='lat' dir='ltr'>et</span> <span class='ocrx_word' id='word_1_548' title='bbox 2093 423 2152 446; x_wconf 91' lang='lat' dir='ltr'>nu-</span> 
     </span>
    </p>

    <p class='ocr_par' dir='ltr' id='par_1_20' title="bbox 1191 464 2151 507">
     <span class='ocr_line' id='line_1_67' title="bbox 1191 464 2151 507; baseline 0.005 -12"><span class='ocrx_word' id='word_1_549' title='bbox 1191 471 1316 496; x_wconf 88' lang='lat' dir='ltr'>merum</span> <span class='ocrx_word' id='word_1_550' title='bbox 1339 464 1513 506; x_wconf 85' lang='lat' dir='ltr'>negationis</span> <span class='ocrx_word' id='word_1_551' title='bbox 1537 465 1705 507; x_wconf 80' lang='lat' dir='ltr'>praedicit,</span> <span class='ocrx_word' id='word_1_552' title='bbox 1730 470 1761 499; x_wconf 88' lang='lat' dir='ltr'>et</span> <span class='ocrx_word' id='word_1_553' title='bbox 1785 467 1867 499; x_wconf 88' lang='lat' dir='ltr'>sicut</span> <span class='ocrx_word' id='word_1_554' title='bbox 1891 467 2071 500; x_wconf 88' lang='lat' dir='ltr'>misericors</span> <span class='ocrx_word' id='word_1_555' title='bbox 2095 476 2151 500; x_wconf 88' lang='lat' dir='ltr'>au-</span> 
     </span>
    </p>

    <p class='ocr_par' dir='ltr' id='par_1_21' title="bbox 1190 515 2302 720">
     <span class='ocr_line' id='line_1_68' title="bbox 1191 515 2302 562; baseline 0.005 -14"><span class='ocrx_word' id='word_1_556' title='bbox 1191 515 1303 548; x_wconf 88' lang='lat' dir='ltr'>xilium</span> <span class='ocrx_word' id='word_1_557' title='bbox 1329 525 1405 550; x_wconf 90' lang='lat' dir='ltr'>suae</span> <span class='ocrx_word' id='word_1_558' title='bbox 1428 517 1616 551; x_wconf 85' lang='lat' dir='ltr'>defensionis</span> <span class='ocrx_word' id='word_1_559' title='bbox 1648 519 1849 560; x_wconf 75' lang='lat' dir='ltr'>promittit».</span> <span class='ocrx_word' id='word_1_560' title='bbox 1876 520 1941 562; x_wconf 90' lang='lat' dir='ltr'>lpse</span> <span class='ocrx_word' id='word_1_561' title='bbox 1965 520 2062 562; x_wconf 82' lang='lat' dir='ltr'>igitur</span> <span class='ocrx_word' id='word_1_562' title='bbox 2091 520 2151 553; x_wconf 92' lang='lat' dir='ltr'>Do-</span> <span class='ocrx_word' id='word_1_563' title='bbox 2173 526 2302 550; x_wconf 70' lang='lat' dir='ltr'>Notandum.</span> 
     </span>
     <span class='ocr_line' id='line_1_69' title="bbox 1190 569 2151 615; baseline 0.006 -14"><span class='ocrx_word' id='word_1_564' title='bbox 1190 569 1308 609; x_wconf 90' lang='lat' dir='ltr'>minus,</span> <span class='ocrx_word' id='word_1_565' title='bbox 1326 582 1341 599; x_wconf 79' lang='grc' dir='ltr'><strong>α</strong></span> <span class='ocrx_word' id='word_1_566' title='bbox 1354 570 1409 612; x_wconf 89' lang='lat' dir='ltr'>qui</span> <span class='ocrx_word' id='word_1_567' title='bbox 1425 571 1484 603; x_wconf 87' lang='lat' dir='ltr'>scit</span> <span class='ocrx_word' id='word_1_568' title='bbox 1500 571 1683 613; x_wconf 81' lang='lat' dir='ltr'>figmentum</span> <span class='ocrx_word' id='word_1_569' title='bbox 1701 576 1844 605; x_wconf 87' lang='lat' dir='ltr'>nostrum</span> <span class='ocrx_word' id='word_1_570' title='bbox 1859 573 1871 592; x_wconf 81' lang='lat'>⁹</span> <span class='ocrx_word' id='word_1_571' title='bbox 1889 587 1920 612; x_wconf 73' lang='lat' dir='ltr'>n,</span> <span class='ocrx_word' id='word_1_572' title='bbox 1938 574 1991 615; x_wconf 85' lang='lat' dir='ltr'>qui</span> <span class='ocrx_word' id='word_1_573' title='bbox 2009 574 2081 613; x_wconf 87' lang='lat' dir='ltr'>scit,</span> <span class='ocrx_word' id='word_1_574' title='bbox 2099 583 2151 607; x_wconf 89' lang='lat' dir='ltr'>co-</span> 
     </span>
     <span class='ocr_line' id='line_1_70' title="bbox 1190 621 2151 667; baseline 0.005 -13"><span class='ocrx_word' id='word_1_575' title='bbox 1190 621 1358 663; x_wconf 83' lang='lat' dir='ltr'>gitationes</span> <span class='ocrx_word' id='word_1_576' title='bbox 1383 622 1546 656; x_wconf 89' lang='lat' dir='ltr'>hominum</span> <span class='ocrx_word' id='word_1_577' title='bbox 1564 632 1632 657; x_wconf 84' lang='lat' dir='ltr'>esse</span> <span class='ocrx_word' id='word_1_578' title='bbox 1649 634 1763 664; x_wconf 87' lang='lat' dir='ltr'>vanas,</span> <span class='ocrx_word' id='word_1_579' title='bbox 1789 625 1939 667; x_wconf 87' lang='lat' dir='ltr'>praedicit</span> <span class='ocrx_word' id='word_1_580' title='bbox 1963 635 2090 665; x_wconf 86' lang='lat' dir='ltr'>casum,</span> <span class='ocrx_word' id='word_1_581' title='bbox 2114 630 2151 659; x_wconf 89' lang='lat' dir='ltr'>ut</span> 
     </span>
     <span class='ocr_line' id='line_1_71' title="bbox 1191 675 2150 720; baseline 0.005 -13"><span class='ocrx_word' id='word_1_582' title='bbox 1191 675 1351 714; x_wconf 88' lang='lat' dir='ltr'>ostendat,</span> <span class='ocrx_word' id='word_1_583' title='bbox 1376 675 1461 708; x_wconf 88' lang='lat' dir='ltr'>istud</span> <span class='ocrx_word' id='word_1_584' title='bbox 1484 685 1596 709; x_wconf 89' lang='lat' dir='ltr'>verum</span> <span class='ocrx_word' id='word_1_585' title='bbox 1614 686 1700 717; x_wconf 87' lang='lat' dir='ltr'>esse,</span> <span class='ocrx_word' id='word_1_586' title='bbox 1718 678 1802 720; x_wconf 91' lang='lat' dir='ltr'>quod</span> <span class='ocrx_word' id='word_1_587' title='bbox 1825 678 1942 711; x_wconf 87' lang='lat' dir='ltr'>dicitur</span> <span class='ocrx_word' id='word_1_588' title='bbox 1966 679 2150 712; x_wconf 84' lang='lat' dir='ltr'>Proverbio-</span> 
     </span>
    </p>

    <p class='ocr_par' dir='ltr' id='par_1_22' title="bbox 1191 727 2150 771">
     <span class='ocr_line' id='line_1_72' title="bbox 1191 727 2150 771; baseline 0.006 -12"><span class='ocrx_word' id='word_1_589' title='bbox 1191 735 1264 759; x_wconf 91' lang='lat' dir='ltr'>rum</span> <span class='ocrx_word' id='word_1_590' title='bbox 1288 727 1438 769; x_wconf 84' lang='lat' dir='ltr'>vigesimo</span> <span class='ocrx_word' id='word_1_591' title='bbox 1469 732 1593 761; x_wconf 86' lang='lat' dir='ltr'>octavo:</span> <span class='ocrx_word' id='word_1_592' title='bbox 1623 742 1638 758; x_wconf 78' lang='grc' dir='ltr'><strong>α</strong></span> <span class='ocrx_word' id='word_1_593' title='bbox 1656 730 1714 771; x_wconf 87' lang='lat' dir='ltr'>Qui</span> <span class='ocrx_word' id='word_1_594' title='bbox 1747 730 1875 763; x_wconf 87' lang='lat' dir='ltr'>conlidit</span> <span class='ocrx_word' id='word_1_595' title='bbox 1906 731 1936 763; x_wconf 92' lang='lat' dir='ltr'>in</span> <span class='ocrx_word' id='word_1_596' title='bbox 1962 731 2055 764; x_wconf 86' lang='lat' dir='ltr'>corde</span> <span class='ocrx_word' id='word_1_597' title='bbox 2091 741 2150 765; x_wconf 91' lang='lat' dir='ltr'>suo</span> 
     </span>
    </p>

    <p class='ocr_par' dir='ltr' id='par_1_23' title="bbox 1188 780 2315 984">
     <span class='ocr_line' id='line_1_73' title="bbox 1190 780 2149 827; baseline 0.006 -15"><span class='ocrx_word' id='word_1_598' title='bbox 1190 780 1308 813; x_wconf 92' lang='lat' dir='ltr'>stultus</span> <span class='ocrx_word' id='word_1_599' title='bbox 1331 784 1393 820; x_wconf 91' lang='lat' dir='ltr'>est;</span> <span class='ocrx_word' id='word_1_600' title='bbox 1419 781 1472 823; x_wconf 86' lang='lat' dir='ltr'>qui</span> <span class='ocrx_word' id='word_1_601' title='bbox 1498 783 1773 825; x_wconf 83' lang='lat' dir='ltr'>autemgraditur</span> <span class='ocrx_word' id='word_1_602' title='bbox 1797 784 1973 826; x_wconf 84' lang='lat' dir='ltr'>sapienter,</span> <span class='ocrx_word' id='word_1_603' title='bbox 1992 785 2057 827; x_wconf 89' lang='lat' dir='ltr'>ipse</span> <span class='ocrx_word' id='word_1_604' title='bbox 2082 786 2149 818; x_wconf 89' lang='lat' dir='ltr'>lau-</span> 
     </span>
     <span class='ocr_line' id='line_1_74' title="bbox 1189 833 2315 879; baseline 0.005 -13"><span class='ocrx_word' id='word_1_605' title='bbox 1189 833 1317 870; x_wconf 89' lang='lat' dir='ltr'>dabitur</span> <span class='ocrx_word' id='word_1_606' title='bbox 1333 847 1364 866; x_wconf 78' lang='lat'>».</span> <span class='ocrx_word' id='word_1_607' title='bbox 1391 853 1431 857; x_wconf 89' lang='lat'>—</span> <span class='ocrx_word' id='word_1_608' title='bbox 1456 835 1486 867; x_wconf 90' lang='lat' dir='ltr'>Si</span> <span class='ocrx_word' id='word_1_609' title='bbox 1511 835 1583 877; x_wconf 92' lang='lat' dir='ltr'>quis</span> <span class='ocrx_word' id='word_1_610' title='bbox 1598 840 1703 868; x_wconf 90' lang='lat' dir='ltr'>autem</span> <span class='ocrx_word' id='word_1_611' title='bbox 1728 841 1878 879; x_wconf 88' lang='lat' dir='ltr'>quaerat,</span> <span class='ocrx_word' id='word_1_612' title='bbox 1903 842 2012 870; x_wconf 90' lang='lat' dir='ltr'>utrum</span> <span class='ocrx_word' id='word_1_613' title='bbox 2039 839 2149 872; x_wconf 86' lang='lat' dir='ltr'>Petrus</span> <span class='ocrx_word' id='word_1_614' title='bbox 2164 846 2315 876; x_wconf 58' lang='lat' dir='ltr'>Quaeptiosoi-</span> 
     </span>
     <span class='ocr_line' id='line_1_75' title="bbox 1190 876 2271 931; baseline 0.006 -12"><span class='ocrx_word' id='word_1_615' title='bbox 1190 887 1371 927; x_wconf 87' lang='lat' dir='ltr'>crediderit,</span> <span class='ocrx_word' id='word_1_616' title='bbox 1389 888 1556 921; x_wconf 91' lang='lat' dir='ltr'>Dominum</span> <span class='ocrx_word' id='word_1_617' title='bbox 1570 889 1688 922; x_wconf 86' lang='lat' dir='ltr'>dixisse</span> <span class='ocrx_word' id='word_1_618' title='bbox 1701 898 1812 922; x_wconf 89' lang='lat' dir='ltr'>verum</span> <span class='ocrx_word' id='word_1_619' title='bbox 1824 916 1831 929; x_wconf 93' lang='lat'>‚</span> <span class='ocrx_word' id='word_1_620' title='bbox 1844 894 1899 923; x_wconf 89' lang='lat' dir='ltr'>aut</span> <span class='ocrx_word' id='word_1_621' title='bbox 1912 891 2042 931; x_wconf 81' lang='lat' dir='ltr'>salsum3</span> <span class='ocrx_word' id='word_1_622' title='bbox 2060 891 2130 925; x_wconf 91' lang='lat' dir='ltr'>dico</span> <span class='ocrx_word' id='word_1_623' title='bbox 2141 919 2148 931; x_wconf 92' lang='lat'>‚</span> <span class='ocrx_word' id='word_1_624' title='bbox 2208 876 2271 894; x_wconf 52' lang='lat'>’&#39;¹¹⁰‘&#39;</span> 
     </span>
     <span class='ocr_line' id='line_1_76' title="bbox 1188 940 2148 984; baseline 0.005 -11"><span class='ocrx_word' id='word_1_625' title='bbox 1188 940 1274 982; x_wconf 86' lang='lat' dir='ltr'>quod</span> <span class='ocrx_word' id='word_1_626' title='bbox 1290 941 1436 980; x_wconf 82' lang='lat' dir='ltr'>credidit,</span> <span class='ocrx_word' id='word_1_627' title='bbox 1453 942 1538 984; x_wconf 91' lang='lat' dir='ltr'>quod</span> <span class='ocrx_word' id='word_1_628' title='bbox 1557 951 1665 975; x_wconf 90' lang='lat' dir='ltr'>verum</span> <span class='ocrx_word' id='word_1_629' title='bbox 1678 969 1686 982; x_wconf 93' lang='lat'><em>‚</em></span> <span class='ocrx_word' id='word_1_630' title='bbox 1710 943 1764 976; x_wconf 85' lang='lat' dir='ltr'>sed</span> <span class='ocrx_word' id='word_1_631' title='bbox 1784 943 1846 976; x_wconf 84' lang='lat' dir='ltr'>sub</span> <span class='ocrx_word' id='word_1_632' title='bbox 1863 944 2064 984; x_wconf 81' lang='lat' dir='ltr'>conditione,</span> <span class='ocrx_word' id='word_1_633' title='bbox 2089 945 2148 978; x_wconf 85' lang='lat' dir='ltr'>sci-</span> 
     </span>
    </p>

    <p class='ocr_par' dir='ltr' id='par_1_24' title="bbox 1188 993 2148 1142">
     <span class='ocr_line' id='line_1_77' title="bbox 1189 993 2147 1040; baseline 0.005 -14"><span class='ocrx_word' id='word_1_634' title='bbox 1189 993 1261 1027; x_wconf 87' lang='lat' dir='ltr'>licet</span> <span class='ocrx_word' id='word_1_635' title='bbox 1284 994 1342 1026; x_wconf 88' lang='lat' dir='ltr'>nisi</span> <span class='ocrx_word' id='word_1_636' title='bbox 1366 994 1532 1037; x_wconf 80' lang='lat' dir='ltr'>diligenter</span> <span class='ocrx_word' id='word_1_637' title='bbox 1555 999 1681 1029; x_wconf 85' lang='lat' dir='ltr'>caveret</span> <span class='ocrx_word' id='word_1_638' title='bbox 1704 996 1772 1029; x_wconf 92' lang='lat' dir='ltr'>sibi.</span> <span class='ocrx_word' id='word_1_639' title='bbox 1798 997 1920 1030; x_wconf 84' lang='lat' dir='ltr'>Sciebat</span> <span class='ocrx_word' id='word_1_640' title='bbox 1943 998 2037 1037; x_wconf 88' lang='lat' dir='ltr'>enim,</span> <span class='ocrx_word' id='word_1_641' title='bbox 2063 998 2147 1040; x_wconf 87' lang='lat' dir='ltr'>quod</span> 
     </span>
     <span class='ocr_line' id='line_1_78' title="bbox 1189 1046 2148 1093; baseline 0.006 -15"><span class='ocrx_word' id='word_1_642' title='bbox 1189 1046 1360 1088; x_wconf 88' lang='lat' dir='ltr'>praedictio</span> <span class='ocrx_word' id='word_1_643' title='bbox 1383 1047 1499 1080; x_wconf 88' lang='lat' dir='ltr'>Christi</span> <span class='ocrx_word' id='word_1_644' title='bbox 1528 1048 1558 1081; x_wconf 93' lang='lat' dir='ltr'>in</span> <span class='ocrx_word' id='word_1_645' title='bbox 1576 1049 1663 1081; x_wconf 93' lang='lat' dir='ltr'>nullo</span> <span class='ocrx_word' id='word_1_646' title='bbox 1691 1049 1940 1091; x_wconf 87' lang='lat' dir='ltr'>praeiudicabat,</span> <span class='ocrx_word' id='word_1_647' title='bbox 1966 1050 2019 1083; x_wconf 88' lang='lat' dir='ltr'>sed</span> <span class='ocrx_word' id='word_1_648' title='bbox 2043 1051 2148 1093; x_wconf 89' lang='lat' dir='ltr'>potius</span> 
     </span>
     <span class='ocr_line' id='line_1_79' title="bbox 1188 1101 1826 1142; baseline 0.005 -10"><span class='ocrx_word' id='word_1_649' title='bbox 1188 1101 1431 1142; x_wconf 86' lang='lat' dir='ltr'>praenuntiabat</span> <span class='ocrx_word' id='word_1_650' title='bbox 1453 1101 1576 1134; x_wconf 88' lang='lat' dir='ltr'>arbitrii</span> <span class='ocrx_word' id='word_1_651' title='bbox 1601 1102 1777 1135; x_wconf 88' lang='lat' dir='ltr'>libertatem</span> <span class='ocrx_word' id='word_1_652' title='bbox 1792 1103 1826 1135; x_wconf 91' lang='lat'><strong>¹⁰.</strong></span> 
     </span>
    </p>

    <p class='ocr_par' dir='ltr' id='par_1_25' title="bbox 1187 1154 2300 1781">
     <span class='ocr_line' id='line_1_80' title="bbox 1276 1154 2284 1198; baseline 0.005 -12"><span class='ocrx_word' id='word_1_653' title='bbox 1276 1154 1329 1186; x_wconf 75' lang='grc'>[16.</span> <span class='ocrx_word' id='word_1_654' title='bbox 1359 1154 1491 1187; x_wconf 91' lang='lat' dir='ltr'>Videtur</span> <span class='ocrx_word' id='word_1_655' title='bbox 1522 1158 1628 1188; x_wconf 89' lang='lat' dir='ltr'>autem</span> <span class='ocrx_word' id='word_1_656' title='bbox 1665 1156 1724 1189; x_wconf 89' lang='lat' dir='ltr'>boc</span> <span class='ocrx_word' id='word_1_657' title='bbox 1760 1156 1845 1198; x_wconf 89' lang='lat' dir='ltr'>quod</span> <span class='ocrx_word' id='word_1_658' title='bbox 1877 1156 1928 1190; x_wconf 89' lang='lat' dir='ltr'>hic</span> <span class='ocrx_word' id='word_1_659' title='bbox 1962 1157 2078 1190; x_wconf 90' lang='lat' dir='ltr'>dicitur</span> <span class='ocrx_word' id='word_1_660' title='bbox 2109 1157 2148 1191; x_wconf 88' lang='lat' dir='ltr'>de</span> <span class='ocrx_word' id='word_1_661' title='bbox 2167 1165 2284 1186; x_wconf 64' lang='lat' dir='ltr'>Astacum-</span> 
     </span>
     <span class='ocr_line' id='line_1_81' title="bbox 1187 1193 2258 1252; baseline 0.004 -13"><span class='ocrx_word' id='word_1_662' title='bbox 1187 1207 1352 1249; x_wconf 84' lang='lat' dir='ltr'>negatione</span> <span class='ocrx_word' id='word_1_663' title='bbox 1381 1207 1478 1247; x_wconf 90' lang='lat' dir='ltr'>Petri,</span> <span class='ocrx_word' id='word_1_664' title='bbox 1514 1208 1710 1241; x_wconf 87' lang='lat' dir='ltr'>contrarium</span> <span class='ocrx_word' id='word_1_665' title='bbox 1746 1218 1814 1242; x_wconf 89' lang='lat' dir='ltr'>esse</span> <span class='ocrx_word' id='word_1_666' title='bbox 1848 1210 1876 1243; x_wconf 91' lang='lat' dir='ltr'>ei</span> <span class='ocrx_word' id='word_1_667' title='bbox 1910 1210 1995 1252; x_wconf 87' lang='lat' dir='ltr'>quod</span> <span class='ocrx_word' id='word_1_668' title='bbox 2031 1210 2147 1243; x_wconf 88' lang='lat' dir='ltr'>dicitur</span> <span class='ocrx_word' id='word_1_669' title='bbox 2184 1193 2258 1213; x_wconf 72' lang='lat'>⁰⁰¹&#39;‘³³&#39;</span> 
     </span>
     <span class='ocr_line' id='line_1_82' title="bbox 1187 1259 2146 1305; baseline 0.005 -13"><span class='ocrx_word' id='word_1_670' title='bbox 1187 1259 1281 1292; x_wconf 89' lang='lat' dir='ltr'>Marci</span> <span class='ocrx_word' id='word_1_671' title='bbox 1304 1259 1426 1293; x_wconf 87' lang='lat' dir='ltr'>decimo</span> <span class='ocrx_word' id='word_1_672' title='bbox 1460 1264 1575 1303; x_wconf 89' lang='lat' dir='ltr'>quarto</span> <span class='ocrx_word' id='word_1_673' title='bbox 1589 1262 1633 1293; x_wconf 92' lang='lat'>¹¹:</span> <span class='ocrx_word' id='word_1_674' title='bbox 1662 1275 1678 1290; x_wconf 72' lang='grc' dir='ltr'>α</span> <span class='ocrx_word' id='word_1_675' title='bbox 1695 1262 1881 1304; x_wconf 83' lang='lat' dir='ltr'>Priusquam</span> <span class='ocrx_word' id='word_1_676' title='bbox 1914 1263 2015 1305; x_wconf 82' lang='lat' dir='ltr'>gallus</span> <span class='ocrx_word' id='word_1_677' title='bbox 2038 1273 2146 1297; x_wconf 69' lang='lat' dir='ltr'>vocem</span> 
     </span>
     <span class='ocr_line' id='line_1_83' title="bbox 1189 1312 2148 1357; baseline 0.005 -12"><span class='ocrx_word' id='word_1_678' title='bbox 1189 1312 1237 1345; x_wconf 89' lang='lat' dir='ltr'>bis</span> <span class='ocrx_word' id='word_1_679' title='bbox 1260 1312 1401 1352; x_wconf 88' lang='lat' dir='ltr'>dederit,</span> <span class='ocrx_word' id='word_1_680' title='bbox 1426 1317 1475 1347; x_wconf 91' lang='lat' dir='ltr'>ter</span> <span class='ocrx_word' id='word_1_681' title='bbox 1498 1323 1549 1347; x_wconf 93' lang='lat' dir='ltr'>me</span> <span class='ocrx_word' id='word_1_682' title='bbox 1573 1323 1607 1347; x_wconf 90' lang='lat' dir='ltr'>es</span> <span class='ocrx_word' id='word_1_683' title='bbox 1622 1319 1797 1357; x_wconf 87' lang='lat' dir='ltr'>negaturus</span> <span class='ocrx_word' id='word_1_684' title='bbox 1813 1329 1843 1348; x_wconf 69' lang='grc' dir='ltr'>ι».</span> <span class='ocrx_word' id='word_1_685' title='bbox 1868 1335 1912 1340; x_wconf 90' lang='grc'><strong>-</strong></span> <span class='ocrx_word' id='word_1_686' title='bbox 1937 1316 1995 1349; x_wconf 86' lang='lat' dir='ltr'>Sed</span> <span class='ocrx_word' id='word_1_687' title='bbox 2019 1316 2057 1349; x_wconf 86' lang='lat' dir='ltr'>ad</span> <span class='ocrx_word' id='word_1_688' title='bbox 2089 1317 2148 1350; x_wconf 88' lang='lat' dir='ltr'>boc</span> 
     </span>
     <span class='ocr_line' id='line_1_84' title="bbox 1188 1366 2300 1410; baseline 0.005 -12"><span class='ocrx_word' id='word_1_689' title='bbox 1188 1366 1416 1408; x_wconf 91' lang='lat' dir='ltr'>respondetur,</span> <span class='ocrx_word' id='word_1_690' title='bbox 1439 1367 1524 1409; x_wconf 87' lang='lat' dir='ltr'>quod</span> <span class='ocrx_word' id='word_1_691' title='bbox 1548 1376 1583 1400; x_wconf 88' lang='lat' dir='ltr'>re</span> <span class='ocrx_word' id='word_1_692' title='bbox 1607 1377 1683 1401; x_wconf 78' lang='lat' dir='ltr'>vera</span> <span class='ocrx_word' id='word_1_693' title='bbox 1705 1372 1777 1401; x_wconf 89' lang='lat' dir='ltr'>ante</span> <span class='ocrx_word' id='word_1_694' title='bbox 1794 1369 1931 1410; x_wconf 90' lang='lat' dir='ltr'>primum</span> <span class='ocrx_word' id='word_1_695' title='bbox 1949 1374 2076 1403; x_wconf 87' lang='lat' dir='ltr'>cantum</span> <span class='ocrx_word' id='word_1_696' title='bbox 2093 1380 2147 1404; x_wconf 88' lang='lat' dir='ltr'>ne—</span> <span class='ocrx_word' id='word_1_697' title='bbox 2167 1378 2248 1399; x_wconf 74' lang='lat' dir='ltr'>so¹utio</span> <span class='ocrx_word' id='word_1_698' title='bbox 2263 1379 2300 1400; x_wconf 72' lang='lat' dir='ltr'>tri-</span> 
     </span>
     <span class='ocr_line' id='line_1_85' title="bbox 1187 1405 2261 1462; baseline 0.006 -11"><span class='ocrx_word' id='word_1_699' title='bbox 1187 1419 1273 1461; x_wconf 86' lang='lat' dir='ltr'>gavit</span> <span class='ocrx_word' id='word_1_700' title='bbox 1296 1419 1408 1453; x_wconf 90' lang='lat' dir='ltr'>Petrus</span> <span class='ocrx_word' id='word_1_701' title='bbox 1432 1421 1543 1459; x_wconf 90' lang='lat' dir='ltr'>semel,</span> <span class='ocrx_word' id='word_1_702' title='bbox 1568 1424 1599 1454; x_wconf 87' lang='lat' dir='ltr'>et</span> <span class='ocrx_word' id='word_1_703' title='bbox 1633 1424 1705 1454; x_wconf 88' lang='lat' dir='ltr'>ante</span> <span class='ocrx_word' id='word_1_704' title='bbox 1740 1422 1913 1455; x_wconf 90' lang='lat' dir='ltr'>secundum</span> <span class='ocrx_word' id='word_1_705' title='bbox 1949 1423 2014 1462; x_wconf 90' lang='lat' dir='ltr'>bis,</span> <span class='ocrx_word' id='word_1_706' title='bbox 2039 1428 2070 1456; x_wconf 90' lang='lat' dir='ltr'>et</span> <span class='ocrx_word' id='word_1_707' title='bbox 2105 1424 2148 1456; x_wconf 88' lang='lat' dir='ltr'>ita</span> <span class='ocrx_word' id='word_1_708' title='bbox 2205 1405 2261 1431; x_wconf 61' lang='lat'>‘³¹⁹¹&#39;</span> 
     </span>
     <span class='ocr_line' id='line_1_86' title="bbox 1187 1474 2147 1518; baseline 0.005 -14"><span class='ocrx_word' id='word_1_709' title='bbox 1187 1474 1259 1504; x_wconf 85' lang='lat' dir='ltr'>ante</span> <span class='ocrx_word' id='word_1_710' title='bbox 1282 1474 1512 1506; x_wconf 88' lang='lat' dir='ltr'>consummavit</span> <span class='ocrx_word' id='word_1_711' title='bbox 1528 1474 1639 1507; x_wconf 85' lang='lat' dir='ltr'>Petrus</span> <span class='ocrx_word' id='word_1_712' title='bbox 1656 1474 1770 1507; x_wconf 90' lang='lat' dir='ltr'>trinam</span> <span class='ocrx_word' id='word_1_713' title='bbox 1784 1475 1811 1494; x_wconf 76' lang='lat'>¹⁹</span> <span class='ocrx_word' id='word_1_714' title='bbox 1828 1476 2035 1518; x_wconf 86' lang='lat' dir='ltr'>negationem,</span> <span class='ocrx_word' id='word_1_715' title='bbox 2052 1486 2147 1518; x_wconf 89' lang='lat' dir='ltr'>quam</span> 
     </span>
     <span class='ocr_line' id='line_1_87' title="bbox 1187 1526 2149 1571; baseline 0.004 -13"><span class='ocrx_word' id='word_1_716' title='bbox 1187 1526 1290 1568; x_wconf 86' lang='lat' dir='ltr'>gallus</span> <span class='ocrx_word' id='word_1_717' title='bbox 1313 1529 1439 1559; x_wconf 86' lang='lat' dir='ltr'>cantum</span> <span class='ocrx_word' id='word_1_718' title='bbox 1461 1536 1565 1560; x_wconf 89' lang='lat' dir='ltr'>suum.</span> <span class='ocrx_word' id='word_1_719' title='bbox 1591 1527 1644 1560; x_wconf 91' lang='lat' dir='ltr'>Est</span> <span class='ocrx_word' id='word_1_720' title='bbox 1667 1527 1764 1569; x_wconf 81' lang='lat' dir='ltr'>igitur</span> <span class='ocrx_word' id='word_1_721' title='bbox 1785 1537 1914 1567; x_wconf 91' lang='lat' dir='ltr'>sensus,</span> <span class='ocrx_word' id='word_1_722' title='bbox 1939 1529 2022 1571; x_wconf 90' lang='lat' dir='ltr'>quod</span> <span class='ocrx_word' id='word_1_723' title='bbox 2038 1529 2149 1571; x_wconf 70' lang='lat' dir='ltr'>yellus</span> 
     </span>
     <span class='ocr_line' id='line_1_88' title="bbox 1187 1579 2149 1621; baseline 0.004 -10"><span class='ocrx_word' id='word_1_724' title='bbox 1187 1588 1255 1611; x_wconf 87' lang='lat' dir='ltr'>non</span> <span class='ocrx_word' id='word_1_725' title='bbox 1278 1579 1436 1618; x_wconf 86' lang='lat' dir='ltr'>cantabit,</span> <span class='ocrx_word' id='word_1_726' title='bbox 1453 1579 1484 1612; x_wconf 93' lang='lat' dir='ltr'>id</span> <span class='ocrx_word' id='word_1_727' title='bbox 1507 1583 1569 1619; x_wconf 89' lang='lat' dir='ltr'>est,</span> <span class='ocrx_word' id='word_1_728' title='bbox 1594 1583 1722 1613; x_wconf 88' lang='lat' dir='ltr'>cantum</span> <span class='ocrx_word' id='word_1_729' title='bbox 1746 1590 1807 1613; x_wconf 91' lang='lat' dir='ltr'>non</span> <span class='ocrx_word' id='word_1_730' title='bbox 1828 1581 2074 1621; x_wconf 87' lang='lat' dir='ltr'>consummabit;</span> <span class='ocrx_word' id='word_1_731' title='bbox 2100 1583 2149 1615; x_wconf 86' lang='lat' dir='ltr'>vel</span> 
     </span>
     <span class='ocr_line' id='line_1_89' title="bbox 1188 1632 2147 1679; baseline 0.004 -15"><span class='ocrx_word' id='word_1_732' title='bbox 1188 1636 1368 1679; x_wconf 78' lang='lat' dir='ltr'>antequam</span> <span class='ocrx_word' id='word_1_733' title='bbox 1382 1632 1495 1675; x_wconf 73' lang='lat' dir='ltr'>yallus</span> <span class='ocrx_word' id='word_1_734' title='bbox 1511 1636 1628 1672; x_wconf 87' lang='lat' dir='ltr'>cantet,</span> <span class='ocrx_word' id='word_1_735' title='bbox 1654 1637 1702 1666; x_wconf 85' lang='lat' dir='ltr'>ter</span> <span class='ocrx_word' id='word_1_736' title='bbox 1717 1633 1863 1676; x_wconf 64' lang='lat' dir='ltr'>negabis,</span> <span class='ocrx_word' id='word_1_737' title='bbox 1888 1634 1919 1666; x_wconf 93' lang='lat' dir='ltr'>id</span> <span class='ocrx_word' id='word_1_738' title='bbox 1943 1638 2008 1673; x_wconf 91' lang='lat' dir='ltr'>est,</span> <span class='ocrx_word' id='word_1_739' title='bbox 2033 1635 2147 1668; x_wconf 87' lang='lat' dir='ltr'>trinam</span> 
     </span>
     <span class='ocr_line' id='line_1_90' title="bbox 1188 1685 2149 1729; baseline 0.002 -11"><span class='ocrx_word' id='word_1_740' title='bbox 1188 1685 1384 1728; x_wconf 88' lang='lat' dir='ltr'>negationem</span> <span class='ocrx_word' id='word_1_741' title='bbox 1408 1685 1587 1726; x_wconf 83' lang='lat' dir='ltr'>inchoabis3</span> <span class='ocrx_word' id='word_1_742' title='bbox 1612 1686 1661 1719; x_wconf 87' lang='lat' dir='ltr'>vel</span> <span class='ocrx_word' id='word_1_743' title='bbox 1676 1686 1824 1729; x_wconf 70' lang='lat' dir='ltr'>necabis,</span> <span class='ocrx_word' id='word_1_744' title='bbox 1841 1686 1872 1719; x_wconf 94' lang='lat' dir='ltr'>id</span> <span class='ocrx_word' id='word_1_745' title='bbox 1888 1689 1945 1726; x_wconf 88' lang='lat' dir='ltr'>est,</span> <span class='ocrx_word' id='word_1_746' title='bbox 1963 1687 2078 1720; x_wconf 89' lang='lat' dir='ltr'>trinam</span> <span class='ocrx_word' id='word_1_747' title='bbox 2094 1697 2149 1721; x_wconf 90' lang='lat' dir='ltr'>ne-</span> 
     </span>
     <span class='ocr_line' id='line_1_91' title="bbox 1188 1738 1888 1781; baseline 0.003 -11"><span class='ocrx_word' id='word_1_748' title='bbox 1188 1738 1343 1780; x_wconf 87' lang='lat' dir='ltr'>gationem</span> <span class='ocrx_word' id='word_1_749' title='bbox 1368 1738 1400 1770; x_wconf 93' lang='lat' dir='ltr'>in</span> <span class='ocrx_word' id='word_1_750' title='bbox 1424 1739 1584 1781; x_wconf 88' lang='lat' dir='ltr'>proposito</span> <span class='ocrx_word' id='word_1_751' title='bbox 1607 1739 1839 1772; x_wconf 87' lang='lat' dir='ltr'>consummabis</span> <span class='ocrx_word' id='word_1_752' title='bbox 1853 1740 1888 1771; x_wconf 78' lang='lat'>¹³.</span> 
     </span>
    </p>

    <p class='ocr_par' dir='ltr' id='par_1_26' title="bbox 1183 1791 2305 2048">
     <span class='ocr_line' id='line_1_92' title="bbox 1276 1791 2297 1834; baseline 0 -10"><span class='ocrx_word' id='word_1_753' title='bbox 1276 1792 1329 1825; x_wconf 81' lang='grc'>[17.</span> <span class='ocrx_word' id='word_1_754' title='bbox 1355 1791 1456 1833; x_wconf 88' lang='lat' dir='ltr'>(Vers.</span> <span class='ocrx_word' id='word_1_755' title='bbox 1482 1792 1534 1824; x_wconf 75' lang='lat'>35.</span> <span class='ocrx_word' id='word_1_756' title='bbox 1561 1791 1637 1833; x_wconf 68' lang='lat'><strong>36).</strong></span> <span class='ocrx_word' id='word_1_757' title='bbox 1664 1793 1704 1825; x_wconf 90' lang='lat' dir='ltr'>Et</span> <span class='ocrx_word' id='word_1_758' title='bbox 1726 1792 1814 1825; x_wconf 76' lang='lat' dir='ltr'>dixit</span> <span class='ocrx_word' id='word_1_759' title='bbox 1828 1792 1893 1825; x_wconf 85' lang='lat' dir='ltr'>eis:</span> <span class='ocrx_word' id='word_1_760' title='bbox 1912 1793 2054 1834; x_wconf 80' lang='lat' dir='ltr'>Quando</span> <span class='ocrx_word' id='word_1_761' title='bbox 2069 1794 2150 1826; x_wconf 84' lang='lat' dir='ltr'>misi</span> <span class='ocrx_word' id='word_1_762' title='bbox 2167 1802 2297 1824; x_wconf 76' lang='lat' dir='ltr'>Sollicitatur</span> 
     </span>
     <span class='ocr_line' id='line_1_93' title="bbox 1186 1829 2305 1887; baseline 0.001 -10"><span class='ocrx_word' id='word_1_763' title='bbox 1186 1854 1244 1878; x_wconf 75' lang='lat' dir='ltr'>vos</span> <span class='ocrx_word' id='word_1_764' title='bbox 1260 1848 1318 1878; x_wconf 89' lang='lat' dir='ltr'>etc.</span> <span class='ocrx_word' id='word_1_765' title='bbox 1336 1845 1504 1887; x_wconf 88' lang='lat' dir='ltr'>Postquam</span> <span class='ocrx_word' id='word_1_766' title='bbox 1528 1845 1678 1878; x_wconf 83' lang='lat' dir='ltr'>animavit</span> <span class='ocrx_word' id='word_1_767' title='bbox 1693 1846 1732 1878; x_wconf 89' lang='lat' dir='ltr'>ad</span> <span class='ocrx_word' id='word_1_768' title='bbox 1748 1846 1951 1879; x_wconf 87' lang='lat' dir='ltr'>constantiam</span> <span class='ocrx_word' id='word_1_769' title='bbox 1963 1872 1971 1885; x_wconf 95' lang='lat'><em>‚</em></span> <span class='ocrx_word' id='word_1_770' title='bbox 1994 1846 2044 1879; x_wconf 88' lang='lat' dir='ltr'>hic</span> <span class='ocrx_word' id='word_1_771' title='bbox 2059 1847 2148 1880; x_wconf 83' lang='lat' dir='ltr'>solli·</span> <span class='ocrx_word' id='word_1_772' title='bbox 2159 1829 2305 1883; x_wconf 49' lang='lat' dir='ltr'>‘&#39;frigii&#39;ssiissssfn</span> 
     </span>
     <span class='ocr_line' id='line_1_94' title="bbox 1187 1898 2146 1941; baseline 0.001 -10"><span class='ocrx_word' id='word_1_773' title='bbox 1187 1898 1268 1931; x_wconf 90' lang='lat' dir='ltr'>citat</span> <span class='ocrx_word' id='word_1_774' title='bbox 1288 1899 1337 1931; x_wconf 80' lang='lat' dir='ltr'>act</span> <span class='ocrx_word' id='word_1_775' title='bbox 1359 1898 1523 1932; x_wconf 77' lang='lat' dir='ltr'>cautelam</span> <span class='ocrx_word' id='word_1_776' title='bbox 1538 1899 1574 1931; x_wconf 71' lang='lat'>¹⁴.</span> <span class='ocrx_word' id='word_1_777' title='bbox 1598 1899 1688 1941; x_wconf 85' lang='lat' dir='ltr'>Quod</span> <span class='ocrx_word' id='word_1_778' title='bbox 1712 1899 1840 1941; x_wconf 88' lang='lat' dir='ltr'>quidem</span> <span class='ocrx_word' id='word_1_779' title='bbox 1864 1899 1937 1932; x_wconf 83' lang='lat' dir='ltr'>facit</span> <span class='ocrx_word' id='word_1_780' title='bbox 1964 1908 2020 1941; x_wconf 87' lang='lat' dir='ltr'>per</span> <span class='ocrx_word' id='word_1_781' title='bbox 2044 1909 2146 1932; x_wconf 82' lang='lat' dir='ltr'>reme-</span> 
     </span>
     <span class='ocr_line' id='line_1_95' title="bbox 1186 1951 2146 1995; baseline 0.002 -11"><span class='ocrx_word' id='word_1_782' title='bbox 1186 1951 1405 1984; x_wconf 83' lang='lat' dir='ltr'>mora-tionem</span> <span class='ocrx_word' id='word_1_783' title='bbox 1432 1952 1712 1994; x_wconf 84' lang='lat' dir='ltr'>praeteritorum,</span> <span class='ocrx_word' id='word_1_784' title='bbox 1737 1961 1794 1994; x_wconf 90' lang='lat' dir='ltr'>per</span> <span class='ocrx_word' id='word_1_785' title='bbox 1822 1952 2146 1995; x_wconf 71' lang='lat' dir='ltr'>circumspectionem</span> 
     </span>
     <span class='ocr_line' id='line_1_96' title="bbox 1183 2004 2061 2048; baseline 0.001 -11"><span class='ocrx_word' id='word_1_786' title='bbox 1183 2005 1414 2047; x_wconf 80' lang='lat' dir='ltr'>praesentium</span> <span class='ocrx_word' id='word_1_787' title='bbox 1437 2008 1468 2038; x_wconf 89' lang='lat' dir='ltr'>et</span> <span class='ocrx_word' id='word_1_788' title='bbox 1492 2014 1549 2047; x_wconf 88' lang='lat' dir='ltr'>per</span> <span class='ocrx_word' id='word_1_789' title='bbox 1569 2005 1790 2048; x_wconf 78' lang='lat' dir='ltr'>provisionem</span> <span class='ocrx_word' id='word_1_790' title='bbox 1812 2004 2012 2048; x_wconf 86' lang='lat' dir='ltr'>futurorum</span> <span class='ocrx_word' id='word_1_791' title='bbox 2026 2006 2061 2038; x_wconf 89' lang='lat'><strong>¹⁵.</strong></span> 
     </span>
    </p>

    <p class='ocr_par' dir='ltr' id='par_1_27' title="bbox 1184 2057 2311 2209">
     <span class='ocr_line' id='line_1_97' title="bbox 1276 2057 2311 2101; baseline 0.002 -11"><span class='ocrx_word' id='word_1_792' title='bbox 1276 2057 1379 2090; x_wconf 89' lang='lat' dir='ltr'>Primo</span> <span class='ocrx_word' id='word_1_793' title='bbox 1391 2058 1489 2100; x_wconf 86' lang='lat' dir='ltr'>igitur</span> <span class='ocrx_word' id='word_1_794' title='bbox 1505 2062 1659 2100; x_wconf 84' lang='lat' dir='ltr'>quantum</span> <span class='ocrx_word' id='word_1_795' title='bbox 1676 2059 1714 2091; x_wconf 90' lang='lat' dir='ltr'>ad</span> <span class='ocrx_word' id='word_1_796' title='bbox 1727 2059 2032 2091; x_wconf 82' lang='lat' dir='ltr'>rememorationem</span> <span class='ocrx_word' id='word_1_797' title='bbox 2045 2069 2146 2101; x_wconf 81' lang='lat' dir='ltr'>prae·</span> <span class='ocrx_word' id='word_1_798' title='bbox 2158 2067 2311 2098; x_wconf 61' lang='lat' dir='ltr'>rememora-</span> 
     </span>
     <span class='ocr_line' id='line_1_98' title="bbox 1187 2096 2309 2152; baseline 0.003 -9"><span class='ocrx_word' id='word_1_799' title='bbox 1187 2111 1362 2144; x_wconf 86' lang='lat' dir='ltr'>teritorum</span> <span class='ocrx_word' id='word_1_800' title='bbox 1385 2111 1476 2144; x_wconf 90' lang='lat' dir='ltr'>dicit:</span> <span class='ocrx_word' id='word_1_801' title='bbox 1503 2112 1543 2144; x_wconf 88' lang='lat' dir='ltr'>Et</span> <span class='ocrx_word' id='word_1_802' title='bbox 1565 2112 1653 2144; x_wconf 77' lang='lat' dir='ltr'>dixit</span> <span class='ocrx_word' id='word_1_803' title='bbox 1668 2112 1733 2144; x_wconf 86' lang='lat' dir='ltr'>eis:</span> <span class='ocrx_word' id='word_1_804' title='bbox 1752 2111 1892 2152; x_wconf 79' lang='lat' dir='ltr'>Quando</span> <span class='ocrx_word' id='word_1_805' title='bbox 1907 2112 1988 2144; x_wconf 81' lang='lat' dir='ltr'>misi</span> <span class='ocrx_word' id='word_1_806' title='bbox 2002 2122 2059 2145; x_wconf 84' lang='lat' dir='ltr'>vos</span> <span class='ocrx_word' id='word_1_807' title='bbox 2074 2114 2145 2146; x_wconf 86' lang='lat' dir='ltr'>sine</span> <span class='ocrx_word' id='word_1_808' title='bbox 2161 2096 2309 2143; x_wconf 49' lang='lat' dir='ltr'>‘&#39;t‘&#39;essffirgssf‘</span> 
     </span>
     <span class='ocr_line' id='line_1_99' title="bbox 1184 2163 2145 2209; baseline 0.003 -13"><span class='ocrx_word' id='word_1_809' title='bbox 1184 2163 1319 2196; x_wconf 81' lang='lat' dir='ltr'>saeculo</span> <span class='ocrx_word' id='word_1_810' title='bbox 1343 2167 1373 2196; x_wconf 86' lang='lat' dir='ltr'>et</span> <span class='ocrx_word' id='word_1_811' title='bbox 1393 2174 1477 2206; x_wconf 82' lang='lat' dir='ltr'>pera</span> <span class='ocrx_word' id='word_1_812' title='bbox 1509 2168 1537 2197; x_wconf 91' lang='lat' dir='ltr'>et</span> <span class='ocrx_word' id='word_1_813' title='bbox 1565 2164 1808 2203; x_wconf 83' lang='lat' dir='ltr'>calceamentis,</span> <span class='ocrx_word' id='word_1_814' title='bbox 1833 2165 1988 2208; x_wconf 82' lang='lat' dir='ltr'>nunquid</span> <span class='ocrx_word' id='word_1_815' title='bbox 2015 2165 2145 2209; x_wconf 83' lang='lat' dir='ltr'>aliquid</span> 
     </span>
    </p>
   </div>
   <div class='ocr_carea' id='block_1_8' title="bbox 1186 2215 2142 2259">
    <p class='ocr_par' dir='ltr' id='par_1_28' title="bbox 1186 2215 2142 2259">
     <span class='ocr_line' id='line_1_100' title="bbox 1186 2215 2142 2259; baseline 0.004 -11"><span class='ocrx_word' id='word_1_816' title='bbox 1186 2215 1294 2259; x_wconf 80' lang='lat' dir='ltr'>defuit</span> <span class='ocrx_word' id='word_1_817' title='bbox 1315 2216 1427 2249; x_wconf 75' lang='lat' dir='ltr'>vobis?</span> <span class='ocrx_word' id='word_1_818' title='bbox 1452 2218 1497 2250; x_wconf 90' lang='lat' dir='ltr'>At</span> <span class='ocrx_word' id='word_1_819' title='bbox 1520 2217 1570 2250; x_wconf 85' lang='lat' dir='ltr'>illi</span> <span class='ocrx_word' id='word_1_820' title='bbox 1603 2217 1777 2250; x_wconf 82' lang='lat' dir='ltr'>dixerunt:</span> <span class='ocrx_word' id='word_1_821' title='bbox 1812 2216 1911 2250; x_wconf 72' lang='lat' dir='ltr'>Nihil.</span> <span class='ocrx_word' id='word_1_822' title='bbox 1943 2218 2005 2252; x_wconf 88' lang='lat' dir='ltr'>Hoc</span> <span class='ocrx_word' id='word_1_823' title='bbox 2037 2223 2142 2253; x_wconf 90' lang='lat' dir='ltr'>autem</span> 
     </span>
    </p>
   </div>
   <div class='ocr_carea' id='block_1_9' title="bbox 1182 2404 2143 3055">
    <p class='ocr_par' dir='ltr' id='par_1_29' title="bbox 1184 2404 2143 2613">
     <span class='ocr_line' id='line_1_101' title="bbox 1185 2404 2141 2437; baseline 0 -6"><span class='ocrx_word' id='word_1_824' title='bbox 1185 2406 1277 2431; x_wconf 89' lang='lat' dir='ltr'>horam</span> <span class='ocrx_word' id='word_1_825' title='bbox 1297 2408 1405 2431; x_wconf 85' lang='lat' dir='ltr'>ventum</span> <span class='ocrx_word' id='word_1_826' title='bbox 1425 2408 1478 2436; x_wconf 68' lang='lat' dir='ltr'>est,</span> <span class='ocrx_word' id='word_1_827' title='bbox 1498 2405 1591 2430; x_wconf 79' lang='lat' dir='ltr'>salsum</span> <span class='ocrx_word' id='word_1_828' title='bbox 1611 2404 1657 2430; x_wconf 86' lang='lat' dir='ltr'>suit</span> <span class='ocrx_word' id='word_1_829' title='bbox 1676 2404 1746 2437; x_wconf 86' lang='lat' dir='ltr'>quod</span> <span class='ocrx_word' id='word_1_830' title='bbox 1768 2405 1923 2436; x_wconf 83' lang='lat' dir='ltr'>promiserat</span> <span class='ocrx_word' id='word_1_831' title='bbox 1943 2406 2031 2436; x_wconf 87' lang='lat' dir='ltr'>homo,</span> <span class='ocrx_word' id='word_1_832' title='bbox 2052 2409 2077 2431; x_wconf 87' lang='lat' dir='ltr'>et</span> <span class='ocrx_word' id='word_1_833' title='bbox 2096 2413 2141 2432; x_wconf 82' lang='lat' dir='ltr'>ve-</span> 
     </span>
     <span class='ocr_line' id='line_1_102' title="bbox 1184 2449 2141 2484; baseline 0.002 -9"><span class='ocrx_word' id='word_1_834' title='bbox 1184 2457 1243 2476; x_wconf 91' lang='lat' dir='ltr'>rum</span> <span class='ocrx_word' id='word_1_835' title='bbox 1263 2450 1387 2482; x_wconf 89' lang='lat' dir='ltr'>apparuit</span> <span class='ocrx_word' id='word_1_836' title='bbox 1399 2450 1471 2482; x_wconf 86' lang='lat' dir='ltr'>quod</span> <span class='ocrx_word' id='word_1_837' title='bbox 1485 2449 1649 2481; x_wconf 83' lang='lat' dir='ltr'>praedixerat</span> <span class='ocrx_word' id='word_1_838' title='bbox 1664 2449 1731 2474; x_wconf 87' lang='lat' dir='ltr'>Deus</span> <span class='ocrx_word' id='word_1_839' title='bbox 1744 2453 1793 2474; x_wconf 86' lang='lat' dir='ltr'>etc.</span> <span class='ocrx_word' id='word_1_840' title='bbox 1808 2449 1875 2475; x_wconf 71' lang='lat' dir='ltr'>Vide</span> <span class='ocrx_word' id='word_1_841' title='bbox 1889 2450 1966 2475; x_wconf 85' lang='lat' dir='ltr'>etiam</span> <span class='ocrx_word' id='word_1_842' title='bbox 1987 2450 2011 2475; x_wconf 83' lang='lat' dir='ltr'>S.</span> <span class='ocrx_word' id='word_1_843' title='bbox 2032 2451 2141 2484; x_wconf 80' lang='lat' dir='ltr'>Bonav.‚</span> 
     </span>
     <span class='ocr_line' id='line_1_103' title="bbox 1184 2493 2142 2527; baseline 0.002 -8"><span class='ocrx_word' id='word_1_844' title='bbox 1184 2494 1330 2520; x_wconf 90' lang='lat' dir='ltr'>Comment.</span> <span class='ocrx_word' id='word_1_845' title='bbox 1351 2494 1377 2519; x_wconf 91' lang='lat' dir='ltr'>in</span> <span class='ocrx_word' id='word_1_846' title='bbox 1396 2495 1464 2519; x_wconf 88' lang='lat' dir='ltr'>loan.</span> <span class='ocrx_word' id='word_1_847' title='bbox 1484 2500 1506 2519; x_wconf 82' lang='lat' dir='ltr'>c.</span> <span class='ocrx_word' id='word_1_848' title='bbox 1528 2494 1568 2518; x_wconf 79' lang='lat'>⁴8.</span> <span class='ocrx_word' id='word_1_849' title='bbox 1589 2500 1614 2518; x_wconf 89' lang='lat' dir='ltr'>n.</span> <span class='ocrx_word' id='word_1_850' title='bbox 1634 2493 1676 2518; x_wconf 83' lang='lat'>46.</span> <span class='ocrx_word' id='word_1_851' title='bbox 1689 2508 1723 2512; x_wconf 90' lang='lat'>—</span> <span class='ocrx_word' id='word_1_852' title='bbox 1738 2493 1880 2525; x_wconf 73' lang='lat' dir='ltr'>chrysost,</span> <span class='ocrx_word' id='word_1_853' title='bbox 1900 2494 2047 2520; x_wconf 87' lang='lat' dir='ltr'>Homil.82.</span> <span class='ocrx_word' id='word_1_854' title='bbox 2068 2495 2142 2527; x_wconf 80' lang='lat' dir='ltr'>(alias</span> 
     </span>
     <span class='ocr_line' id='line_1_104' title="bbox 1185 2537 2143 2571; baseline 0 -7"><span class='ocrx_word' id='word_1_855' title='bbox 1185 2538 1238 2571; x_wconf 85' lang='lat'><strong>83.)</strong></span> <span class='ocrx_word' id='word_1_856' title='bbox 1264 2538 1289 2563; x_wconf 95' lang='lat' dir='ltr'>in</span> <span class='ocrx_word' id='word_1_857' title='bbox 1318 2538 1404 2563; x_wconf 82' lang='lat' dir='ltr'>Matth.</span> <span class='ocrx_word' id='word_1_858' title='bbox 1433 2544 1460 2562; x_wconf 92' lang='grc'>11.</span> <span class='ocrx_word' id='word_1_859' title='bbox 1489 2537 1523 2562; x_wconf 82' lang='lat'>3:</span> <span class='ocrx_word' id='word_1_860' title='bbox 1543 2537 1642 2562; x_wconf 86' lang='lat' dir='ltr'>idcirco</span> <span class='ocrx_word' id='word_1_861' title='bbox 1662 2537 1733 2563; x_wconf 77' lang='lat' dir='ltr'>illum</span> <span class='ocrx_word' id='word_1_862' title='bbox 1753 2537 1883 2569; x_wconf 84' lang='lat' dir='ltr'>cohibuit,</span> <span class='ocrx_word' id='word_1_863' title='bbox 1906 2545 1956 2563; x_wconf 91' lang='lat' dir='ltr'>non</span> <span class='ocrx_word' id='word_1_864' title='bbox 1976 2538 2010 2564; x_wconf 88' lang='lat' dir='ltr'>ad</span> <span class='ocrx_word' id='word_1_865' title='bbox 2028 2539 2143 2571; x_wconf 81' lang='lat' dir='ltr'>negatio-</span> 
     </span>
     <span class='ocr_line' id='line_1_105' title="bbox 1184 2580 1652 2613; baseline -0.004 -5"><span class='ocrx_word' id='word_1_866' title='bbox 1184 2589 1245 2608; x_wconf 89' lang='lat' dir='ltr'>nem</span> <span class='ocrx_word' id='word_1_867' title='bbox 1266 2582 1415 2613; x_wconf 75' lang='lat' dir='ltr'>impellens,</span> <span class='ocrx_word' id='word_1_868' title='bbox 1435 2580 1516 2612; x_wconf 84' lang='lat' dir='ltr'>absit,</span> <span class='ocrx_word' id='word_1_869' title='bbox 1535 2580 1583 2606; x_wconf 89' lang='lat' dir='ltr'>sed</span> <span class='ocrx_word' id='word_1_870' title='bbox 1599 2584 1652 2606; x_wconf 80' lang='lat' dir='ltr'>etc.</span> 
     </span>
    </p>

    <p class='ocr_par' dir='ltr' id='par_1_30' title="bbox 1183 2624 2143 2747">
     <span class='ocr_line' id='line_1_106' title="bbox 1255 2624 2143 2662; baseline 0.002 -11"><span class='ocrx_word' id='word_1_871' title='bbox 1255 2625 1265 2640; x_wconf 73' lang='lat'>⁵</span> <span class='ocrx_word' id='word_1_872' title='bbox 1286 2626 1386 2652; x_wconf 84' lang='lat' dir='ltr'>Scilicet</span> <span class='ocrx_word' id='word_1_873' title='bbox 1405 2624 1546 2652; x_wconf 81' lang='lat' dir='ltr'>ordinaria</span> <span class='ocrx_word' id='word_1_874' title='bbox 1566 2624 1608 2657; x_wconf 88' lang='lat' dir='ltr'>(ex</span> <span class='ocrx_word' id='word_1_875' title='bbox 1627 2625 1721 2658; x_wconf 85' lang='lat' dir='ltr'>Beda),</span> <span class='ocrx_word' id='word_1_876' title='bbox 1742 2626 1767 2651; x_wconf 92' lang='lat' dir='ltr'>in</span> <span class='ocrx_word' id='word_1_877' title='bbox 1786 2626 1861 2651; x_wconf 82' lang='lat' dir='ltr'>cuius</span> <span class='ocrx_word' id='word_1_878' title='bbox 1889 2626 2017 2658; x_wconf 83' lang='lat' dir='ltr'>principio</span> <span class='ocrx_word' id='word_1_879' title='bbox 2036 2627 2143 2662; x_wconf 73' lang='lat' dir='ltr'>respici-</span> 
     </span>
     <span class='ocr_line' id='line_1_107' title="bbox 1183 2669 2140 2702; baseline 0 -6"><span class='ocrx_word' id='word_1_880' title='bbox 1183 2673 1225 2696; x_wconf 87' lang='lat' dir='ltr'>tur</span> <span class='ocrx_word' id='word_1_881' title='bbox 1236 2671 1304 2696; x_wconf 85' lang='lat' dir='ltr'>loan.</span> <span class='ocrx_word' id='word_1_882' title='bbox 1325 2671 1353 2702; x_wconf 86' lang='lat'>2,</span> <span class='ocrx_word' id='word_1_883' title='bbox 1367 2669 1414 2694; x_wconf 83' lang='lat'>25:</span> <span class='ocrx_word' id='word_1_884' title='bbox 1429 2670 1486 2701; x_wconf 83' lang='lat' dir='ltr'>lpse</span> <span class='ocrx_word' id='word_1_885' title='bbox 1498 2669 1568 2694; x_wconf 88' lang='lat' dir='ltr'>enim</span> <span class='ocrx_word' id='word_1_886' title='bbox 1582 2669 1688 2700; x_wconf 86' lang='lat' dir='ltr'>sciebat,</span> <span class='ocrx_word' id='word_1_887' title='bbox 1702 2670 1766 2702; x_wconf 88' lang='lat' dir='ltr'>quid</span> <span class='ocrx_word' id='word_1_888' title='bbox 1779 2673 1848 2695; x_wconf 83' lang='lat' dir='ltr'>esset</span> <span class='ocrx_word' id='word_1_889' title='bbox 1860 2670 1887 2695; x_wconf 93' lang='lat' dir='ltr'>in</span> <span class='ocrx_word' id='word_1_890' title='bbox 1901 2670 2014 2696; x_wconf 86' lang='lat' dir='ltr'>homine.</span> <span class='ocrx_word' id='word_1_891' title='bbox 2029 2671 2048 2696; x_wconf 85' lang='grc' dir='ltr'>Α</span> <span class='ocrx_word' id='word_1_892' title='bbox 2059 2670 2078 2697; x_wconf 94' lang='lat' dir='ltr'>C</span> <span class='ocrx_word' id='word_1_893' title='bbox 2089 2671 2110 2696; x_wconf 92' lang='lat' dir='ltr'>D</span> <span class='ocrx_word' id='word_1_894' title='bbox 2120 2672 2140 2696; x_wconf 90' lang='lat' dir='ltr'>G</span> 
     </span>
     <span class='ocr_line' id='line_1_108' title="bbox 1183 2712 1782 2747; baseline -0.003 -6"><span class='ocrx_word' id='word_1_895' title='bbox 1183 2715 1305 2741; x_wconf 90' lang='lat' dir='ltr'>omittunt</span> <span class='ocrx_word' id='word_1_896' title='bbox 1323 2713 1365 2740; x_wconf 75' lang='lat' dir='ltr'>vel</span> <span class='ocrx_word' id='word_1_897' title='bbox 1383 2713 1414 2740; x_wconf 85' lang='lat' dir='ltr'>de</span> <span class='ocrx_word' id='word_1_898' title='bbox 1433 2720 1497 2740; x_wconf 79' lang='lat' dir='ltr'>casu</span> <span class='ocrx_word' id='word_1_899' title='bbox 1519 2712 1653 2740; x_wconf 80' lang='lat' dir='ltr'>incautius</span> <span class='ocrx_word' id='word_1_900' title='bbox 1673 2713 1782 2747; x_wconf 74' lang='lat' dir='ltr'>diffidat.</span> 
     </span>
    </p>

    <p class='ocr_par' dir='ltr' id='par_1_31' title="bbox 1183 2757 2141 2835">
     <span class='ocr_line' id='line_1_109' title="bbox 1254 2757 2141 2791; baseline 0.002 -8"><span class='ocrx_word' id='word_1_901' title='bbox 1254 2757 1265 2773; x_wconf 81' lang='lat'>⁰</span> <span class='ocrx_word' id='word_1_902' title='bbox 1285 2759 1377 2784; x_wconf 79' lang='lat' dir='ltr'>Psalm.</span> <span class='ocrx_word' id='word_1_903' title='bbox 1392 2758 1442 2783; x_wconf 85' lang='lat'>⁴02</span> <span class='ocrx_word' id='word_1_904' title='bbox 1452 2778 1458 2789; x_wconf 89' lang='lat'>,</span> <span class='ocrx_word' id='word_1_905' title='bbox 1472 2758 1519 2789; x_wconf 87' lang='lat'>⁴3,</span> <span class='ocrx_word' id='word_1_906' title='bbox 1532 2758 1628 2784; x_wconf 89' lang='lat' dir='ltr'>deinde</span> <span class='ocrx_word' id='word_1_907' title='bbox 1642 2758 1689 2790; x_wconf 84' lang='lat'>93,</span> <span class='ocrx_word' id='word_1_908' title='bbox 1706 2759 1732 2783; x_wconf 83' lang='lat'>⁴⁴</span> <span class='ocrx_word' id='word_1_909' title='bbox 1746 2767 1751 2783; x_wconf 94' lang='lat'><strong>:</strong></span> <span class='ocrx_word' id='word_1_910' title='bbox 1770 2758 1896 2784; x_wconf 87' lang='lat' dir='ltr'>Dominus</span> <span class='ocrx_word' id='word_1_911' title='bbox 1910 2759 1957 2784; x_wconf 85' lang='lat' dir='ltr'>scit</span> <span class='ocrx_word' id='word_1_912' title='bbox 1971 2759 2141 2791; x_wconf 79' lang='lat' dir='ltr'>cogitationes</span> 
     </span>
     <span class='ocr_line' id='line_1_110' title="bbox 1183 2802 2088 2835; baseline 0 -6"><span class='ocrx_word' id='word_1_913' title='bbox 1183 2803 1331 2834; x_wconf 90' lang='lat' dir='ltr'>hominum,</span> <span class='ocrx_word' id='word_1_914' title='bbox 1350 2802 1475 2835; x_wconf 87' lang='lat' dir='ltr'>quoniam</span> <span class='ocrx_word' id='word_1_915' title='bbox 1495 2809 1579 2828; x_wconf 78' lang='lat' dir='ltr'>vanae</span> <span class='ocrx_word' id='word_1_916' title='bbox 1598 2805 1666 2828; x_wconf 85' lang='lat' dir='ltr'>sunt.</span> <span class='ocrx_word' id='word_1_917' title='bbox 1685 2816 1721 2821; x_wconf 97' lang='lat'><strong>—</strong></span> <span class='ocrx_word' id='word_1_918' title='bbox 1739 2803 1862 2835; x_wconf 88' lang='lat' dir='ltr'>Sequitur</span> <span class='ocrx_word' id='word_1_919' title='bbox 1881 2803 1958 2828; x_wconf 83' lang='lat' dir='ltr'>Prov.</span> <span class='ocrx_word' id='word_1_920' title='bbox 1978 2804 2026 2835; x_wconf 84' lang='lat'>28,</span> <span class='ocrx_word' id='word_1_921' title='bbox 2046 2804 2088 2829; x_wconf 86' lang='lat'>26.</span> 
     </span>
    </p>

    <p class='ocr_par' dir='ltr' id='par_1_32' title="bbox 1182 2846 2140 2961">
     <span class='ocr_line' id='line_1_111' title="bbox 1254 2846 2140 2879; baseline 0 -7"><span class='ocrx_word' id='word_1_922' title='bbox 1254 2846 1276 2861; x_wconf 90' lang='lat'>¹⁰</span> <span class='ocrx_word' id='word_1_923' title='bbox 1295 2847 1347 2873; x_wconf 84' lang='lat' dir='ltr'>Cfr.</span> <span class='ocrx_word' id='word_1_924' title='bbox 1365 2847 1393 2872; x_wconf 94' lang='lat' dir='ltr'>ll.</span> <span class='ocrx_word' id='word_1_925' title='bbox 1413 2847 1480 2872; x_wconf 79' lang='lat' dir='ltr'>sent.</span> <span class='ocrx_word' id='word_1_926' title='bbox 1501 2847 1528 2872; x_wconf 94' lang='lat' dir='ltr'>d.</span> <span class='ocrx_word' id='word_1_927' title='bbox 1549 2846 1572 2872; x_wconf 70' lang='lat' dir='ltr'>t.</span> <span class='ocrx_word' id='word_1_928' title='bbox 1592 2854 1614 2872; x_wconf 83' lang='lat' dir='ltr'>a.</span> <span class='ocrx_word' id='word_1_929' title='bbox 1635 2848 1659 2872; x_wconf 87' lang='lat'>2.</span> <span class='ocrx_word' id='word_1_930' title='bbox 1678 2854 1705 2879; x_wconf 89' lang='lat' dir='ltr'><strong>q.</strong></span> <span class='ocrx_word' id='word_1_931' title='bbox 1725 2848 1748 2872; x_wconf 88' lang='lat'>2.</span> <span class='ocrx_word' id='word_1_932' title='bbox 1769 2847 1802 2872; x_wconf 87' lang='lat' dir='ltr'>ad</span> <span class='ocrx_word' id='word_1_933' title='bbox 1826 2848 1847 2871; x_wconf 89' lang='lat' dir='ltr'>l.</span> <span class='ocrx_word' id='word_1_934' title='bbox 1866 2850 1892 2872; x_wconf 93' lang='lat' dir='ltr'>et</span> <span class='ocrx_word' id='word_1_935' title='bbox 1917 2848 1934 2872; x_wconf 93' lang='lat' dir='ltr'>l.</span> <span class='ocrx_word' id='word_1_936' title='bbox 1955 2847 2024 2872; x_wconf 75' lang='lat' dir='ltr'>Seni..</span> <span class='ocrx_word' id='word_1_937' title='bbox 2051 2847 2077 2872; x_wconf 90' lang='lat' dir='ltr'>d.</span> <span class='ocrx_word' id='word_1_938' title='bbox 2098 2847 2140 2873; x_wconf 73' lang='lat'>40.</span> 
     </span>
     <span class='ocr_line' id='line_1_112' title="bbox 1182 2890 2139 2923; baseline -0.001 -6"><span class='ocrx_word' id='word_1_939' title='bbox 1182 2891 1246 2918; x_wconf 81' lang='lat' dir='ltr'>dub.</span> <span class='ocrx_word' id='word_1_940' title='bbox 1266 2892 1290 2917; x_wconf 88' lang='grc'>6.</span> <span class='ocrx_word' id='word_1_941' title='bbox 1310 2891 1424 2916; x_wconf 84' lang='lat' dir='ltr'>Eandem</span> <span class='ocrx_word' id='word_1_942' title='bbox 1444 2891 1626 2923; x_wconf 83' lang='lat' dir='ltr'>quaestionem</span> <span class='ocrx_word' id='word_1_943' title='bbox 1645 2894 1795 2923; x_wconf 87' lang='lat' dir='ltr'>proponunt</span> <span class='ocrx_word' id='word_1_944' title='bbox 1815 2891 1864 2916; x_wconf 86' lang='lat' dir='ltr'>lioc</span> <span class='ocrx_word' id='word_1_945' title='bbox 1883 2891 1940 2917; x_wconf 85' lang='lat' dir='ltr'>loco</span> <span class='ocrx_word' id='word_1_946' title='bbox 1958 2890 2034 2917; x_wconf 83' lang='lat' dir='ltr'>Card.</span> <span class='ocrx_word' id='word_1_947' title='bbox 2054 2891 2139 2922; x_wconf 81' lang='lat' dir='ltr'>Ilugo,</span> 
     </span>
     <span class='ocr_line' id='line_1_113' title="bbox 1182 2934 1535 2961; baseline -0.003 0"><span class='ocrx_word' id='word_1_948' title='bbox 1182 2936 1210 2961; x_wconf 91' lang='lat' dir='ltr'>B.</span> <span class='ocrx_word' id='word_1_949' title='bbox 1230 2934 1326 2961; x_wconf 78' lang='lat' dir='ltr'>Albert.</span> <span class='ocrx_word' id='word_1_950' title='bbox 1347 2938 1373 2960; x_wconf 90' lang='lat' dir='ltr'>et</span> <span class='ocrx_word' id='word_1_951' title='bbox 1391 2935 1535 2960; x_wconf 86' lang='lat' dir='ltr'>Gorranus.</span> 
     </span>
    </p>

    <p class='ocr_par' dir='ltr' id='par_1_33' title="bbox 1253 2978 1431 3004">
     <span class='ocr_line' id='line_1_114' title="bbox 1253 2978 1431 3004; baseline 0 0"><span class='ocrx_word' id='word_1_952' title='bbox 1253 2978 1274 2994; x_wconf 88' lang='lat'>¹¹</span> <span class='ocrx_word' id='word_1_953' title='bbox 1296 2980 1369 3004; x_wconf 83' lang='lat' dir='ltr'>Vers.</span> <span class='ocrx_word' id='word_1_954' title='bbox 1388 2979 1431 3004; x_wconf 89' lang='lat'>30.</span> 
     </span>
    </p>

    <p class='ocr_par' dir='ltr' id='par_1_34' title="bbox 1252 3022 2139 3055">
     <span class='ocr_line' id='line_1_115' title="bbox 1252 3022 2139 3055; baseline -0.001 -7"><span class='ocrx_word' id='word_1_955' title='bbox 1252 3022 1274 3037; x_wconf 81' lang='lat'>¹²</span> <span class='ocrx_word' id='word_1_956' title='bbox 1294 3022 1376 3049; x_wconf 92' lang='lat' dir='ltr'>Codd.</span> <span class='ocrx_word' id='word_1_957' title='bbox 1396 3023 1417 3048; x_wconf 83' lang='grc' dir='ltr'>Α</span> <span class='ocrx_word' id='word_1_958' title='bbox 1427 3022 1445 3048; x_wconf 93' lang='lat' dir='ltr'>C</span> <span class='ocrx_word' id='word_1_959' title='bbox 1457 3023 1478 3048; x_wconf 95' lang='lat' dir='ltr'>D</span> <span class='ocrx_word' id='word_1_960' title='bbox 1488 3023 1510 3048; x_wconf 85' lang='lat' dir='ltr'>H</span> <span class='ocrx_word' id='word_1_961' title='bbox 1523 3023 1646 3049; x_wconf 87' lang='lat' dir='ltr'>omittunt</span> <span class='ocrx_word' id='word_1_962' title='bbox 1659 3022 1769 3049; x_wconf 60' lang='lat' dir='ltr'>tribuim.</span> <span class='ocrx_word' id='word_1_963' title='bbox 1784 3035 1819 3041; x_wconf 92' lang='lat'>—</span> <span class='ocrx_word' id='word_1_964' title='bbox 1833 3022 1958 3054; x_wconf 85' lang='lat' dir='ltr'>Superius</span> <span class='ocrx_word' id='word_1_965' title='bbox 1971 3029 2020 3054; x_wconf 87' lang='lat' dir='ltr'>pro</span> <span class='ocrx_word' id='word_1_966' title='bbox 2032 3029 2139 3055; x_wconf 79' lang='lat' dir='ltr'>respon-</span> 
     </span>
    </p>
   </div>
   <div class='ocr_carea' id='block_1_10' title="bbox 1179 3066 2138 3452">
    <p class='ocr_par' dir='ltr' id='par_1_35' title="bbox 1181 3066 1574 3101">
     <span class='ocr_line' id='line_1_116' title="bbox 1181 3066 1574 3101; baseline -0.003 -7"><span class='ocrx_word' id='word_1_967' title='bbox 1181 3067 1261 3094; x_wconf 83' lang='lat' dir='ltr'>detur</span> <span class='ocrx_word' id='word_1_968' title='bbox 1280 3067 1299 3093; x_wconf 92' lang='lat' dir='ltr'>C</span> <span class='ocrx_word' id='word_1_969' title='bbox 1310 3067 1331 3092; x_wconf 90' lang='lat' dir='ltr'>D</span> <span class='ocrx_word' id='word_1_970' title='bbox 1349 3066 1574 3101; x_wconf 79' lang='lat' dir='ltr'>respondendum.</span> 
     </span>
    </p>

    <p class='ocr_par' dir='ltr' id='par_1_36' title="bbox 1181 3109 2138 3188">
     <span class='ocr_line' id='line_1_117' title="bbox 1252 3109 2137 3142; baseline 0 -6"><span class='ocrx_word' id='word_1_971' title='bbox 1252 3110 1274 3126; x_wconf 77' lang='lat'>¹⁸</span> <span class='ocrx_word' id='word_1_972' title='bbox 1293 3110 1344 3137; x_wconf 80' lang='lat' dir='ltr'>Cir.</span> <span class='ocrx_word' id='word_1_973' title='bbox 1364 3111 1388 3136; x_wconf 91' lang='lat' dir='ltr'>S.</span> <span class='ocrx_word' id='word_1_974' title='bbox 1409 3111 1516 3142; x_wconf 71' lang='lat' dir='ltr'>Bonav..</span> <span class='ocrx_word' id='word_1_975' title='bbox 1536 3110 1682 3137; x_wconf 84' lang='lat' dir='ltr'>Comment.</span> <span class='ocrx_word' id='word_1_976' title='bbox 1701 3110 1728 3136; x_wconf 90' lang='lat' dir='ltr'>in</span> <span class='ocrx_word' id='word_1_977' title='bbox 1746 3111 1814 3136; x_wconf 84' lang='lat' dir='ltr'>Ioan.</span> <span class='ocrx_word' id='word_1_978' title='bbox 1834 3117 1857 3135; x_wconf 91' lang='lat' dir='ltr'>c.</span> <span class='ocrx_word' id='word_1_979' title='bbox 1872 3110 1920 3135; x_wconf 70' lang='lat'><strong>⁴⁴8.</strong></span> <span class='ocrx_word' id='word_1_980' title='bbox 1935 3109 2017 3135; x_wconf 83' lang='grc'>11.50.</span> <span class='ocrx_word' id='word_1_981' title='bbox 2037 3123 2072 3129; x_wconf 97' lang='lat'>—</span> <span class='ocrx_word' id='word_1_982' title='bbox 2090 3111 2137 3136; x_wconf 80' lang='lat' dir='ltr'>Pro</span> 
     </span>
     <span class='ocr_line' id='line_1_118' title="bbox 1181 3153 2138 3188; baseline -0.002 -6"><span class='ocrx_word' id='word_1_983' title='bbox 1181 3155 1284 3182; x_wconf 78' lang='lat' dir='ltr'>trinam</span> <span class='ocrx_word' id='word_1_984' title='bbox 1302 3154 1485 3188; x_wconf 62' lang='lat' dir='ltr'>necationem,</span> <span class='ocrx_word' id='word_1_985' title='bbox 1508 3155 1580 3187; x_wconf 89' lang='lat' dir='ltr'>quod</span> <span class='ocrx_word' id='word_1_986' title='bbox 1600 3154 1641 3180; x_wconf 91' lang='lat' dir='ltr'>bis</span> <span class='ocrx_word' id='word_1_987' title='bbox 1660 3154 1786 3185; x_wconf 85' lang='lat' dir='ltr'>occurrit,</span> <span class='ocrx_word' id='word_1_988' title='bbox 1806 3153 1824 3179; x_wconf 94' lang='lat' dir='ltr'>C</span> <span class='ocrx_word' id='word_1_989' title='bbox 1838 3153 1945 3180; x_wconf 65' lang='lat' dir='ltr'>tertium</span> <span class='ocrx_word' id='word_1_990' title='bbox 1959 3154 2138 3188; x_wconf 64' lang='lat' dir='ltr'>necationem.</span> 
     </span>
    </p>

    <p class='ocr_par' dir='ltr' id='par_1_37' title="bbox 1252 3198 1552 3231">
     <span class='ocr_line' id='line_1_119' title="bbox 1252 3198 1552 3231; baseline -0.007 -5"><span class='ocrx_word' id='word_1_991' title='bbox 1252 3199 1275 3214; x_wconf 84' lang='lat'>¹¹</span> <span class='ocrx_word' id='word_1_992' title='bbox 1294 3199 1345 3226; x_wconf 66' lang='lat' dir='ltr'>Cir.</span> <span class='ocrx_word' id='word_1_993' title='bbox 1364 3206 1444 3231; x_wconf 84' lang='lat' dir='ltr'>supra</span> <span class='ocrx_word' id='word_1_994' title='bbox 1463 3206 1490 3224; x_wconf 90' lang='lat' dir='ltr'>n.</span> <span class='ocrx_word' id='word_1_995' title='bbox 1510 3198 1552 3225; x_wconf 69' lang='grc'>61.</span> 
     </span>
    </p>

    <p class='ocr_par' dir='ltr' id='par_1_38' title="bbox 1179 3240 2138 3410">
     <span class='ocr_line' id='line_1_120' title="bbox 1251 3240 2138 3275; baseline -0.001 -6"><span class='ocrx_word' id='word_1_996' title='bbox 1251 3242 1274 3258; x_wconf 75' lang='lat'>²⁵</span> <span class='ocrx_word' id='word_1_997' title='bbox 1292 3243 1476 3275; x_wconf 84' lang='lat' dir='ltr'>Respiciuntur</span> <span class='ocrx_word' id='word_1_998' title='bbox 1494 3245 1546 3269; x_wconf 82' lang='lat' dir='ltr'>tres</span> <span class='ocrx_word' id='word_1_999' title='bbox 1564 3245 1651 3274; x_wconf 80' lang='lat' dir='ltr'>partes</span> <span class='ocrx_word' id='word_1_1000' title='bbox 1670 3241 1824 3274; x_wconf 84' lang='lat' dir='ltr'>prudentiae</span> <span class='ocrx_word' id='word_1_1001' title='bbox 1837 3248 1851 3267; x_wconf 88' lang='lat' dir='ltr'>a</span> <span class='ocrx_word' id='word_1_1002' title='bbox 1866 3240 1991 3268; x_wconf 87' lang='lat' dir='ltr'>Cicerone</span> <span class='ocrx_word' id='word_1_1003' title='bbox 2004 3249 2138 3268; x_wconf 86' lang='lat' dir='ltr'>enumera-</span> 
     </span>
     <span class='ocr_line' id='line_1_121' title="bbox 1180 3285 2136 3319; baseline -0.001 -6"><span class='ocrx_word' id='word_1_1004' title='bbox 1180 3290 1235 3318; x_wconf 72' lang='lat' dir='ltr'>tae,</span> <span class='ocrx_word' id='word_1_1005' title='bbox 1262 3287 1317 3313; x_wconf 84' lang='lat' dir='ltr'>scil.</span> <span class='ocrx_word' id='word_1_1006' title='bbox 1346 3287 1488 3319; x_wconf 80' lang='lat' dir='ltr'>memoria,</span> <span class='ocrx_word' id='word_1_1007' title='bbox 1511 3286 1677 3318; x_wconf 77' lang='lat' dir='ltr'>intelligentia</span> <span class='ocrx_word' id='word_1_1008' title='bbox 1703 3289 1728 3311; x_wconf 85' lang='lat' dir='ltr'>et</span> <span class='ocrx_word' id='word_1_1009' title='bbox 1755 3285 1929 3318; x_wconf 75' lang='lat' dir='ltr'>providentia.</span> <span class='ocrx_word' id='word_1_1010' title='bbox 1962 3286 2030 3312; x_wconf 68' lang='lat' dir='ltr'>Vide</span> <span class='ocrx_word' id='word_1_1011' title='bbox 2057 3293 2136 3318; x_wconf 84' lang='lat' dir='ltr'>supra</span> 
     </span>
     <span class='ocr_line' id='line_1_122' title="bbox 1180 3329 2137 3364; baseline 0 -7"><span class='ocrx_word' id='word_1_1012' title='bbox 1180 3338 1203 3357; x_wconf 91' lang='lat' dir='ltr'>c.</span> <span class='ocrx_word' id='word_1_1013' title='bbox 1222 3331 1264 3357; x_wconf 82' lang='lat'>20.</span> <span class='ocrx_word' id='word_1_1014' title='bbox 1283 3338 1308 3357; x_wconf 89' lang='grc'>11.</span> <span class='ocrx_word' id='word_1_1015' title='bbox 1329 3331 1371 3357; x_wconf 78' lang='lat'>52.</span> <span class='ocrx_word' id='word_1_1016' title='bbox 1391 3334 1416 3357; x_wconf 87' lang='lat' dir='ltr'>et</span> <span class='ocrx_word' id='word_1_1017' title='bbox 1435 3334 1497 3356; x_wconf 88' lang='lat' dir='ltr'>tom.</span> <span class='ocrx_word' id='word_1_1018' title='bbox 1517 3330 1553 3356; x_wconf 87' lang='lat' dir='ltr'>lll.</span> <span class='ocrx_word' id='word_1_1019' title='bbox 1573 3337 1634 3362; x_wconf 81' lang='lat' dir='ltr'>pag.</span> <span class='ocrx_word' id='word_1_1020' title='bbox 1654 3329 1721 3360; x_wconf 85' lang='lat'>728,</span> <span class='ocrx_word' id='word_1_1021' title='bbox 1739 3332 1829 3355; x_wconf 80' lang='lat' dir='ltr'>notam</span> <span class='ocrx_word' id='word_1_1022' title='bbox 1849 3330 1873 3355; x_wconf 84' lang='lat'>6.</span> <span class='ocrx_word' id='word_1_1023' title='bbox 1894 3330 1943 3356; x_wconf 81' lang='lat' dir='ltr'>Pro</span> <span class='ocrx_word' id='word_1_1024' title='bbox 1953 3330 2137 3364; x_wconf 78' lang='lat' dir='ltr'>provisionem</span> 
     </span>
     <span class='ocr_line' id='line_1_123' title="bbox 1179 3373 1792 3410; baseline -0.005 -8"><span class='ocrx_word' id='word_1_1025' title='bbox 1179 3376 1201 3402; x_wconf 94' lang='lat' dir='ltr'>D</span> <span class='ocrx_word' id='word_1_1026' title='bbox 1219 3374 1413 3410; x_wconf 77' lang='lat' dir='ltr'>praevisionem</span> <span class='ocrx_word' id='word_1_1027' title='bbox 1421 3384 1432 3408; x_wconf 89' lang='grc'>,-</span> <span class='ocrx_word' id='word_1_1028' title='bbox 1451 3375 1496 3400; x_wconf 78' lang='lat' dir='ltr'>cir.</span> <span class='ocrx_word' id='word_1_1029' title='bbox 1517 3376 1603 3400; x_wconf 74' lang='lat' dir='ltr'>tamen</span> <span class='ocrx_word' id='word_1_1030' title='bbox 1622 3373 1685 3399; x_wconf 74' lang='lat' dir='ltr'>intra</span> <span class='ocrx_word' id='word_1_1031' title='bbox 1704 3381 1730 3399; x_wconf 92' lang='lat' dir='ltr'>n.</span> <span class='ocrx_word' id='word_1_1032' title='bbox 1751 3373 1792 3400; x_wconf 69' lang='lat'>49.</span> 
     </span>
    </p>

    <p class='ocr_par' dir='ltr' id='par_1_39' title="bbox 1996 3426 2030 3452">
     <span class='ocr_line' id='line_1_124' title="bbox 1996 3426 2030 3452; baseline 0 0"><span class='ocrx_word' id='word_1_1033' title='bbox 1996 3426 2030 3452; x_wconf 90' lang='grc'>70</span> 
     </span>
    </p>
   </div>
  </div>
 </body>
</html>
