2476 3921
45 449 158 477 discipulo-

27 503 172 527 traducuntur.

0 1086 1 1140 i
28 1113 109 1139 Primo,
124 1118 171 1134 eru-

0 1147 1 1184 3
31 1139 167 1189 asae

29 1199 67 1222 per
78 1194 176 1221 quatuor.

69 1379 171 1402 Primum.

53 1539 164 1561 irruebant

43 1566 172 1594 ignorantes.

85 1752 172 1774 infirmi.

43 1965 175 1987 Peccatores.

27 483 73 500 rum
90 476 131 498 tria
144 475 176 496 in-

798 161 991 194 COMMENT.
1017 161 1053 194 lN
1079 160 1316 193 EVANGELIUM
1341 160 1457 193 LUCAE
1482 161 1513 193 C.
1539 161 1574 193 V.

188 254 399 298 confirmatio
422 262 479 296 per
504 252 717 295 operationem
739 250 965 283 miraculorum
982 251 1006 281 ¹:
1033 250 1073 281 Et
1099 247 1153 291 fa-

188 312 278 342 ctum
301 311 364 347 est,
388 316 465 340 cum
489 309 568 338 esset
592 305 628 338 in
652 314 723 337 una
747 304 920 336 civitatum
943 306 1002 336 etc.

278 361 321 394 Ad
344 360 547 393 vocationem
569 361 674 391 autem
699 356 943 399 discipulorum
967 356 1028 388 tria
1055 356 1153 388 intro-

28 422 174 447 novoeatione
188 415 369 449 ducuntur:
394 413 533 456 primum
556 415 604 445 est
627 410 771 444 eruditio
791 409 910 452 populi
917 421 929 448 ,·
961 408 1153 448 secundum,

189 467 337 511 operatio
353 466 529 504 miraculi,
547 465 587 498 ibi
602 465 629 497 2:
648 464 687 497 Ut
698 463 838 496 cessavit
853 467 964 495 autem
977 461 1067 506 loqui
1078 465 1152 501 etc.;

189 521 319 555 tertium
350 523 398 553 est
420 519 549 552 vocatio
573 517 684 556 Petri,
710 516 773 549 ibi:
799 516 895 557 Quod
923 525 999 548 cum
1030 515 1154 548 videret

190 574 305 608 Simon
330 573 460 605 Petrus.
483 571 621 604 Primum
639 570 755 602 horum
777 572 896 611 spectat
912 568 951 601 ad
971 567 1153 610 profuncti-

190 631 288 661 tatem
303 625 501 668 sapientiae,
522 633 579 666 per
595 632 690 666 quam
708 622 785 655 alios
800 622 945 661 docebat3
963 621 1136 654 secundum
1146 647 1153 660 ,

189 681 229 714 ad
251 679 487 713 sublimitatem
509 676 691 720 potentiae,
716 685 773 718 per
797 684 892 718 quam
925 675 1079 708 miracula
1110 674 1154 707 fa-

189 734 311 773 ciebat;
337 732 484 771 tertium,
508 731 547 764 ad
571 730 825 763 immensitatem
856 728 1058 767 clementiae,
1091 737 1155 771 qua

189 787 361 830 piscatores
384 784 595 828 pauperculos
618 783 658 816 ad
681 792 775 816 suum
796 782 990 816 consortium
1015 782 1154 815 attrabe-

189 841 306 874 bat-Et
330 840 447 873 habent
463 848 496 872 se
520 838 580 871 ista
595 847 652 880 per
672 837 830 876 ordinem,
848 837 923 879 quia
946 836 1154 869 circumstan-

190 894 251 927 tiae
274 892 492 926 instructionis
518 891 624 934 populi
648 891 781 924 fuerunt
799 889 1010 923 introductiva
1033 889 1154 922 occasio

189 946 381 990 operationis
404 945 564 984 miraculi,
589 948 621 977 et
651 944 792 986 operatio
816 943 959 976 miraculi
990 943 1050 976 fuit
1073 943 1154 976 ratio

189 1000 305 1033 motiva
329 999 542 1032 conversionis
565 998 646 1031 Petri
671 1001 703 1031 et
725 998 864 1030 filiorum
889 997 1048 1030 Zebedaei.

279 1052 476 1086 Describitur
504 1061 580 1094 ergo
610 1051 755 1084 eruditio
776 1050 895 1093 populi
925 1050 985 1083 sub
1016 1053 1154 1093 quatuor

190 1106 452 1145 circumstantiis,
488 1113 570 1147 quae
606 1104 804 1144 induxerunt
838 1103 876 1136 ad
909 1103 1084 1145 captionem
1109 1103 1155 1145 pi-

191 1159 301 1193 scium.
326 1159 430 1192 Prima
453 1163 500 1192 est
524 1158 763 1200 importunitas
777 1157 897 1200 plebi-s,-
922 1157 1074 1195 secunda,
1099 1167 1155 1199 op-

187 1213 382 1256 portunitas
405 1212 520 1250 navis;
547 1212 655 1251 tertia,
680 1210 860 1244 obedientia
879 1210 1023 1243 Simonis
1045 1210 1155 1248 Petri,-

191 1269 322 1309 quarta,
348 1265 523 1308 affluentia
546 1265 710 1297 sermonis
733 1264 902 1296 dominici.

281 1321 310 1353 2.
336 1319 438 1359 (Vers.
473 1318 524 1358 l.).
550 1318 655 1350 Primo
678 1317 774 1359 igitur
792 1317 932 1359 tangitur
955 1317 1155 1359 importuni-

191 1376 243 1405 tas
263 1372 367 1415 plebis
390 1371 542 1404 irruentis
567 1371 597 1402 in
622 1379 695 1402 eum
713 1374 842 1412 propter
865 1370 1058 1408 doctrinam,
1082 1379 1154 1403 cum

190 1425 322 1459 dicitur:
349 1425 492 1457 Factum
522 1428 569 1456 est
592 1427 719 1462 autem,
744 1433 820 1456 cum
845 1423 964 1456 turbae
987 1424 1157 1456 irruerent

192 1480 228 1512 in
251 1489 345 1517 eum,
370 1483 408 1510 ut
430 1477 589 1510 audirent
611 1477 745 1509 verbum
774 1477 840 1509 Dei.
867 1477 937 1509 ldeo
961 1477 1155 1516 irruebant,

192 1533 267 1575 quia
289 1532 422 1575 quilibet
445 1531 702 1573 appropinquare
726 1531 867 1570 volebat;
893 1540 950 1564 nec
981 1531 1156 1570 immerito,

191 1585 285 1629 quia,
308 1585 545 1618 Deuteronomii
570 1584 731 1627 trigesimo
755 1584 848 1617 tertio
865 1584 896 1623 ³,
926 1597 941 1613 α
963 1584 1017 1626 qui
1042 1593 1155 1626 appro-

191 1640 345 1683 pinquant
368 1638 501 1681 pedibus
524 1638 592 1671 eius
615 1638 769 1680 accipient
792 1637 830 1671 de
853 1638 996 1671 doctrina
1019 1638 1105 1671 illius
1125 1652 1156 1670 1».

191 1694 253 1727 Nec
277 1696 400 1725 tantum
423 1692 569 1725 volebant
592 1691 785 1734 ignorantes
808 1691 1063 1733 appropinquare
1084 1701 1158 1733 pro-

191 1750 262 1790 pter
296 1746 470 1779 doctrinam
496 1745 561 1778 sive
596 1744 773 1786 scientiam,
810 1745 862 1778 sed
898 1745 992 1778 etiam
1026 1744 1158 1786 infirmi

192 1802 322 1843 propter
339 1799 503 1832 sanitatem
518 1798 781 1840 recuperandam;
798 1798 880 1831 infra
896 1802 1001 1831 sexto:
1021 1812 1036 1827 <r
1049 1798 1158 1832 Omnis

192 1850 296 1887 turba
318 1852 492 1895 quaerebat
515 1861 588 1885 eum
620 1855 763 1894 tangere,
795 1852 871 1894 quia
902 1852 1004 1885 virtus
1035 1852 1073 1885 de
1105 1853 1158 1885 illo

193 1906 302 1940 exibat
325 1909 357 1939 et
380 1906 510 1939 sanabat
533 1914 642 1938 omnes
659 1918 689 1938 ι).
715 1905 776 1938 Nec
800 1906 903 1938 solum
926 1909 1057 1948 propter
1082 1906 1156 1945 hoc,

194 1959 249 1993 sed
268 1962 458 2002 peccatores
481 1962 611 2001 propter
643 1959 784 1997 veniam;
818 1958 900 1991 unde
924 1958 1007 1991 infra
1036 1958 1158 1991 decimo

194 2012 322 2054 quinto:
351 2024 367 2040 «
383 2011 478 2044 Erant
501 2011 791 2053 appropinquantes
814 2011 851 2044 ad
874 2011 974 2044 lesum
999 2011 1158 2053 publicani

193 2068 225 2098 et
248 2068 428 2107 peccatores
444 2078 474 2096 n.
501 2064 537 2097 Et
560 2064 738 2097 vehementi
762 2064 918 2097 desiderio
937 2064 1157 2103 movebantur,

193 2119 263 2152 ideo
286 2118 469 2157 irruebant,
500 2117 735 2151 considerantes
758 2118 857 2160 magis
888 2117 1011 2150 Domini
1037 2117 1157 2149 bonita-

194 2176 256 2204 tem
280 2180 376 2213 quam
412 2170 616 2203 maiestatem.
641 2170 728 2203 Unde
763 2169 838 2202 dicit
866 2169 995 2211 quidam
1031 2168 1157 2210 exposi-

194 2225 291 2257 t0r⁴:
321 2224 454 2266 «Magni
492 2224 596 2256 meriti
632 2227 680 2256 est
714 2223 797 2265 apud
835 2223 934 2255 Deum
966 2222 1157 2255 desiderium

194 2278 281 2311 verbi
307 2278 381 2317 Dei,
405 2277 490 2319 quod
513 2277 612 2319 ipsam
637 2284 764 2318 quoque
781 2275 1019 2308 irreverentiam
1045 2275 1157 2308 turbae

194 2331 346 2364 irruentis
369 2333 548 2363 excusat».
566 2329 652 2362 Unde
675 2329 827 2362 Dominus
850 2328 889 2361 ad
906 2329 966 2361 hoc
989 2328 1157 2370 praecipue

194 2384 362 2424 invitabat;
388 2384 483 2417 Isaiae
500 2383 761 2426 quinquagesimo
785 2382 914 2425 quinto:
944 2395 960 2410 «
977 2381 1093 2415 Omnes
1117 2382 1158 2415 si-

194 2438 307 2471 tientes
330 2437 433 2471 venite
464 2436 503 2470 ad
527 2445 625 2478 aquas
642 2450 676 2475 »,
701 2445 810 2479 aquas
842 2435 960 2469 scilicet
988 2435 1158 2478 sapientiae

195 2492 352 2525 salutaris.
370 2491 403 2524 In
419 2490 511 2524 cuius
535 2490 580 2523 rei
597 2489 722 2532 signum
744 2493 813 2523 erat
829 2489 920 2522 iuxta
943 2498 1057 2532 aquas;
1075 2489 1158 2522 unde

196 2549 227 2579 et
250 2544 419 2578 subditur:
446 2545 485 2577 Et
516 2543 585 2586 ipse
615 2542 726 2576 stabat
747 2552 842 2576 secus
872 2548 1031 2586 staynum
1059 2542 1159 2576 Gene-

195 2597 326 2637 saretlt,
359 2601 395 2631 ut
426 2597 465 2630 ad
489 2606 588 2640 aquas
616 2596 785 2639 sapientiae
817 2596 982 2636 invitaret,
1015 2597 1096 2630 sicut
1126 2596 1157 2629 in

268 2764 277 2779 ¹
299 2765 372 2791 Vers.
396 2765 435 2790 12.

269 2809 280 2826 ³
298 2809 373 2835 Vers.
393 2809 418 2835 3.
436 2822 472 2828 -—
490 2809 548 2834 Duo
568 2815 642 2841 seqq.
661 2808 710 2834 loci
730 2811 792 2834 sunt
810 2809 873 2835 Luc.
892 2809 922 2840 6,
943 2809 984 2835 19.
1004 2812 1030 2835 et
1054 2810 1097 2840 15,
1119 2809 1142 2834 l.

268 2852 279 2867 ¹
299 2853 364 2886 Quis
381 2853 422 2878 ille
441 2853 474 2878 sit
485 2852 631 2885 expositor,
650 2852 792 2878 nescimus.
805 2866 840 2872 —
854 2853 977 2886 Sequitur
997 2853 1054 2879 lsai.
1073 2853 1121 2885 55,
1138 2854 1161 2878 l.

269 2895 280 2911 ⁶
300 2898 375 2923 Vers.
395 2896 438 2923 37.
801 2925 804 2928 .

269 2940 281 2956 ⁶
300 2942 375 2968 Vers.
399 2941 437 2967 10.
457 2948 511 2974 seq.
533 2955 568 2959 —
586 2941 677 2967 Glossa
697 2940 879 2968 interlinearis
893 2941 918 2967 in
939 2943 1008 2968 nunc
1027 2943 1076 2968 loc.
1089 2942 1161 2975 apud

198 2986 346 3019 Lyranum:
364 2985 406 3013 Ad
430 2992 507 3012 mare
532 2984 673 3017 Cenereth,
692 2989 815 3018 stagnum
843 2985 1004 3017 Tiberiadis,
1029 2986 1163 3019 quaelibet

199 3031 270 3057 enim
289 3030 507 3063 congregationes
525 3036 655 3062 aquarum
674 3030 836 3063 appellantur
850 3030 941 3056 maria.
960 3029 1011 3057 Csr.
1031 3031 1114 3062 Beda,
1134 3032 1162 3057 ll.

200 3076 225 3102 in
244 3076 307 3102 Luc.
326 3076 356 3107 5,
376 3075 406 3101 l:
426 3075 477 3101 Sed
496 3073 631 3100 Hebraeae
649 3074 755 3106 linguae
773 3075 964 3101 consuetudine
976 3075 1062 3101 omnis
1081 3083 1162 3109 aqua-

199 3127 260 3146 rum
279 3120 462 3152 congregatio,
482 3119 539 3145 sive
557 3119 655 3150 dulcis»,
674 3119 731 3145 sive
748 3119 828 3151 salsa,
842 3126 914 3145 mare
933 3123 1107 3152 nuncupatur.
1128 3135 1161 3139 —

201 3163 319 3190 Subinde
337 3164 463 3197 allegatur
481 3164 546 3190 Gen.
567 3164 590 3195 l,
611 3163 652 3189 lo.

659 2762 669 2778 ⁹
690 2764 763 2789 Vers.
785 2763 813 2796 4;
833 2764 938 2790 tertium
959 2764 1070 2790 liabetur
1090 2772 1116 2790 v.
1136 2765 1160 2790 8.

271 3206 281 3222 ⁷
303 3208 377 3234 Vers.
397 3209 421 3235 l.
439 3222 475 3228 —
493 3207 544 3235 Cir.
564 3207 598 3234 de
622 3208 672 3234 bac
690 3211 716 3234 et
740 3215 814 3242 seqq.
834 3208 1052 3241 appellationibus
1078 3210 1161 3241 Beda,

201 3253 251 3282 loc.
270 3252 329 3284 cit.,
345 3252 421 3279 cuius
439 3251 521 3279 verba
540 3252 677 3279 retulimus
695 3255 758 3279 tom.
779 3253 820 3278 Vl.
834 3259 897 3285 pag.
919 3252 983 3285 5⁴9,
1002 3256 1062 3279 nota
1082 3253 1106 3278 5.
1127 3267 1162 3272 —-

202 3296 310 3323 Inferius
329 3303 377 3328 pro
397 3296 425 3323 in
445 3296 583 3325 Galilaeae
600 3297 709 3331 reqione
728 3297 805 3325 codd.
824 3296 853 3324 in
867 3296 988 3325 Galilaea
1007 3297 1124 3332 reqione.

274 3339 284 3354 ⁸
304 3339 373 3366 Beda
383 3359 390 3371 ,
407 3341 456 3367 loc.
470 3341 525 3368 cit.:
545 3341 625 3368 Porro
638 3342 755 3368 Genesar
767 3348 781 3367 a
795 3342 867 3368 lacus
886 3341 969 3374 ipsius
988 3344 1094 3373 natura,
1108 3349 1161 3375 qun

310 3392 340 3419 S.
359 3393 462 3421 Bonav.
473 3408 509 3414 —
523 3394 602 3420 Tom.
614 3395 669 3420 Vll.

1188 2483 1193 2629 l

1191 2763 1195 2948 l

2117 163 2177 195 113

1223 249 1343 282 loannis
1378 249 1552 290 septimo⁶:
1583 249 1721 281 «Stabat
1758 250 1842 281 lesus
1877 253 1908 282 et
1944 250 2113 282 clamabat:
2149 252 2178 283 Si

1217 301 1289 343 quis
1312 301 1394 340 sitit,
1419 301 1523 334 veniat
1546 301 1585 333 ad
1608 310 1658 334 me
1681 305 1712 333 et
1736 302 1822 334 bibat
1837 315 1868 332 ».

1307 354 1337 386 3.
1363 354 1398 386 Et
1421 357 1512 392 uota,
1537 354 1621 396 quod
1646 354 1705 386 hoc
1738 358 1883 396 stagnum
1916 364 2017 396 aquae
2048 355 2180 388 diversis

1218 407 1399 440 nominibus
1430 407 1581 449 appellari
1614 407 1792 446 consuevit,
1818 407 1936 440 scilicet
1967 418 2062 440 mare
2087 408 2181 441 Cene-

1218 459 1310 498 retlz;
1345 460 1429 493 unde
1465 460 1676 493 Numerorum
1709 460 1870 502 trigesimo
1901 462 2039 503 quartoss
2070 462 2099 493 in
2135 462 2181 494 di-

1220 514 1338 547 visione
1369 514 1503 547 sortium
1534 514 1666 553 dicitur,
1699 514 1782 556 quod
1813 515 1884 546 aab
1916 515 2058 547 orientali
2093 516 2182 557 plaga

1219 567 1403 610 pervenient
1435 570 1545 600 contra
1575 567 1728 600 orientem
1765 567 1802 599 ad
1838 577 1934 599 mare
1971 567 2121 600 Ccneretlt
2143 580 2181 605 υ,-

1219 621 1327 653 Glossa
1358 620 1419 653 ibi:
1448 633 1463 648 α
1486 620 1636 662 Stagnum
1673 620 1862 659 Tiberiadis,
1899 620 2071 653 secundum
2109 629 2181 652 con-

1220 675 1420 708 suetudinem
1454 674 1687 712 Hebraeorum,
1719 674 1772 716 qui
1806 674 1979 716 quamlibet
2014 683 2183 717 congrega-

1220 729 1336 761 tionem
1361 737 1517 770 aquarum
1541 727 1699 770 appellant
1730 737 1826 760 mare
1846 741 1878 766 »,
1904 728 1994 760 iuxta
2025 727 2101 760 illud
2126 728 2183 760 Ge-

1219 783 1303 815 nesis
1327 782 1448 824 primo:
1480 795 1494 810 «
1519 781 1844 823 Congregationesque
1868 790 2024 823 aquarum
2048 782 2184 823 appella-

1220 837 1264 869 vit
1288 837 1414 869 maria»
1445 840 1502 869 etc.
1530 836 1565 868 Et
1588 836 1663 877 quia
1686 835 1843 868 civitatem
1870 835 1959 867 istam
1985 839 2055 877 post
2078 836 2184 878 appel-

1220 890 1295 923 lavit
1319 890 1455 923 Herodes
1478 888 1693 927 Tiberiadem,
1723 888 1798 931 quia
1835 889 1931 930 ipsam
1966 889 1995 920 in
2033 891 2183 921 bonorem

1219 943 1334 976 Tiberii
1360 943 1495 976 caesaris
1516 942 1743 981 reaedificavit;
1769 942 1837 974 ideo
1861 946 1992 974 vocatur
2015 952 2110 974 mare
2134 932 2185 974 Ti-

1220 997 1387 1034 beriadis;
1412 996 1533 1029 loannis
1568 996 1707 1028 sext0⁷:
1738 1008 1752 1023 α
1776 996 1845 1028 Post
1881 996 1957 1028 baec
1988 995 2064 1028 abiit
2101 996 2185 1028 lesus

1220 1054 1308 1083 trans
1331 1059 1418 1083 mare
1442 1050 1610 1089 Galilaeae,
1635 1049 1718 1091 quod
1751 1054 1798 1082 cst
1822 1049 1994 1081 Tiberiadis
2018 1062 2047 1080 ».
2079 1067 2119 1072 —
2151 1049 2185 1081 Et

1220 1104 1294 1147 quia
1318 1104 1471 1146 originem
1497 1103 1594 1136 trahit
1625 1113 1643 1135 a
1668 1102 1814 1141 iordane,
1845 1102 1913 1135 ideo
1941 1102 2058 1135 dicitur
2089 1103 2184 1135 lacus

1193 1165 1195 1167 ’
1220 1157 1388 1190 Iordanis.
1407 1176 1450 1180 —
1475 1157 1510 1189 Et
1534 1157 1608 1198 quia
1632 1156 1662 1188 in
1687 1156 1840 1188 Galilaeae
1872 1156 1999 1197 regione
2023 1159 2086 1194 est,
2116 1156 2185 1188 ideo

1219 1221 1314 1243 mare
1346 1210 1524 1243 Galilaeae.
1555 1228 1595 1233 —
1627 1210 1661 1242 Et
1685 1210 1759 1251 quia
1782 1209 2001 1242 inundationes
2024 1209 2122 1247 fiunt,
2155 1212 2185 1242 et

1220 1273 1298 1296 aura
1322 1263 1363 1296 ibi
1388 1265 1579 1305 generatur;
1605 1261 1673 1294 ideo
1705 1261 1820 1294 dicitur
1852 1265 2010 1303 stagnum
2044 1261 2184 1293 Genesa-

1220 1316 1310 1355 retlt,
1335 1316 1365 1349 id
1389 1307 1446 1349 est⁴
1460 1325 1614 1358 generans
1638 1324 1733 1348 auras
1746 1314 1768 1346 Β.
1788 1314 1925 1347 —Idem
1951 1315 2043 1347 etiam
2069 1315 2185 1347 dicitur

1220 1370 1316 1403 lacus
1338 1369 1542 1401 salinarum.
1562 1387 1602 1392 —
1630 1369 1720 1401 iuxta
1745 1367 1821 1400 illud
1846 1371 1990 1409 stagnum
2017 1368 2118 1399 stabat
2143 1368 2185 1400 le-

1221 1433 1294 1463 sus,
1319 1427 1355 1456 ut
1380 1423 1433 1465 qui
1460 1422 1612 1455 miracula
1635 1422 1752 1454 fecerat
1775 1421 1807 1453 in
1839 1424 1925 1454 terra
1953 1421 2069 1454 faceret
2092 1421 2185 1453 etiam

1221 1477 1253 1509 in
1277 1477 1385 1519 aquis;
1410 1476 1509 1514 unde,
1527 1475 1700 1508 secundum
1720 1474 1804 1517 quod
1821 1483 1862 1507 ex
1879 1474 2012 1507 diversis
2028 1474 2186 1516 colligitur

1222 1531 1298 1563 locis
1311 1531 1334 1569 ⁹,
1359 1530 1511 1562 Dominus
1535 1530 1566 1562 in
1592 1529 1645 1561 illo
1674 1532 1783 1570 stagno
1808 1528 1907 1560 multa
1938 1528 2091 1560 miracula
2114 1537 2187 1569 ope-

1223 1589 1313 1618 ratus
1336 1584 1412 1616 fuit:
1439 1584 1469 1616 in
1502 1583 1645 1625 captione
1677 1582 1829 1625 piscium,
1855 1582 1885 1614 in
1918 1581 2076 1614 sedatione
2109 1585 2187 1614 tem-

1224 1641 1395 1679 pestatum,
1420 1636 1590 1669 calcatione
1615 1635 1782 1668 undarum.

1313 1692 1343 1724 ἰι.
1362 1691 1463 1730 (Vers.
1482 1692 1537 1730 2).
1556 1689 1699 1723 Secundo
1716 1689 1863 1722 subditur
1880 1689 2112 1731 opportunitas
2129 1699 2188 1721 na-

1223 1744 1273 1776 vis
1297 1743 1491 1777 sublevantis
1515 1743 1545 1775 in
1578 1751 1710 1784 aquam,
1735 1751 1807 1775 cum
1840 1741 2005 1774 subditur:
2038 1742 2075 1773 Et
2108 1741 2190 1773 vidit

1223 1799 1311 1831 duas
1335 1807 1455 1835 naues,
1480 1800 1676 1838 opportunas
1705 1796 1823 1828 scilicet
1846 1795 1885 1827 ad
1909 1795 2091 1833 ferendum,
2120 1798 2188 1827 tum

1223 1851 1298 1893 quia
1317 1842 1548 1893 propinquac;
1572 1852 1701 1891 propter
1724 1848 1809 1890 quod
1825 1848 1914 1890 dicitg
1941 1848 2070 1880 Stantes
2093 1857 2187 1880 secus

1222 1908 1402 1946 staynum;
1435 1906 1501 1935 tum
1539 1902 1652 1941 etiam,
1683 1902 1758 1944 quia
1793 1901 1916 1934 otiosae
1950 1901 2015 1933 sive
2048 1910 2184 1939 vacuae;

1223 1957 1307 1990 unde
1334 1960 1365 1989 et
1396 1956 1503 1988 addit:
1535 1956 1726 1988 Piscatores
1749 1958 1859 1986 autem
1891 1954 2127 1986 descenderant
2157 1958 2187 1986 et

1223 2010 1382 2043 lavabant
1405 2009 1511 2046 retia,-
1528 2012 1559 2041 et
1576 2008 1616 2040 ita
1633 2010 1829 2049 opportunae
1845 2010 1935 2039 erant
1951 2006 1989 2038 ad
2006 2006 2186 2039 ministran-

1222 2063 1308 2096 dum.
1342 2062 1401 2094 Has
1432 2064 1538 2094 autem
1574 2069 1670 2093 naves
1693 2068 1869 2102 pauperum
1906 2059 2097 2101 piscatorum
2126 2058 2184 2091 sibi

1223 2116 1417 2158 propinquas
1440 2114 1531 2153 vidit,
1556 2114 1645 2156 quia,
1675 2113 1848 2146 secundum
1874 2112 1959 2154 quod
1976 2112 2007 2144 in
2024 2112 2145 2144 Psalmo
2159 2112 2185 2131 ¹⁰

1222 2169 1354 2207 dicitur,
1385 2167 1563 2200 «excelsus
1587 2166 1741 2199 Dominus
1769 2170 1799 2198 et
1831 2166 1963 2198 humilia
1995 2165 2123 2207 respicit
2154 2169 2185 2198 et

1222 2222 1284 2254 alta
1307 2231 1326 2253 a
1350 2221 1440 2263 longe
1464 2220 1668 2262 cognoscit».
1695 2219 1730 2251 Et
1761 2219 1818 2251 bas
1842 2218 1900 2251 sibi
1932 2222 1968 2250 ut
1991 2222 2185 2260 opportunas

1224 2275 1299 2308 vidit
1323 2274 1361 2307 ad
1378 2273 1581 2315 obsequium,
1606 2272 1780 2305 secundum
1799 2271 1876 2304 illud
1902 2271 2104 2304 Ecclesiastici
2123 2275 2185 2303 ter—

1222 2328 1282 2361 tio:
1313 2341 1328 2356 (ι
1346 2327 1455 2369 Magna
1478 2326 1616 2368 potentia
1639 2326 1693 2358 Dei
1719 2325 1833 2363 solius,
1858 2328 1888 2357 et
1912 2334 1930 2357 a
1953 2324 2027 2357 solis
2058 2324 2186 2356 humili-

1222 2381 1283 2415 bus
1306 2381 1483 2414 honoratur
1501 2394 1529 2412 ».
1556 2379 1642 2412 Unde
1659 2382 1696 2417 ,et
1720 2379 1785 2421 ipse
1814 2387 1847 2411 se
1875 2378 2034 2417 humiliat,
2066 2381 2102 2410 ut
2130 2378 2184 2420 qui

1222 2435 1327 2468 omnia
1362 2437 1467 2477 portat
1497 2443 1515 2466 a
1550 2433 1620 2466 navi
1658 2436 1820 2475 portetur3
1856 2432 2030 2474 Sapientiae
2065 2432 2185 2464 decimo

1222 2492 1354 2531 quarto:
1385 2502 1400 2516 «
1417 2489 1465 2521 Tu
1488 2491 1609 2526 autem,
1634 2487 1734 2526 Pater,
1759 2486 1910 2529 providus
1933 2489 2047 2519 cuncta
2070 2485 2186 2528 guber-

1222 2552 1293 2582 nas,
1318 2542 1467 2585 quoniam
1491 2541 1603 2574 dedisti
1628 2541 1659 2573 in
1683 2540 1761 2573 mari
1795 2540 1876 2572 viam
1902 2543 1933 2572 et
1964 2540 2046 2572 inter
2070 2539 2186 2571 ssuctus

1223 2596 1366 2630 semitam
1390 2595 1621 2634 firmissimam,
1645 2594 1829 2633 ostendens,
1854 2593 2002 2636 quoniam
2028 2596 2138 2635 potens
2154 2601 2187 2625 es

1226 2763 1404 2796 crispantibus
1423 2766 1500 2796 aquis
1520 2763 1553 2789 de
1578 2769 1606 2788 se
1626 2762 1684 2794 ipso
1704 2761 1754 2788 sibi
1779 2761 1890 2787 excitare
1910 2767 2002 2786 auram
2021 2760 2188 2792 perhibetur,

1226 2810 1325 2835 Graeco
1345 2808 1476 2835 vocabulo
1496 2806 1685 2841 [Genesaretb],
1705 2807 1779 2840 quasi
1800 2813 1931 2838 generans
1950 2805 2000 2831 sibi
2019 2812 2110 2831 auram
2131 2812 2189 2837 per—

1226 2854 1339 2879 hibetur.
1360 2853 1449 2886 Neque
1467 2853 1537 2878 enini
1558 2852 1583 2878 in
1602 2852 1686 2884 stagni
1708 2858 1808 2877 morem
1830 2850 1954 2876 sternitur
1973 2857 2057 2883 aqua,
2076 2849 2123 2875 sed
2143 2851 2189 2875 sre-

1225 2898 1368 2932 quentibus
1386 2897 1458 2923 auris
1481 2896 1643 2929 spirantibus
1667 2896 1795 2928 agitatur,
1817 2897 1910 2921 liaustu
1939 2895 2024 2920 dulcis
2048 2898 2073 2920 et
2092 2895 2125 2920 ad
2147 2901 2190 2926 po-

1226 2943 1335 2969 tandum
1356 2942 1457 2968 babilis.
1477 2955 1512 2961 —
1532 2942 1601 2967 Mare
1614 2942 1768 2971 mortuum,
1788 2940 1813 2965 in
1832 2947 1885 2972 quo
1905 2939 2034 2971 iordanis,
2048 2942 2188 2972 postquam

1225 2987 1311 3013 lacum
1331 2987 1491 3012 Genesareth
1518 2985 1680 3018 pertransiit,
1710 2991 1817 3010 cursum
1843 2990 1920 3009 suum
1941 2983 2012 3013 finit,
2041 2983 2189 3008 secundum

1226 3031 1346 3062 Hieron.,
1365 3031 1398 3057 de
1418 3031 1473 3056 Situ
1494 3034 1516 3056 et
1537 3029 1663 3055 nominib.
1684 3029 1800 3055 locorum
1821 3027 1955 3058 Hebraic„
1975 3027 2008 3052 de
2032 3026 2098 3052 libro
2119 3028 2189 3058 lesu,

1226 3079 1335 3101 vocatur
1354 3082 1431 3101 mare
1450 3074 1619 3106 salinarum,
1638 3074 1694 3100 sive
1708 3080 1779 3098 mare
1800 3071 1928 3104 Asphalti,
1949 3071 1976 3097 id
1989 3074 2028 3097 cst
2046 3070 2190 3097 bituminis.

1297 3118 1308 3133 ⁹
1327 3120 1374 3145 Hic
1393 3127 1419 3144 v.
1441 3118 1465 3144 t.
1484 3126 1571 3151 seqq.;
1591 3118 1655 3143 intra
1677 3118 1704 3149 8,
1725 3118 1767 3142 22.
1781 3123 1869 3149 seqq.;
1891 3117 1958 3141 ioan.
1979 3116 2007 3147 6,
2032 3116 2069 3140 ¹9.
2091 3115 2190 3148 (Metili.

1226 3165 1272 3196 ⁴4,
1292 3164 1336 3190 25.
1354 3163 1449 3197 semp).

1297 3207 1320 3223 ¹⁰
1339 3209 1433 3234 Psalm.
1457 3208 1517 3239 137,
1537 3208 1563 3233 6.
1583 3221 1616 3225 -
1636 3207 1692 3233 Duo
1713 3213 1787 3240 seqq.
1807 3206 1856 3232 loci
1875 3208 1936 3231 sunt
1956 3205 2032 3231 Eccli.
2053 3205 2083 3237 3,
2104 3205 2147 3242 2¹:
2165 3208 2190 3231 et

1226 3255 1288 3286 Sap.
1309 3252 1355 3283 lt,
1375 3253 1400 3278 3.
1419 3259 1489 3285 seq:
1517 3252 1574 3278 Tua.
1593 3252 1698 3283 autem,
1725 3251 1814 3283 Pater,
1838 3249 2009 3284 procidentia
2029 3248 2190 3283 puber-nat...

1222 3299 1319 3332 potens
1337 3303 1366 3323 es
1385 3304 1420 3323 ea·
1439 3295 1563 3323 omnibus
1576 3295 1699 3326 salvare,
1713 3294 1820 3322 etiamsi
1831 3294 1888 3322 sinc
1901 3296 1968 3321 arte.
1982 3308 2017 3313 —
2030 3294 2067 3319 De
2081 3294 2190 3320 lectione

1225 3341 1361 3369 sine-rate
1380 3342 1425 3367 cfr.
1446 3344 1509 3367 torn.
1529 3341 1571 3366 Vl.
1591 3348 1652 3373 pag.
1673 3340 1736 3371 ¹97,
1758 3343 1818 3366 nota
1842 3340 1862 3365 l.

2048 3390 2080 3415 43

2201 361 2290 391 Nomina
2305 363 2344 392 bu-

2214 394 2247 409 ius
2258 394 2329 409 marn.

2207 1696 2336 1718 Secundum.
