2476 3921
742 224 937 258 COMMENT.
963 225 1000 257 ΙΝ
1025 224 1264 259 EVANGELIUM
1288 227 1406 261 LUCAE
1431 229 1463 261 C.
1488 230 1562 263 Xlll.

159 312 325 352 exoritur,
342 312 537 355 quicumque
553 312 689 352 resistit,
713 316 893 346 nascentem
920 313 1124 356 persequitur

161 366 353 399 salvatorem
370 379 402 399 ».

249 419 300 451 67.
326 419 428 460 (Vers.
454 418 532 460 32..)
557 419 702 453 Secundo
717 428 793 452 vero
815 419 996 453 insinuatur
1020 419 1123 461 passio

16 479 140 504 automni·
158 472 273 506 Christi
304 476 342 505 uc
362 472 493 514 abipso
509 472 698 506 voluntarie
720 477 893 515 suscepta,
917 482 991 506 curu
1016 473 1123 506 subdi-

13 509 33 530 ti
47 507 128 530 volunta

12 516 142 579 Ιοίυεεεριε-
159 529 230 559 tur:
257 526 296 559 Ec
318 526 368 559 ait
390 525 480 559 illis.-
513 526 561 559 Ite
592 530 621 558 et
651 525 749 559 dieite
779 526 874 569 vulpi
898 526 956 559 illi.
989 526 1123 569 Vulpem

157 582 247 612 vocat
271 579 422 612 Herodem
448 582 578 621 propter
594 579 745 612 malitiam
762 583 793 612 et
808 579 1025 620 dolositatem,
1041 589 1123 622 quae

157 636 262 666 tamen
294 632 464 675 sapientiae
495 632 610 666 Christi
643 642 705 666 non
737 633 914 675 praevalet;
948 633 1123 675 Sapientiae

157 686 336 728 septimo¹:
366 699 381 715 «
399 686 588 729 Sapientiam
620 695 682 719 nou
715 686 812 720 vincit
840 686 969 719 malitia.
993 687 1123 729 Attingit

156 749 232 782 ergo
247 749 265 772 a
281 740 343 773 sine
359 748 461 782 usque
477 739 515 772 ad
533 739 627 773 finem
644 739 768 773 sortiter
784 753 814 772 ».
833 759 876 764 -—
894 740 929 772 Et
945 740 1020 782 quia
1037 750 1122 774 mors

154 793 270 827 Christi
287 803 348 826 non
366 797 435 827 erat
457 793 706 827 consummanda
722 794 896 826 secundum
919 794 1122 828 machinatio-

155 856 227 881 nem
251 847 410 880 humanae
433 847 587 886 malitiae,
611 847 665 880 sed
686 847 862 880 secundum
886 847 1120 890 dispositionem

155 901 302 943 propriae
334 900 505 943 sapientiae
527 903 559 933 et
582 900 753 933 voluntatis
777 910 870 939 suae;
903 900 973 934 ideo
996 901 1119 935 subdit:

157 955 257 993 Ecce,
282 954 376 986 eiicio
399 954 578 987 daemonia
601 957 631 986 et
645 954 807 987 sanitates
826 954 965 997 perficio
982 953 1078 988 hodie
1092 959 1122 988 et

155 1017 246 1047 cras,
256 1016 313 1049 per
326 1007 553 1041 miraculorum
567 1007 780 1050 operationem
789 1020 797 1047 ;
807 1009 941 1041 Actuum
953 1008 1076 1042 decimo
1089 1010 1119 1042 ⁹:

160 1074 176 1090 «
193 1060 376 1094 Pertransiit
398 1061 478 1094 bene
501 1060 643 1094 faciendo
659 1064 690 1093 et
706 1060 844 1094 sanando
865 1070 974 1094 omnes
990 1070 1120 1104 oppres-

154 1123 206 1147 sos
228 1123 247 1147 a
270 1114 394 1147 diabolo
410 1127 440 1147 ».
466 1132 508 1139 -
536 1115 575 1147 Et
598 1114 697 1147 tercia
728 1114 781 1147 die
812 1124 1038 1154 consummor,
1063 1124 1120 1157 per

154 1167 308 1209 passionis
332 1167 585 1209 perpessionem,
610 1167 642 1199 in
667 1177 731 1210 qua
753 1167 836 1201 dixit
860 1168 983 1201 Ioannis
998 1168 1120 1201 decimo

154 1220 280 1253 nono³‘:
310 1233 326 1249 α
342 1220 602 1254 consummatum
626 1224 674 1253 est
690 1233 720 1259 »;
754 1225 785 1254 et
815 1221 855 1254 ad
884 1221 1040 1254 Hebraeos
1071 1230 1119 1254 se-

153 1273 278 1307 cundo:
298 1287 324 1303 <x
340 1274 477 1307 Decebat
500 1277 606 1307 autem
630 1282 722 1313 eum,
747 1277 878 1316 propter
894 1283 991 1316 quem
1014 1274 1120 1307 omnia

153 1330 185 1361 et
208 1336 264 1370 per
288 1336 383 1370 quem
407 1327 530 1367 omnia,
554 1319 610 1369 qui
635 1327 752 1360 multos
768 1327 850 1360 filios
866 1327 897 1360 in
915 1327 1046 1370 gloriam
1064 1327 1118 1360 ad-

153 1381 308 1420 duxerat,
341 1389 398 1422 per
430 1380 606 1422 passionem
641 1380 854 1413 consummari
878 1393 909 1412 ».
943 1380 1030 1413 Unde
1062 1390 1118 1423 per

152 1435 229 1468 istos
253 1438 319 1468 tres
342 1434 412 1467 dies
436 1437 570 1476 possunt
593 1434 723 1476 intelligi
749 1437 814 1467 tres
829 1434 920 1473 anni,
945 1434 976 1467 in
1001 1434 1119 1477 quibus

152 1488 306 1521 Dominus
336 1488 528 1530 praedicavit
559 1491 590 1521 et
621 1488 774 1521 miracula
797 1488 887 1527 fecit,
912 1491 944 1521 et
967 1488 1010 1520 ita
1033 1488 1118 1530 quod

152 1543 184 1576 in
208 1542 321 1575 ultimo
344 1542 522 1575 voluntarie
546 1551 659 1584 passus
682 1542 742 1575 fuit
765 1545 796 1575 et
819 1542 995 1576 secundum
1026 1551 1117 1575 suam

153 1596 369 1635 voluntatem;
402 1595 525 1629 loannis
554 1595 721 1629 decimo4:
759 1609 775 1624 α
798 1596 984 1629 potestatem
1017 1596 1118 1629 habeo

153 1649 287 1692 ponendi
311 1649 447 1682 animam
471 1658 592 1689 meam,
617 1653 648 1683 et
671 1652 858 1692 potestatem
883 1649 984 1683 habeo
1000 1650 1118 1683 iterum

151 1702 295 1736 sumendi
319 1711 388 1735 eam
404 1715 435 1734 n.
460 1701 546 1735 Unde
570 1702 697 1744 quando
720 1702 839 1742 noluit,
856 1711 948 1736 nemo
964 1711 1037 1736 eum
1055 1702 1118 1736 lae-

151 1756 227 1789 dere
250 1755 370 1798 potuit,
392 1755 566 1789 secundum
584 1755 662 1789 illud
679 1756 801 1789 loannis
817 1756 967 1799 septimo:
989 1769 1005 1785 «
1022 1756 1118 1789 Nemo

151 1810 184 1842 in
214 1818 288 1842 eum
319 1818 432 1842 manus
464 1809 566 1848 misit,
598 1809 674 1852 quia
703 1809 844 1842 nondum
877 1813 1007 1843 venerat
1038 1810 1118 1843 hora

151 1863 220 1897 eius
236 1876 266 1895 n.
298 1863 385 1896 Unde
413 1863 542 1905 vulpina
565 1862 684 1895 malitia
706 1862 881 1896 machinari
906 1863 1010 1905 potuit
1032 1872 1117 1896 mor-

151 1920 214 1950 tem
239 1916 373 1956 Christi,
403 1920 623 1950 verumtamen
647 1925 709 1949 non
735 1916 838 1958 potuit
861 1917 1033 1959 perficere,
1057 1917 1117 1951 nisi

153 1970 235 2003 sicut
257 1969 324 2012 ipse
348 1970 469 2009 voluit;
493 1969 532 2002 de
555 1978 620 2012 quo
643 1969 739 2003 Isaiae
767 1970 1030 2013 quinquagesimo
1053 1974 1117 2004 ter-

5 2028 135 2060 Sriritnalis
153 2023 240 2057 tio⁵:
270 2036 286 2052 «ι
303 2023 436 2056 Oblatus
467 2026 531 2063 est,
563 2023 639 2066 quia
661 2023 728 2066 ipse
752 2023 900 2057 voluit».
926 2043 967 2048 -—
992 2024 1029 2057 Et
1060 2033 1117 2067 per

5 2056 130 2084 expositio.

152 2077 212 2111 hoc
234 2076 328 2110 etiam
344 2076 568 2119 spiritualiter
585 2076 791 2120 intelliqz'tur,
808 2077 894 2120 quod
910 2077 1027 2111 Christi
1044 2087 1117 2112 cor-

148 2140 217 2174 pus
232 2130 411 2174 mysticum
428 2139 491 2163 non
508 2130 645 2172 patitur,
662 2130 722 2164 nisi
739 2131 914 2164 seeundum
931 2131 1015 2174 quod
1031 2132 1117 2165 Deus

127 2208 130 2210 v
151 2183 305 2227 disponit,
328 2184 368 2217 ab
392 2183 496 2226 impiis
520 2184 704 2223 haereticis,
729 2193 810 2227 quos
832 2184 886 2217 dat
908 2184 1054 2218 Christus
1069 2184 1116 2218 in-

152 2237 248 2279 telligi
279 2246 337 2279 per
367 2237 549 2277 Herodem,
582 2237 761 2271 attribuens
791 2238 820 2271 ei
851 2246 965 2271 nomen
988 2241 1019 2271 et
1043 2247 1117 2280 pro-

153 2290 319 2334 prietatem
344 2290 458 2333 vulpis.

243 2344 294 2376 68
318 2343 420 2386 (Vers.
446 2343 523 2386 33.).
557 2344 663 2377 Tertio
686 2344 866 2378 insinuatur
897 2344 1013 2378 Christi
1045 2355 1116 2388 pas-

3 2402 64 2424 ’assio
80 2402 141 2425 Chri·
155 2397 201 2431 sio
224 2401 262 2430 ut
283 2396 326 2430 ab
350 2400 483 2430 aeterno
507 2396 729 2441 infallibiliter
748 2397 1015 2440 praeordinata,·
1032 2397 1116 2431 unde

5 2429 30 2450 sti
38 2429 64 2451 ab
71 2432 139 2451 aeter·

5 2461 73 2509 gonffl
51 2461 137 2483 praeut·
154 2450 336 2493 suhiungit:
369 2451 602 2484 Verumtamen
625 2455 769 2494 oportet,
794 2460 845 2484 me
868 2449 963 2484 hodie
985 2456 1013 2484 et
1036 2461 1116 2485 cras

153 2508 183 2538 et
204 2504 351 2548 sequenti
373 2504 426 2537 (lie
448 2503 633 2537 ambulare.
658 2504 886 2547 Opportunitas
902 2505 963 2538 ista
977 2505 1116 2539 nonfuit

153 2566 196 2592 ex
219 2556 452 2600 compulsione,
477 2557 529 2591 sed
554 2565 596 2591 ex
613 2566 752 2601 superna
766 2558 986 2601 dispositione,
1003 2567 1116 2592 secun

225 2738 235 2754 ¹
256 2739 329 2765 Vei-s.
349 2739 391 2765 30.
411 2742 437 2765 et
455 2740 486 2770 8,
508 2739 532 2764 1.
550 2752 586 2758 -
604 2738 656 2765 Cir.
675 2746 755 2771 supra
779 2747 841 2772 pag.
868 2740 935 2772 249,
956 2745 1017 2766 nota
1037 2742 1063 2766 8.
1080 2754 1117 2760 ——

155 2779 306 2810 Secundum
318 2779 407 2816 Cyrill‘.
420 2783 570 2814 Alexandr„
583 2784 772 2816 Theophylact.
786 2787 835 2810 etc.
849 2786 914 2810 haec
926 2784 1021 2812 Christi
1035 2785 1116 2811 verbu

154 2835 206 2854 non
224 2832 278 2854 tem
297 2828 331 2854 ad
350 2828 496 2859 Herodem,
516 2835 596 2861 quam
621 2828 656 2854 ad
681 2828 753 2861 ipsos
778 2829 931 2855 Pharisaeos
959 2830 1117 2862 diriguntur.

155 2873 182 2898 ln
201 2873 301 2898 Graeco
319 2873 389 2898 enim
409 2871 535 2898 habetur:
554 2873 586 2905 τῇ
605 2865 719 2897 ἀλώπεκι
738 2872 835 2906 ταύτῃ,
855 2873 881 2899 id
900 2876 940 2899 est
954 2874 1027 2906 vulpi
1045 2873 1117 2901 huic.

226 2915 237 2931 ²
257 2917 331 2942 vers.
352 2917 394 2943 38.
417 2931 449 2936 —
467 2917 559 2943 Glossa
587 2915 769 2943 interiment-is
799 2917 857 2955 (cir.
884 2918 1011 2950 August„
1033 2919 1061 2944 ll.
1082 2919 1117 2945 de

154 2960 290 2988 Consensu
309 2961 466 2993 Evangelist.
484 2968 509 2987 6.
526 2961 572 2987 75.
591 2968 617 2987 n.
636 2960 721 2993 t45.):
734 2960 814 2994 Ecce,
829 2961 903 2989 eiicio
916 2961 1074 2996 daemonia,
1088 2966 1117 2989 ut

155 3005 276 3032 homines
294 3012 340 3031 sua
361 3008 467 3037 peccata
487 3009 512 3032 ot
531 3012 634 3031 errores
653 3006 791 3037 damnent,
811 3005 837 3032 in
860 3006 959 3039 quibus
981 3007 1116 3040 vixerunt;

155 3051 180 3077 et
197 3048 326 3076 sanitates
341 3049 468 3085 perficio,
487 3053 517 3076 ut
535 3050 626 3076 vivant
644 3051 790 3076 secundum
804 3054 945 3084 praecepta
961 3058 1034 3084 mea,
1047 3059 1117 3085 quae

155 3093 216 3120 sunt
235 3100 298 3119 vera
316 3094 426 3127 sanitns3
445 3093 523 3121 hodie
541 3096 566 3121 et
584 3100 662 3127 cras,
681 3096 707 3121 et
723 3094 803 3121 tertia
822 3094 864 3121 die
882 3102 1072 3127 consummor,
1091 3099 1118 3122 et

156 3138 193 3164 sic
211 3140 382 3170 praeparatos
399 3138 428 3164 in
447 3139 638 3165 resurrectione
657 3145 762 3165 mecum
782 3139 944 3171 glorificabo.

226 3179 238 3196 ⁸
258 3182 331 3207 Vers.
352 3182 398 3214 30,
419 3186 479 3214 post
495 3189 576 3216 quem
597 3182 676 3209 Hebr.
695 3183 724 3215 2,
754 3184 803 3215 10,
831 3183 856 3209 111
885 3181 961 3210 cuius
988 3184 1041 3210 tine
1067 3191 1117 3217 pro

156 3225 344 3253 consummari
361 3226 474 3259 Vulgata
494 3233 694 3256 consummar-e

226 3268 240 3284 ⁴
260 3270 333 3296 Ver-s.
353 3270 395 3296 18.
414 3284 450 3291 —-
469 3270 588 3298 Subinde
606 3272 733 3304 allegetur
752 3272 821 3298 loen.
863 3273 932 3304 30.

227 3312 239 3328 ⁸
257 3314 332 3340 Vers.
352 3315 377 3341 7.
396 3327 432 3335 —
445 3315 573 3348 Superius
591 3323 640 3348 pro
658 3315 714 3343 nisi
729 3316 799 3344 sicia
813 3316 871 3345 vni.
884 3317 940 3344 nisi
951 3317 1069 3352 quando.
1081 3331 1117 3337 —

156 3357 266 3384 Interius
283 3359 372 3390 plures
391 3358 485 3391 codd,
504 3362 533 3385 ut
551 3360 571 3386 Α
582 3359 648 3392 CD,
666 3360 791 3387 omittunt
808 3360 961 3396 mysticum
987 3369 991 3373 ’

227 3400 239 3417 ⁶
259 3403 333 3429 Vers.
352 3403 395 3429 25.
415 3417 451 3423 —
470 3404 527 3431 Duo
546 3411 621 3438 seqq.
640 3406 688 3432 loci
707 3409 769 3433 sunt
786 3407 841 3432 Act.
862 3407 893 3438 2,
913 3407 955 3433 23.
974 3410 1000 3433 et
1022 3408 1053 3440 3,
1074 3407 1115 3432 18.

2085 238 2148 270 355

1188 313 1263 347 dum
1288 315 1367 348 illud
1391 317 1473 350 infra
1496 318 1654 352 ultinio⁶1
1684 333 1698 348 α
1717 321 1742 353 Ο
1767 322 1853 354 stulti
1879 327 1910 356 et
1945 325 2025 357 tardi
2057 326 2151 359 eorde

1187 367 1226 400 ad
1250 368 1442 402 credendum
1471 371 1503 403 in
1533 373 1697 412 omnihus,
1730 384 1811 416 quae
1844 376 1939 409 locuti
1971 382 2045 411 sunt
2077 379 2150 412 Pro-

1187 421 1302 462 phetae
1317 435 1332 451 »
1361 426 1420 456 etc.
1446 423 1507 457 Hoc
1530 425 1613 458 enim
1631 426 1715 459 Deus
1737 429 1952 469 praeviderat,
1976 432 2149 465 secundum

1187 474 1271 517 quod
1288 475 1405 509 dicitur
1422 478 1554 511 Actuum
1572 480 1728 513 secundo:
1758 494 1774 509 α
1790 482 1877 515 Η11116
1901 483 2028 517 definito
2049 485 2149 518 consi-

1187 527 1230 560 lio
1252 531 1284 561 et
1307 529 1514 570 praescientia
1538 531 1592 563 Dei
1617 532 1786 571 traditum,
1812 543 1867 575 per
1891 544 2004 568 manus
2028 537 2150 579 iniquo·

1187 590 1259 614 rum
1285 582 1476 624 affligentes,
1502 583 1704 618 interemistis
1721 599 1751 617 ».
1778 587 1839 619 Ηο6
1862 588 1955 620 etiam
1978 589 2150 631 Prophetae

1187 634 1433 676 praedixerunt,
1458 637 1632 677 secundum
1649 638 1734 680 quod
1750 639 1867 673 dicitur
1885 642 2016 675 Actuum
2036 643 2127 676 tertio
2142 656 2149 675 :

1191 700 1208 717 «
1224 687 1309 721 Deus
1332 693 1457 729 autem,
1489 691 1543 732 qui
1576 699 1633 733 per
1661 701 1696 724 os
1721 692 1949 734 Prophetarum
1974 696 2149 735 nuntiavit,

1186 741 1250 783 pati
1274 741 1436 776 Christum
1460 752 1572 784 suum,
1597 745 1641 778 sic
1665 745 1806 787 implevit
1821 760 1851 779 n.
1882 747 1973 780 Istam
1998 753 2150 791 opportu-

1186 794 1315 828 nitatem
1344 795 1467 830 divinae
1498 797 1710 840 dispositionis
1734 799 1904 833 insinuavit
1933 801 1999 844 ipse
2023 802 2052 835 in
2079 812 2149 845 pas-

1186 848 1273 882 sione
1297 858 1369 889 sua,
1394 859 1467 883 cum
1491 852 1610 891 oravit,
1643 852 1724 885 sicut
1747 853 1862 886 dicitur
1887 855 2032 889 Matthaei
2066 857 2149 899 vige-

1185 902 1266 935 simo
1289 908 1381 937 sexto
1395 904 1428 937 ⁷:
1458 917 1475 934 «1
1492 905 1581 938 Pater
1606 906 1667 946 mi,
1693 906 1716 939 si
1743 916 1805 940 non
1826 912 1928 949 potest
1945 910 2079 943 transire
2097 910 2147 943 hic

1158 962 1160 964 ’
1185 955 1286 995 calixt,
1311 956 1370 989 nisi
1394 956 1499 990 biham
1523 958 1631 998 illum,
1656 959 1710 991 siat
1734 960 1879 993 voluntas
1903 965 1958 994 tua
1974 975 2003 994 ».

1275 1010 1327 1042 69.
1352 1010 1389 1043 Et
1412 1011 1488 1053 quia
1510 1011 1616 1045 divina
1639 1012 1801 1055 dispositio
1824 1023 1885 1047 non
1911 1018 2032 1048 tantum
2058 1025 2148 1058 prae-

1183 1063 1342 1097 ordinavit
1367 1067 1509 1107 tempus,
1535 1074 1645 1099 verum
1671 1066 1764 1100 etiam
1791 1068 1912 1108 locum;
1938 1069 2007 1102 ideo
2023 1070 2146 1104 subdit:

1186 1117 1275 1158 Quia
1298 1127 1365 1151 non
1388 1119 1498 1161 capit,
1531 1119 1734 1162 Prophetam
1756 1122 1869 1163 perire
1891 1127 1988 1156 extra
2013 1124 2147 1157 Ierusa-

1184 1171 1269 1219 lem,⁴
1292 1181 1359 1204 non
1383 1172 1492 1214 capit,
1521 1186 1537 1202 ε
1556 1173 1585 1206 id
1610 1177 1675 1213 est,
1700 1184 1762 1207 non
1780 1176 1925 1209 convenit
1938 1176 1950 1196 ⁸
1968 1191 2000 1215 n,
2018 1187 2079 1210 non
2096 1187 2147 1211 ca-

1184 1224 1229 1267 pit
1254 1224 1434 1267 Scriptura
1448 1225 1670 1268 prophetalis,
1689 1228 1736 1261 vel
1756 1237 1816 1261 non
1834 1230 1917 1271 capit
1933 1230 2050 1263 divina
2063 1241 2143 1273 pro-

1182 1278 1338 1311 videntia.
1365 1279 1521 1321 Propheta
1536 1280 1595 1313 iste
1612 1289 1668 1323 per
1684 1282 1903 1315 excellentiam
1921 1283 2065 1317 Christus
2082 1289 2145 1323 est,

1183 1331 1237 1374 qui
1262 1334 1376 1365 cuncta
1407 1332 1516 1365 futura
1540 1335 1739 1375 praenoscit;
1762 1335 1801 1368 de
1824 1345 1888 1377 quo
1913 1337 2146 1371 Deuteronomii

1182 1384 1304 1418 decimo
1335 1386 1492 1419 octavo⁹z
1522 1399 1537 1415 «
1561 1387 1747 1430 Prophetam
1779 1389 1818 1422 de
1849 1389 2002 1424 fratribus
2035 1393 2147 1425 vestris

1182 1438 1264 1471 sicut
1296 1447 1346 1472 me
1377 1440 1541 1473 suscitabit
1573 1441 1661 1474 vobis
1692 1442 1891 1483 Dominus»;
1916 1448 1947 1476 et
1970 1453 2068 1486 supra
2099 1454 2146 1478 se-

1182 1491 1281 1534 ptimo
1295 1504 1301 1524 ε
1331 1505 1348 1521 «t
1365 1493 1521 1535 Propheta
1536 1503 1670 1537 magnus
1686 1485 1830 1529 surrexit
1846 1497 1876 1529 in
1894 1497 1983 1530 nobis
2000 1511 2030 1530 n.
2049 1498 2145 1531 Istum

1182 1555 1244 1578 non
1269 1546 1415 1579 convenit
1440 1547 1519 1580 mori
1542 1548 1600 1581 nisi
1619 1548 1649 1581 in
1668 1548 1835 1582 Ierusalem
1847 1576 1855 1589 ,
1873 1551 2047 1584 secundum
2064 1552 2146 1585 Scri—

1182 1602 1311 1642 pturas,
1336 1603 1368 1633 et
1390 1600 1466 1642 quia
1489 1600 1542 1633 illa
1565 1605 1633 1634 erat
1656 1602 1766 1635 civitas
1794 1603 1926 1645 regalis,
1959 1604 2146 1647 magistralis

1182 1656 1214 1686 et
1237 1653 1458 1693 sacerdotalis,
1481 1658 1513 1687 et
1535 1653 1682 1687 Christus
1705 1659 1774 1688 erat
1797 1664 1943 1689 summus
1959 1666 2016 1690 rex
2034 1661 2065 1690 et
2080 1667 2146 1691 ma-

1182 1707 1279 1749 gister
1303 1709 1334 1740 et
1358 1707 1513 1740 sacerdos.
1539 1708 1574 1741 Et
1598 1707 1667 1741 ideo
1690 1718 1753 1741 non
1776 1709 1910 1742 debebat
1934 1710 2013 1743 mori
2038 1711 2097 1744 nisi
2113 1712 2145 1744 in

1182 1760 1236 1793 illo
1252 1761 1337 1800 loco;
1354 1760 1439 1794 unde
1461 1761 1543 1794 infra
1558 1761 1679 1795 decimo
1702 1766 1813 1795 octavo
1828 1763 1871 1795 ¹⁰:
1894 1777 1909 1792 «
1928 1764 2021 1803 Ecce,
2038 1774 2145 1799 ascen-

1181 1813 1287 1847 dimus
1303 1814 1541 1857 lerosolymam,
1558 1818 1590 1848 et
1606 1816 1912 1850 consummabuntur
1928 1818 2047 1857 omnia,
2064 1827 2145 1861 quae

1182 1867 1300 1909 scripta
1322 1870 1398 1900 sunt
1420 1876 1478 1910 per
1507 1868 1679 1910 Prophetas
1700 1869 1740 1902 de
1763 1869 1838 1903 Filio
1863 1870 1998 1904 hominis
2014 1885 2044 1903 n.
2069 1872 2144 1905 Nam

1182 1920 1357 1962 Prophetae
1387 1921 1447 1954 hoc
1475 1921 1697 1955 universaliter
1720 1922 1968 1964 praedixerunt,
1991 1923 2076 1965 quod
2106 1924 2144 1956 de

1182 1973 1351 2006 Ierusalem
1374 1973 1497 2007 veniret
1520 1974 1573 2007 lex
1597 1983 1698 2013 nova;
1721 1975 1805 2008 unde
1829 1975 1922 2008 Isaiae
1945 1976 2083 2010 secundo
2096 1978 2143 2010 ¹¹:

1187 2039 1204 2056 α
1219 2026 1346 2066 Venite,
1370 2026 1576 2060 ascendamus
1599 2027 1638 2060 ad
1661 2031 1799 2061 montem
1828 2028 1950 2062 Domini
1974 2033 2006 2062 et
2027 2030 2066 2062 ad
2089 2030 2144 2063 do-

1181 2088 1269 2112 mum
1293 2079 1348 2111 Dei
1373 2079 1484 2119 lacob;
1509 2079 1583 2122 quia
1606 2080 1645 2112 de
1668 2079 1742 2112 Sion
1757 2080 1858 2113 exibit
1874 2081 1945 2120 lex,
1962 2085 1994 2114 et
2009 2082 2143 2115 verbum

1181 2131 1305 2165 Domini
1328 2131 1367 2165 de
1391 2132 1560 2165 Ierusalem
1576 2144 1608 2172 n;
1632 2135 1664 2165 et
1687 2132 1855 2166 Zachariae
1879 2134 2000 2167 decimo
2028 2135 2141 2168 tertio:

1187 2198 1203 2214 «
1220 2185 1253 2218 In
1276 2185 1326 2219 die
1351 2185 1403 2218 illa
1430 2185 1491 2218 erit
1522 2185 1591 2219 fons
1614 2190 1725 2228 patens
1748 2186 1854 2220 domui
1878 2187 1976 2220 David
2000 2192 2031 2221 et
2054 2189 2143 2221 hahi-

1182 2239 1322 2272 tantibus
1346 2239 1515 2272 Ierusalem
1539 2240 1571 2272 in
1594 2240 1788 2273 ablutionem
1811 2241 1984 2283 peccatoris
2008 2245 2039 2275 et
2055 2251 2142 2275 men-

1181 2296 1321 2326 struatae
1336 2306 1367 2325 1).
1392 2311 1437 2316 -
1460 2293 1497 2326 Et
1520 2296 1611 2333 nota,
1636 2293 1720 2336 quod
1749 2294 1894 2327 Christus
1917 2294 1948 2327 in
1976 2295 2140 2328 lerusalem

1180 2345 1408 2380 condemnatus
1420 2349 1477 2386 est,
1491 2346 1544 2380 sed
1557 2349 1650 2380 extra
1663 2351 1783 2389 portam
1801 2356 1912 2389 passus
1928 2351 1991 2386 est;
2008 2347 2091 2381 unde
2103 2349 2142 2381 ad

1181 2400 1336 2434 Hebraeos
1351 2400 1472 2434 decimo
1488 2401 1581 2434 tertio
1595 2402 1621 2421 1²
1631 2413 1638 2433 :
1661 2414 1676 2430 α
1691 2401 1792 2440 163113,
1810 2405 1846 2434 ut
1862 2401 2069 2435 sanctificaret
2085 2411 2141 2444 per

1180 2462 1275 2487 suum
1292 2453 1476 2496 sanguinem
1492 2454 1658 2497 populum,
1675 2458 1768 2488 extra
1783 2458 1905 2497 portam
1919 2464 2030 2497 passus
2046 2459 2092 2488 est
2108 2469 2139 2487 υ.

1270 2508 1321 2539 70.
1346 2507 1481 2551 Mystice
1504 2517 1579 2541 vero
1603 2507 1774 2541 notandum
1798 2511 1845 2541 est
1869 2508 1935 2547 1116,
1957 2508 2040 2550 quod
2057 2509 2140 2542 istud

1180 2560 1322 2593 triduum
1358 2561 1532 2594 secundum
1567 2561 1708 2595 diversos
1742 2562 1938 2604 expositores
1969 2562 2140 2604 exponitur

1252 2739 1262 2755 ⁷
1285 2741 1359 2768 Vers.
1377 2741 1419 2767 42.
1438 2755 1474 2764 -υ-
1492 2742 1582 2767 Glossa
1604 2741 1806 2768 interlinearis:
1829 2741 2018 2768 Verumtamen
2037 2743 2142 2775 oportet

1181 2792 1251 2811 me...
1269 2785 1425 2818 ambulare,
1440 2787 1505 2812 haec
1517 2785 1659 2812 ambulatio
1672 2786 1706 2812 ad
1720 2786 1829 2811 litteram
1844 2785 2006 2817 intelligitur,
2021 2792 2073 2818 qua
2086 2785 2140 2811 ibut

1182 2830 1208 2856 in
1226 2831 1374 2856 Ierusalem.

1252 2873 1263 2889 ⁸
1282 2875 1317 2901 lta
1337 2875 1427 2901 Glossa
1446 2874 1647 2914 interlineari-35
1667 2874 1729 2901 Non
1741 2874 1825 2908 capit,
1839 2873 1970 2904 absolute,
1984 2874 2010 2899 id
2023 2878 2075 2906 est,
2087 2880 2139 2900 11011

1182 2921 1318 2952 convenit,
1336 2921 1379 2946 vel
1398 2927 1450 2946 non
1470 2920 1538 2952 capit
1557 2919 1681 2945 Herodes.
1701 2932 1736 2938 —
1756 2919 1882 2951 Superius
1907 2922 1965 2951 post
1990 2920 2095 2953 tempus
2119 2920 2139 2945 B

1181 2965 1285 2998 supplet
1302 2963 1446 2999 passionis.

1252 3007 1264 3023 ⁹
1284 3010 1357 3034 vers.
1377 3008 1426 3039 15,
1445 3008 1471 3033 in
1491 3015 1544 3041 quo
1563 3015 1612 3040 pro
1630 3006 1763 3041 fratribus
1782 3007 1878 3033 vestris
1897 3007 1941 3040 (ita
1962 3008 1997 3038 11,
2016 3008 2062 3040 qui
2079 3014 2139 3034 oon-

1182 3054 1253 3080 venit
1270 3060 1330 3079 cum
1351 3059 1430 3085 supra
1450 3060 1474 3079 6.
1487 3053 1511 3078 7.
1527 3060 1552 3078 n.
1569 3053 1610 3078 30.
1632 3053 1716 3084 posita
1736 3052 1855 3085 lectione)
1875 3054 1894 3078 A
1906 3052 1988 3078 CDG
2005 3051 2138 3085 frah-ibus

1181 3097 1261 3130 meis,
1280 3097 1326 3130 qui
1346 3097 1425 3122 etiam
1443 3103 1504 3122 cum
1524 3097 1546 3122 Η
1565 3096 1687 3122 omittunt
1705 3095 1777 3123 sicut
1798 3102 1860 3128 που,
1886 3096 1996 3128 Vulgata
2021 3096 2083 3127 legit
2106 3095 2138 3122 de

1181 3144 1258 3177 gente
1270 3143 1317 3168 tua
1330 3140 1399 3168 etde
1411 3140 1545 3175 fratribus
1559 3140 1613 3167 tuis
1626 3140 1698 3167 sicut
1709 3147 1751 3166 me
1763 3139 1902 3166 siaeouabit
1914 3139 1962 3166 tibi
1972 3143 2019 3166 etc.
2039 3153 2074 3159 —
2094 3140 2138 3165 Se-

1181 3187 1269 3221 quitur
1287 3186 1350 3212 Luc.
1368 3185 1399 3217 7,
1421 3186 1461 3210 16.

1252 3229 1276 3245 ¹⁰
1294 3230 1370 3256 Vers.
1389 3230 1431 3256 31.
1443 3244 1478 3248 -
1491 3230 1581 3255 Glossa
1601 3228 1743 3256 ordinaria
1757 3229 1781 3254 in
1794 3230 1856 3255 Luc.
1878 3229 1921 3260 13,
1940 3229 1992 3254 33;
2011 3229 2067 3255 Non
2080 3233 2138 3261 pot-

1181 3276 1230 3302 erit
1248 3273 1403 3307 perturbare
1421 3274 1551 3304 Herodes,
1570 3273 1634 3306 quin
1654 3273 1687 3299 ita
1707 3279 1784 3305 agam
1803 3276 1829 3298 et
1846 3273 1881 3298 ita
1895 3279 2077 3302 consummar,
2089 3272 2137 3298 sed

1181 3325 1230 3345 nec
1249 3320 1360 3344 mortem
1380 3317 1498 3350 corporis
1518 3317 1570 3342 mei
1588 3317 1683 3348 poterit
1702 3316 1819 3348 operari,
1843 3322 1924 3349 quam
1950 3315 1974 3341 in
1999 3316 2136 3342 Ierusalem

1181 3364 1284 3394 oportet
1302 3361 1371 3393 fleri,
1391 3359 1436 3386 ubi
1456 3367 1507 3386 non
1526 3360 1595 3392 ipse,
1615 3359 1662 3385 sed
1682 3359 1776 3385 Pilatus
1794 3359 1953 3385 dominatur.

1252 3404 1272 3419 ¹¹
1293 3405 1368 3431 Vers.
1388 3405 1418 3436 3,
1438 3407 1497 3437 post
1515 3411 1594 3437 quem
1614 3404 1691 3429 Zach.
1712 3404 1758 3437 13,
1781 3404 1802 3429 1.
1959 3402 1981 3418 ‘²
2001 3403 2076 3429 Vei-s.
2095 3404 2138 3429 ⁴2.

2163 1023 2314 1045 Etiamnum-

2163 1050 2213 1071 dum
2228 1050 2305 1072 locum.

2164 2300 2293 2323 Notandum.

2170 2514 2278 2545 Expositio

2211 2542 2270 2563 ituali
