2476 3921
16 873 59 890 ana
68 866 143 894 gioria.

21 1769 143 1791 Difficultas.

3 1889 5 1894 .
53 1875 142 1897 Solutio.

7 2195 96 2226 Quattuor
105 2200 152 2222 spe-

23 2227 153 2270 3222.⁸'¹¹'²''

732 233 928 266 COMMENT.
953 233 990 266 IN
1014 232 1253 266 EVANGELIUM
1276 233 1394 265 LUCAE
1418 233 1450 265 C.
1475 234 1575 266 XVIII.

248 326 297 358 19.
323 325 424 367 (Vers.
453 323 527 365 12).
552 322 658 356 Tertio
681 325 836 365 quantum
853 321 893 354 ad
908 321 1118 354 commenda-

10 403 11 412 .
36 389 137 413 ‘rernm
156 379 275 412 tionem
297 378 355 411 sai
380 387 465 410 vane
497 375 681 420 yloriosam
715 374 839 408 subdit:
867 374 980 407 Ieiuno
1009 373 1059 406 bis
1082 374 1118 406 in

156 431 318 469 Sabhaco,
341 427 488 463 decimas
511 428 661 462 omnium
678 427 731 467 do,
748 437 834 471 quae
847 426 1010 470 possideo,
1027 426 1116 468 quasi

155 485 255 518 dicat:
281 483 450 526 perfectam
474 481 625 515 iustitiam
650 489 760 519 servo,
784 483 816 513 et
838 488 915 522 erga
939 488 988 512 me
1012 479 1117 521 ipsum

156 541 187 571 et
210 546 285 580 erga
308 537 427 575 Deum,
452 535 527 577 quia
554 542 680 568 carnem
711 541 837 566 macero
865 532 983 565 ieiunio
1006 531 1055 565 bis
1086 531 1117 564 in

156 591 307 629 Sabbato,
332 589 362 622 id
386 593 433 622 est
455 588 487 621 in
511 587 725 629 septimana¹;
739 590 773 619 vet
790 585 936 628 pietatem
961 585 1000 618 ad
1017 585 1117 618 Deum

157 653 249 677 servo
272 642 429 676 reddendo
451 640 588 674 decimas
611 643 643 673 et
666 640 890 681 eleemosynas.
908 639 944 671 Et
960 639 1038 672 haec
1054 638 1119 671 duo

156 700 246 736 sunt,
261 705 342 739 quae
358 695 496 728 maxime
509 694 632 736 placent
648 693 728 732 Deo;
745 692 830 726 unde
845 695 878 725 et
890 692 1025 734 Angelus
1036 691 1119 725 dixit

156 749 270 782 Tobiae
292 747 514 781 duodecimo&
537 759 553 775 α
569 746 652 779 Bona
667 749 715 779 est
731 745 832 778 oratio
856 753 928 778 cum
953 744 1071 778 ieiunio
1086 747 1119 777 et

156 803 352 843 eleemosyna
375 799 474 842 magis
497 808 593 842 quam
629 799 796 831 thesauros
826 797 898 830 auri
934 797 1069 831 condere
1086 810 1116 829 ι».

156 855 242 888 Unde
257 858 289 887 et
305 854 355 887 hic
372 854 507 886 multum
532 861 565 886 se
582 852 686 894 ipsum
709 851 921 890 commendat,
939 851 992 884 sed
1010 851 1040 883 in
1058 851 1118 884 hoc

157 917 245 942 suam
269 907 418 940 iustitiam
438 915 494 949 per
512 914 623 939 vanam
639 905 770 948 gloriam
795 904 912 944 foedam
934 904 1118 944 Proverbio-

157 971 229 995 rum
253 961 403 1003 vigesimo
426 960 602 1002 septimo-⁴¹:
631 972 646 988 α
664 959 783 992 Laudet
799 962 829 991 te
845 958 984 997 alienus,
1000 961 1032 991 et
1055 966 1116 990 non

155 1024 191 1048 os
213 1019 323 1054 tuum;
348 1019 538 1053 extraneus,
562 1017 594 1046 et
617 1022 678 1046 non
703 1013 784 1046 labia
809 1015 864 1045 tua
881 1023 910 1051 »ς
928 1011 1018 1054 quia,
1035 1011 1118 1044 sicut

155 1069 271 1102 (licitur
295 1068 449 1101 secundae
473 1068 511 1101 ad
535 1067 713 1100 Corinthios
735 1066 875 1105 decimo,
901 1078 916 1094 α
933 1074 995 1098 non
1012 1065 1066 1107 qui
1084 1073 1117 1098 se

157 1122 260 1164 ipsum
285 1121 501 1160 commendat,
526 1121 578 1153 ille
609 1120 762 1162 probatus
792 1122 887 1158 est»,
912 1118 1008 1151 immo
1032 1122 1117 1151 certe

157 1175 355 1217 reprobatus.
391 1174 477 1207 Unde
509 1172 714 1206 Ecclesiastici
749 1172 925 1213 septimo⁴:
955 1184 970 1200 α
988 1171 1053 1203 Non
1086 1174 1116 1203 te

158 1228 308 1261 iustifices
330 1227 415 1270 apud
438 1227 557 1265 Deum,
581 1226 730 1268 quoniam
765 1225 888 1267 agnitor
923 1224 1027 1257 cordis
1051 1224 1117 1266 ipse

157 1283 205 1315 est
220 1283 252 1321 »‘;
276 1285 307 1314 et
331 1279 478 1313 Ieremiae
494 1278 657 1312 secundo:
680 1291 695 1307 ιι
714 1278 806 1316 Ecce,
831 1286 888 1319 ego
912 1277 1028 1309 iudicio
1044 1286 1118 1309 con—

158 1334 283 1367 tendam
308 1337 430 1372 tecum,
454 1341 491 1365 eo
514 1331 597 1374 quod
629 1331 768 1364 dixeris:
793 1330 858 1362 Non
888 1330 1013 1372 peccavi
1031 1341 1062 1369 »3
1087 1332 1119 1362 et

159 1387 211 1420 lob
235 1396 333 1419 nono:
364 1399 380 1415 «
396 1385 425 1418 Si
450 1385 621 1418 iustificare
646 1392 695 1416 me
713 1383 856 1428 voluero,
874 1391 909 1415 os
924 1391 1030 1415 meum
1049 1391 1120 1415 con-

158 1440 317 1473 demnabit
339 1447 407 1477 me;
432 1438 457 1471 si
482 1438 679 1470 innocentem
702 1435 884 1474 ostendero,
909 1444 1043 1477 pravum
1069 1444 1120 1468 me

159 1493 374 1535 comprobabit
391 1505 420 1524 n.
440 1492 474 1524 Et
490 1491 550 1524 hoc
574 1493 674 1522 totum
691 1492 822 1531 propter
839 1489 950 1522 vitium
966 1488 1120 1528 elationis,

160 1555 241 1588 quae
265 1545 401 1578 maxime
424 1544 567 1585 displicet
591 1543 675 1581 Deo;
700 1542 738 1575 ad
765 1542 913 1584 Ephesios
937 1539 1119 1574 sectlndo⁵z

165 1613 179 1628 ιι
193 1599 298 1632 Gratia
322 1597 429 1631 salvati
454 1597 529 1630 estis
552 1605 609 1638 per
624 1596 729 1629 fidem.
748 1596 803 1629 Dei
828 1595 910 1628 enim
927 1595 1046 1628 donum
1063 1598 1121 1634 est,

161 1661 222 1685 non
247 1661 287 1684 ex
311 1651 480 1693 operibus,
504 1659 544 1683 ne
567 1650 640 1692 quis
662 1649 817 1692 glorietur
833 1662 866 1682 ».

249 1706 302 1738 20.
327 1704 385 1737 Sed
409 1713 481 1737 cum
505 1704 563 1736 iste
589 1704 774 1739 Pharisaeus
797 1703 896 1742 hona,
913 1711 995 1745 quae
1011 1702 1121 1741 habet,

162 1768 180 1790 a
201 1758 334 1790 Domino
358 1760 577 1799 recognoscat;
595 1766 657 1789 non
681 1756 807 1789 videtur
824 1755 959 1788 inaniter
975 1755 1122 1798 gloriari3

161 1811 237 1854 qnia
259 1811 311 1843 ille
342 1810 477 1843 inaniter
512 1810 685 1852 gloriatur,
709 1809 763 1851 qui
794 1809 1000 1851 «gloriatur,
1032 1808 1121 1851 quasi

161 1873 224 1897 non
248 1864 428 1906 acceperit⁶
443 1875 473 1903 »;
498 1863 550 1896 hic
573 1866 678 1895 autem
702 1862 819 1904 gratias
843 1862 907 1895 Deo
923 1862 996 1904 agit.
1023 1881 1063 1885 -
1080 1861 1124 1894 Ad

163 1917 247 1960 quod
279 1917 447 1960 respondet
478 1916 693 1954 Bernardus⁷‚
718 1915 803 1958 quod
835 1925 897 1948 non
928 1918 1012 1948 recte
1036 1924 1125 1948 reco-

163 1972 271 2014 gnovit
294 1972 393 2010 bona,
417 1979 498 2013 quae
529 1970 666 2012 accepit;
696 1970 740 2002 ait
770 1969 853 2002 enim
879 1969 940 2002 sic:
971 1968 1125 2001 «Gratias

163 2025 243 2068 agit,
267 2034 330 2058 non
354 2024 429 2067 quia
452 2018 580 2063 bonus,v
598 2023 652 2056 sed
683 2023 758 2065 quia
782 2023 887 2062 solus,
911 2032 973 2055 non
1000 2026 1063 2055 tam
1086 2022 1125 2055 de

164 2078 269 2118 honis,
293 2086 374 2121 quae
398 2077 510 2116 habet,
535 2085 630 2119 quam
654 2076 693 2109 de
718 2076 823 2115 malis,
840 2085 922 2118 quae
938 2075 970 2108 in
994 2076 1064 2109 aliis
1080 2075 1125 2109 vi—

163 2130 216 2164 det
231 2144 262 2163 ».
287 2130 369 2163 Talis
392 2134 498 2163 autem
522 2129 635 2162 modus
658 2132 707 2162 est
729 2128 891 2167 elationis;
908 2128 993 2161 unde
1008 2128 1126 2170 Grego-

163 2183 275 2217 rius⁸:
305 2196 319 2216 ιι
336 2183 479 2225 Quatuor
503 2185 579 2216 sunt
601 2182 738 2224 species,
762 2181 879 2223 quibus
894 2181 997 2213 omnis
1019 2185 1126 2214 tumor

165 2237 383 2279 arrogantium
405 2236 658 2269 demonstratur:
683 2243 755 2267 cum
780 2234 829 2267 vel
853 2234 968 2276 aliquis
991 2234 1125 2273 bonum,

166 2289 251 2331 quod
274 2289 386 2328 habet,
410 2298 433 2321 a
455 2298 490 2320 se
513 2288 630 2320 habere
654 2296 687 2320 se
718 2287 898 2326 existimat;
922 2290 997 2326 aut,
1022 2287 1047 2319 si
1071 2287 1126 2319 da-

166 2346 234 2375 tum
258 2351 276 2375 a
299 2343 363 2375 Deo
386 2341 503 2380 credit,
535 2351 600 2383 pro
632 2340 759 2373 meritis
790 2340 898 2372 datum
932 2343 1039 2381 putat;
1071 2343 1127 2372 aut

170 2603 294 2630 scendum
313 2607 339 2629 et
364 2603 572 2629 conservandam
602 2602 774 2628 humilitatem
803 2602 857 2628 duo
885 2609 943 2628 esse
970 2602 1130 2634 necessaria,

170 2649 226 2674 scil.
253 2651 280 2674 ut
298 2648 495 2674 consideremus
520 2647 626 2672 meliora
647 2650 673 2672 et
691 2652 742 2672 non
763 2650 868 2679 peccata
889 2647 1010 2679 proximi.
1030 2646 1131 2673 Clarius

171 2697 257 2719 tamen
287 2694 353 2718 lianc
381 2692 535 2718 sententiam
560 2691 666 2718 exhibet
694 2691 778 2724 Beda,
803 2692 835 2718 V.
860 2692 885 2718 iu
914 2692 976 2718 Luc.
1007 2692 1053 2723 18,
1083 2691 1130 2717 14ι

169 2738 337 2770 Quapropter
355 2740 381 2763 et
399 2737 433 2763 de
451 2736 541 2762 verbis
565 2737 622 2762 elati
649 2736 793 2768 Pharisaei,
812 2736 910 2770 quibus
929 2736 1060 2762 humiliari
1080 2743 1132 2762 me·
1182 2754 1184 2757 ι

172 2781 236 2813 ruit,
256 2788 398 2813 possumus
416 2788 447 2807 ex
466 2781 572 2807 diverso
586 2782 698 2807 sormam
713 2781 873 2813 humilitatis,
886 2788 937 2814 qua
949 2780 1132 2811 sublimemur,

172 2832 320 2856 assumere,
340 2829 367 2851 ut
386 2825 452 2851 sicut
470 2825 525 2856 ille,
554 2825 726 2852 consideratis
750 2829 775 2859 et
800 2826 921 2858 peiorum
944 2825 1015 2851 vitiis
1033 2828 1059 2851 et
1077 2825 1132 2851 suis

172 2869 327 2900 virtutibus,
346 2873 384 2895 est
412 2871 495 2895 elutus
520 2870 553 2896 od
583 2870 698 2902 ruiunm,
719 2870 751 2896 ita
776 2877 838 2902 nos,
858 2877 911 2895 non
939 2874 1027 2896 nostra
1046 2870 1131 2895 solum

173 2912 277 2944 pigritia
289 2933 295 2945 ,
314 2913 360 2939 sed
380 2916 406 2939 et
424 2913 561 2939 meliorum
587 2913 730 2940 virtutibus
753 2913 890 2945 inspectis,
911 2913 1080 2940 humiliemur
1098 2912 1132 2938 ad

174 2957 283 2988 gloriam
302 2960 351 2983 etc.

245 3000 254 3015 ¹
276 3001 464 3034 Theophylact.
485 3001 509 3028 in
528 3003 591 3028 Luc.
611 3002 660 3033 18,
679 3001 757 3028 9-14ι
776 3001 868 3028 Ieiuno
890 3000 930 3028 bis
949 3000 978 3028 in
1006 3000 1132 3033 Sabbaco,

174 3047 224 3072 hoc
242 3049 281 3072 est
309 3045 350 3071 bis
380 3046 405 3071 in
434 3045 609 3072 hebdomade.
636 3045 783 3079 Sabbatum
809 3046 879 3071 enim
909 3045 1056 3071 hebdomas
1080 3048 1133 3077 est,

174 3096 244 3123 quae
262 3097 276 3115 a
296 3090 522 3116 consummatione
540 3093 566 3115 et
589 3089 682 3125 'quieto
709 3090 753 3115 die
780 3089 959 3115 nominatur...
984 3088 1136 3115 leiuunbant

175 3137 262 3160 autem
282 3134 412 3160 Pharisaei
431 3133 545 3160 secundo
565 3137 591 3159 et
609 3133 700 3166 quinta
718 3132 776 3166 [die
794 3133 821 3158 in
835 3131 1022 3166 hebdomade}
1036 3146 1072 3152 —
1085 3133 1133 3158 Pro

175 3177 274 3204 ieiunio
294 3178 352 3204 Vnt.
371 3176 531 3209 ieiunando,
551 3178 572 3202 11
592 3176 681 3204 ieiuno
699 3177 779 3203 enim.

246 3220 257 3236 ¹
277 3222 352 3248 Vers.
372 3222 397 3247 8.
414 3234 451 3240 -
469 3221 596 3253 Superius
614 3227 663 3253 pro
681 3220 816 3247 reddendo
830 3220 909 3248 CDF
922 3220 1019 3253 reddo,
1036 3221 1058 3246 11
1072 3220 1135 3252 legit

177 3264 310 3292 reddendo
329 3265 429 3292 scilicet
448 3264 566 3292 decimas
584 3267 609 3292 et
626 3265 749 3300 faciendo
768 3265 960 3299 eleemosynas.

197 3331 199 3336 ,
247 3307 258 3323 “
279 3310 352 3336 Vers.
372 3310 403 3341 2,
422 3312 481 3342 post
499 3316 579 3343 quem
599 3310 626 3335 11.
645 3309 705 3336 Cor.
727 3309 773 3340 10,
790 3309 836 3335 Ι18.

248 3351 260 3367 ⁴
279 3353 354 3379 Vers.
373 3353 398 3379 5.
417 3365 452 3373 -·
471 3354 528 3379 Duo
546 3361 620 3387 seqq.
639 3353 688 3380 loci
707 3356 768 3379 sunt
786 3353 832 3379 Ier.
852 3354 878 3386 2,
896 3353 939 3379 35.
957 3356 983 3379 et
995 3351 1040 3379 Iob
1053 3353 1078 3384 9,
1091 3352 1133 3378 20.

249 3396 261 3412 ⁸
279 3398 355 3424 Vers.
374 3399 398 3424 8.
418 3401 444 3424 et
461 3399 487 3424 9.

2077 235 2140 267 455

1182 329 1255 353 cum
1280 320 1390 360 iactat,
1415 330 1448 354 se
1472 322 1589 354 habere
1612 323 1700 365 quod
1722 332 1788 355 non
1816 321 1930 361 harbel,-
1964 327 2020 356 aut
2051 333 2141 362 cum,

1181 373 1336 415 despectis
1359 375 1489 414 ceteris,
1513 376 1632 417 appetit
1654 376 1874 418 singulariter
1890 377 1999 409 videri
2021 376 2140 409 habere

1181 426 1266 468 quod
1291 426 1385 459 habet
1399 440 1428 459 ι».
1446 428 1506 460 Hac
1524 431 1609 468 peste
1627 428 1811 461 Pharisaeus
1828 429 2000 467 laborabat,
2012 429 2066 471 qui
2084 438 2142 462 sua

1181 479 1294 512 merita
1317 479 1497 512 extollendo
1521 489 1554 513 se
1577 481 1690 527 ,ceteris
1714 481 1918 522 praeferebat.

1271 533 1324 565 21.
1342 532 1444 572 (Vers.
1465 532 1540 573 13.).
1560 533 1598 564 Ει
1611 532 1813 574 publicanus
1829 543 1851 565 a
1868 534 1959 575 lonqe
1973 538 2068 566 stans
2080 538 2138 566 etc.

1181 585 1349 627 Postquam
1373 586 1533 627 expressit
1547 585 1741 618 conditiones
1758 586 1788 618 in
1806 595 1899 627 prece
1916 587 2043 628 superbi
2063 588 2141 619 Pha-

1182 638 1294 676 risaei,
1319 638 1370 671 hic
1394 638 1532 671 secundo
1545 638 1558 657 ⁹
1575 639 1727 680 exprimit
1742 639 1941 671 conditiones
1955 640 2065 681 precis
2082 639 2141 671 ku-

1181 691 1271 724 milis
1292 691 1486 733 publicani,
1510 691 1540 723 in
1565 700 1629 733 qua
1651 691 1842 724 describitur
1860 692 2014 733 perfectae
2039 693 2143 724 humi-

1182 744 1278 777 litatis
1301 743 1470 777 insinuatio
1493 747 1647 787 quantum
1679 744 1717 776 ad
1748 748 1894 787 ρεειαηι,
1926 748 2081 786 quantum
2105 745 2143 777 ad

1180 802 1308 830 motum
1339 801 1369 830 et
1394 800 1548 840 quantum
1573 797 1612 830 ad
1636 797 1782 830 verbum.

1272 851 1375 884 Primo
1399 854 1553 892 quantum
1576 851 1615 883 ad
1649 851 1908 883 insinuationem
1942 849 2143 883 humilitatis

1177 914 1240 947 per
1262 909 1391 947 yeslam
1415 904 1507 937 dicit:
1535 905 1572 937 Et
1593 904 1797 947 publicanas
1812 914 1835 936 a
1851 904 1944 947 lonye
1958 909 2069 943 stam,
2087 915 2144 937 no-

1181 957 1266 990 lebat
1288 967 1346 990 neo
1370 958 1482 990 oculos
1504 958 1551 990 ad
1574 957 1700 991 caelum
1718 958 1837 991 levare.
1856 957 1936 990 Beda
1950 958 1992 989 ¹⁰:
2022 970 2036 986 α
2054 958 2141 990 Sicut

1181 1010 1329 1050 humilis,
1353 1020 1416 1043 non
1440 1010 1535 1043 audet
1557 1011 1831 1053 appropinquare,
1856 1013 1892 1043 ut
1916 1011 1999 1042 Deus
2015 1010 2053 1042 ad
2070 1019 2144 1043 eum

1179 1064 1430 1106 appropinquet;
1455 1073 1517 1096 non
1533 1064 1654 1106 aspicit,
1672 1068 1707 1097 ut
1723 1064 1894 1106 aspiciatur
1910 1077 1939 1096 n.
1965 1064 2045 1096 Nihil
2061 1063 2144 1096 enim

1180 1117 1282 1159 placet
1306 1117 1369 1150 Deo
1394 1120 1516 1150 tantum
1542 1117 1572 1149 in
1598 1117 1793 1159 poenitente,
1818 1118 1900 1150 sicut
1922 1117 1997 1149 dicit
2013 1117 2145 1149 Bernar-

1179 1170 1240 1203 dus
1254 1171 1291 1209 ¹¹,
1315 1174 1470 1212 quantum
1494 1171 1624 1203 humilis
1647 1170 1853 1209 verecundia;
1884 1173 1915 1202 et
1946 1170 2048 1202 taliter
2079 1169 2146 1201 vult

1180 1223 1275 1255 orari.
1300 1223 1387 1256 Unde
1411 1223 1469 1256 iste
1494 1223 1682 1265 publicanus
1704 1226 1773 1256 erat
1795 1223 1833 1256 de
1857 1223 1935 1261 illis,
1959 1223 1997 1255 de
2025 1222 2143 1264 quibus

1181 1276 1276 1309 Isaiae
1299 1276 1540 1318 quadragesimo
1564 1285 1661 1309 nono:
1691 1289 1706 1305 ι
1724 1276 1821 1308 Vultu
1845 1276 1875 1308 in
1894 1280 1979 1308 terra
1994 1275 2144 1314 demisso,

1181 1329 1360 1362 adorabunt
1384 1333 1413 1362 te
1437 1334 1467 1361 et
1491 1330 1654 1371 pulverem
1681 1329 1795 1371 pedum
1822 1329 1951 1361 tuorum
1977 1328 2143 1370 lingent».

1182 1382 1247 1414 Non
1272 1382 1409 1415 audebat
1431 1382 1542 1414 oculos
1566 1382 1674 1414 levare
1705 1382 1751 1414 ad
1782 1381 1928 1420 caelum,
1960 1382 2034 1423 quia
2058 1390 2146 1413 reco—

1182 1435 1369 1477 gnoscebat,
1393 1443 1427 1467 se
1450 1435 1616 1467 offendisse
1647 1435 1747 1467 Deum
1779 1435 1871 1472 caeli,
1895 1434 1938 1466 ita
1962 1438 1996 1466 ut
2027 1434 2146 1466 diceret

1184 1488 1266 1520 sicut
1277 1488 1362 1520 filius
1374 1487 1526 1530 prodigus
1543 1487 1718 1529 poenitens,
1732 1496 1829 1529 supra
1840 1487 1961 1519 decimo
1971 1487 2088 1529 quinto
2102 1487 2145 1518 ¹²:

1189 1554 1204 1570 n
1221 1542 1330 1580 Pater,
1355 1541 1481 1583 peccavi
1507 1541 1537 1573 in
1561 1540 1682 1573 caelum
1719 1544 1750 1573 et
1774 1549 1878 1573 coram
1904 1544 1934 1573 te
1950 1553 1981 1579 »;
2007 1545 2038 1572 et
2069 1539 2148 1572 illud

1185 1594 1314 1628 secundi
1339 1594 1596 1635 Paralipomenon
1626 1593 1755 1626 ultimo:
1784 1606 1800 1622 <x
1819 1594 1943 1626 Peccavi
1968 1602 2064 1635 super
2087 1602 2148 1625 nu-

1185 1646 1310 1681 merum
1333 1656 1448 1680 arenae
1471 1647 1584 1686 maris,
1609 1651 1641 1679 et
1675 1647 1883 1689 multiplicata
1917 1651 1992 1680 sunt
2021 1650 2149 1689 peccata

1185 1710 1273 1740 mea,
1297 1705 1329 1733 et
1352 1710 1413 1733 non
1450 1709 1520 1733 sum
1555 1699 1670 1742 dignus
1706 1700 1812 1733 videre
1843 1700 2039 1733 altitudinem
2072 1700 2148 1733 caeli

1187 1763 1263 1797 prae
1288 1754 1491 1787 multitudine
1515 1753 1689 1796 iniquitatis
1717 1763 1804 1787 meae
1821 1767 1850 1786 ι».
1870 1754 1939 1787 ideo
1967 1754 2063 1796 igitur
2087 1762 2149 1786 non

1186 1807 1323 1841 audebat
1347 1807 1451 1840 levare
1475 1806 1584 1840 faciem
1611 1811 1740 1849 propter
1764 1807 1881 1849 peccati
1907 1805 2146 1844 verecundiam,

1187 1861 1230 1894 ita
1253 1865 1290 1893 ut
1313 1860 1397 1893 intra
1420 1869 1454 1893 se
1469 1860 1588 1893 diceret
1605 1860 1682 1893 illud
1699 1860 1792 1902 primi
1812 1860 1925 1893 Esdrae
1941 1869 2038 1892 nono:
2061 1859 2150 1891 «Do-

1188 1915 1272 1947 mine
1296 1914 1381 1947 Deus
1406 1923 1511 1953 meus,
1535 1913 1710 1947 confundor
1744 1917 1776 1946 et
1799 1913 1952 1946 erubesco
1976 1913 2080 1945 levare
2104 1912 2149 1944 fa-

1188 1968 1267 2001 ciem
1292 1975 1393 2000 meam
1416 1966 1456 1999 ad
1480 1970 1520 2005 te,
1545 1966 1693 2009 quoniam
1719 1966 1900 2008 iniquitates
1923 1969 2048 1998 nostrae
2066 1965 2148 1997 mul—

1188 2021 1345 2063 tiplicatae
1369 2024 1444 2054 sunt
1467 2029 1564 2062 super
1599 2022 1694 2062 capnt
1716 2023 1879 2058 nostrum,
1903 2022 1935 2051 et
1957 2018 2070 2051 delicta
2094 2026 2150 2050 no-

1188 2078 1254 2108 stra
1278 2077 1449 2107 creverunt
1472 2082 1574 2115 usque
1597 2072 1636 2105 ad
1659 2072 1780 2106 caelum
1799 2085 1828 2104 ι».

1279 2129 1331 2160 22.
1357 2126 1499 2160 Secundo
1522 2129 1676 2169 quantum
1701 2125 1740 2158 ad
1764 2124 2022 2158 insinuationem
2040 2122 2150 2156 Immi-
2164 2133 2316 2181 ''⁶533‘ss

1190 2181 1295 2214 litans
1328 2181 1483 2223 quantum
1515 2180 1554 2212 ad
1588 2179 1740 2221 eorporis·
1770 2184 1896 2211 motum
1931 2177 2054 2210 subdit:
2088 2176 2151 2209 Sed

1181 2233 1392 2277 ,percutiebat
1410 2237 1525 2275 pectus
1547 2242 1667 2271 suum,-
1690 2232 1721 2264 in
1746 2240 1810 2274 quo
1826 2230 1974 2264 reddebat
1990 2239 2023 2262 se
2045 2230 2148 2271 ipsum

1189 2287 1378 2329 culpabilem
1395 2290 1426 2319 et
1441 2286 1624 2319 ostendebat
1639 2285 1804 2318 dolentem.
1823 2284 1855 2316 ln
1873 2285 1931 2316 hoc
1947 2283 2047 2321 enim,
2065 2282 2149 2324 quod

1191 2343 1301 2382 pectus
1325 2339 1521 2381 percutitur,
1545 2337 1721 2371 ostenditur
1745 2346 1799 2370 cor
1822 2337 1979 2369 introrsus
1996 2335 2150 2377 supplicio

1265 2600 1277 2616 ⁸
1297 2589 1375 2634 Epist.
1396 2602 1412 2627 1.
1432 2600 1492 2628 Cor.
1514 2600 1542 2633 4,
1561 2599 1591 2631 73
1611 2599 1677 2633 Quid
1698 2602 1785 2624 autem
1806 2597 1900 2629 habes,
1920 2597 1991 2630 quod
2012 2604 2062 2622 nou
2082 2603 2152 2621 arce-

1195 2646 1275 2679 pisti?
1294 2647 1321 2672 Si
1340 2649 1427 2672 autem
1447 2645 1584 2677 accepisti,
1603 2644 1667 2677 quid
1688 2643 1822 2675 gloriaris,
1836 2642 1910 2675 quasi
1930 2649 1981 2667 non
2001 2641 2151 2672 acceperis?

1196 2691 1260 2724 (Cir.
1279 2692 1399 2723 August,
1419 2691 1532 2716 Enarrat.
1553 2690 1577 2715 in
1598 2689 1636 2714 Ps.
1657 2689 1700 2714 31.
1719 2691 1827 2713 enarrat.
1849 2688 1873 2712 2.
1892 2694 1918 2712 n.
1939 2686 1970 2711 10
1983 2686 2001 2718 ).

1266 2734 1276 2750 ”’
1297 2736 1334 2762 De
1352 2735 1484 2762 Grudibus
1504 2733 1667 2764 humilitatis,
1686 2740 1708 2758 c.
1729 2733 1752 2758 5.
1774 2739 1799 2757 n.
1823 2731 1859 2756 17.

1267 2779 1278 2795 ⁸
1297 2779 1367 2806 Libr.
1387 2780 1476 2806 xxul.
1506 2779 1592 2804 Morul.
1618 2785 1640 2803 c.
1669 2777 1694 2802 6.
1713 2783 1738 2801 n.
1764 2776 1806 2807 13,
1826 2782 1905 2808 quem
1925 2774 2044 2806 sequitur
2067 2773 2152 2803 Beda,

1198 2824 1229 2850 V.
1252 2824 1276 2850 in
1298 2825 1358 2850 Luc.
1383 2824 1428 2854 18,
1450 2824 1495 2854 it,
1521 2829 1550 2847 ex
1579 2828 1632 2854 quo
1656 2824 1695 2846 est
1714 2820 1802 2845 Glossa
1831 2817 1987 2848 ordinaria,
2006 2816 2152 2842 seeundum

1196 2876 1276 2902 quum
1297 2870 1361 2894 haee
1380 2860 1505 2894 sententio
1525 2866 1674 2895 exliibetur;
1694 2865 1749 2896 ipsa
1769 2865 1857 2889 Glossa
1872 2863 1949 2888 etiam
1963 2862 2038 2887 alium
2060 2867 2154 2892 propo·

1196 2913 1316 2939 sitionem
1336 2909 1471 2956 adiunffiit:
1491 2911 1545 2936 nuc
1565 2909 1717 2935 Pharisaeus
1747 2912 1818 2939 peste
1843 2905 1990 2935 laborabat,
2016 2905 2060 2937 qui
2090 2905 2149 2929 ideo

1197 2963 1251 2982 nou
1271 2956 1424 2981 iustificatus
1443 2953 1592 2985 descendit,
1611 2953 1671 2985 quia
1693 2951 1783 2977 merita
1813 2950 1941 2975 bonorum
1971 2955 2082 2980 operum
2102 2947 2154 2973 sibi

1197 3000 1361 3032 singulariter
1381 2999 1511 3028 tribuens,
1533 2996 1672 3029 publicano
1691 3002 1719 3021 se
1739 2994 1868 3027 praetulit.

1268 3042 1281 3058 ⁹
1298 3043 1351 3070 Cir.
1369 3049 1449 3074 supra
1469 3049 1493 3067 n.
1516 3042 1557 3066 16.
1621 3071 1625 3074 ⁴
2152 3060 2156 3064 ,

1269 3087 1292 3102 ¹⁰
1310 3087 1374 3113 Cod.
1394 3087 1415 3111 H
1435 3085 1506 3112 Beda
1519 3084 1548 3111 in
1567 3083 1677 3114 Glossa,
1691 3083 1787 3108 scilicet
1801 3081 1958 3112 ordinm-io,
1979 3087 2046 3113 quae
2066 3083 2104 3105 eet
2123 3087 2154 3105 ex

1198 3134 1316 3164 August,
1335 3133 1419 3157 sei-m.
1441 3129 1492 3155 115
1521 3129 1595 3161 (alias
1615 3128 1658 3153 36.
1677 3127 1711 3153 de
1730 3126 1825 3152 Verbis
1845 3125 1958 3156 Domini)
1979 3132 2001 3149 c.
2021 3125 2047 3149 2.
2066 3131 2092 3149 n.
2111 3125 2135 3149 2.

1269 3174 1290 3190 ¹¹
1311 3176 1396 3201 Serm.
1415 3174 1440 3199 3.
1459 3173 1484 3198 in
1503 3171 1570 3199 Cunt
1590 3179 1616 3197 n.
1631 3171 1660 3197 ιε
1674 3171 1804 3204 Quantum
1819 3170 1938 3201 displicet
1952 3169 2005 3194 Deo
2019 3168 2156 3200 impuden-

1198 3220 1231 3246 titi
1251 3218 1412 3252 peccatoris,
1431 3220 1531 3243 tuntum
1544 3215 1698 3249 poenitentis
1711 3214 1870 3240 verecundia
1884 3214 1975 3246 placet.
1989 3226 2025 3231 —
2038 3212 2156 3238 subinde

1198 3265 1326 3296 allegatur
1342 3262 1401 3292 isai.
1421 3261 1468 3292 49,
1489 3261 1530 3286 23.
2178 3273 2180 3275 .

1271 3306 1292 3322 ¹²
1312 3307 1386 3332 ers.
1407 3306 1450 3331 21.
1471 3319 1504 3324 -
1525 3305 1582 3330 Duo
1601 3311 1675 3337 seqq.
1701 3303 1749 3329 loci
1769 3306 1829 3328 sunt
1849 3303 1880 3328 ΙΙ.
1903 3300 2022 3335 Paralip.
2044 3300 2090 3327 ull.
2112 3301 2156 3333 (ita

1199 3352 1298 3384 codd),
1317 3350 1364 3376 sed
1382 3353 1421 3376 est
1441 3347 1534 3375 Oratio
1554 3348 1680 3375 Manias-se
1700 3348 1756 3377 (cir.
1771 3353 1850 3378 supra
1866 3353 1926 3379 pag.
1948 3346 2007 3378 396,
2027 3349 2088 3371 nota
2104 3346 2156 3378 o),

1199 3399 1224 3422 et
1243 3396 1260 3421 1.
1280 3395 1353 3421 Esdr.
1373 3394 1401 3426 9,
1417 3393 1446 3421 ,6.

2161 544 2182 565 ln
2200 545 2297 565 oratione

2179 571 2287 601 publio-aui

2165 624 2300 644 humititatis.

2164 861 2205 883 Per
2219 864 2310 888 gestum.
