2476 3921
777 213 970 246 COMMENT.
996 213 1031 244 ΙΝ
1056 212 1294 245 EVANGELIUM
1318 211 1435 245 LUCAE
1460 213 1491 244 C.
1517 213 1550 244 V.

168 305 388 343 commissum,
414 304 486 337 licet
509 303 608 345 magis
632 302 777 335 videatur
804 310 873 335 esse
903 301 1128 338 medicorum,

167 358 242 400 quia
265 357 310 390 eis
333 357 466 390 vulnera
493 359 694 399 peccatorum
730 355 926 393 mortalium,
956 362 1037 396 quae
1073 362 1129 394 per

167 411 286 453 lepram
298 410 514 453 designantur,
531 413 673 450 tempore
690 407 831 441 veritatis
847 407 1002 440 revelatae
1026 409 1129 439 osten-

166 463 267 497 denda
301 467 398 503 sunt,
434 463 610 496 secundum
648 461 726 494 illud
761 460 967 494 Ecclesiastici
1008 460 1130 492 decimo

167 521 277 550 octavo
291 518 316 549 ¹:
347 530 363 546 «
379 517 411 549 ln
437 520 577 558 tempore
601 515 794 548 infirmitatis
817 513 946 547 ostende
962 522 1129 546 conversa-

167 569 282 603 tionem
308 572 395 602 tuam
411 583 442 609 n,
466 569 558 611 quia,
583 568 757 601 secundum
790 566 875 610 quod
907 566 1023 599 dicitur
1057 566 1129 598 Pro-

142 629 144 631 ’
167 622 349 656 verbiorum
374 622 523 664 vigesimo
546 624 671 660 octavo,
701 634 716 649 a
734 620 787 663 qui
821 619 983 653 abscondit
1011 619 1131 652 scelera

23 686 148 710 Notandum.

27 1005 73 1027 Alia
87 1004 150 1026 ratio-

60 1037 104 1053 nes.

49 1376 149 1398 Tertium.

23 2013 149 2036 Notandum.

168 684 226 709 sua
248 684 310 708 non
334 675 489 717 dirigetur
506 687 536 714 »;
561 674 645 707 unde
669 673 814 716 quamvis
830 673 982 705 Dominus
998 672 1131 705 mundet

167 738 224 772 per
255 728 438 761 interiorem
474 727 709 766 contritionem,
741 726 947 759 nihilominus
983 726 1057 767 ligat
1091 725 1130 758 ad

168 781 426 815 sacramentalem
450 781 686 814 consessionem.
712 781 743 812 ln
769 781 829 813 hoc
852 783 959 813 autem
982 779 1130 812 mandato

167 835 312 874 instruit,
337 834 529 868 sacerdotale
552 834 691 867 officium
715 842 782 867 esse
806 833 953 866 omnibus
977 842 1130 866 veneran-

168 888 261 927 dum,
286 892 317 921 et
340 888 370 920 id
394 888 431 920 ad
464 887 659 920 curationem
695 890 895 929 peccatorum
931 895 1000 919 esse
1023 895 1131 920 neces-

169 942 297 975 sarium.
324 941 358 974 Et
382 942 459 974 haec
482 944 530 974 est
554 941 634 973 ratio
658 941 829 982 praecipua
860 940 957 973 huius
980 940 1127 973 mandati.

169 995 247 1027 Sunt
271 998 374 1027 tamen
399 998 430 1027 et
453 994 548 1032 aliae,
573 996 610 1026 ut
632 994 774 1027 scilicet2
798 993 836 1026 ad
867 993 984 1026 bonum
1012 994 1131 1036 possint

169 1047 361 1090 promoveri,
380 1047 446 1080 viso
462 1047 616 1080 miraculo
639 1047 677 1080 de
700 1047 863 1080 curatione
887 1051 973 1080 certa
997 1047 1132 1089 leprosi,

168 1104 199 1134 et
222 1103 258 1133 ut
282 1103 376 1133 testes
400 1100 462 1133 sint
486 1100 647 1139 miraculi,
671 1103 702 1133 et
726 1108 765 1132 ne
782 1099 943 1132 videretur
959 1100 1004 1132 eis
1020 1100 1131 1132 adver—

169 1153 249 1193 sari,
271 1157 303 1186 et
326 1156 363 1185 ut
385 1153 559 1186 innotescat
574 1153 619 1186 eis
643 1152 844 1186 sacerdotalis
859 1152 994 1194 dignitas
1014 1152 1129 1185 Christi

168 1209 200 1239 et
218 1199 322 1249 'gnatia
345 1206 416 1239 novi
449 1206 626 1239 testamenti
663 1210 694 1239 et
729 1206 913 1244 sacerdotii,
949 1214 1031 1248 quae
1069 1215 1130 1238 non

169 1262 290 1291 tantum
315 1262 417 1301 potest
440 1262 599 1291 curatum
616 1259 797 1296 ostendere,
815 1258 868 1291 sed
885 1258 979 1291 etiam
996 1268 1129 1290 curare.

259 1311 310 1344 32.
336 1312 446 1344 Erudit
462 1312 667 1344 nihilominus
684 1312 794 1350 tertio,
812 1311 897 1353 quod
916 1314 1129 1353 praeceptum

168 1365 263 1407 Leqts
284 1374 351 1397 non
382 1369 429 1396 est
455 1364 802 1407 praetermittendam,
834 1372 906 1396 cum
932 1363 1057 1396 subdit:
1092 1364 1131 1395 Et

169 1416 249 1461 offer
267 1427 333 1459 pro
357 1417 590 1449 emundatione
613 1421 692 1455 tua,
709 1417 795 1449 sicat
807 1417 978 1459 praecepit
993 1416 1130 1459 dhyses,

169 1471 250 1504 sicut
274 1470 399 1503 Levitici
435 1470 556 1503 decimo
587 1470 728 1512 quarto⁸
765 1470 880 1512 leprosi
916 1469 1059 1502 mundati
1083 1469 1131 1502 iu—

168 1524 285 1557 bentur
308 1524 422 1557 offerre
446 1523 525 1556 duos
556 1532 699 1565 passeres
731 1523 820 1555 vivos
843 1527 874 1555 et
898 1526 1013 1555 tortam
1043 1523 1132 1564 panis

169 1581 200 1611 et
221 1577 397 1611 sextarium
421 1577 489 1610 olei.
515 1577 594 1610 Haec
628 1581 733 1610 autem
758 1576 996 1610 caeremonialia
1021 1580 1130 1615 erant,

169 1635 199 1664 et
223 1634 328 1664 tamen
360 1623 459 1663 voluit
487 1639 524 1664 ea
552 1631 693 1663 Salvator
724 1630 850 1669 offerri,
875 1633 911 1663 ut
934 1629 1131 1668 ostenderet,

169 1685 279 1727 Legem
303 1693 371 1717 esse
396 1684 508 1716 bonam
533 1687 564 1716 et
586 1683 739 1716 divinitus
763 1684 877 1723 latam,
902 1686 1013 1716 contra
1037 1682 1132 1714 Mani-

169 1737 339 1770 chaeorum
364 1736 543 1779 perfidiam:
568 1736 606 1769 ad
642 1737 797 1769 Romanos
828 1736 1004 1778 septim04:
1034 1749 1050 1764 «
1067 1736 1132 1768 Lex

168 1790 295 1833 quidem
320 1795 444 1830 sancta,
469 1794 500 1823 et
535 1790 718 1823 mandatum
750 1793 908 1828 sanctum,
945 1790 1064 1822 iustum
1101 1792 1132 1822 et

168 1844 286 1876 bonum
302 1856 333 1883 »3
358 1847 388 1876 et
414 1844 489 1883 hoc,
514 1843 588 1886 quia
618 1842 722 1875 adhuc
753 1842 938 1882 manebant,
971 1851 1044 1875 cum
1068 1851 1131 1875 non

168 1900 250 1930 esset
273 1897 389 1930 veritas
412 1897 567 1936 revelata;
592 1895 676 1929 unde
697 1895 924 1928 interlinearis
939 1895 1029 1935 dicit,
1046 1895 1130 1938 quod

173 1962 189 1978 «
205 1958 267 1982 non
291 1949 406 1982 debent
428 1949 546 1982 auferri
583 1949 685 1991 signa,
717 1949 776 1982 nisi
808 1949 899 1991 prius
922 1949 1067 1982 venerint
1090 1948 1131 1981 si-

168 2005 262 2044 gnata
279 2015 307 2034 ».
334 2020 375 2025 -
400 2002 453 2034 Illa
488 2005 593 2035 autem
629 2002 742 2044 signa⁵
767 2002 855 2044 Legis
879 2002 1043 2035 sanitatem
1068 2011 1131 2034 non

168 2054 301 2094 dabant,
326 2055 379 2088 sed
403 2055 609 2088 ostendebant
632 2058 665 2088 et
687 2055 866 2088 testimonio
882 2055 1130 2093 confirmabant;

169 2111 200 2141 et
222 2108 291 2141 ideo
314 2107 415 2141 addit:
442 2108 482 2140 1η
506 2107 729 2141 testimonium
746 2105 833 2147 z'ltz's;
850 2108 935 2151 quod
953 2111 1054 2150 potest
1070 2107 1130 2150 legi

168 2161 353 2204 dupliciter:
385 2161 464 2194 offer
487 2161 548 2194 illis
582 2161 614 2194 in
650 2161 882 2200 testimonium,
916 2161 1034 2194 scilicet
1058 2164 1131 2193 tuae

169 2214 356 2254 curationis;
382 2215 449 2247 vel:
473 2214 570 2254 offer,
596 2217 631 2247 ut
648 2214 707 2247 hoc
723 2214 763 2247 sit
779 2214 841 2247 illis
857 2214 887 2247 in
905 2214 1130 2253 testimonium,

168 2266 252 2309 quod
277 2270 312 2300 tu
336 2271 466 2300 curatus
490 2276 541 2306 es,
565 2270 596 2299 et
620 2270 656 2298 ut
680 2266 734 2299 tibi
760 2267 845 2298 ultra
861 2275 922 2298 non
939 2266 1059 2307 possint
1076 2275 1131 2298 no-

243 2459 252 2474 ¹
273 2460 347 2485 Vers.
368 2460 411 2485 21.
429 2472 465 2478 -
486 2459 608 2492 Sequitur
625 2459 702 2485 Prov.
716 2459 764 2490 28,
780 2459 820 2484 13.
834 2459 948 2486 Anselm.
959 2480 965 2492 ,
980 2460 1074 2485 llomil.
1092 2459 1130 2485 13.

170 2505 194 2531 in
212 2505 274 2531 Luc.
289 2503 331 2535 47,
349 2505 354 2528 1
367 2505 386 2529 Ι.
401 2511 474 2537 seqq.
487 2505 498 2529 :“
514 2503 588 2535 Quos
605 2502 712 2537 [decern
725 2502 853 2537 leprosos]
867 2505 898 2530 ut
909 2503 1003 2529 intuitu
1017 2504 1132 2530 clemen—

169 2550 220 2576 tiae
238 2548 315 2582 vidit,
335 2548 418 2576 dtm‘t:
432 2549 478 2582 lte,
494 2547 622 2575 ostendite
641 2554 688 2575 vos
700 2546 884 2574 sacerdotibus
904 2547 979 2582 [Luc.
995 2548 1043 2581 17,
1061 2548 1130 2583 14.],

170 2594 196 2620 id
220 2597 271 2626 est,
290 2600 338 2626 per
358 2593 484 2619 humilem
503 2592 556 2618 oris
580 2592 770 2618 contessionem
791 2590 977 2618 'sacerdotibus
1002 2593 1130 2618 veraciter

170 2637 331 2664 manifestate
358 2644 451 2663 omnes
468 2636 599 2662 interioris
616 2636 702 2668 leprae
721 2638 824 2661 vestrae
843 2637 973 2667 maculas,
997 2640 1026 2662 ut
1053 2643 1131 2663 mun-

169 2682 226 2708 dari
245 2681 358 2715 possitis.
379 2681 414 2709 Et
432 2681 505 2715 quod
524 2680 664 2713 rogabant,
683 2679 787 2713 factum
807 2681 846 2707 est
864 2681 914 2714 eis,
934 2680 1000 2707 dam
1013 2680 1082 2708 irent
1095 2682 1129 2708 ad

169 2727 332 2758 sacerdotes,
351 2727 412 2760 quia
442 2726 539 2752 scilicet
560 2723 685 2751 mundati
706 2726 787 2756 sunt,·
812 2725 937 2758 quoniam
964 2728 1128 2759 peccatores,

169 2771 228 2797 licet
247 2772 321 2803 gravi
340 2771 480 2797 criminum
494 2771 564 2802 lepra
583 2769 633 2795 sint
652 2768 761 2800 foedati,
780 2773 871 2796 euntes
890 2773 976 2796 tamen
995 2771 1029 2797 ad
1048 2771 1130 2797 confl-

170 2816 277 2842 tendum
307 2819 452 2848 purgantur
482 2814 506 2839 in
533 2814 588 2846 ipsa
614 2813 776 2839 consessione
795 2817 904 2846 propter
929 2815 1128 2847 poenitentiam,

169 2867 249 2893 quam
268 2860 350 2886 acturi
368 2853 428 2884 sunt
447 2862 495 2884 etc.
515 2856 570 2885 Cir.
587 2858 650 2884 intra
670 2865 693 2884 c.
714 2858 762 2888 ⁴7,
783 2858 824 2884 14.

239 2903 256 2943 ⁵.
269 2904 333 2940 Cod.
351 2903 373 2928 H
392 2903 497 2935 supplet
515 2902 579 2936 ipsi,
600 2902 697 2929 scilicet
709 2903 859 2930 sacerdotes
877 2904 983 2937 legales.
1002 2905 1058 2931 Mox
1079 2912 1128 2937 pro

169 2947 309 2975 cui-alione
327 2949 400 2974 certa
419 2947 519 2981 leprosi
536 2946 556 2974 C
569 2948 591 2973 Η
610 2947 751 2975 curatione
778 2947 852 2975 circa
877 2948 1024 2983 leprosum.
1044 2946 1129 2982 'supe-

169 2993 223 3018 rius
241 2998 291 3024 pro
309 2993 335 3018 et
357 2990 386 3018 id
403 2992 423 3017 A
435 2991 517 3017 CDH
536 2992 561 3018 et
578 2997 655 3024 eum,
680 2991 777 3018 scilicet
801 2993 977 3019 sacerdotem.
1001 3007 1036 3012 —
1061 2994 1128 3019 Prio-

169 3043 210 3063 res
229 3036 527 3074 rationes-insinuantur
544 3035 580 3062 ab
598 3036 717 3070 Hieron,
745 3037 836 3063 ultima
864 3037 898 3063 ab
923 3037 1044 3065 Ambros.
1072 3039 1128 3064 Hie-

169 3088 234 3114 ron„
253 3081 270 3107 1.
290 3080 434 3107 Comment.
461 3081 487 3106 in
512 3081 599 3107 Matth.
619 3082 649 3114 8,
669 3080 697 3107 4:
726 3091 740 3104 α
754 3081 846 3107 Varias
871 3081 906 3108 ob
934 3089 1027 3109 causas
1052 3083 1154 3109 mittit-

169 3131 230 3151 eum
250 3124 285 3151 ad
304 3124 459 3151 sacerdotes.
479 3125 609 3158 Primum,
629 3128 736 3158 propter
755 3125 942 3158 humilitatem,
963 3129 990 3152 ut
1008 3127 1128 3153 sacerdo—

170 3169 239 3196 tibus
258 3169 501 3196 ἁθῐεννεώοῐιοτεηι
521 3169 659 3201 videatur;
683 3173 739 3195 erat
763 3169 833 3195 enim
852 3171 922 3203 Lege
941 3176 1127 3204 praeceptum,

170 3213 243 3246 qu'od
262 3212 443 3247 qui-mundati
462 3213 565 3239 ruerant
592 3219 606 3239 a
626 3214 703 3246 lepra
728 3214 851 3240 offerrent
879 3221 989 3241 munera
1008 3215 1127 3242 sacerdo-

171 3256 249 3283 tibus.
268 3256 379 3288 Deinde,
399 3259 436 3288 ut,
455 3257 611 3283 mundatum
626 3257 746 3284 videntes
764 3258 907 3292 leprosum,
926 3262 971 3285 aut
990 3259 1129 3286 crederent

170 3301 306 3333 salvatori,
324 3303 370 3327 aut
389 3308 440 3327 non
458 3301 609 3328 crederentt
628 3302 650 3328 si
669 3302 821 3336 crederent,
841 3303 1018 3338 salvarentur,
1033 3304 1053 3330 sl
1074 3311 1128 3330 non

170 3345 318 3376 crederent,
337 3345 526 3372 inexcusabiles
545 3347 636 3372 forent.
656 3347 686 3373 Et
704 3346 795 3379 simul,
815 3353 864 3379 ne,
883 3348 957 3381 quod
975 3348 1002 3374 ln
1021 3355 1053 3375 eo
1073 3355 1127 3374 sae-

169 3388 512 3421 pissime,criminabantm·‚
530 3390 627 3422 Legem
647 3391 784 3417 videretur
800 3392 944 3424 intringere
958 3403 982 3418 n.
996 3391 1127 3424 Ambros„

273 3438 305 3464 S.
320 3439 421 3468 Bonan:
432 3441 557 3465 -κΤοῐῃ,
571 3441 634 3466 Vli.v

2092 215 2146 244 121

1193 309 1282 339 cere,
1307 309 1380 332 cum
1404 310 1422 332 a
1447 305 1476 332 te
1501 301 1676 342 receperint
1702 310 1833 333 inunera
1859 302 2086 333 testimonialia.
2109 302 2151 336 ,ili

1194 355 1284 390 nota,
1309 352 1391 394 quod
1411 353 1485 391 hoc,
1502 353 1584 394 quod
1603 353 1677 385 (licit
1694 354 1727 385 z'n
1746 354 1967 385 testimonium
1992 354 2072 391 ictis,
2092 364 2151 385 non

1195 405 1333 437 refertur
1357 404 1395 437 ad
1430 409 1631 447 praeceptum
1664 406 1778 446 Moysi,
1810 407 1863 438 sed
1901 407 2032 438 Domini.
2069 407 2153 439 ljnds»

1193 457 1471 499 Chrysostomusss:
1495 471 1509 486 α
1524 459 1587 490 Non
1602 459 1645 491 sic
1661 459 1823 500 intelligas,
1837 460 1919 501 quod
1935 460 2052 499 llloyscs
2067 469 2154 501 prae-

1193 511 1275 553 cepit
1291 511 1323 543 in
1341 511 1552 544 testimonium
1571 512 1648 550 illis,
1666 512 1718 544 sed
1737 515 1771 544 tu
1790 512 1865 543 vade
1882 516 1912 544 et
1928 513 2004 544 oller
2023 513 2051 544 in
2072 513 2154 545 testi-

1194 564 1333 597 monium
1358 564 1465 603 illis»,
1493 568 1527 597 ut
1550 565 1668 597 scilicet
1691 569 1867 597 assumeret
1890 566 1929 597 ali
1953 566 1998 597 eis
2022 566 2157 598 testimo-

1193 618 1279 650 nium
1304 618 1388 660 apud
1412 618 1544 659 plebem.
1563 619 1654 656 Nam,
1672 619 1752 651 sicut
1775 618 1890 651 dicitur
1917 619 2035 659 primae
2051 619 2089 650 ad
2107 619 2155 650 Ti-

1193 670 1356 703 motheum
1380 671 1490 709 tertio,
1521 684 1535 698 u
1553 674 1696 712 oportet,
1722 671 1850 703 sanctos
1874 671 2086 703 testimonium
2105 671 2156 703 ha-

1193 724 1268 757 bere
1293 724 1411 756 bonum
1437 724 1476 756 ab
1500 725 1545 757 eis
1569 724 1622 767 qui
1648 724 1724 757 foris
1747 728 1868 757 sunt».
1900 724 1983 757 Unde
2015 728 2046 756 et
2077 733 2156 765 opus

1193 777 1307 810 Christi
1333 778 1477 810 mirabile
1501 777 1633 810 debebat
1658 778 1835 810 testimonio
1860 778 2071 810 insidiantium
2102 787 2156 819 ap-

1194 830 1319 872 probari
1353 830 1389 862 ad
1424 830 1593 872 perfectam
1618 831 1832 863 solidationem
1866 830 1935 863 fidei
1961 834 1992 862 et
2016 830 2153 862 eiusdem

1194 885 1436 917 roborationem.

1284 938 1335 970 33.
1369 938 1470 979 (Vers.
1507 938 1580 979 15).
1617 936 1878 970 Perainbalabat
1909 941 2019 969 autem
2054 936 2156 968 mutto
2175 944 2323 965 ciruaedifi-

2166 971 2270 991 tationem
2287 977 2323 997 po-

1195 991 1304 1033 maqz'e
1328 994 1386 1023 etc.
1413 991 1580 1032 Postquam
1612 990 1778 1032 descripsit
1803 990 1996 1032 Evangelista
2021 991 2156 1022 ruratio·
2168 998 2270 1044 ffissfiussm
2287 1004 2323 1018 „0-

1194 1053 1265 1076 nem
1290 1044 1390 1076 morbi
1415 1047 1446 1076 et
1469 1044 1678 1076 eruditionem
1704 1044 1821 1082 curati,
1840 1044 1889 1076 hic
1915 1044 2006 1076 tertio
2023 1044 2154 1076 subiun-

1194 1097 1238 1139 git
1262 1096 1590 1139 maynificationern⁷
1616 1097 1761 1129 nomini-s
1795 1095 1937 1135 Clu-isti,
1965 1100 1999 1128 ut
2031 1105 2071 1129 ex
2108 1097 2156 1128 his

1194 1150 1341 1182 omnihus
1364 1149 1507 1191 discipuli
1532 1150 1760 1182 confirmentur
1778 1150 1807 1181 in
1826 1149 1886 1182 side
1903 1153 1933 1182 et
1949 1158 2055 1182 amore
2072 1150 2157 1182 Chri-

1194 1203 1243 1236 sti.
1272 1203 1468 1235 Describitur
1498 1203 1594 1244 igitur
1626 1199 1835 1245 magnificatio
1871 1203 2006 1235 nominis
2040 1203 2154 1235 Christi

1195 1259 1231 1288 ut
1252 1254 1405 1298 famosa,
1431 1260 1467 1288 ut
1489 1255 1686 1297 fructuosa,
1713 1260 1748 1288 ut
1771 1256 1932 1288 virtuosa.

1285 1310 1387 1342 Primo
1410 1310 1506 1351 igitur
1529 1309 1720 1342 describitur
1746 1310 1795 1342 hic
1821 1309 2028 1351 magnificatio
2057 1310 2157 1342 nomi-
2173 1317 2313 1364 vfflffffiiss

1194 1363 1243 1395 nis
1265 1363 1380 1395 Christi
1406 1366 1441 1395 ut
1464 1361 1618 1404 famosa,
1643 1371 1715 1395 cuin
1739 1363 1875 1395 dicitur:
1898 1362 2156 1395 perambulabat
2181 1371 2267 1392 samo-a-

1195 1419 1305 1448 autent
1329 1416 1440 1457 mayts
1463 1425 1570 1447 sermo
1595 1416 1633 1447 cle
1657 1415 1731 1454 illo,
1757 1416 1875 1448 scilicet
1890 1416 2032 1454 Christo,
2049 1425 2156 1448 sermo

1195 1468 1296 1501 laudis
1320 1477 1396 1501 suae
1419 1473 1574 1511 quantum
1610 1469 1648 1501 ad
1683 1469 1843 1502 scientiam
1868 1473 1899 1501 et
1923 1469 2065 1502 virtutes.
2096 1470 2155 1502 Nec

1196 1522 1330 1560 mirum,
1356 1522 1380 1554 si
1405 1521 1488 1553 sama
1512 1521 1649 1563 Magistri
1674 1521 1928 1559 diffundebatur,
1953 1530 2024 1554 cuni
2050 1521 2087 1554 de
2111 1522 2157 1553 di-

1195 1575 1325 1617 scipulis
1349 1574 1417 1607 eius
1440 1574 1563 1607 dicatur
1588 1575 1618 1606 in
1644 1574 1809 1607 Psalmoss:
1840 1588 1854 1603 ιι
1874 1575 1906 1606 ln
1938 1584 2061 1607 omnem
2095 1579 2158 1608 ter-

1197 1637 1265 1661 ram
1288 1628 1389 1661 exivit
1420 1637 1517 1661 sonus
1549 1637 1659 1661 eorum
1677 1642 1707 1660 n.
1734 1628 1832 1661 Huius
1864 1628 1966 1670 figura
1990 1629 2160 1670 praecessit
2180 1636 2263 1662 Figura.

1196 1682 1228 1715 in
1253 1682 1328 1714 luda
1352 1681 1555 1720 Machabaeo,
1573 1681 1611 1714 de
1628 1691 1692 1724 quo
1709 1681 1801 1724 primi
1820 1682 2079 1714 Machabaeorum
2097 1685 2160 1715 ter-

1196 1736 1253 1774 tio,
1279 1735 1363 1777 quod
1393 1748 1408 1764 α
1425 1735 1536 1768 similis
1559 1735 1660 1768 factus
1676 1739 1723 1768 est
1740 1735 1819 1768 leoni
1838 1735 1868 1767 in
1886 1735 2036 1777 operibus
2052 1736 2117 1768 suis
2130 1748 2160 1773 »3

1195 1792 1226 1822 et
1251 1793 1320 1830 post
1354 1788 1520 1827 subditur,
1553 1788 1638 1831 quod
1668 1789 1880 1822 «nominatus
1912 1792 1959 1821 est
1994 1798 2095 1831 usque
2120 1789 2158 1821 ad

1196 1842 1401 1875 novissimum
1425 1846 1530 1875 terrae
1547 1856 1577 1874 ».

1286 1895 1338 1928 34.
1364 1895 1482 1928 Deinde
1505 1895 1682 1928 ostenditur
1705 1895 1840 1928 nominis
1869 1895 1983 1928 Christi
2019 1895 2162 1937 magnifi-
2181 1903 2305 1924 fructuosa.

1195 1948 1276 1981 catio
1298 1946 1497 1990 fructuosa,
1522 1957 1595 1981 cum
1619 1947 1764 1981 additur:
1784 1949 1824 1980 Et
1839 1947 2072 1981 conveniebant
2089 1952 2161 1980 tur-

1196 2000 1255 2033 bae
1277 2000 1417 2039 multae,
1443 2005 1479 2033 ut
1495 2001 1673 2039 audirent,·
1691 2001 1808 2034 scilicet
1825 2005 1955 2043 propter
1972 2001 2160 2033 instructio-
2169 2008 2326 2057 ngssggffiffl'

1194 2063 1269 2087 nem
1293 2054 1429 2093 mentis,
1455 2054 1530 2096 quia
1553 2055 1708 2097 scriptum
1731 2058 1778 2087 est
1803 2054 2006 2087 Ecclesiastici
2025 2053 2156 2086 sexto⁹:

1201 2120 1217 2135 «
1233 2107 1262 2139 Si
1286 2106 1438 2139 dilexeris
1461 2107 1586 2146 audire,
1604 2107 1728 2149 sapiens
1744 2107 1807 2140 eris
1824 2118 1854 2145 »;
1872 2110 1902 2139 et
1919 2106 2023 2139 lacobi
2036 2107 2137 2148 primo
2153 2119 2158 2138 :

1201 2173 1216 2188 «
1232 2159 1341 2198 Scitis,
1365 2159 1480 2192 fratres
1504 2160 1584 2193 mei:
1610 2161 1655 2192 Sit
1677 2164 1783 2193 autem
1808 2160 1910 2193 omnis
1946 2160 2041 2192 homo
2065 2160 2158 2193 velox

1195 2212 1234 2244 ad
1269 2212 1462 2245 audiendum
1493 2226 1523 2245 n.
1562 2232 1603 2237 -—
1635 2213 1868 2246 conveniebant
1902 2213 1995 2246 etiam
2031 2217 2160 2255 propter
2180 2221 2325 2269 Qiffggeffira-

1196 2265 1404 2297 curationem
1436 2275 1476 2297 ex
1503 2271 1603 2307 parte
1634 2266 1813 2309 corporis,·
1838 2270 1869 2299 et
1892 2266 1961 2299 ideo
1992 2266 2093 2298 addit:
2120 2266 2160 2298 Et

1195 2459 1228 2485 V.
1246 2459 1273 2485 in
1293 2460 1355 2485 L'uc.
1374 2466 1399 2485 n.
1420 2460 1449 2484 8:
1469 2458 1613 2485 Ostendere
1631 2461 1719 2484 autem
1745 2466 1774 2484 se
1799 2458 1929 2484 sacerdoti
1956 2457 2060 2483 iubetur
2080 2461 2105 2483 et
2124 2459 2159 2483 os-

1195 2505 1264 2530 serre
1282 2511 1332 2536 pro
1351 2503 1538 2530 emundatione
1557 2510 1618 2534 sua,
1632 2506 1672 2535 ut,
1686 2503 1751 2528 dum
1770 2503 1846 2529 offert
1863 2510 1891 2528 se
1910 2502 2052 2534 sacerdoti,
2071 2503 2159 2528 intelli-

1194 2551 1269 2581 geret
1287 2547 1425 2578 sacerdos,
1445 2555 1498 2573 non
1518 2547 1595 2580 Legis
1614 2547 1722 2579 ordine,
1742 2547 1788 2573 sed
1808 2547 1853 2573 Dei
1868 2547 1950 2579 gratia
1965 2554 2045 2579 supra
2059 2548 2157 2579 Legem

1193 2599 1252 2619 esse
1271 2595 1391 2618 curatum
1412 2596 1460 2618 ete.

1265 2634 1276 2651 ³
1297 2637 1372 2663 vers.
1395 2636 1418 2663 4.
1439 2644 1513 2670 seqq.

1263 2680 1275 2696 ⁴
1294 2681 1369 2707 Vers.
1390 2682 1432 2707 12.
1451 2695 1486 2700 -
1505 2682 1629 2714 Sequitur
1642 2681 1730 2707 Glossa
1745 2679 1926 2707 interlinearis
1945 2687 1975 2705 ex
1990 2679 2074 2710 Beda,
2089 2681 2115 2705 ll.
2130 2680 2157 2705 in

1193 2727 1256 2752 Luc.
1275 2727 1305 2757 5,
1326 2725 1373 2757 14,
1399 2726 1445 2759 qui
1470 2726 1588 2759 sequitur
1607 2726 1733 2758 August,
1754 2726 1781 2751 lt.
1802 2726 1850 2758 Qq.
1872 2725 1995 2757 Evangel.
2016 2732 2041 2757 q.
2063 2725 2086 2750 3.
2107 2724 2157 2751 Csr.

1194 2771 1235 2796 lV.
1255 2772 1326 2797 Sent.
1345 2771 1372 2797 d.
1391 2771 1415 2796 3.
1436 2778 1462 2803 p.
1483 2772 1509 2796 ll.
1529 2778 1552 2796 a.
1573 2770 1599 2797 3.
1618 2778 1644 2803 q.
1663 2771 1691 2801 2,
1712 2769 1756 2796 ubi
1771 2770 1805 2796 de
1818 2770 1961 2796 cessatione
1981 2770 2158 2795 circumcisio-

1193 2816 1241 2842 nis.
1261 2830 1296 2835 —
1316 2816 1440 2848 August.,
1460 2816 1494 2842 de
1514 2815 1646 2842 Haeresib.
1676 2822 1701 2840 n.
1732 2815 1773 2841 46.
1799 2816 1878 2841 refert
1903 2815 2049 2840 secundum
2079 2815 2158 2840 Mani-

1192 2862 1289 2887 chaeos
1311 2871 1324 2883 α
1338 2860 1437 2893 Deum,
1457 2860 1502 2893 qui
1521 2861 1620 2892 Legem
1639 2866 1687 2893 per
1707 2860 1811 2891 Moysen
1837 2859 1910 2885 dedit
1933 2863 1959 2885 et
1983 2860 2007 2884 in
2033 2859 2158 2885 Hebraeis

1192 2905 1329 2938 Prophetis
1347 2905 1450 2931 locutus
1469 2907 1522 2935 est,
1542 2911 1594 2931 non
1613 2911 1671 2931 esse
1690 2911 1784 2930 verum
1811 2904 1909 2935 Deum,
1939 2903 1985 2929 sed
2015 2910 2095 2930 unum
2127 2910 2157 2929 ex

1192 2949 1358 2983 principibus
1377 2949 1546 2975 tenebrarum
1561 2960 1585 2975 ι».
2111 2950 2114 2953 ”

1265 2992 1276 3007 ⁶
1295 2993 1359 3020 Cod.
1380 2994 1401 3019 D
1420 2993 1560 3028 fiquralia.

1264 3036 1275 3052 ⁶
1295 3039 1389 3064 Homil.
1409 3039 1452 3064 21.
1472 3039 1496 3064 in
1517 3039 1603 3064 Matth.
1625 3037 1685 3071 (Op.
1699 3038 1865 3070 imperfect).
1879 3037 1973 3063 Verbis
1986 3037 2028 3062 liic
2041 3037 2157 3068 allegatis

1193 3086 1367 3109 annectuntur
1386 3089 1431 3114 ea,
1460 3089 1529 3115 quae
1557 3089 1637 3114 supra
1662 3088 1722 3114 pag.
1748 3082 1809 3113 120,
1830 3085 1889 3106 nota
1910 3081 1934 3106 6.
1954 3083 2102 3106 occurrunt.
2122 3095 2157 3099 —

1192 3127 1311 3154 Subinde
1330 3127 1456 3159 allegatur
1476 3128 1491 3152 Ι.
1513 3127 1580 3152 Tim.
1601 3127 1631 3158 3,
1651 3125 1684 3151 7:
1706 3124 1817 3159 Oportet
1835 3127 1925 3161 autem
1946 3124 2024 3150 illum
2043 3126 2068 3151 et
2086 3124 2157 3151 testi-

1192 3170 1316 3198 monium
1335 3174 1383 3197 etc.
1402 3184 1437 3189 —
1454 3169 1565 3196 Inferius
1584 3177 1633 3202 pro
1653 3168 1775 3195 mirabile
1796 3169 1855 3194 Vat.
1874 3167 2043 3195 mirabibter.

1264 3213 1274 3229 '¹
1289 3215 1347 3241 Vat.
1361 3213 1612 3248 manifesuui‘onem.
1627 3213 1734 3239 interius
1748 3220 1796 3245 pro
1811 3212 1931 3239 virtuoso
1945 3214 1967 3238 A
1980 3211 2154 3239 miraculosa.

1263 3259 1274 3277 ⁸
1293 3260 1385 3286 Psalm.
1410 3259 1453 3290 18,
1473 3258 1502 3289 5,
1521 3262 1581 3291 post
1600 3265 1679 3292 quem
1700 3258 1717 3284 l.
1736 3257 1852 3284 Machab.
1874 3258 1904 3289 3,
1928 3257 1951 3283 4.
1971 3261 1996 3283 et
2014 3257 2039 3282 9.

1263 3302 1275 3318 ⁹
1295 3303 1369 3329 Vere.
1389 3303 1431 3329 34.
1452 3303 1510 3329 Vat.
1528 3303 1622 3334 allegat
1641 3302 1717 3328 Prov.
1740 3302 1785 3335 19,
1800 3303 1833 3328 20
1846 3312 1851 3328 :
1865 3301 1937 3329 Audi
1950 3301 2092 3328 consilium
2106 3305 2154 3327 etc.

1192 3361 1227 3368 —
1247 3342 1370 3381 Sequitur
1389 3347 1438 3373 lac.
1461 3348 1482 3378 1,
1504 3347 1546 3373 1-9.

2014 3442 2044 3465 16
