2427 3872
391 257 395 259 .
440 235 501 260 ΡΕΤ

151 278 467 322 100ἕο111011111111111110010
488 278 630 305 bonitatem
653 287 682 306 se
707 280 793 312 ipsum

151 322 291 348 humilians
310 322 360 348 117
381 323 414 348 18

204 380 239 386 —--
257 367 356 399 Duplex
376 367 433 393 eius
452 368 609 394 miraculosa
634 368 743 400 piscatio
762 369 794 394 si-

150 410 256 443 gnificat
274 412 507 443 congregationem
533 412 674 438 electorum
695 412 721 437 in
741 413 793 444 glo-

149 454 188 480 ria
209 457 234 480 et
246 458 400 483 vocatorum
420 455 453 481 ad
468 456 607 482 Ecclesiam
621 456 664 482 Vll
679 456 729 481 116
750 457 792 488 12,

150 499 183 524 13
202 512 238 518 -
258 499 368 525 miratus
386 502 426 525 est
443 502 552 532 propter
565 499 719 525 miraculum
741 500 790 525 118

150 543 182 568 19
197 557 231 561 ——
244 544 279 569 Ne
294 546 448 576 expavescat
469 544 579 574 minora,
604 544 791 576 promittuntur

148 587 171 612 ei
191 588 290 613 maiora
310 586 344 613 ib.
364 588 393 612 21

201 645 237 650 -
255 631 379 657 omnibus
397 634 452 657 erat
472 632 611 657 ferventior
628 634 654 658 et
666 631 790 658 audacter

149 675 261 701 Domino
280 675 437 708 loquebatur
456 675 489 701 Vl
518 676 569 702 338
591 676 641 701 110
660 690 696 695 -
714 677 789 709 quasi

148 714 256 751 semper
273 726 321 752 pro
340 720 476 751 discipulis
500 719 625 746 omnibus
649 721 789 752 responde-

147 762 192 789 bat
212 763 257 789 431
283 763 311 789 41
335 768 391 795 arg.
412 765 427 789 2
447 778 482 783 -
500 767 557 790 erat
574 764 702 791 audacior
723 765 789 791 inter

146 814 239 833 omnes
257 808 399 840 discipulos
418 807 480 834 ibid.
500 823 533 827 -
554 815 660 841 semper
687 816 735 842 per
760 816 789 835 se

146 854 172 877 et
190 858 238 884 per
256 852 320 878 alios
338 852 461 878 sollicitus
474 855 529 878 erat
541 860 668 886 quaerere
689 854 740 879 430
754 854 782 879 31

147 910 182 916 -
201 896 312 922 Domino
331 896 502 923 dissuadebat
521 901 631 923 mortem
653 898 703 923 398
725 898 757 923 18

200 955 234 960 --
254 943 380 974 tanquam
401 949 470 967 unus
488 942 620 973 praelatus
634 942 788 968 universalis

144 985 274 1011 Ecclesiae
292 992 360 1011 unus
379 992 428 1018 pro
446 983 571 1011 omnibus
589 986 731 1017 respondet
745 986 786 1011 Vll

145 1030 197 1055 226
216 1030 250 1056 33
269 1044 305 1048 —
323 1037 387 1056 suae
405 1030 466 1056 ndei
486 1030 657 1056 fundamento
676 1037 690 1055 a
710 1030 787 1056 firmi-

145 1076 198 1100 tate
215 1077 306 1107 petrac
326 1075 421 1100 meruit
440 1074 566 1106 appellari
587 1074 637 1099 116
659 1074 685 1099 11

198 1132 234 1137 -
252 1118 341 1144 Merito
365 1119 422 1144 eius
447 1118 618 1144 confessionis
641 1118 718 1144 unius
737 1125 786 1150 pro

144 1162 269 1188 omnibus
289 1169 385 1188 nomen
404 1162 471 1188 Petri
489 1165 529 1188 est
547 1162 740 1193 conflrmatum,
760 1164 785 1187 et

145 1206 300 1232 universalis
319 1206 445 1238 praelatio
473 1213 554 1238 super
581 1206 723 1232 Ecclesiam
747 1209 786 1232 est

144 1257 268 1277 concessa
297 1251 340 1276 Vll
360 1251 411 1276 226
440 1251 474 1276 33
500 1264 534 1269 -
553 1257 605 1276 non
625 1258 655 1276 ex
675 1251 786 1283 impetu,

144 1295 192 1321 sed
211 1298 301 1321 sancto
321 1295 418 1327 Spiritu
444 1295 565 1321 incitatus
588 1295 661 1327 prior
680 1302 785 1328 respon-

143 1340 182 1366 dit
194 1339 255 1366 ibid.
270 1354 303 1358 -
316 1340 378 1373 quia
392 1339 515 1372 princeps
527 1340 722 1372 Apostolorum,
737 1347 785 1373 pro

143 1384 268 1410 omnibus
286 1387 311 1410 et
330 1391 393 1416 prae
418 1383 544 1410 omnibus
569 1385 704 1417 respondit
722 1384 785 1411 ibid.

143 1443 179 1448 —
197 1430 332 1455 confessus
351 1431 391 1454 est
409 1429 488 1455 fldem
508 1429 533 1455 in
547 1429 677 1455 Christum
691 1430 783 1456 Filium

143 1473 191 1499 Dei
209 1474 242 1499 Vl
262 1473 313 1499 337
334 1473 385 1499 105
405 1488 438 1492 -
457 1473 533 1499 Fides
554 1474 620 1499 Petri
648 1474 672 1499 in
700 1481 785 1500 exem-

143 1517 217 1549 plum
236 1516 365 1543 firmitatis
383 1517 524 1542 adducitur
543 1516 577 1543 ib.
598 1517 658 1548 1031
679 1517 730 1543 104
750 1532 783 1537 —

143 1568 193 1593 pro
211 1560 335 1587 omnibus
353 1561 489 1593 respondit
509 1565 536 1586 ut
554 1568 585 1587 os
597 1561 782 1593 Apostolorum

141 1605 169 1631 in
188 1605 341 1639 quaerendo
360 1608 385 1631 et
404 1605 430 1631 in
452 1605 640 1638 respondendo
660 1606 711 1631 338
732 1606 783 1631 110

142 1663 178 1669 -
208 1649 340 1676 Confessio
368 1649 550 1682 respondentis
582 1657 630 1682 pro
660 1649 784 1676 omnibns

142 1701 195 1720 non
213 1695 347 1726 laudatur,
366 1694 428 1727 quia
453 1694 519 1720 fides
545 1694 622 1720 iudae
650 1701 700 1720 non
728 1697 784 1720 erat

141 1738 280 1764 laudabilis
307 1737 341 1765 ib.
369 1738 398 1764 2·
426 1752 462 1758 ·-
490 1737 557 1764 bene
585 1738 726 1777 iudicando
750 1739 784 1764 de

142 1782 266 1809 omnibus
293 1783 450 1815 coapostolis
477 1783 522 1815 pio
550 1789 639 1821 errore
673 1782 784 1815 decipie-

143 1826 220 1853 batur
238 1826 272 1853 ib.
293 1826 321 1853 3·

196 1885 232 1891 —
251 1871 300 1897 Pro
318 1871 385 1897 Petri
399 1871 451 1897 flde
464 1871 642 1897 confirmanda
655 1872 784 1897 Dominus

142 1915 247 1947 rogavit
267 1915 309 1941 Vll
328 1915 380 1941 552
400 1915 433 1941 43
454 1929 488 1934 ——
507 1915 563 1941 eius
583 1915 711 1946 navicula,
725 1915 799 1941 11001·

141 1960 314 1991 concutiatur,
333 1966 471 1992 nunquam
490 1961 659 1991 naufragatur
678 1958 740 1986 ibid.

194 2018 231 2024 —-
248 2011 302 2030 non
321 2004 440 2030 intellexit
452 2004 632 2037 quaestionem
646 2011 660 2029 a
680 2003 783 2030 Christo

141 2050 236 2075 factam
254 2049 288 2075 de
304 2051 372 2075 tactu
386 2048 613 2074 haemorrhoissae
626 2049 670 2078 Vll
684 2049 712 2074 21
723 2049 730 2074 1
750 2049 782 2074 82

141 2094 295 2119 —invenit
314 2093 414 2126 piscem
436 2096 461 2119 et
490 2093 514 2119 in
542 2093 615 2125 pisce
643 2096 782 2125 staterem,

141 2145 222 2171 quem
240 2138 345 2164 Caesari
366 2137 443 2164 solvit
462 2138 508 2164 511
533 2138 567 2163 30

193 2196 230 2202 -
248 2185 303 2209 erat
320 2183 387 2209 inter
399 2183 538 2215 Apostolos
558 2182 698 2208 familiares
711 2181 771 2208 Chri

143 2227 175 2253 sti
189 2227 232 2252 Vll
247 2226 298 2253 524
319 2227 351 2252 12
365 2240 401 2246 -
414 2227 480 2253 inter
493 2227 557 2253 alios
571 2226 715 2259 discipulos
728 2230 783 2253 erat

143 2278 211 2297 unus
230 2278 260 2297 ex
286 2271 476 2303 principalibus
492 2274 618 2305 tanquam
642 2272 728 2304 magis
746 2271 782 2298 (11-

142 2315 226 2348 ligens
253 2315 304 2341 543
335 2316 362 2341 11
396 2330 431 2334 ——
459 2317 603 2348 praecipue
627 2316 693 2342 inter
718 2316 782 2342 alios

142 2358 273 2386 Christum
309 2359 435 2391 diligebat
465 2361 498 2386 vl
523 2361 575 2387 505
607 2361 633 2387 3.
665 2361 716 2387 507
749 2360 782 2386 15

142 2399 177 2423 4
196 2404 282 2436 magis
301 2403 427 2436 diligebat
452 2405 503 2430 528
530 2405 558 2430 5t
590 2404 619 2430 2·
640 2419 675 2424 -
697 2405 782 2437 magis

142 2455 234 2474 amans
264 2448 423 2481 diligebatur
453 2449 488 2475 ad
518 2449 603 2475 maius
634 2450 780 2482 praemium

142 2491 205 2519 ibid.
224 2493 275 2518 529
295 2493 329 2518 52

196 2550 232 2556 -
250 2537 375 2568 ostendit,
395 2537 473 2572 miro‘
488 2537 568 2563 modo
592 2537 642 2563 sibi
667 2542 780 2564 contem-

142 2581 262 2613 plationiS
286 2581 395 2613 gloriam
424 2588 482 2607 esse
501 2585 636 2613 acceptam
665 2582 708 2608 Vll
729 2582 780 2608 235

142 2625 176 2650 60
196 2639 231 2644 -
250 2629 357 2657 propter
379 2625 541 2651 excessivum
561 2626 721 2652 desiderium
747 2627 780 2652 ad

143 2669 348 2695 continuandum
369 2669 495 2701 gaudium
514 2672 586 2701 optat
604 2669 660 2695 fleri
679 2670 728 2695 tria
746 2673 780 2696 ta-

143 2712 282 2739 bernacula
307 2715 358 2740 236
379 2715 407 2739 61
430 2728 466 2733 -
485 2721 548 2746 prae
562 2714 693 2739 nimietate
712 2715 781 2740 desi-

143 2758 209 2784 derii
229 2762 254 2784 et
282 2761 389 2790 propter
417 2758 619 2790 profunditatem
648 2759 780 2790 mysterii,
811 2788 814 2789 .

143 2801 284 2833 nesciebat,
309 2802 373 2834 quid
393 2802 491 2828 diceret
514 2801 576 2829 ibid.
594 2816 629 2820 —
648 2802 781 2834 tripliciter

144 2846 254 2876 erravit,
268 2846 375 2879 quando
388 2846 464 2872 dixit:
485 2846 604 2877 Domine,
623 2845 722 2871 bonum
742 2849 781 2871 est

142 2897 191 2916 nos
210 2890 252 2915 hie
270 2896 328 2916 esse
347 2889 379 2916 ib.
400 2890 433 2915 62
452 2904 487 2908 -
506 2890 563 2915 0105
585 2890 705 2921 deceptio
729 2896 780 2914 non

143 2937 199 2960 erat
218 2941 265 2966 per
277 2933 403 2959 iudicium
423 2937 448 2959 et
461 2941 609 2965 assensum,
629 2933 675 2959 sed
696 2933 781 2965 magis

131 2974 252 3010 ‘propter
271 2978 365 3003 mentis
381 2985 516 3003 excessum
531 2977 583 3002 237
603 2978 637 3002 62
650 2990 685 2996 -
698 2977 780 3009 etqui

143 3030 203 3049 cum
224 3029 255 3048 eo
275 3025 348 3048 erant
363 3021 508 3047 sentiebant
520 3021 637 3047 divinam
658 3021 780 3046 virtutem

143 3067 170 3092 ln
188 3066 260 3092 nube
279 3069 304 3092 et
323 3066 465 3092 timuerunt
481 3068 588 3097 propter
608 3064 780 3096 praesentiam

143 3117 264 3136 summae
283 3110 386 3136 virtutis
406 3109 439 3136 ib.
459 3110 492 3135 63

197 3167 232 3174 -
251 3154 427 3180 admonitione
455 3153 558 3179 Domini
587 3159 640 3178 non
664 3151 782 3179 flecteba-

144 3200 198 3231 tur,
218 3198 277 3224 ideo
296 3198 442 3224 deterretur
455 3196 659 3223 comminatione
678 3196 710 3221 vl
731 3196 782 3221 426

144 3242 161 3267 8
174 3255 209 3261 -
222 3242 369 3268 reverentia
388 3241 489 3268 Domini
509 3240 667 3273 obsequium
687 3241 782 3266 refuta-

145 3284 190 3312 bat
209 3285 260 3312 425
278 3286 295 3312 7
313 3299 349 3306 —·
367 3286 443 3319 quasi
471 3284 669 3317 expavescendo
699 3284 783 3313 Domif

144 3336 208 3356 num
222 3330 362 3363 prohibere
375 3330 456 3356 voluit
475 3336 489 3355 a
508 3329 603 3355 lotione
616 3328 714 3361 pedum
730 3328 781 3354 426

823 192 860 224 IN
884 191 1177 226 COMMENTARIOS
1201 194 1230 226 S.
1255 194 1481 228 SCRIPTURAE

832 280 849 305 7
869 293 903 298 —
922 280 1064 306 excedebat
1084 281 1108 306 in
1133 282 1277 308 reverentia
1297 290 1360 315 erga
1387 284 1471 309 Domi·

832 331 895 349 num
915 323 973 350 ibid.
995 339 1030 343 --
1049 328 1105 350 erat
1122 324 1262 357 obediens,
1282 327 1394 359 fervens,
1413 328 1471 359 plus

830 368 979 398 offerendo,
993 375 1073 401 quam
1097 369 1223 395 Dominus
1241 370 1419 402 praecipiebat
1437 371 1470 397 ib.

832 412 864 436 10
885 426 921 430 --
943 412 1030 444 primo
1052 413 1078 437 in
1092 414 1238 439 reverentia
1251 413 1364 445 errabat,
1375 415 1470 441 deinde

830 456 857 481 in
876 455 1024 481 obedientia
1044 457 1187 482 excedebat
1206 456 1268 483 ibid.
1289 472 1324 477 —
1343 458 1470 485 obediens

819 499 964 525 'instruitur
992 498 1053 525 ibid.
1081 514 1117 519 —
1145 501 1231 527 Primo
1256 502 1382 528 Dominus
1408 503 1470 528 lavit

830 543 912 575 pedes
932 544 997 569 Petri
1019 543 1070 569 427
1091 544 1124 569 15

881 601 917 606 -
936 587 969 613 de
992 587 1117 613 traditore
1145 589 1245 615 occulte
1273 590 1404 622 quaesivit
1422 597 1469 622 per

828 632 948 657 loannem
970 632 1001 656 Vl
1021 631 1067 657 431
1093 632 1121 657 41
1146 632 1174 657 2·
1193 646 1228 652 -
1247 633 1308 665 quia
1329 633 1469 659 ferventior

827 678 890 708 erat,
916 675 1067 707 diligentius
1086 676 1239 709 requirebat
1265 677 1299 702 de
1319 676 1468 709 proditore,

826 726 906 752 quem
927 720 1052 751 cognovit
1078 727 1126 752 per
1145 721 1268 746 loannem
1299 722 1341 747 Vll
1362 721 1413 747 549
1434 722 1466 747 33

826 778 861 782 -—
881 763 1031 795 proferebat
1059 764 1140 790 verba
1168 765 1267 791 amorIS
1294 768 1320 791 et
1345 766 1467 797 fervoris,

826 807 873 834 sed
901 815 962 833 cum
991 809 1107 841 quadam
1136 809 1333 841 praesumtione
1362 810 1413 836 553
1435 810 1467 836 44

826 867 861 870 -
881 853 1000 884 promisit
1020 853 1094 884 illud,
1114 853 1146 878 ad
1161 854 1233 886 quod
1253 861 1305 879 non
1321 854 1468 880 sufficiebat

826 895 888 922 ibid.
907 910 942 916 -—
961 897 1156 929 praesumtione
1175 905 1204 923 se
1223 897 1349 924 offerebat
1366 898 1400 924 ad
1420 899 1468 924 Do-

827 941 927 966 minum
948 941 1119 972 imitandum,
1138 942 1211 974 quod
1225 949 1275 968 non
1295 945 1397 974 poterat
1409 950 1467 975 pro-

826 987 884 1015 pter
908 984 1085 1010 infirmitatem
1105 985 1138 1011 Vl
1160 985 1210 1012 434
1232 986 1264 1011 49
1290 1000 1325 1006 -
1345 993 1395 1012 000
1424 986 1467 1012 de-

825 1028 916 1054 sistere
934 1029 1026 1054 volens
1044 1036 1058 1054 a
1085 1030 1281 1061 praesumtione
1310 1037 1358 1062 per
1377 1030 1466 1056 admo-

824 1072 949 1098 nitionem
977 1073 1121 1105 fragilitatis
1140 1080 1222 1105 suae„
1246 1074 1398 1106 reprimitur
1419 1082 1466 1106 per

824 1116 1031 1148 praedictionem
1042 1113 1273 1150 praevaricationis
1283 1120 1308 1145 fu
1313 1122 1385 1145 turae
1391 1118 1462 1152 ibid„

824 1161 871 1192 50,
891 1161 919 1187 51
937 1176 972 1180 -
985 1169 1015 1188 ex
1034 1162 1185 1188 infirmitate
1204 1166 1260 1188 erat
1278 1162 1408 1189 Christum
1422 1170 1464 1189 ne-

823 1208 933 1237 gaturus
952 1205 986 1232 ib.
1006 1206 1034 1232 5l

876 1263 911 1269 —
930 1250 967 1276 sic
980 1250 1111 1282 fervebat,
1125 1251 1197 1284 quod
1211 1259 1259 1278 nec
1272 1253 1403 1285 quaesivit
1416 1260 1464 1279 nec

823 1295 1021 1327 responsionem
1035 1296 1196 1328 exspectavit
1207 1303 1222 1322 a
1235 1295 1337 1323 Christo
1354 1297 1397 1322 Vll
1411 1297 1463 1323 559

824 1339 857 1364 62
876 1353 912 1358 -
931 1340 1035 1366 fervens
1054 1340 1080 1365 in
1100 1340 1199 1366 tuendo
1213 1341 1353 1367 Dominum
1372 1342 1464 1367 restitit

809 1383 1108 1416 vcomprehendentibus
1127 1384 1161 1410 Vl
1176 1385 1227 1411 480
1249 1385 1282 1411 17
1300 1399 1335 1405 —
1354 1386 1408 1411 zelo
1421 1393 1464 1412 ac-

823 1435 917 1454 census
929 1430 1060 1461 percussit
1073 1430 1206 1456 maleficos
1219 1429 1280 1457 ibid.
1293 1445 1328 1448 —
1341 1430 1464 1457 resistens

822 1473 1000 1505 compescitur
1019 1473 1090 1506 ibid,
1111 1474 1143 1499 19
1165 1489 1198 1493 -
1218 1475 1316 1501 tuendo
1330 1474 1462 1501 Christum

821 1524 872 1542 non
893 1517 1027 1549 peccavit,
1046 1518 1094 1544 sed
1113 1518 1266 1551 imperfecte
1284 1519 1339 1551 egit
1359 1519 1404 1545 481
1429 1519 1463 1545 24

821 1575 856 1579 -
875 1561 942 1587 Petri
962 1563 1034 1588 zelus
1049 1563 1183 1594 laudatur,
1202 1570 1255 1589 non
1274 1571 1343 1596 opus
1358 1564 1409 1590 559
1429 1565 1463 1590 63

820 1619 856 1624 ——
878 1606 946 1631 Petri
968 1607 1066 1632 factum
1084 1614 1136 1633 non
1163 1608 1296 1641 laudatur,
1322 1609 1369 1635 sed
1395 1615 1464 1635 com-

822 1650 961 1676 mendatur
980 1651 1135 1682 mysterium
1156 1652 1207 1677 560
1227 1653 1260 1678 63

874 1707 910 1713 -
929 1696 1077 1727 amputavit
1104 1696 1263 1728 auriculam,
1287 1697 1313 1723 id
1342 1700 1382 1723 est
1400 1697 1464 1723 obe-

821 1738 946 1764 dientiam
974 1740 1005 1765 Vl
1026 1739 1077 1765 480
1098 1740 1133 1765 17
1150 1753 1185 1760 -
1204 1741 1319 1767 Potestas
1344 1742 1463 1767 sacerdo-

821 1783 848 1808 tii
869 1783 936 1809 Petri
954 1784 1058 1810 sustulit
1075 1784 1270 1811 observantiam
1289 1786 1355 1811 ritus
1376 1793 1462 1812 sacer-

820 1827 884 1853 dotii
903 1828 994 1859 legalis
1013 1828 1056 1853 Vll
1072 1828 1124 1854 560
1141 1828 1174 1853 63

875 1886 909 1890 -
928 1871 1030 1898 Christo
1050 1872 1206 1899 contradixit
1223 1875 1249 1898 et
1268 1873 1325 1899 aliis
1338 1880 1366 1899 se
1385 1880 1461 1905 prae-

821 1916 909 1948 posuit
928 1916 971 1942 Vll
991 1916 1042 1942 553
1063 1916 1096 1942 44
1116 1931 1151 1935 -
1170 1919 1293 1950 tanquam
1309 1917 1374 1949 lapis
1393 1918 1461 1950 prin-

820 1956 910 1993 cipalis
923 1963 949 1986 et
968 1960 1169 1987 fundamentalis
1182 1961 1364 1993 praemunitus
1376 1965 1415 1988 est
1425 1961 1460 1988 ob

820 2005 966 2037 periculum
987 2012 1094 2038 pugnae
1119 2005 1171 2031 552
1198 2005 1230 2031 42
1251 2020 1284 2024 -
1303 2006 1360 2032 eius
1384 2013 1460 2033 casus

820 2049 981 2081 praedicitur
1000 2057 1015 2076 a
1027 2049 1129 2076 Christo
1149 2050 1199 2076 553
1221 2050 1254 2076 45
1268 2064 1303 2070 -
1316 2051 1459 2077 praedictio

820 2092 915 2119 Christi
928 2094 953 2119 in
967 2094 1038 2120 nullo
1051 2093 1366 2130 praeiudicabat‘arbitrii
1384 2094 1459 2121 liber-

820 2138 865 2164 tati
884 2139 950 2164 Petri
970 2137 1033 2165 ibid.
1051 2152 1086 2158 —
1105 2139 1155 2165 sub
1173 2139 1322 2166 conditione
1341 2140 1461 2166 intellexit

820 2183 909 2215 lapsus
928 2183 1135 2216 praedictionem
1155 2184 1188 2210 Vl
1213 2184 1264 2210 435
1284 2184 1318 2210 55

872 2242 908 2246 -
927 2231 1051 2260 gravatus
1070 2231 1125 2254 erat
1143 2235 1251 2260 somno,
1274 2229 1336 2262 quia
1356 2229 1461 2255 inflrmi-

820 2274 871 2298 tate
890 2272 1068 2299 circumdatus
1084 2276 1139 2299 erat
1158 2273 1202 2299 Vll
1222 2273 1273 2299 235
1293 2274 1326 2300 57
1345 2288 1380 2293 --
1399 2281 1460 2300 cum

819 2319 888 2342 esset
917 2317 1051 2350 infirmus,
1077 2318 1159 2343 voluit
1177 2318 1318 2344 Dominum
1340 2325 1461 2350 compre-

819 2362 930 2388 hensum
950 2362 1026 2394 sequi
1045 2362 1078 2388 Vl
1098 2361 1149 2387 482
1170 2362 1202 2387 29
1222 2375 1257 2381 -
1276 2369 1327 2388 non
1346 2362 1461 2388 audebat

819 2406 861 2437 vel
880 2412 932 2431 non
952 2409 1054 2438 poterat
1072 2406 1146 2438 sequi
1166 2405 1298 2432 Christum
1317 2406 1344 2431 in
1363 2406 1458 2432 atrium

820 2449 852 2476 ib.
868 2450 901 2476 30
914 2464 946 2468 -
957 2450 1043 2482 primo
1058 2457 1086 2475 se
1099 2449 1192 2476 obtulit
1206 2457 1258 2475 non
1271 2450 1356 2476 solum
1369 2450 1403 2476 ad
1417 2457 1457 2476 se-

819 2494 970 2527 quendum,
984 2494 1030 2520 sed
1044 2494 1079 2520 ad
1092 2494 1321 2526 praecedentium,
1341 2494 1457 2520 secundo

818 2545 869 2564 non
884 2539 968 2564 solum
983 2545 1034 2564 non
1047 2538 1197 2570 praecessit,
1210 2538 1257 2564 sed
1270 2544 1319 2563 nec
1330 2538 1363 2564 de
1373 2545 1457 2570 prope

818 2586 923 2608 secutus
935 2585 987 2612 est,
1007 2582 1053 2608 sed
1067 2589 1080 2607 a
1095 2582 1186 2614 longe;
1206 2582 1281 2608 tertio
1298 2589 1346 2607 nec
1359 2582 1393 2608 de
1405 2583 1457 2608 lon-

818 2633 852 2658 ge
869 2633 917 2652 1100
936 2627 970 2652 de
983 2633 1067 2658 prope
1087 2630 1192 2652 secutus
1205 2629 1256 2657 est,
1275 2626 1383 2659 quando
1396 2633 1456 2652 eum

817 2671 925 2703 negavit
943 2670 995 2696 585
1015 2671 1029 2694 8
1049 2685 1084 2688 -
1104 2670 1244 2696 Dominum
1264 2671 1383 2704 negavit,
1396 2672 1458 2704 quia

819 2715 938 2741 inssrmus
957 2715 1004 2740 fuit
1022 2714 1083 2741 ibid.

869 2772 905 2778 —
923 2766 937 2784 a
957 2759 1035 2791 louge
1048 2758 1207 2792 sequebatur
1227 2758 1373 2792 Christum,
1393 2760 1456 2793 quia

818 2802 926 2829 timebat
951 2803 1077 2828 accedere
1096 2803 1205 2835 propius
1231 2803 1274 2829 Vll
1298 2804 1344 2829 561
1370 2804 1403 2829 67
1422 2819 1457 2823 -

818 2847 844 2872 10
863 2848 937 2872 Petro
957 2846 1098 2878 incipiebat
1111 2853 1168 2872 esse
1188 2851 1262 2879 tepor
1282 2848 1379 2874 amoris
1392 2847 1454 2875 ibid.

818 2904 852 2909 -—
866 2890 1016 2916 Ostenditur
1035 2891 1157 2923 tepiditas
1176 2891 1273 2917 amoris
1293 2895 1317 2917 et
1337 2892 1404 2924 ignis
1424 2893 1458 2918 in-

819 2934 920 2961 terioris
940 2934 964 2959 in
984 2934 1058 2960 l‘etro
1078 2934 1110 2961 ib.
1131 2935 1163 2960 68
1184 2949 1217 2953 —
1237 2936 1348 2961 tenuiter
1370 2936 1458 2968 dilige-

819 2977 877 3009 bat,
904 2978 950 3010 qui
975 2985 1022 3010 per
1050 2979 1128 3004 alium
1153 2979 1310 3011 discipulum
1335 2980 1458 3006 introibat

820 3022 851 3047 Vl
872 3021 923 3047 482
943 3023 976 3047 30

872 3080 905 3084 -
928 3066 1065 3098 lmpletum
1091 3070 1130 3092 est
1155 3067 1266 3093 verbum
1297 3068 1398 3093 Domini
1424 3068 1456 3093 dc

820 3110 894 3135 Petro
915 3110 956 3136 Vll
987 3110 1037 3136 562
1065 3110 1094 3136 71
1122 3124 1158 3130 ——
1176 3112 1284 3143 Negatio
1313 3112 1377 3136 Petri
1397 3118 1456 3143 per-

820 3153 898 3179 missa
913 3154 960 3179 fuit
973 3154 1139 3186 quadruplici
1152 3162 1183 3180 ex
1196 3162 1274 3180 causa
1294 3153 1355 3180 ibid.
1370 3168 1405 3174 —
1417 3155 1456 3180 di-

820 3197 881 3222 vina
895 3197 1066 3229 dispositione
1079 3199 1167 3230 lapsus
1182 3202 1233 3230 est,
1253 3201 1281 3224 ut
1295 3198 1318 3223 in
1333 3205 1380 3223 sno
1393 3204 1455 3223 casu

820 3241 944 3274 disceret,
963 3242 1073 3274 qualiter
1092 3242 1147 3268 aliis
1161 3242 1276 3267 misereri
1296 3240 1390 3267 debeat
1406 3240 1455 3266 435

820 3285 853 3310 29
870 3298 906 3304 -
930 3286 987 3311 0105
1011 3293 1087 3311 casus
1112 3288 1151 3311 est
1178 3285 1210 3311 ad
1236 3288 1350 3311 nostram
1372 3284 1456 3310 erudi-

820 3329 916 3355 tionem
946 3329 997 3355 553
1018 3329 1051 3355 45
1078 3343 1114 3348 -
1141 3329 1248 3361 Negatio
1273 3329 1338 3355 Petri
1360 3329 1456 3361 profuit

2080 202 2147 235 813

1801 243 1863 268 ΡΕΤ

1510 284 1585 311 nobis
1604 286 1636 311 ad
1651 286 1792 312 tollendum
1807 289 2031 319 praesumtionem
2048 290 2080 315 Vl
2095 290 2147 316 437

1509 329 1524 353 6
1543 342 1579 348 -
1599 330 1706 361 Negatio
1730 332 1796 356 i‘etri
1815 332 1892 357 dot-et
1915 340 1965 358 non
1986 333 2010 358 in
2032 341 2059 359 se
2085 334 2143 366 ipso

1509 373 1641 399 confidere
1661 374 1713 400 485
1734 374 1767 400 47

1556 431 1596 437 -
1615 424 1628 443 a
1649 418 1754 444 diabolo
1772 423 1811 445 est
1830 427 1971 452 aggressus
1991 428 2038 453 per
2057 422 2145 447 mulie

1508 467 1563 486 rem
1583 461 1608 486 in
1629 463 1783 488 memoriam
1798 464 1893 495 prioris
1911 465 1968 490 facti
1985 466 2024 490 Vll
2046 465 2094 490 561
2112 467 2144 491 69

1507 518 1541 523 —
1561 505 1664 531 Petrum
1679 507 1711 532 ad
1732 508 1881 539 negandum
1900 509 2145 542 induxeruntlocns,

1507 552 1597 574 coetus
1616 553 1641 574 et
1660 553 1732 576 actus
1754 551 1785 576 Vl
1805 552 1856 576 613
1874 559 1898 576 v.
1922 552 1952 577 17
1972 567 2007 571 -
2029 561 2057 579 ex
2080 554 2145 579 111111·-

1507 592 1595 618 mitate
1614 593 1648 619 ad
1669 601 1760 620 vocem
1780 596 1888 620 ancillae
1908 596 2047 621 Dominum
2068 604 2145 629 nega-

1507 636 1544 661 vit
1564 636 1614 662 482
1639 638 1666 662 31
1692 651 1726 656 -—-
1745 638 1796 663 iam
1824 639 1927 664 Domini
1953 640 2049 666 oblitus
2067 645 2092 666 ct
2111 643 2144 667 af-

1507 681 1573 705 fectu
1604 681 1769 713 infrigidatus
1797 682 1882 708 stabat
1901 684 1933 709 ad
1954 691 2059 716 prunas,
2082 692 2142 710 cum

1506 724 1589 750 servis
1608 731 1739 757 quaerens
1753 727 1864 752 calorem
1885 728 2038 753 exteriorem
2058 728 2091 754 ib.
2111 730 2144 755 32

1505 782 1540 787 -
1559 769 1710 800 perdiderat
1727 770 1816 802 ignem
1837 771 2011 804 spiritualem,
2031 773 2091 805 quia
2112 777 2146 799 te-

1506 816 1600 845 puerat
1619 813 1644 839 in
1664 814 1716 839 ilde
1742 814 1791 839 483
1812 815 1845 840 32
1865 829 1899 834 -—-
1924 817 2080 842 commixtus
2100 818 2146 843 mi-

1505 856 1605 887 0151115,
1624 864 1802 890 expavescens
1820 859 1853 885 ad
1874 860 2076 891 multitudinem,
2098 861 2143 887 ite-

1505 908 1563 926 rum
1583 902 1691 933 negavit
1710 901 1761 928 485
1782 902 1815 927 44

1557 958 1594 963 -
1611 945 1687 971 iterat
1700 946 1876 979 negationem,
1889 947 1950 979 quia
1964 955 2015 973 non
2030 948 2145 974 doeeruit

1505 988 1634 1014 malorum
1654 990 1805 1015 societatem
1826 991 1868 1016 Vll
1888 991 1934 1016 561
1959 991 1993 1016 70
2012 1005 2047 1011 ·—
2066 993 2144 1025 repli-

1503 1032 1573 1058 cavit
1601 1033 1703 1058 tertiam
1732 1035 1916 1066 negationem,
1945 1036 2005 1068 quia
2035 1037 2143 1063 minime

1503 1075 1552 1101 sibi
1572 1077 1642 1102 cavit
1670 1077 1721 1103 562
1750 1078 1779 1103 71
1810 1092 1845 1098 ——
1863 1079 1972 1111 Negatio
2001 1080 2065 1105 trina
2085 1088 2144 1106 con-

1502 1123 1633 1146 summata
1652 1122 1700 1147 fuit
1727 1122 1762 1148 ad
1780 1122 1887 1154 signum
1915 1128 2006 1149 cantus
2030 1125 2089 1156 galli
2109 1125 2142 1150 Vl

1504 1163 1555 1190 485
1576 1164 1622 1197 45,
1643 1165 1675 1191 46
1689 1180 1723 1184 --
1737 1166 1824 1192 Gallus
1837 1168 1951 1193 cantavit
1969 1171 2027 1193 ante
2047 1168 2140 1194 trinam

1501 1209 1669 1241 negationem
1689 1212 1716 1235 et
1727 1211 1813 1236 statim
1833 1215 1893 1243 post
1907 1211 2014 1244 trinam,
2028 1212 2072 1238 sed
2089 1213 2141 1245 pri-

1502 1260 1575 1279 mum
1595 1257 1701 1280 cantum
1721 1255 1812 1281 Petrus
1831 1263 1882 1281 non
1902 1256 2014 1282 advertit
2037 1257 2087 1282 486
2107 1257 2140 1283 50

1500 1311 1536 1317 -
1558 1299 1753 1325 consummavit
1780 1300 1874 1325 trinam
1903 1301 2078 1334 negationem,
2097 1308 2142 1327 an—

1501 1345 1608 1375 tequam
1636 1344 1720 1375 gallus
1751 1347 1856 1370 cantum
1885 1352 1963 1371 suum
1991 1346 2065 1371 daret
2096 1346 2138 1372 Vll

1502 1387 1553 1413 553
1574 1387 1606 1413 46

1554 1435 1647 1458 —ter
1674 1433 1796 1465 negavit,
1824 1437 1852 1460 ut
1873 1434 2038 1466 ostendatur,
2067 1436 2141 1468 quod

1501 1477 1635 1509 tripliciter
1663 1478 1821 1504 offendimus
1848 1479 1933 1505 Deum
1962 1480 2005 1506 Vll
2034 1480 2084 1506 562
2106 1480 2136 1506 71

1501 1535 1537 1540 -
1555 1528 1569 1547 a
1583 1521 1667 1548 tribus
1680 1523 1801 1559 personis
1813 1523 1942 1555 impulsus
1957 1527 1996 1549 est
2009 1524 2033 1549 in
2048 1527 2142 1556 myste-

1501 1566 1570 1592 rIum
1591 1566 1698 1598 triplicis
1723 1568 1871 1594 tentationis
1893 1567 1956 1594 ibid.
1975 1582 2010 1587 —-
2029 1572 2142 1595 tentatus

1503 1614 1541 1636 est
1561 1611 1654 1643 triplici
1674 1611 1809 1638 intervallo
1828 1612 1855 1638 in
1875 1612 2083 1644 designationem
2098 1614 2141 1639 tri-

1503 1655 1575 1687 plicis
1594 1655 1780 1682 admonitionis
1802 1655 1863 1682 ibid.
1882 1670 1918 1676 —
1937 1657 2045 1689 Negatio
2074 1658 2141 1683 Petri

1501 1699 1621 1725 inchoata
1640 1700 1688 1726 fuit
1711 1700 1737 1726 in
1759 1701 1839 1726 domo
1864 1701 1954 1727 Annae
1977 1705 2003 1727 et
2021 1708 2141 1728 consum-

1500 1746 1569 1769 mata
1588 1744 1615 1769 in
1634 1744 1715 1770 domo
1735 1744 1862 1776 Caiphae,
1882 1746 1923 1771 vel
1937 1749 1989 1772 tota
2009 1747 2139 1778 completa

1500 1788 1526 1812 in
1546 1787 1626 1813 domo
1645 1789 1737 1813 Annae
1750 1788 1782 1813 Vl
1797 1788 1849 1814 485
1869 1788 1902 1814 49
1921 1804 1956 1808 --
1975 1790 2097 1822 negando
2110 1797 2140 1816 se

1499 1830 1593 1856 Christi
1606 1831 1778 1863 discipulum,
1792 1833 1900 1864 negavit
1912 1833 2042 1859 Christum
2057 1833 2091 1860 ib.
2106 1834 2138 1859 48

1552 1888 1586 1893 ——
1605 1875 1745 1901 advertens
1773 1876 1834 1907 galli
1852 1880 1973 1907 cantum,
2002 1878 2079 1903 rediit
2103 1878 2137 1904 ad

1498 1925 1543 1944 cor
1562 1926 1640 1944 suum
1661 1918 1694 1944 Vl
1714 1919 1765 1944 486
1786 1920 1819 1945 50
1841 1933 1873 1938 -—
1893 1927 1940 1951 per
1958 1924 2062 1946 cantum
2078 1921 2137 1953 galli

1497 1966 1647 1988 commotus
1665 1965 1704 1988 est
1722 1964 1846 1994 exterius,
1860 1970 1908 1995 per
1921 1968 2069 1996 respectum
2089 1965 2137 1991 Do-

1498 2007 1563 2032 mini
1582 2007 1689 2033 interius
1708 2007 1752 2033 vll
1772 2007 1823 2033 562
1846 2008 1880 2033 72
1903 2022 1937 2026 —
1956 2009 2078 2041 quamvis
2097 2016 2136 2035 ce-

1498 2051 1603 2084 ciderit,
1623 2052 1762 2078 resurrexit
1791 2052 1842 2078 552
1872 2052 1904 2078 43
1924 2067 1959 2071 ——
1982 2054 2137 2085 recognovit

1497 2097 1603 2129 culpam
1623 2097 1674 2122 562
1693 2096 1727 2122 73
1746 2110 1782 2116 ——
1795 2103 1824 2122 ex
1844 2104 1939 2129 magna
1960 2098 2137 2130 compunctio·

1498 2143 1537 2168 nis
1556 2141 1730 2167 amaritudine
1748 2141 1907 2174 lacrymatus
1926 2145 1964 2168 051
1983 2141 2018 2168 ib.
2036 2143 2071 2168 74

1551 2201 1586 2204 -
1605 2186 1721 2212 introivit
1739 2186 1772 2212 ad
1786 2186 1971 2218 poenitentiam
1989 2194 2036 2219 per
2055 2188 2137 2214 consi·

1498 2231 1660 2257 demtionem
1680 2233 1762 2256 status
1783 2231 1891 2263 gratiae,
1909 2238 1988 2264 quem
2014 2232 2138 2258 amiserat.

1499 2276 1531 2302 Vl
1551 2275 1602 2301 560
1622 2276 1636 2300 3
1657 2288 1692 2294 -
1710 2278 1749 2301 051
1767 2276 1901 2307 exemplar
1925 2276 2099 2307 poenitentiae
2112 2279 2138 2302 et

1497 2319 1708 2352 compunctionis
1728 2319 1769 2344 Vll
1786 2319 1838 2345 563
1856 2319 1890 2344 74
1903 2333 1939 2339 -
1951 2320 2135 2352 Apostolorum

1497 2364 1620 2396 princeps
1645 2366 1774 2389 extractus
1798 2363 1845 2389 fnit
1866 2364 1900 2389 de
1919 2363 2043 2389 sordibus
2062 2364 2136 2390 vitio-

1496 2415 1554 2433 rum
1575 2407 1636 2433 ibid.
1649 2421 1684 2426 —
1697 2408 1745 2432 Per
1765 2408 1868 2432 Petrum
1881 2407 2062 2438 significantur
2075 2414 2135 2439 poe·

1496 2452 1604 2477 nitentes
1632 2451 1665 2476 Vl
1688 2451 1739 2476 592
1768 2458 1793 2476 v.
1819 2451 1834 2476 5
1853 2464 1888 2469 —
1907 2451 1953 2483 qui
1978 2451 2012 2476 ad
2039 2458 2133 2477 vocem

1495 2495 1602 2521 ancillae
1621 2494 1751 2521 Christum
1771 2494 1887 2526 negavit,
1906 2497 1966 2526 post
1983 2495 2133 2521 missionem

1496 2540 1607 2571 Spiritus
1620 2539 1699 2564 sancti
1713 2545 1773 2564 curn
1788 2545 1884 2570 magna
1898 2539 2050 2565 auctoritate
2063 2540 2135 2572 prin-

1495 2584 1546 2616 cipi
1565 2583 1731 2609 sacerdotum
1750 2583 1887 2615 respondit
1906 2583 1956 2609 454
1976 2583 2009 2609 40

1548 2641 1584 2647 —-
1602 2628 1677 2653 Petro
1689 2627 1840 2659 Magdalena
1855 2628 1942 2660 primo
1959 2628 2087 2654 nuntiavit
2102 2629 2134 2655 vl

1496 2672 1548 2698 507
1569 2672 1610 2697 16.
1630 2672 1676 2697 511
1705 2672 1739 2697 32
1758 2687 1793 2690 -
1813 2673 1900 2698 audita
1926 2673 2029 2699 Domini
2049 2680 2133 2699 resur·

1495 2717 1618 2749 rectione,
1631 2717 1714 2742 noluit
1728 2717 1869 2742 narrationi
1879 2718 2018 2743 mulierum
2028 2718 2135 2744 omnino

1495 2761 1676 2794 acquiescere,
1695 2761 1742 2787 sed
1755 2762 1864 2787 accessit
1878 2761 1912 2787 ad
1931 2766 2134 2788 monumentum

1496 2806 1586 2832 volens
1599 2806 1684 2838 ipsam
1699 2806 1834 2831 veritatem
1850 2807 1985 2831 consulere
1998 2806 2050 2832 624
2070 2806 2085 2831 5
2099 2820 2134 2826 -

1495 2850 1619 2876 sollicitus
1638 2850 1761 2876 velociter
1784 2850 1899 2875 cucurrit
1923 2850 1956 2875 ad
1981 2856 2134 2875 monumen-

1495 2898 1550 2920 tum
1571 2894 1622 2919 505
1643 2893 1666 2925 4,
1686 2894 1702 2920 5
1721 2907 1756 2912 -
1775 2893 1896 2918 velociter
1915 2893 2044 2922 cucurrit,
2070 2893 2132 2925 quia

1495 2937 1718 2969 comprehendere
1746 2935 1850 2961 volebat
1878 2935 1911 2961 ib.
1940 2936 1956 2961 5
1978 2949 2013 2954 —
2033 2936 2080 2960 fuit
2104 2935 2131 2961 in

1494 2980 1684 3007 considerando
1703 2980 1853 3010 sepulcrum
1871 2979 2018 3010 diligentior
2038 2980 2131 3004 loanne

1494 3024 1565 3055 ibid,
1584 3024 1614 3054 7,
1634 3024 1658 3048 8.
1678 3022 1729 3048 507
1751 3022 1782 3047 16
1803 3036 1832 3040 -
1856 3021 1987 3048 Dubitatio
2010 3023 2034 3048 in
2055 3023 2130 3048 Petro

1494 3068 1527 3093 de
1546 3067 1633 3092 audita
1660 3067 1864 3091 resurrrectione
1894 3066 1989 3092 Christi
2017 3066 2132 3092 incitavit

1493 3118 1554 3137 eum
1586 3110 1618 3135 ad
1651 3109 1834 3142 inquirendam
1869 3110 2051 3136 certitudinem
2083 3118 2129 3142 per

1493 3158 1629 3186 aspectum
1649 3153 1692 3178 Vll
1712 3153 1758 3178 591
1786 3154 1817 3179 15
1845 3167 1880 3173 -
1908 3161 1922 3179 a
1950 3155 2053 3180 fervore
2080 3162 2129 3181 suo

1493 3205 1545 3223 non
1572 3197 1705 3223 destiterat
1732 3196 1792 3223 ibid.
1811 3211 1846 3217 —
1871 3205 1922 3223 non
1951 3199 2035 3224 solum
2064 3199 2130 3224 vidit

1492 3241 1658 3273 linteamina,
1677 3241 1724 3267 sed
1749 3242 1827 3267 etiam
1848 3242 1962 3268 introivit
1985 3242 2011 3268 in
2037 3248 2129 3268 monu-

1494 3287 1609 3310 mentum
1636 3284 1698 3311 iba'd.
1718 3299 1753 3305 —
1772 3285 1835 3311 abiit
1862 3286 1960 3311 mirans
1985 3286 2018 3311 de
2037 3292 2129 3311 monu-

1494 3332 1581 3354 mento
1609 3328 1643 3355 ib.
1673 3329 1704 3355 16
1733 3342 1768 3349 —
1795 3329 1872 3356 rediit
1899 3336 1913 3355 a
1942 3333 2129 3355 monumento.
