2427 3872
358 225 406 251 PlS

152 283 185 289 ——
205 269 312 296 tradidit
335 269 467 296 Christum
497 276 528 295 ex
556 268 681 295 iniustitia
707 268 739 293 Vl

98 315 145 341 60⁴
170 321 195 340 ν.
217 314 245 340 21
269 328 303 332 —
320 313 432 340 tradidit
457 313 589 340 Christum
608 320 638 339 ex
658 319 741 345 popu-

97 358 144 385 lari
163 358 246 391 gratia
265 359 308 383 vel
328 359 418 384 favore
437 358 490 383 6⁴5
512 359 521 383 ⁴

151 417 187 422 -
199 402 288 435 posuit
300 402 552 435 superscriptionem
567 409 616 434 per
629 401 739 427 modum

98 448 164 474 tituli
183 454 264 480 super
282 453 388 473 crucem
408 446 503 473 Christi
523 447 566 472 Vll
586 445 638 472 579
658 445 692 471 46
707 459 740 464 —

98 492 126 518 in
156 492 229 518 titulo
260 490 413 517 intendebat
459 490 602 517 inscribere
633 496 741 515 causam

97 535 229 569 passionis
247 535 341 562 Christi
359 534 421 562 ibid.
449 549 485 554 —
513 535 618 566 scripsit
636 534 739 559 titulum

97 580 128 606 in·
144 580 303 613 vituperium
324 580 481 606 ludaeorum
501 579 534 604 Vl
555 578 605 604 496
626 578 668 603 3⁴.
690 576 740 602 497

98 625 133 650 33
153 639 187 643 -
206 623 337 657 approbat
365 624 469 650 titulum
493 625 619 655 tanquam
647 628 741 647 verum

97 668 273 695 irrevocabile
292 668 407 694 49734.
428 667 478 693 498
500 667 527 693 4⁴

151 714 266 739 Piscnto
285 727 319 731 —
339 712 476 738 hominum
496 714 536 737 est
555 710 694 736 conversio
713 710 742 735 tl-

98 757 196 784 delium
216 757 249 783 Vl
270 757 322 783 567
342 758 357 782 6
376 770 412 776 -
431 755 527 782 Piscari
556 758 595 781 est
613 754 741 787 popuium

99 802 146 828 nei
164 808 331 834 congregare*
351 801 403 826 5⁴9
423 801 438 826 3
458 814 494 820 -
521 799 651 832 significat
670 805 742 831 prae-

99 846 258 872 dicationem
278 845 329 871 624
350 845 365 870 6
385 859 420 864 -
439 844 583 871 Piscatores
596 845 657 869 sunt
670 850 743 875 prac-

99 890 231 917 dicatores
256 889 302 916 521
338 889 381 915 42.
399 889 443 915 Vll
465 889 515 914 446
536 888 568 914 44
597 902 633 906 -
660 887 743 913 Pisca-

98 937 139 961 tor
152 937 206 960 rete
219 934 344 967 expandit
362 933 556 966 praedicando,
575 932 661 965 pisces
673 939 743 958 com-

99 979 241 1012 prehendit
258 981 410 1011 peccatores
435 977 627 1008 convertendo,
656 976 742 1008 pisces

100 1023 180 1050 trahit
199 1030 246 1055 per
266 1022 333 1049 bona
352 1022 472 1054 exempla
494 1021 687 1055 promovendo,
706 1020 743 1052 pi-

98 1074 157 1095 sces
183 1067 295 1093 extrahit
326 1067 361 1093 ad
389 1066 510 1093 caelestia
534 1072 617 1098 regna
646 1065 742 1098 perdu-

99 1112 186 1139 cendo
205 1112 238 1138 Vl
258 1111 310 1137 625
328 1119 355 1137 ν.
375 1111 390 1136 6

154 1170 190 1175 —
215 1155 328 1182 Piscium
356 1158 466 1188 captura
491 1155 587 1187 duplex
615 1154 745 1187 significat

100 1200 333 1233 congregationem
350 1200 492 1226 electorum
506 1199 531 1225 in
546 1199 629 1231 gloria
648 1202 674 1225 et
686 1201 746 1225 ante

100 1244 320 1272 resurrectionem
333 1247 487 1270 vocatorum
498 1244 533 1270 ad
546 1244 687 1270 Ecclesiam
703 1243 745 1269 Vll

102 1290 153 1316 ⁴⁴6
184 1290 233 1321 ⁴2,
262 1289 294 1314 ⁴3
323 1302 358 1308 —
386 1291 447 1321 post
471 1288 692 1314 resurrectionem
711 1288 746 1314 si-

102 1334 208 1366 gnificat
228 1333 367 1359 Ecclesiam
387 1333 530 1359 electorum
551 1333 644 1359 ν1524
664 1333 697 1358 46
710 1346 746 1351 -

100 1378 194 1411 Captio
214 1378 355 1405 multorum
377 1378 488 1410 piscium
508 1377 543 1403 ad
561 1377 681 1403 divinum
702 1377 747 1402 im·

101 1422 206 1455 perium
225 1425 281 1448 erat
300 1421 427 1448 mirabilis
447 1422 499 1447 520
519 1422 534 1447 8

148 1468 247 1494 piscini
261 1481 294 1486 -
309 1466 446 1500 probatica
458 1470 514 1492 erat
526 1467 595 1493 iuxta
610 1467 747 1499 templum,

102 1511 147 1538 ubi
167 1511 323 1537 lavabantur
342 1511 442 1537 hostiae
456 1511 591 1543 pecudum
605 1511 638 1537 Vl
659 1511 710 1536 304
731 1511 746 1536 4

100 1570 137 1576 —
154 1557 182 1582 In
200 1556 301 1588 piscina
321 1556 416 1582 infirmi
436 1555 597 1582 sanabantur
609 1556 643 1581 ad
663 1562 748 1588 aquae

101 1602 204 1626 motum
223 1607 272 1633 per
290 1600 397 1626 divinae
416 1600 517 1632 gratiae
535 1599 696 1625 heneficium
721 1599 747 1625 in

102 1644 195 1677 Angcli
222 1644 351 1670 descensu
380 1643 414 1671 ib.
443 1645 469 1676 5,
493 1645 508 1669 6
527 1658 563 1663 -
591 1645 617 1670 1η
646 1644 747 1676 piscina

101 1696 171 1715 unus
190 1691 292 1715 tantum
320 1688 464 1715 curabatur
491 1689 525 1715 ad
544 1688 747 1720 significandam

101 1734 229 1760 unitatem
248 1733 311 1759 ssdei
329 1736 355 1759 et
379 1733 494 1759 caritatis
518 1733 694 1759 necessariam
713 1733 748 1758 ad

102 1778 265 1804 curationem
284 1778 312 1803 in
331 1778 445 1804 Ecclesia
474 1778 526 1804 305
547 1778 579 1803 ⁴6
599 1792 634 1795 —
654 1777 680 1802 ln
709 1777 748 1809 pi-

102 1822 174 1848 scina
194 1822 239 1855 qui
259 1822 333 1854 prius
352 1825 378 1848 et
405 1822 542 1848 sollicitius
570 1821 749 1848 descendebat

101 1867 177 1900 prius
204 1866 343 1892 sanitatem
372 1866 509 1893 obtinebat
537 1866 589 1892 306
620 1866 652 1891 47
672 1879 708 1885 -
727 1867 747 1892 Α

102 1911 265 1944 quibusdam
295 1911 379 1937 virtus
402 1911 519 1943 piscinae
537 1910 634 1936 dicitur
652 1917 750 1942 prove-

102 1955 173 1981 nisse
192 1962 207 1981 a
226 1955 299 1987 ligno
317 1955 418 1986 crucis,
447 1955 518 1988 quod
539 1957 602 1981 tunc
622 1954 750 1986 temporis

102 1999 192 2032 coepit
210 2006 341 2032 apparere
359 2002 385 2026 et
403 2002 575 2032 supernatare
595 1999 647 2025 305
669 1999 701 2024 ⁴5

157 2058 192 2063 -
220 2047 260 2070 εει
290 2045 406 2070 humana
438 2043 595 2070 conscientia
627 2043 751 2075 lacrymis

104 2088 253 2120 abundans,
273 2089 298 2114 in
317 2096 371 2122 qua
396 2089 509 2115 lavanda
538 2091 598 2114 sunt
617 2088 698 2114 corda
717 2088 750 2114 Vl

103 2133 156 2160 560
177 2133 187 2158 4
211 2148 247 2152 -
266 2133 396 2165 signiticat
415 2132 608 2159 multitudinem
622 2133 751 2164 lacryma-

104 2184 166 2204 rum
187 2178 220 2203 22
239 2185 266 2203 v.
286 2178 301 2203 8
321 2192 354 2197 -
369 2184 438 2211 quae
457 2185 488 2203 ex
501 2177 578 2211 aquis
591 2175 751 2210 pluvialibus

104 2224 291 2254 congregatur,
305 2222 463 2254 poenitentia
476 2225 516 2248 est
528 2221 580 2247 304
595 2222 628 2247 ⁴2
641 2235 677 2241 —
689 2221 750 2247 Por-

105 2263 172 2293 ticus
199 2266 316 2299 piscinae
343 2266 519 2292 conscientiae
543 2269 605 2292 sunt
632 2265 750 2299 quinque

103 2310 326 2337 considerationes
339 2310 495 2336 inducentes
513 2310 548 2337 ad
563 2310 749 2343 poenitentiam

106 2355 160 2381 560
180 2356 205 2386 ε,
224 2356 250 2386 3,
270 2354 285 2380 4

159 2400 238 2426 Piscts
256 2413 292 2417 —
310 2398 361 2425 sub
380 2401 533 2431 tegumento
558 2405 687 2432 aquarum
707 2405 751 2424 na·

106 2443 202 2477 scitur,
231 2443 298 2469 vivit
325 2446 351 2469 et
375 2443 452 2469 alitur
480 2444 524 2470 Vll
544 2443 595 2469 287
615 2444 649 2469 32
670 2457 704 2461 —-
723 2443 749 2468 ln

105 2487 179 2520 pisce
198 2488 264 2514 tides
283 2488 436 2521 designatur
459 2491 569 2521 propter
587 2495 684 2521 aquam
704 2487 751 2514 ba-

106 2531 196 2564 ptismi
226 2532 277 2558 286
307 2533 335 2558 3⁴
368 2546 404 2552 —
431 2533 580 2564 significant
598 2533 693 2558 Beatos
717 2532 750 2558 Vl

106 2576 158 2602 522
179 2576 207 2602 24
231 2590 267 2595 --
285 2575 312 2602 in
331 2577 374 2602 tali
393 2583 505 2603 numero
518 2577 588 2609 capti
601 2577 750 2612 significant

107 2620 296 2652 perfectionem
327 2621 369 2646 vel
390 2621 587 2647 universitatem
607 2621 749 2647 electorum

105 2662 169 2691 ibid.
181 2678 217 2685 —-
229 2664 357 2697 omnium,
377 2672 446 2698 quae
464 2666 602 2697 exsistunt,
621 2672 750 2698 generum

106 2708 176 2741 capti
196 2715 254 2735 esse
273 2709 396 2735 dicuntur
415 2709 467 2735 523
488 2710 516 2735 24

160 2766 196 2772 -
215 2753 263 2779 Ρει·
281 2753 368 2785 pisces
392 2753 571 2785 intelliguntur
598 2753 751 2786 voluptuosi

108 2796 141 2822 Vl
160 2797 194 2823 76
214 2804 240 2822 V.
266 2797 299 2822 42
327 2811 360 2815 -
389 2797 438 2823 l‘er
465 2797 534 2824 duos
552 2797 640 2830 pisces
658 2797 751 2823 intelli-

106 2843 205 2872 guntur
218 2841 377 2873 exspectatio
391 2840 523 2867 bonorum
537 2844 703 2867 aeternorum
724 2844 751 2867 et

106 2884 267 2917 experientia
287 2885 462 2917 spiritualium
488 2885 540 2911 566
561 2886 576 2910 8
595 2898 630 2905 -
658 2886 751 2918 Exspe-

107 2928 186 2955 ctatio
204 2928 337 2955 bonorum
357 2932 524 2955 aeternorum
537 2929 690 2961 intelligitur
703 2936 751 2961 per

107 2973 209 3006 piscem
237 2973 379 3005 marinum,
403 2975 430 2999 et
455 2973 614 3006 experientia
632 2973 752 3005 spiritua-

107 3017 171 3044 lium
190 3024 238 3049 per
256 3017 357 3050 piscem
377 3017 509 3043 t'luvialcm
529 3016 590 3043 ibid.

121 3074 124 3078 -
161 3074 197 3081 —-
214 3068 291 3088 assus
309 3064 348 3088 est
366 3062 450 3094 figura
470 3060 617 3087 afflictionis
634 3061 752 3087 humani-

109 3105 169 3131 tatis
187 3108 321 3132 assumtae
340 3105 384 3132 Vll
404 3106 456 3131 600
476 3105 510 3131 55

161 3150 290 3176 ΡιΑΝετυε
309 3163 343 3170 -
362 3150 402 3175 e'st
419 3149 452 3174 in·
464 3156 531 3175 voce
550 3149 582 3175 vt
602 3149 635 3174 30
655 3155 683 3174 ν.
697 3148 711 3174 4

162 3193 297 3229 PtAuTAtte
315 3207 351 3214 -
370 3195 395 3220 ln
420 3192 558 3226 baptizatis
582 3196 621 3219 est
646 3195 751 3225 tempus

109 3237 243 3270 plantandi
261 3238 372 3264 virtutes
392 3238 424 3263 Vl
444 3238 472 3263 34
498 3245 523 3263 ν.
544 3238 559 3263 8

125 3286 127 3289 ’
161 3282 247 3308 pmo-
262 3297 298 3301 -
317 3282 433 3308 aalmam
459 3281 548 3314 posuit
575 3281 750 3307 immortalem

109 3325 143 3352 Vl
163 3325 196 3352 37
215 3333 242 3359 q.
262 3327 278 3352 2
308 3340 342 3345 -
369 3326 468 3352 erravit
495 3325 598 3359 quottd>
615 3323 752 3351 beatitudi-

216 3378 247 3406 S.
262 3379 368 3406 Βοηαυ.
379 3392 415 3399 -
427 3379 504 3405 Tom.
517 3378 573 3404 Vll.

771 180 808 212 ΙΝ
832 178 1126 212 COMMENTARIOS
1150 179 1179 210 S.
1204 178 1430 211 SCRlPTURAE

778 275 840 294 nem
859 267 963 293 animae
982 266 1044 293 ibid.
1062 280 1097 286 —
1117 267 1213 298 posuit,
1233 267 1334 292 animas
1363 266 1422 292 bru-

778 314 864 337 torum
884 318 995 343 corpora
1016 311 1127 336 circuire
1145 310 1207 337 ibid.

833 356 910 381 Putas
928 368 964 374 -—
992 355 1155 380 tumultuans
1182 355 1335 380 contradicit
1358 354 1421 385 sibi,

778 400 840 433 quia
860 406 913 425 non
932 402 972 425 est
997 398 1123 424 stabilitas
1151 399 1176 424 in
1205 398 1294 424 verbis
1313 399 1370 424 eius
1390 399 1421 424 Vl

779 444 830 469 348
851 443 884 469 44
903 457 939 461 -
958 443 1037 468 debet
1055 445 1208 474 exspectare
1231 443 1256 468 in
1279 443 1423 468 ministerio

779 487 869 519 templi
889 487 933 512 Vll
954 487 986 512 ⁴9
1006 487 1039 512 33
1059 500 1095 505 ——
1113 486 1193 512 debet
1211 487 1302 512 divina
1324 490 1422 512 secreta

779 531 919 562 admIrari,
939 538 992 556 non
1011 531 1170 563 perscrutari
1190 530 1251 556 ibid.

833 576 976 601 ΡιΕΝιτυοο
995 590 1029 593 -
1049 575 1219 601 sufficientiae
1248 575 1378 606 reperitur
1396 575 1424 600 in

779 619 897 653 quolibet
925 619 1008 651 iusto,
1037 619 1175 651 plenitudo
1197 618 1375 644 abundantiae
1399 619 1423 644 in

778 664 896 698 quolibet
915 664 973 689 viro
992 665 1121 696 perfecto,
1142 663 1278 695 plenitudo
1303 663 1424 689 excellen-

780 709 830 735 tiae
848 709 874 734 in
894 708 1045 734 beatissima
1075 708 1198 740 Virgine,
1222 707 1365 739 plenitudo,
1385 714 1425 733 su-

779 753 977 785 pereffluentiae
992 753 1019 778 in
1032 752 1135 779 Christo
1155 753 1189 778 Vl
1208 752 1260 777 538
1280 753 1296 777 2
1316 766 1351 770 -
1369 752 1426 777 red-

780 798 922 824 undantiae
941 800 980 823 est
998 797 1023 823 in
1044 797 1146 823 Christo
1166 800 1195 822 ut
1214 797 1299 829 capite
1319 796 1371 822 255
1392 796 1420 822 44

780 857 814 861 -
834 843 941 868 Plenum
963 844 1002 867 est
1023 841 1087 867 illud
1116 842 1190 874 quod
1216 841 1281 867 intra
1311 841 1427 867 continet

779 885 878 920 aliquid
899 889 924 912 et
944 887 1014 918 capit
1034 887 1067 912 98
1087 894 1114 912 ν.
1135 886 1168 911 40

835 932 952 957 PtoaAne
971 946 1006 949 —
1025 933 1064 957 est
1083 930 1196 956 exterius
1216 931 1249 956 Vl
1264 930 1314 956 462
1335 930 1364 956 31

835 976 989 1001 ΡιυηΑιιτΛε
1006 989 1042 995 —-
1068 975 1131 1001 dicit
1155 981 1297 1001 numerum
1324 974 1427 1000 interio-

780 1027 836 1046 rem
857 1020 1025 1046 multitudine
1046 1020 1076 1045 Vl
1098 1019 1149 1045 464
1169 1027 1196 1045 v.
1217 1020 1250 1045 ⁴2

834 1065 927 1091 Pium
947 1079 980 1083 —-
1000 1067 1062 1091 suut
1079 1065 1211 1097 lacrymae
1225 1064 1258 1091 Vl
1273 1063 1325 1089 304
1346 1064 1378 1089 42
1393 1078 1426 1083 —-

781 1109 993 1142 compunctionis
1011 1109 1149 1136 descendit
1167 1109 1201 1135 ad
1215 1109 1304 1141 valles,
1323 1116 1377 1134 non
1389 1111 1429 1134 est

782 1154 807 1180 in
828 1153 963 1180 montibus
982 1156 1008 1180 et
1026 1153 1148 1186 superb1s
1167 1152 1229 1180 ibid.
1248 1167 1284 1173 -·
1297 1153 1429 1186 significat

783 1198 895 1231 gratiam
914 1198 959 1224 Vll
980 1198 1031 1224 402
1051 1198 1086 1223 55

836 1243 944 1269 poncius
962 1257 996 1262 ——
1016 1245 1055 1268 est
1078 1243 1146 1268 linea
1174 1243 1255 1269 vestis
1281 1249 1366 1276 usque
1393 1242 1428 1268 ad

783 1288 865 1320 pedes
883 1288 1047 1314 descendens
1071 1290 1096 1313 et
1124 1288 1201 1321 quasi
1224 1286 1339 1320 pedibus
1367 1288 1429 1313 hae-

783 1339 844 1358 rens
863 1332 895 1358 Vl
916 1332 968 1357 227
988 1339 1014 1357 v.
1044 1332 1077 1358 24
1105 1346 1141 1351 -
1160 1333 1188 1358 ln
1213 1332 1313 1364 podere
1341 1332 1428 1357 Aaron

784 1380 854 1402 totus
872 1375 945 1402 orbis
963 1377 1112 1409 descriptus
1131 1380 1187 1402 erat
1206 1376 1232 1402 in
1252 1376 1328 1408 signo
1347 1375 1410 1402 ibid.

838 1422 921 1447 poem
940 1435 976 1440 —
995 1421 1065 1447 cadit
1084 1421 1108 1446 in
1129 1421 1264 1447 hominem
1280 1421 1310 1446 Vl
1326 1421 1353 1446 ⁴⁴
1373 1428 1398 1445 V.
1413 1421 1429 1446 2

783 1481 819 1484 -
838 1465 948 1491 Vanitas
967 1472 1069 1498 poenae
1089 1466 1184 1491 inflicta
1197 1468 1236 1491 est
1250 1465 1351 1491 homini
1364 1464 1428 1491 ibid.

783 1524 819 1530 —-
838 1511 1004 1536 Nativitatem
1023 1514 1132 1536 naturae
1151 1510 1270 1543 sequitur
1286 1510 1430 1542 poenalitas

784 1555 854 1581 vitae
872 1554 924 1581 550
944 1556 959 1580 2
979 1568 1015 1574 -
1033 1554 1152 1581 Funiculi
1172 1555 1256 1580 Adam
1282 1554 1431 1586 significant

785 1600 956 1632 poenalitates
975 1600 1079 1632 generis
1099 1599 1208 1625 humani
1227 1598 1278 1625 567
1301 1599 1315 1624 4
1329 1602 1430 1624 —tres

784 1644 862 1670 nobis
875 1651 923 1677 pro
943 1644 1057 1676 peccatis
1076 1644 1190 1670 inflictae
1203 1647 1264 1675 sunt
1277 1644 1429 1675 infirmitas,

784 1689 905 1722 caecitas,
915 1689 1062 1721 malignitas
1074 1688 1124 1714 404
1135 1689 1169 1715 57
1179 1704 1214 1707 -
1224 1691 1263 1715 εει
1275 1689 1317 1714 vel
1330 1687 1430 1721 peccati

785 1734 904 1765 occasio,
928 1734 971 1759 vel
998 1741 1063 1766 pura
1089 1734 1194 1760 afflictio
1220 1734 1253 1759 62
1273 1740 1289 1759 a
1307 1747 1343 1752 —
1362 1740 1431 1766 quae

785 1782 824 1804 est
844 1779 946 1811 peccati
964 1779 1084 1810 occasio,
1104 1779 1228 1810 provenit
1245 1779 1288 1804 vel
1307 1785 1338 1804 ex
1363 1778 1432 1804 dese-

786 1826 828 1849 ctu
848 1823 961 1854 amoriS,
981 1823 1024 1849 vel
1043 1830 1073 1849 ex
1093 1823 1197 1849 defectu
1218 1822 1320 1848 timoris
1338 1821 1400 1849 ibid.

840 1881 876 1887 -
889 1868 983 1893 Divina
996 1867 1124 1899 sapientia
1137 1874 1191 1893 non
1204 1867 1299 1899 infligit
1316 1874 1430 1899 poenam

786 1911 842 1936 sine
861 1911 937 1943 culpa
958 1911 990 1936 Vl
1011 1910 1062 1937 372
1084 1912 1099 1936 2
1118 1923 1154 1930 -
1173 1910 1260 1937 omnis
1272 1913 1311 1936 εει
1323 1914 1432 1943 propter

787 1955 893 1987 culpam
919 1955 971 1981 375
992 1955 1026 1981 ⁴5
1044 1962 1101 1987 arg.
1123 1955 1152 1986 ⁴,
1172 1956 1187 1981 2
1207 1969 1242 1973 -
1261 1955 1362 1981 ratione
1381 1955 1433 1980 cul-

787 2006 838 2031 pae
856 1999 940 2032 inssigi
960 1999 1040 2025 debet
1061 2000 1110 2025 ⁴98
1130 2007 1156 2025 v.
1176 2000 1192 2025 8
1205 2013 1240 2019 —
1254 1999 1380 2031 infligitur
1395 2006 1433 2025 se-

787 2044 905 2069 cundum
924 2044 1016 2069 merita
1036 2044 1211 2077 nequitiarum
1232 2044 1279 2069 23⁴
1303 2051 1330 2069 v.
1351 2044 1384 2069 42
1398 2057 1432 2062 —-

788 2088 897 2114 Vanitas
922 2088 1086 2120 poenalitatis
1111 2088 1185 2114 venit
1202 2095 1234 2114 ex
1253 2088 1367 2114 vanitate
1386 2087 1433 2113 ini-

787 2132 894 2166 quitatis
914 2133 943 2158 ⁴⁴
967 2139 993 2158 v.
1014 2133 1029 2158 2

841 2191 877 2195 -
896 2176 997 2203 Causae
1022 2177 1168 2209 punitionis
1192 2179 1253 2203 sunt
1276 2176 1368 2202 decem
1388 2177 1432 2202 Vll

789 2222 840 2247 338
863 2222 894 2246 40
913 2235 949 2239 -
968 2221 1060 2247 omnis
1080 2221 1159 2247 habet
1178 2222 1284 2253 culpam
1306 2225 1432 2254 tanquam

788 2272 896 2292 causam
910 2266 970 2292 sine
980 2273 1034 2298 qua
1047 2273 1110 2297 nou,
1123 2266 1170 2292 sed
1183 2273 1236 2291 non
1249 2266 1335 2292 omnis
1349 2272 1432 2298 poena

788 2310 894 2343 respicit
912 2310 1017 2342 culpam
1041 2313 1168 2343 tanquam
1195 2317 1302 2336 causam
1328 2310 1434 2336 merito-

788 2354 854 2380 riam
874 2355 907 2380 Vl
933 2354 985 2380 375
1006 2355 1040 2381 45
1058 2369 1093 2374 ·—
1113 2355 1266 2387 infliguntur
1289 2354 1432 2387 aliquando

788 2401 896 2431 propter
914 2402 1016 2425 reatum
1037 2400 1145 2432 culpae,
1166 2399 1308 2432 aliquando
1327 2399 1360 2425 ad
1380 2398 1433 2424 v'ir-

789 2443 851 2469 tutis
871 2443 1053 2475 probationem
1074 2447 1100 2470 et
1118 2443 1370 2474 manifestationem,
1389 2442 1433 2468 ali-

789 2487 896 2521 quando
925 2488 958 2514 ad
984 2488 1089 2514 virtutis
1116 2488 1359 2520 conservationem,
1387 2487 1433 2512 ali-

788 2532 895 2565 quando
914 2535 1022 2565 propter
1040 2532 1123 2558 divini
1143 2532 1243 2558 consilii
1262 2531 1433 2564 dispensatio-

788 2584 865 2608 nem,
884 2576 1027 2610 aliquando
1046 2577 1080 2603 ad
1099 2577 1205 2603 divinae
1224 2577 1329 2602 virtutis
1353 2575 1434 2602 mani-

790 2621 952 2647 festationem
972 2620 1036 2647 ibid.

842 2681 877 2684 —
896 2666 951 2692 Non
971 2666 1070 2698 patitur
1088 2666 1154 2693 ordo
1173 2665 1280 2692 divinae
1305 2664 1433 2695 iustitiae,

790 2713 818 2736 ut
836 2710 878 2736 vel
898 2710 932 2736 ad
952 2714 1117 2736 momentum
1137 2711 1170 2737 sit
1188 2710 1265 2742 culpa
1279 2710 1336 2735 sine
1348 2716 1432 2741 poena

788 2754 822 2780 Vl
843 2755 894 2780 439
914 2761 942 2780 ν.
959 2754 976 2780 7
995 2769 1031 2773 -
1050 2755 1098 2780 l‘er
1118 2762 1231 2787 poenam
1251 2754 1280 2779 nt
1298 2753 1433 2779 reordina-

789 2798 825 2824 tio
844 2805 936 2824 eorum
955 2799 1002 2832 qui
1021 2806 1069 2831 per
1087 2800 1193 2831 culpam
1211 2797 1358 2824 deordinati
1372 2800 1433 2823 suut

789 2843 840 2868 2⁴8
860 2849 886 2868 v.
907 2844 922 2868 2
941 2858 977 2861 -
996 2843 1083 2869 omnis
1095 2843 1242 2869 secundum
1257 2842 1283 2868 id
1296 2841 1368 2874 quod
1382 2844 1429 2874 est,

789 2886 857 2912 iusta
876 2890 915 2913 est
934 2888 985 2913 382
1005 2887 1039 2913 55
1059 2901 1093 2906 —-
1112 2887 1200 2913 omnis
1218 2893 1265 2918 per
1283 2893 1313 2911 se
1338 2888 1377 2911 est
1396 2885 1434 2910 iun

789 2932 842 2961 sta,
855 2931 953 2957 scilicet
965 2931 1113 2957 secundum
1127 2931 1200 2964 quod
1214 2932 1253 2955 est
1266 2936 1349 2961 poena
1358 2948 1365 2960 ,
1379 2936 1432 2954 non

789 2974 935 3001 secundum
955 2975 982 3001 id
1001 2975 1076 3008 quod
1094 2978 1133 3001 est
1154 2975 1204 3000 ⁴⁴6
1224 2981 1251 2999 v.
1268 2973 1300 2998 ⁴3
1314 2987 1349 2991 —
1362 2973 1432 2998 Deus

791 3025 843 3044 non
862 3018 1006 3045 delectatur
1026 3019 1051 3045 in
1070 3026 1169 3051 poena,
1189 3018 1214 3043 in
1238 3019 1367 3050 quantum
1393 3019 1432 3042 est

789 3062 902 3094 perditio
922 3066 1045 3094 naturae,
1064 3063 1111 3089 sed
1131 3063 1155 3088 in
1175 3064 1304 3095 quantum
1324 3063 1363 3086 est
1374 3061 1432 3086 effe-

788 3108 846 3132 ctus
871 3106 985 3133 iustitiae
1004 3107 1055 3133 ⁴⁴7
1074 3114 1102 3132 v.
1123 3107 1155 3132 ⁴3
1173 3119 1210 3125 —
1228 3105 1363 3131 Nolentem
1383 3112 1432 3137 pu—

789 3150 839 3176 niri
859 3157 908 3183 pro
927 3151 1004 3183 culpa
1023 3157 1071 3177 sua
1091 3153 1131 3176 est
1149 3150 1202 3175 irae
1221 3151 1247 3175 et
1271 3148 1432 3179 severitatis,

789 3194 903 3227 aliquem
923 3195 1054 3221 volentem
1074 3194 1162 3227 puniri
1181 3200 1229 3225 pro
1243 3193 1319 3225 culpa
1333 3199 1379 3218 sua
1393 3196 1433 3218 est

789 3237 901 3264 lustitiae
920 3241 946 3264 et
964 3238 1096 3269 veritatis,
1110 3237 1225 3270 aliquem
1239 3237 1371 3263 volentem
1387 3244 1432 3269 pu-

789 3281 837 3307 niri
856 3289 906 3314 pro
925 3283 1002 3314 culpa
1021 3282 1105 3308 aliena
1125 3281 1207 3308 mirae
1232 3281 1432 3313 dispensationis

789 3329 815 3351 et
833 3326 996 3358 dignationis
1015 3326 1065 3352 446
1087 3325 1119 3352 49

2033 180 2097 212 847

1755 223 1815 249 ΡΟΕ

1513 281 1546 285 -
1560 267 1599 292 Ad
1613 267 1710 293 iustum
1725 267 1850 293 iudicium
1865 268 2005 300 requiritur
2015 276 2098 301 poena

1460 311 1578 336 modesta
1599 312 1630 337 Vl
1652 311 1697 337 57⁴
1723 312 1739 336 9
1758 326 1793 330 -—
1813 312 1867 337 Non
1887 312 1966 338 debet
1984 320 2041 338 esse
2060 320 2101 339 ex-

1459 362 1549 380 cessus
1569 356 1680 381 iustitiae
1703 356 1726 380 in
1754 363 1837 388 poena
1863 356 1896 381 59
1922 364 1947 382 v.
1970 357 2001 381 ⁴7
2021 371 2054 376 —
2073 359 2100 383 ln

1460 399 1538 425 nimis
1557 400 1691 431 puniendo
1711 403 1796 431 potest
1824 407 1881 426 csse
1910 404 2045 432 peceatum
2066 402 2099 426 60

1459 450 1486 476 q.
1505 444 1520 468 2
1540 457 1575 462 -
1595 444 1687 469 Punire
1706 447 1745 470 cst
1770 447 1843 470 actus
1865 445 1982 476 virtutis,
2001 446 2027 470 in
2047 452 2100 478 quo

1461 491 1545 519 potest
1564 495 1622 514 esse
1641 495 1762 514 excessus
1780 488 1841 514 ibid.
1855 503 1889 506 —
1903 489 1951 521 Qui
1969 490 2024 515 sine
2044 496 2101 521 pcc·

1461 535 1519 557 cato
1538 535 1577 557 est
1596 535 1681 563 potest
1701 532 1817 564 infligere
1838 540 1951 564 poenam
1972 533 2022 559 354
2044 534 2058 558 8

1513 590 1548 594 —
1568 576 1668 601 ratione
1688 577 1850 608 poenalitatis
1869 580 1909 602 est
1927 584 1940 602 a
1963 578 2015 603 Deo
2033 578 2101 603 iusto

1462 619 1542 645 modo
1563 620 1594 645 Vl
1617 621 1648 645 ⁴8
1670 628 1696 646 v.
1717 621 1749 646 ⁴3
1770 635 1803 639 —
1822 628 1891 653 quae
1905 622 1967 647 dicit
1979 622 2103 653 privatio-

1462 670 1532 695 ncm,
1552 664 1697 690 secundum
1718 666 1790 697 quod
1804 668 1843 690 est
1857 673 1955 697 poena,
1969 670 2008 691 est
2021 673 2035 691 a
2049 666 2102 691 Deo

1463 710 1491 733 ut
1515 708 1653 734 ordinante
1676 709 1728 734 382
1748 710 1782 735 55
1801 724 1835 728 —
1853 717 1922 742 quae
1947 714 1986 736 est
2010 718 2023 736 a
2050 711 2104 736 Deo

1463 753 1609 778 secundum
1630 753 1656 778 id
1675 753 1748 786 quod
1767 756 1819 785 est,
1839 757 1878 779 est
1896 761 1910 779 a
1933 755 1985 780 Deo
1999 758 2027 780 ut
2040 755 2105 780 inssi-

1464 800 1558 829 gente,
1578 798 1619 823 vel
1640 800 1668 823 ut
1686 798 1786 830 aliquid
1806 797 1987 829 subtrahente,
2014 800 2054 824 vel
2078 802 2106 825 ut

1462 849 1476 867 a
1503 849 1555 868 non
1581 845 1730 874 apponente
1755 841 1817 868 ibid.
1837 856 1870 860 ——
1890 843 2011 875 Peccata,
2037 851 2106 876 quae

1464 887 1524 919 plus
1543 886 1634 912 dicunt
1653 886 1780 912 rationem
1800 893 1915 919 poenae,
1929 887 2106 914 attribuuntur

1463 931 1533 957 iusto
1553 931 1598 956 Dei
1619 931 1716 957 iudicio
1737 932 1769 957 ⁴9
1790 939 1816 965 q.
1837 932 1846 957 ⁴

1517 970 1552 995 ⁴—-
1571 976 1599 1002 ln
1619 976 1749 1008 praesenti
1770 977 1916 1008 puniuntur
1928 984 2021 1003 omnes
2035 977 2107 1009 mali,

1464 1020 1579 1046 maxime
1598 1021 1717 1047 infideles
1733 1021 1765 1047 Vl
1786 1021 1838 1047 284
1853 1022 1885 1047 36
1899 1035 1934 1041 —
1947 1022 2004 1047 Mali
2017 1025 2042 1047 et
2054 1029 2108 1048 car-

1464 1066 1537 1091 nales
1563 1065 1771 1097 praecipitantur
1790 1066 1814 1091 in
1835 1073 1919 1098 poena
1938 1066 1972 1092 72
1991 1075 2017 1092 v.
2037 1067 2052 1092 3
2071 1081 2107 1085 —

1467 1110 1566 1142 lmpius
1585 1110 1674 1136 incidit
1692 1110 1718 1135 in
1738 1114 1850 1136 mortem
1865 1118 1965 1143 poenae
1978 1114 2107 1143 tempora-

1466 1154 1496 1180 lis
1514 1156 1540 1180 ct
1559 1161 1660 1186 poenae
1680 1158 1801 1180 aeternae
1821 1156 1870 1180 ⁴⁴8
1886 1163 1912 1181 v.
1927 1156 1958 1181 ⁴6
1971 1170 2007 1175 —
2020 1156 2108 1182 Punie-

1466 1204 1507 1225 tur
1527 1199 1553 1225 in
1577 1200 1663 1226 futuro
1686 1200 1762 1226 fletus
1787 1203 1896 1232 propter
1921 1202 2109 1233 supervenien-

1466 1247 1518 1270 tem
1538 1244 1701 1277 iniquitatem
1723 1245 1772 1270 ⁴⁴3
1793 1252 1818 1270 v.
1840 1245 1855 1270 5

1519 1302 1555 1308 --
1573 1289 1671 1315 Beatus
1690 1289 1791 1321 peccati
1811 1289 1845 1315 ad
1864 1296 1978 1321 poenam
1992 1290 2109 1315 intolera-

1466 1333 1545 1359 bilem
1566 1333 1666 1366 obligat
1685 1334 1718 1359 Vl
1738 1333 1789 1359 543
1810 1333 1824 1359 4
1838 1348 1873 1353 -
1886 1334 1983 1360 Omnes
1996 1341 2108 1366 poenam

1467 1380 1600 1404 merentur
1618 1378 1652 1404 72
1673 1385 1700 1403 v.
1720 1379 1735 1403 2
1755 1392 1790 1397 -
1814 1378 1888 1410 impii
1914 1386 2028 1410 poenam
2053 1379 2110 1404 red-

1466 1423 1530 1449 dere
1549 1422 1646 1449 debent
1665 1430 1714 1456 pro
1737 1423 1807 1448 omni
1834 1426 1956 1455 peccato,
1983 1427 2035 1449 tam
2061 1431 2110 1455 pro

1468 1475 1566 1500 magno
1585 1475 1665 1501 quam
1687 1467 1798 1493 minimo
1819 1468 1869 1493 ⁴36
1889 1475 1915 1493 v.
1931 1468 1963 1493 49
1976 1482 2012 1487 -
2025 1468 2110 1499 exige-

1468 1515 1510 1538 tur
1529 1519 1583 1538 non
1602 1515 1703 1538 tantum
1724 1519 1773 1544 pro
1793 1513 1898 1544 magnis
1917 1512 2045 1544 peccatis,
2064 1512 2111 1538 sed

1467 1557 1545 1583 etiam
1573 1564 1621 1589 pro
1646 1556 1762 1582 minimis
1787 1557 1830 1582 Vll
1857 1557 1909 1582 335
1935 1557 1967 1581 86
1987 1571 2022 1575 —
2042 1556 2111 1582 Deus

1467 1608 1518 1627 non
1540 1601 1631 1633 puniet
1649 1601 1792 1634 acqualiter
1811 1607 1903 1626 omnes
1922 1601 1955 1626 Vl
1980 1600 2026 1626 146
2046 1607 2072 1625 v.
2093 1600 2108 1625 9

1468 1660 1503 1665 —
1522 1646 1656 1672 lucurrerc
1675 1645 1850 1677 perditionem
1871 1652 1971 1677 poenae
1991 1647 2112 1676 aeternae

1468 1693 1507 1717 est
1525 1690 1551 1716 in
1577 1693 1664 1716 nostra
1687 1692 1814 1722 potestate
1835 1689 1885 1714 416
1905 1697 1932 1715 v.
1954 1690 1985 1715 42
2004 1704 2040 1707 -
2060 1696 2112 1714 ma-

1469 1742 1520 1767 gna
1545 1734 1656 1761 debetur
1675 1733 1801 1766 operibus
1826 1733 2050 1759 deaedisscationis
2069 1734 2112 1759 Vll

1471 1779 1521 1805 427
1541 1780 1557 1804 6

1522 1837 1557 1843 -
1570 1823 1640 1849 Deus
1653 1823 1728 1855 punit
1741 1822 1860 1848 homines
1873 1829 1920 1854 per
1933 1829 1973 1854 ea,
1986 1829 2033 1854 per
2043 1830 2112 1855 quae

1470 1870 1655 1900 peccaverunt,
1676 1870 1783 1899 propter
1811 1873 1912 1898 poenae
1943 1867 1977 1892 ad
2006 1867 2111 1899 culpam

1469 1912 1681 1938 convenientiam
1701 1911 1734 1936 Vl
1761 1912 1806 1936 ⁴8⁴
1836 1918 1861 1936 v.
1884 1911 1914 1936 ⁴8
1934 1924 1970 1930 —
1989 1911 2059 1937 Deus
2085 1912 2112 1937 in

1470 1957 1604 1990 puniendo
1623 1956 1736 1982 ostendit
1754 1955 1897 1987 potentiam
1917 1962 1992 1980 suam
2014 1956 2064 1981 ⁴88
2085 1963 2112 1981 v.

1471 2001 1503 2027 ⁴7
1522 2016 1558 2020 —
1577 2001 1679 2026 Punitio
1698 2000 1762 2026 levis
1779 2007 1830 2025 non
1850 2002 1890 2025 est
1908 2006 1939 2025 ex
1959 1999 2112 2031 impotentia

1469 2046 1530 2077 Dei,
1544 2045 1589 2072 sed
1603 2053 1633 2071 ex
1648 2044 1827 2070 misericordia
1846 2044 1888 2069 ⁴8⁴
1907 2051 1932 2069 V.
1948 2043 1980 2069 ⁴7
1994 2058 2029 2062 ——
2042 2044 2112 2070 Deus

1469 2097 1500 2116 ex
1519 2089 1699 2116 misericordia
1718 2088 1793 2120 punit
1812 2088 1911 2120 minuS,
1925 2095 2005 2121 quam
2024 2092 2114 2121 posset

1471 2135 1521 2160 ⁴82
1541 2141 1569 2160 v.
1587 2134 1620 2159 20
1633 2148 1668 2152 —
1682 2133 1752 2159 Deus
1770 2139 1824 2158 non
1844 2133 1920 2164 punit
1938 2133 2019 2163 ultra,
2031 2140 2112 2166 quam

1469 2179 1549 2211 exigit
1567 2178 1661 2210 culpae
1680 2177 1812 2210 quantitas
1837 2180 1862 2202 et
1887 2177 2062 2208 multiplicitas
2088 2180 2114 2203 et

1470 2222 1602 2256 peccantis
1621 2221 1735 2248 conditio
1755 2221 1796 2246 vcl
1815 2221 1926 2254 qualitas
1944 2220 2016 2253 ibid„
2036 2222 2065 2246 21

1523 2282 1558 2286 -
1578 2267 1648 2292 Dcus
1672 2265 1747 2298 punit
1770 2265 1795 2290 in
1820 2265 1965 2297 praesenti,
1987 2268 2014 2290 ut
2032 2265 2056 2291 in
2077 2266 2112 2291 su-

1471 2315 1529 2337 turo
1549 2314 1639 2343 parcat
1659 2310 1691 2335 Vl
1713 2310 1764 2335 ⁴87
1783 2316 1810 2334 ν.
1825 2310 1858 2335 45
1873 2323 1905 2327 -
1920 2309 1990 2335 Deus
2003 2310 2035 2335 ad
2051 2313 2113 2336 tem-

1470 2363 1520 2388 pus
1548 2362 1599 2381 uon
1628 2355 1703 2387 punit
1721 2358 1869 2386 peccatum
1895 2354 2032 2380 hominum
2060 2355 2110 2380 483

1469 2408 1496 2425 v.
1515 2400 1548 2425 24
1569 2414 1604 2417 -
1623 2398 1799 2424 Misericordia
1820 2401 1872 2429 est,
1893 2398 1966 2431 quod
1979 2399 2054 2424 malis
2067 2399 2113 2425 dit-

1469 2446 1549 2470 sertur
1568 2450 1653 2476 poena
1672 2442 1786 2468 crudelis
1805 2443 1837 2467 69
1858 2450 1885 2475 q.
1905 2444 1920 2468 2

1521 2503 1556 2511 -.
1575 2487 1676 2520 peccati
1695 2490 1783 2512 manet
1796 2487 1875 2512 etiam
1889 2487 1945 2513 sinc
1957 2490 2065 2519 peccato
2078 2487 2112 2513 ad

1469 2532 1678 2559 exercitationem
1705 2531 1739 2556 Vt
1765 2532 1798 2557 82
1824 2539 1850 2564 q.
1876 2545 1911 2551 --
1933 2532 2112 2558 emendatoria

1470 2584 1522 2602 uon
1548 2579 1587 2602 cst
1611 2575 1758 2601 abiicienda
1786 2576 1836 2601 489
1860 2583 1888 2601 v.
1907 2577 1941 2602 22
1960 2591 1995 2596 -
2014 2577 2114 2602 Eiectos

1470 2621 1540 2646 Deus
1558 2627 1643 2652 poena
1658 2620 1781 2652 corripit,
1795 2624 1824 2646 ut
1837 2620 1960 2646 emendet
1974 2621 2025 2646 ⁴90
2039 2628 2064 2645 v.
2079 2622 2112 2646 22

1469 2678 1504 2684 -
1523 2672 1593 2698 quac
1611 2668 1650 2691 est
1669 2672 1736 2697 pura
1756 2665 1875 2697 afflictio,
1895 2669 2030 2691 revocata
2044 2665 2113 2690 malo

1469 2712 1495 2735 ct
1513 2709 1632 2735 sollicitat
1651 2709 1676 2735 in
1697 2709 1768 2736 hono
1787 2710 1821 2735 92
1842 2717 1868 2735 ν.
1892 2710 1898 2735 1
1925 2724 1958 2728 —
1977 2710 2022 2736 dat
2040 2710 2115 2735 intel-

1469 2754 1565 2780 lectum
1585 2754 1628 2780 Vll
1649 2754 1681 2779 ⁴8
1701 2755 1734 2780 32
1756 2768 1789 2773 —-
1809 2754 1858 2780 Per
1877 2754 2113 2780 considerationem

1469 2805 1572 2830 poenae
1596 2798 1705 2824 meritae
1731 2798 1852 2824 introitur
1870 2798 1903 2824 ad
1927 2798 2112 2830 poeniteutiam

1470 2843 1503 2869 Vl
1523 2842 1574 2867 560
1595 2843 1610 2868 3
1631 2856 1666 2861 ——
1685 2843 1798 2868 leviores
1813 2842 1970 2868 ordinantur
1983 2842 2017 2868 ad
2030 2849 2115 2867 corre-

1468 2886 1596 2918 ctionem,
1615 2886 1874 2918 poenae-graviores
1898 2886 1932 2911 ad
1957 2886 2113 2912 condemna·

1469 2930 1567 2956 tionem
1588 2930 1640 2956 ⁴77
1659 2938 1687 2956 v.
1710 2931 1720 2956 ⁴

1522 2988 1557 2993 —
1577 2974 1718 3001 lnflrmitas
1739 2981 1840 3006 poenae
1865 2977 1904 3000 est
1928 2973 2060 2998 toleranda
2080 2973 2112 2998 Vl

1468 3018 1520 3043 586
1541 3018 1550 3044 4
1575 3033 1610 3037 -
1629 3017 1747 3044 Christus
1765 3018 1839 3044 dedit
1851 3017 1950 3043 homini
1963 3017 2111 3048 exemplum

1469 3069 1572 3094 poenae
1591 3062 1760 3088 sustinendae
1780 3062 1831 3086 647
1853 3061 1868 3086 4
1886 3074 1922 3079 -
1940 3059 2057 3086 Chr1stus
2070 3067 2114 3085 su-

1469 3106 1559 3132 stinuit
1579 3113 1691 3138 poenam
1706 3105 1896 3131 amarissimam
1906 3124 1912 3135 ,
1926 3104 2114 3129 universalissi-

1470 3157 1557 3180 mam,
1577 3150 1771 3182 turpissimam,
1791 3148 1965 3175 diutissimam
1984 3148 2034 3173 6⁴8
2052 3148 2059 3172 ⁴
2078 3161 2113 3167 —

1469 3195 1606 3220 Transitus
1631 3193 1751 3219 torrentis
1776 3193 1906 3224 significat
1930 3191 2110 3217 sustinentiam

1470 3245 1570 3271 poenae
1589 3238 1636 3263 621
1661 3244 1686 3262 v.
1710 3237 1740 3262 ⁴7
1760 3251 1795 3255 --
1814 3237 1879 3262 solet
1898 3236 1984 3261 timcri
2004 3239 2111 3268 propter

1469 3282 1526 3308 eius
1539 3281 1721 3311 acerbitatem,
1734 3280 1949 3312 multiplicitatem
1958 3300 1964 3312 ,
1977 3280 2109 3311 vilitatem,

1472 3325 1668 3351 diuturnitatem
1689 3324 1739 3349 6⁴7
1764 3325 1770 3349 l

1953 3377 2001 3401 ⁴03
