2476 3921
136 667 202 687 Radix
213 672 286 687 secun·

149 694 188 714 dae
201 699 285 714 excusa-

149 720 219 740 tionis.

149 931 276 952 Notandum.

126 2152 228 2182 “Effectus
246 2158 279 2172 ca-

129 2182 198 2208 ritatis
212 2181 234 2209 el.
244 2185 279 2199 cu-

130 2207 240 2226 1105113115.

304 253 367 286 372

303 340 454 382 Propheta
478 339 508 371 in
534 339 699 371 Psalmo¹:
729 350 745 366 (ι
762 338 826 370 Non
859 337 995 370 declines
1018 346 1073 370 cor
1095 346 1202 370 meum
1226 337 1257 369 in

302 394 396 426 verba
425 392 559 425 malitiae
583 391 621 424 ad
644 390 841 424 excusandas
871 390 1091 423 excusationes
1123 391 1153 423 in
1186 399 1257 432 pec-

300 447 375 479 catis
392 459 421 477 ».
447 446 482 477 Et
504 445 573 478 ideo
596 454 612 477 e
636 444 793 477 contrario
813 443 929 476 dicitur
945 443 982 476 de
1000 443 1068 475 viro
1083 443 1166 476 iusto
1184 444 1256 476 Pro-

300 499 478 532 verbiorum
510 497 631 531 decimo
662 500 791 529 octavo:
820 509 835 524 «ι
853 496 957 529 1115105
981 496 1068 538 prior
1091 499 1256 531 accusator

296 555 352 585 eSt-
368 552 415 584 SUi
434 565 463 583 ».

386 605 439 637 222.
472 605 572 646 (Vers.
609 604 682 644 195.
714 603 857 636 Secundo
888 606 1041 645 quantum
1071 603 1109 635 ad
1140 612 1255 635 seeun-

298 659 376 691 darn
401 658 641 690 exeusationem
655 683 663 694 ‚
680 665 762 698 quae
778 657 863 689 venit
879 665 921 689 ex
937 656 1157 688 sollieitudine
1173 666 1254 688 ava-

297 712 413 750 ritiae,
445 710 571 744 subdit:
605 711 643 743 Et
675 709 759 742 alter
790 709 897 742 dixit.-
933 709 1019 751 Iaya
1055 709 1153 741 boum
1191 709 1257 741 emi

289 763 447 808 quinque.
481 763 660 796 Sollicitudo
691 771 827 805 namque
862 762 1011 797 avaritiae
1046 762 1137 801 facit,
1170 762 1254 804 quod

296 819 367 860 quis
391 827 451 850 non
482 817 608 859 quaerit
638 816 695 848 nisi
729 819 854 848 terrena
878 819 1036 854 tractare3
1060 815 1131 848 ideo
1155 815 1253 848 labori

299 872 391 904 boum
424 874 640 912 comparatur,
673 878 810 911 quorum
834 872 882 901 est
917 873 1034 901 terram
1068 869 1192 901 sulcare
1223 872 1255 901 et

297 933 455 957 exercere.
490 924 524 955 Et
554 923 704 955 dicuntur
728 921 872 965 quinque
896 922 981 964 iupa>
1003 921 1099 954 boum
1124 925 1253 963 propter

296 978 435 1019 quinque
471 984 581 1009 sensus
616 984 785 1008 conversos
820 974 857 1007 ad
894 975 970 1007 haec
1000 978 1135 1007 terrena.
1168 973 1254 1006 Unde

296 1030 447 1063 Glossa2:
485 1042 500 1058 «
525 1029 604 1061 Haec
635 1028 718 1070 iuga
750 1027 847 1059 boum
887 1026 1058 1065 dicuntur,
1091 1027 1165 1069 quia
1197 1035 1254 1068 per

297 1084 353 1115 hos
377 1087 503 1115 terrena
527 1085 704 1123 reguntur;
730 1081 824 1113 boves
841 1080 923 1113 enim
942 1084 1059 1112 terram
1077 1083 1206 1113 versant
1222 1093 1252 1112 1».

295 1136 360 1168 Dici
385 1136 477 1168 etiam
503 1138 634 1177 possunt
658 1134 759 1176 iupa,
784 1134 859 1176 quia
883 1134 997 1166 collum
1022 1134 1118 1175 ligant
1139 1137 1169 1166 et
1186 1142 1253 1166 cer-

296 1186 394 1222 vicem
420 1189 547 1221 domant
570 1192 601 1221 et
622 1191 725 1220 totum
750 1187 932 1229 deprimunt
955 1187 985 1219 in
1005 1191 1126 1219 terrani
1140 1187 1253 1219 61301-

297 1251 378 1275 mam
402 1241 543 1274 vendunt
566 1250 624 1282 pro
641 1244 724 1273 terra
740 1253 746 1279 ;
764 1240 966 1273 Ecclesiastici
984 1240 1104 1273 decimo
1117 1240 1148 1272 ³:
1171 1253 1187 1269 «
1203 1240 1253 1273 Ni-

298 1297 339 1328 hil
372 1299 419 1329 est
450 1295 589 1337 iniquius
620 1304 714 1336 quam
747 1303 852 1326 amare
882 1294 1069 1336 pecuniam;
1094 1294 1145 1327 hic
1169 1294 1251 1326 enim

296 1349 430 1381 animam
450 1358 552 1381 ‘suam
582 1348 721 1380 venalem
748 1348 858 1386 habet,
881 1348 1029 1390 quoniam
1054 1348 1085 1380 in
1110 1348 1173 1380 vita
1196 1357 1254 1380 sua

297 1402 425 1443 proiecit
455 1402 562 1433 intima
594 1410 650 1433 sua
667 1414 697 1432 ».
730 1401 881 1442 Quoniam
907 1401 1008 1440 enim,
1033 1401 1114 1433 sicut
1137 1401 1253 1433 dicitur

297 1456 440 1489 Matthaei
465 1459 574 1493 sexto,
605 1468 620 1483 «
637 1455 689 1487 ubi
715 1458 762 1487 est
785 1455 954 1487 thesaurus
977 1458 1068 1494 tuus,
1093 1455 1134 1487 ihi
1153 1458 1200 1487 est
1223 1457 1254 1487 et

297 1518 349 1541 cor
368 1512 464 1548 vtuum
482 1521 512 1547 »ς
538 1512 569 1541 et
594 1509 763 1540 thesaurus
779 1508 863 1540 avari
882 1512 928 1540 est
945 1512 1037 1541 extra
1060 1517 1110 1547 se,
1136 1508 1253 1541 seilicet

298 1563 326 1594 in
352 1566 457 1594 terra:
483 1562 551 1594 ideo
575 1562 684 1593 intima
708 1561 842 1594 hominis
865 1562 950 1593 avari
976 1562 1114 1603 proiecta
1131 1561 1253 1594 suntin

298 1620 392 1648 terra.
416 1615 502 1648 L'nde
527 1622 653 1648 necesse
676 1618 740 1653 est,
765 1615 849 1657 quod
873 1615 947 1657 iugo
969 1615 1131 1648 servitutis
1147 1614 1253 1657 oppri-

298 1672 419 1706 matur,
445 1668 518 1710 quia
543 1668 681 1700 vendidit
705 1668 907 1710 semetipsum
923 1681 930 1706 ;
948 1668 1031 1700 unde
1049 1668 1252 1701 Ecclesiastici

297 1722 445 1763 vigesimo
462 1722 594 1763 septimo
606 1722 640 1753 4:
664 1734 679 1749 «
696 1722 777 1753 lnter
796 1721 933 1754 medium
949 1722 1115 1763 emptionis
1131 1725 1161 1754 et
1180 1730 1253 1753 ven-

295 1775 419 1809 ditionis
435 1774 665 1816 angustiabitur
682 1775 815 1816 peccatis
827 1787 856 1806 ».
870 1793 914 1797 -—
928 1774 1035 1807 Reddit
1051 1775 1134 1806 enim
1151 1774 1253 1806 avari-

297 1828 337 1859 tia
353 1828 519 1860 sollicitum
544 1831 574 1860 et
590 1827 760 1866 curiosum,
778 1827 846 1860 ideo
862 1827 981 1860 subdit:
1004 1828 1043 1859 Et
1059 1837 1094 1859 eo
1107 1820 1254 1868 probare

296 1880 372 1919 itta,
405 1881 480 1922 quia
511 1880 691 1912 continuam
723 1889 833 1912 curam
869 1880 963 1913 habet
997 1880 1035 1912 de
1070 1880 1251 1922 superfluis.

296 1934 379 1966 Unde
402 1934 508 1966 Glossa
521 1934 554 1964 ⁵:
585 1947 599 1961 «
619 1934 708 1966 Recte
725 1942 781 1975 per
798 1926 939 1980 quinque
960 1942 1071 1966 sensus
1087 1933 1253 1965 curiositas

295 1987 494 2029 designatur,
519 1995 617 2028 quae,
634 1986 708 2019 dum
727 1987 869 2019 exterius
886 1986 1051 2028 investigat
1067 1987 1162 2018 vitam
1181 1995 1253 2028 pro-

295 2041 387 2079 ximi,
422 2049 479 2072 sua
510 2040 619 2072 intima
651 2041 766 2079 nescit;
792 2043 823 2073 et
845 2039 960 2072 curiosi
986 2039 1110 2071 animus
1134 2043 1253 2080 quanto

295 2097 340 2125 est
365 2093 485 2134 peritus
506 2093 616 2131 alieni,
636 2096 722 2125 tanto
739 2093 868 2135 ignarus
884 2093 919 2124 lit
935 2092 983 2124 sui
1002 2105 1032 2123 n.
1050 2110 1091 2115 —
1109 2092 1145 2124 Et
1162 2095 1252 2130 nota,

294 2147 376 2188 quod
410 2147 523 2179 caritas
554 2156 616 2178 non
649 2146 741 2178 habet
774 2146 832 2178 nisi
867 2145 985 2188 iuyum
1019 2154 1146 2183 unum,
1179 2144 1253 2186 quia

293 2208 416 2231 01110610
448 2199 688 2232 sollicitudinem
718 2199 841 2231 reducit
863 2198 1045 2236 311-110010,
1078 2197 1251 2230 secundum

295 2252 371 2284 illud
394 2262 491 2294 supra
514 2252 681 2284 decimo⁶:
712 2265 727 2280 «
744 2252 846 2284 Unum
871 2254 918 2283 est
942 2250 1155 2283 necessarium
1174 2262 1204 2289 »;
1222 2253 1252 2282 et

294 2307 446 2339 Michaeae
482 2310 593 2338 sexto:
635 2318 650 2333 «
679 2305 851 2337 Sollicitum
887 2303 1050 2336 ambulare
1084 2312 1157 2336 cum
1189 2304 1253 2336 Deo

295 2364 348 2391 tuo
364 2373 379 2387 »
396 2363 489 2397 .etc.;
515 2363 546 2391 61
577 2358 721 2390 Matthaei
754 2357 940 2389 undecimo:
971 2370 986 2385 «
1004 2357 1114 2398 iugum
1145 2365 1251 2389 meum

294 2421 389 2444 suave
413 2416 459 2444 est
476 2426 490 2439 »
520 2415 578 2444 etc.
595 2424 601 2449 ;
626 2414 657 2443 et
680 2411 880 2442 Threnorum
898 2410 1008 2442 tertio:
1036 2422 1051 2437 «
1069 2410 1188 2441 Bonum
1205 2412 1253 2441 est

296 2465 378 2503 viro,
404 2474 475 2497 cum
500 2464 675 2506 portaverit
698 2463 807 2504 iugum
830 2463 950 2495 Domini
979 2463 1018 2495 ah
1045 2462 1252 2496 adolescentia

1222 2567 1301 2580 —i

366 2654 374 2668 ¹
395 2656 486 2681 Psalm.
511 2655 572 2686 140,
594 2655 616 2680 4.
637 2658 662 2680 61
681 2655 777 2680 deinde
797 2656 871 2680 Prov.
894 2657 939 2687 18,
961 2654 1002 2681 17.

364 2698 373 2713 ²
395 2701 462 2724 llaec
476 2700 574 2730 Glossa,
588 2707 657 2732 quae
670 2701 718 2725 hoc
732 2701 788 2725 loco
802 2707 850 2725 nee
863 2707 876 2724 a
891 2693 975 2726 Strab.
987 2707 1033 2725 nec
1044 2705 1059 2725 a
1069 2701 1171 2732 Lyrano
1185 2701 1252 2726 exhi-

295 2744 381 2775 betur,
401 2748 439 2769 est
453 2741 560 2775 August.
570 2764 576 2774 ,
591 2745 673 2768 Serm.
689 2744 748 2769 112.
764 2744 835 2773 (alias
849 2744 890 2769 33.
908 2744 941 2769 ‹le
955 2744 1048 2769 Verbis
1063 2745 1177 2777 Domini)
1190 2752 1212 2770 (·.
1226 2745 1252 2769 3.

296 2796 321 2813 n.
342 2789 372 2819 3,
394 2788 436 2813 uhi
458 2789 547 2819 docet,
568 2789 631 2813 haec
651 2787 767 2821 quinque
786 2787 851 2821 ittqa
870 2787 949 2814 boum
975 2788 1121 2819 significare
1143 2788 1251 2814 curiosi-

296 2836 373 2858 tatem
393 2833 511 2866 quinque
530 2839 663 2857 560511100.
685 2833 747 2857 Nam
768 2832 883 2865 qumque
901 2836 962 2858 sunt
980 2836 1125 2864 5605115,61
1142 2833 1251 2865 (1111111161

294 2884 384 2902 eorum
405 2876 558 2910 qeminatm·
579 2876 643 2908 ((1110
663 2877 745 2907 061111,
763 2877 832 2902 dnae
851 2884 940 2908 aures,
956 2877 1077 2909 geminae
1094 2885 1183 2909 nares,
1202 2885 1250 2909 pro

295 2924 371 2952 gustu
393 2921 445 2946 duo
467 2922 650 2951 instrumenta,
670 2921 724 2946 scil.
746 2921 831 2952 lingua
858 2925 883 2946 et
908 2921 1087 2953 113131010,-10
1114 2924 1182 2947 tactu
1207 2929 1252 2947 vo-

296 2966 380 2996 luptas
407 2965 491 2990 carnis
519 2965 628 2990 interius
653 2969 678 2990 et
706 2965 847 2997 exterius):
879 2967 991 2997 «Quare
1019 2965 1100 2991 boum
1129 2966 1251 2991 dleuntur

296 3009 377 3040 iuga?
397 3009 462 3040 Quia
483 3016 529 3040 per
549 3016 641 3034 56115115
660 3009 722 3034 15105
742 3006 826 3035 carnis
845 3013 946 3035 terrena
972 3010 1148 3042 requiruntur.
1168 3011 1251 3035 Boves

294 3054 363 3079 enim
384 3056 478 3078 terram
493 3056 628 3078 versant»
650 3057 699 3079 etc.
717 3068 752 3073 —
771 3055 819 3079 Pro
839 3055 949 3080 versant
967 3054 987 3079 D
1006 3055 1121 3083 vertant.

364 3095 375 3111 ³
395 3094 470 3123 Vers.
493 3098 537 3129 10,
557 3101 616 3128 11051
634 3098 819 3130 (1061ωῆ13110.
840 3098 868 3129 6,
894 3099 946 3128 2l;
974 3099 1020 3123 cfr.
1047 3105 1127 3129 supra
1155 3104 1181 3137 c.¹
1208 3098 1248 3123 42.

295 3149 319 3166 n.
341 3141 382 3167 47.
402 3148 458 3174 seq.
477 3156 511 3160 —
531 3142 657 3173 Superius
677 3134 725 3173 pro
744 3144 767 3168 et
785 3141 907 3168 animam
926 3141 1044 3168 vendunt
1059 3148 1113 3175 pro
1138 3143 1213 3168 terra
1232 3142 1250 3167 Β

293 3184 373 3210 avari
390 3185 461 3210 enim
480 3184 602 3211 animam
620 3185 747 3211 vendunt.

363 3228 374 3243 ⁴
395 3229 468 3255 vers.
487 3231 517 3261 2,
538 3229 583 3255 ubi
602 3237 650 3262 pro
667 3230 782 3263 peccatis
802 3230 847 3263 (ita
867 3231 924 3256 vat.
944 3237 1005 3256 cum
1025 3230 1148 3261 Rabano,
1172 3229 1250 3256 Card.

295 3273 361 3304 nug.
380 3276 405 3299 et
423 3274 536 3306 Lyn-ano)
558 3274 666 3305 vulgata
682 3275 838 3307 peccatum,
857 3274 935 3301 CDF
951 3276 1087 3308 peccator.
1098 3274 1251 3300 immediate

294 3321 352 3349 11051
373 3318 401 3348 D,
421 3325 435 3343 a
455 3318 569 3344 secunda
584 3325 663 3344 manu
677 3322 822 3350 correctus,
843 3319 1023 3352 prosequitur:
1037 3318 1072 3345 Et
1083 3318 1147 3352 quia
1159 3317 1251 3345 avari-

294 3361 330 3387 tia
349 3361 436 3388 reddit
453 3361 599 3388 sollicitum
619 3363 650 3395 (11
672 3362 742 3394 Quia
760 3369 823 3388 vero
842 3355 960 3389 avaritia
978 3362 1064 3389 reddit
1083 3364 1153 3395 etc.).

364 3403 375 3418 ⁵
394 3405 496 3430 Scilicet
514 3404 656 3431 ordinaria
676 3406 716 3437 (ex
734 3406 859 3437 Gregor.‚
878 3406 905 3430 ll.
924 3406 1017 3430 llomil.
1036 3406 1062 3430 10
1088 3407 1189 3437 Evang.
1208 3406 1252 3431 ho-

882 248 1076 282 COMMENT.
1102 249 1138 281 IN
1154 248 1401 282 EVANGELIUM
1426 249 1542 282 LUCAE
1568 250 1600 282 C.
1624 250 1699 282 XIV.

1321 347 1378 370 sua
1392 351 1422 369 n.
1440 337 1497 371 Sed
1515 338 1681 371 curiositas
1699 338 1793 371 habet
1809 338 1972 382 quinque,
1985 342 2139 381 quantum
2156 339 2194 372 ad
2212 339 2282 372 uni-

1322 391 1501 424 versitatem
1514 391 1729 430 sensibilium,
1746 391 1831 424 circa
1846 400 1928 433 quae
1944 395 2109 430 versatur;
2126 392 2210 425 unde
2225 392 2281 425 Ec-

1320 444 1480 477 clesiastae
1511 444 1644 486 septimo
1657 444 1687 476 ⁷:
1717 457 1732 473 «ι
1750 444 1834 477 Deus
1857 444 1930 477 fecit
1954 444 2116 478 hominem
2137 448 2259 477 rectum
2273 471 2280 484 ‚

1320 500 1351 529 et
1382 497 1448 539 ipse
1480 497 1606 530 miscuit
1638 506 1671 530 se
1703 497 1833 530 infinitis
1864 497 2102 540 quaestionibus
2122 511 2153 529 ».
2179 516 2221 522 —
2246 497 2282 530 Et

1319 549 1468 591 quoniam
1491 549 1602 582 vitium
1629 549 1813 591 cupiditatis
1832 553 1863 582 et
1883 549 2033 582 avaritiae
2049 549 2155 592 palliat
2172 559 2205 583 se
2221 550 2282 583 sub

1318 602 1423 645 speeie
1443 603 1692 644 providentiae,
1716 603 1786 636 ideo
1810 603 1938 636 subdit:
1964 604 2053 645 Rogo
2071 607 2117 641 te,
2134 602 2216 635 ltabe
2231 612 2282 635 me

1318 661 1525 688 excusatum.
1551 655 1609 688 Sed
1624 647 1750 689 ‘talibus
1773 660 1875 698 potest
1898 656 1957 689 dici
1976 655 2052 688 illud
2070 656 2219 689 Ieremiae
2233 664 2281 688 se-

1318 708 1422 742 cundo
1435 709 1470 740 ⁸:
1499 722 1514 737 ιι
1531 709 1612 751 Quid
1636 709 1746 742 niteris
1771 709 1868 742 bonas
1891 709 2056 742 ostendere
2073 709 2140 741 vias
2157 712 2226 742 tuas
2242 708 2281 743 ad

1319 762 1531 804 quaerendam
1555 762 1770 802 dilectionem,
1795 772 1877 806 quae
1901 763 2032 804 insuper
2057 762 2190 795 malitias
2211 766 2282 795 tuas

1318 815 1451 848 docuisti
1477 815 1542 848 vias
1566 819 1637 848 tuas
1661 816 1833 857 plurimas,
1852 819 1888 848 et
1911 816 1942 848 10
1967 816 2025 848 3115
2048 816 2112 848 tuis
2135 816 2282 848 inventus

1318 872 1365 900 est
1389 869 1517 910 sanguis
1540 869 1717 901 animarum
1742 878 1919 911 pauperum
1945 873 1975 902 et
1999 870 2211 903 innocentium
2228 873 2265 902 »2

1407 921 1460 961 43.
1470 922 1576 964 (Vers.
1595 922 1672 963 ΞΟ.)
1687 921 1795 955 Tertio
1811 925 1966 964 quantum
1979 922 2017 955 ad
2035 923 2167 956 tertiam
2183 932 2280 955 616611-
2291 929 2431 953 Radixteriiae

1317 975 1496 1014 sationem,
1522 984 1603 1017 quae
1628 976 1713 1008 venit
1735 984 1776 1008 ex
1801 975 1938 1008 libidine
1955 975 2133 1015 lasciviae,
2151 975 2282 1009 subdit:

1320 1028 1358 1059 Et
1382 1027 1472 1060 atius
1496 1027 1604 1060 dixit:
1636 1027 1778 1060 Uxorem
1802 1028 1906 1066 dumi,
1922 1032 1952 1060 et
1967 1028 2038 1060 ideo
2062 1037 2128 1060 non
2141 1037 2280 1070 possum

1318 1080 1437 1113 venire.
1463 1081 1542 1113 Haec
1567 1090 1656 1113 uxor
1679 1083 1726 1113 est
1750 1081 2004 1123 concupiscentia
2025 1081 2146 1121 carnis,
2162 1082 2200 1114 de
2217 1090 2280 1124 qua

1319 1134 1520 1167 Ecclesiastae
1555 1134 1734 1176 septimo⁹z
1776 1147 1791 1162 «
1817 1134 1919 1167 lnveni
1956 1134 2143 1167 amariorem
2179 1137 2280 1167 morte

1317 1188 1501 1226 mulierem,
1526 1196 1607 1229 quae
1632 1187 1763 1229 laqueus
1784 1190 1968 1220 venatorum
1987 1191 2034 1220 est
2049 1190 2080 1220 et
2096 1196 2209 1230 sagena
2225 1194 2280 1220 cor

1317 1241 1386 1274 eius
1402 1254 1432 1273 n.
1458 1241 1537 1273 Haec
1561 1240 1677 1273 dicitur
1700 1250 1789 1272 uxor
1814 1244 1943 1282 propter
1968 1241 2184 1274 vehementem
2211 1241 2280 1274 libi-

1317 1295 1398 1327 dinis
1421 1294 1639 1327 adhaesionem
1655 1306 1662 1333 ;
1687 1294 1806 1335 primae
1823 1294 1860 1326 ad
1878 1294 2056 1327 Corinthios
2072 1298 2180 1327 sexto:
2202 1307 2218 1323 «
2235 1295 2279 1327 An

1317 1347 1460 1386 nescitis,
1486 1346 1561 1388 quia
1584 1346 1638 1388 qui
1662 1347 1812 1379 adhaeret
1837 1345 1960 1380 mulieri
1986 1357 2086 1380 uuum
2103 1356 2219 1390 corpus
2235 1347 2279 1380 ef-

1317 1401 1424 1433 ficitur
1440 1403 1452 1433 ‘2
1477 1400 1577 1432 Erunt
1600 1400 1682 1432 60110
1695 1426 1702 1438 ,
1727 1400 1847 1442 inquit,
1868 1399 1934 1433 duo
1951 1401 1983 1433 in
2000 1410 2094 1434 carne
2111 1410 2174 1434 una
2190 1414 2221 1433 ».
2237 1419 2278 1424 —

1318 1454 1354 1486 Et
1378 1453 1446 1486 ideo
1470 1453 1597 1486 subdit:
1632 1454 1673 1485 Et
1703 1453 1774 1486 ideo
1806 1464 1872 1486 vion
1901 1464 2040 1496 possam
2072 1454 2192 1487 venire.
2218 1455 2278 1487 Nec

1317 1507 1423 1540 addit:
1450 1506 1540 1540 Habe
1571 1517 1620 1539 me
1651 1511 1866 1547 excusatum,
1890 1508 1965 1550 quia
1988 1508 2089 1541 solum
2115 1511 2278 1550 peccatum

1318 1561 1422 1593 carnis
1446 1563 1511 1599 est,
1535 1559 1619 1602 quod
1642 1560 1773 1593 minime
1797 1561 1904 1603 palliat
1927 1570 1960 1594 se
1992 1561 2052 1594 sub
2082 1561 2187 1603 speeie
2209 1560 2278 1593 vir-

1318 1614 1397 1646 tutis
1421 1617 1451 1646 et
1475 1613 1602 1646 minime
1625 1617 1820 1652 excusatum
1845 1618 1875 1647 et
1899 1617 2002 1647 tamen
2027 1614 2201 1647 secundum
2225 1622 2278 1646 ve-

1317 1667 1441 1699 ritatem
1466 1667 1564 1708 magis
1595 1670 1642 1699 est
1672 1667 1853 1700 excusabile
1877 1670 2006 1710 propter
2029 1667 2180 1700 maiorem
2204 1675 2278 1708 pro-

1317 1720 1447 1752 nitatem
1471 1720 1759 1761 concupiscentiae,
1780 1721 1958 1754 secundum
1975 1720 2053 1756 illud
2070 1720 2109 1752 ad
2125 1720 2278 1752 Romanos

1318 1773 1450 1815 septimo
1464 1773 1510 1804 ¹⁰:
1540 1773 1698 1805 «Invenio
1720 1774 1812 1806 aliam
1837 1774 1936 1816 legem
1954 1774 1984 1806 in
2007 1772 2158 1805 membris
2182 1772 2277 1810 meis,

1319 1828 1546 1867 repugnantem
1572 1826 1630 1867 legi
1653 1827 1766 1861 mentis
1790 1834 1877 1860 meae
1901 1830 1932 1859 et
1955 1820 2162 1868 captivantem
2179 1824 2278 1858 mein

1317 1879 1501 1911 servitutem
1527 1879 1643 1920 peccati
1660 1893 1690 1911 n.
1710 1880 1744 1912 Et
1761 1890 1819 1922 pro
1836 1883 1922 1913 tanto
1938 1879 2013 1912 dicit
2028 1891 2034 1910 :
2052 1878 2126 1910 Νοη
2139 1886 2278 1920 possam

1316 1931 1446 1970 venire,
1471 1932 1563 1974 quia,
1588 1932 1669 1967 sicut
1693 1933 1767 1965 dicit
1784 1933 1971 1968 Bernartius
1986 1933 2029 1971 ¹¹,
2059 1945 2073 1959 α
2092 1931 2174 1965 516111
2196 1930 2277 1972 ignis

1317 1988 1347 2017 et
1371 1993 1454 2026 aqua
1477 1985 1570 2018 simul
1594 1984 1661 2018 esse
1685 1996 1747 2019 non
1772 1990 1921 2029 possunt,
1946 1986 1991 2019 sic
2015 1985 2194 2027 spirituales
2224 1983 2278 2016 de-

1317 2037 1405 2070 liciae
1428 2041 1459 2070 et
1483 2039 1625 2071 carnales
1656 2039 1687 2071 in
1712 2039 1820 2072 eodem
1846 2049 1879 2072 se
1904 2048 1967 2072 non
1991 2038 2229 2081 compatiuntur
2244 2050 2276 2069 ».

1317 2090 1465 2125 Mentitur
1488 2094 1590 2124 tamen
1616 2092 1688 2131 iste,
1714 2089 1788 2134 quia
1812 2093 1899 2132 talis,
1924 2093 1981 2126 etsi
1998 2092 2038 2125 sit
2054 2091 2278 2133 concupiscen-

1316 2144 1377 2176 tiae
1400 2153 1512 2177 servus
1523 2170 1530 2183 ‚
1555 2148 1656 2187 potest
1679 2145 1782 2179 facere
1793 2172 1800 2185 ,
1818 2156 1881 2188 quo
1898 2146 1979 2179 sacto
1996 2146 2110 2179 habeat
2126 2144 2256 2187 gratiam
2269 2170 2276 2183 ,

1316 2206 1373 2239 per
1404 2207 1498 2240 quam
1532 2199 1645 2231 haheat
1673 2209 1767 2241 posse
1801 2199 1945 2232 domandi
1982 2198 2276 2241 concupiscentiam.

1318 2250 1403 2283 Unde
1434 2251 1473 2283 ad
1505 2244 1658 2285 Romanos
1689 2252 1822 2294 septimo
1836 2252 1884 2285 ²²:
1918 2266 1934 2281 α
1951 2252 2061 2285 Infelix
2085 2261 2142 2294 ego
2165 2252 2275 2284 homo!

1316 2304 1388 2345 quis
1412 2313 1461 2337 me
1486 2305 1630 2338 liberabit
1653 2305 1692 2338 de
1716 2314 1849 2347 corpore
1873 2305 1986 2338 mortis
2011 2305 2107 2337 huius
2123 2308 2158 2337 »t
2176 2305 2211 2336 Et
2227 2313 2278 2337 re-

1316 2357 1447 2398 spondet
1471 2358 1640 2390 continuo:
1670 2371 1685 2386 «
1702 2358 1807 2390 Gratia
1831 2358 1884 2391 Dei
1910 2367 1966 2400 per
1991 2358 2092 2390 lesum
2116 2357 2277 2389 Christum

1316 2410 1482 2443 Dominum
1508 2415 1652 2443 nostrum
1668 2425 1699 2450 »,
1725 2411 1816 2453 quia,
1840 2411 1879 2444 ad
1897 2411 2109 2453 Philippenses
2125 2410 2276 2448 secundo,

1321 2476 1336 2491 α
1354 2464 1438 2496 Deus
1461 2467 1525 2503 est,
1550 2464 1604 2506 qui
1629 2468 1778 2506 operatur
1803 2465 1835 2498 in
1857 2465 1945 2498 vobis
1966 2464 2046 2497 velle
2069 2467 2100 2497 et
2123 2461 2277 2506 perlicere

1317 2657 1370 2682 mil.
1391 2657 1432 2681 36.
1453 2664 1476 2682 11.
1498 2656 1528 2688 4,
1546 2663 1627 2689 quem
1647 2657 1764 2689 sequitur
1784 2657 1874 2689 Beda).
1894 2658 1920 2682 ln
1941 2657 1962 2682 D
1981 2656 2095 2682 secunda
2111 2663 2205 2682 manus
2216 2656 2276 2682 51111-

1315 2700 1409 2725 stituit:
1430 2701 1505 2726 Recte
1521 2702 1570 2733 per
1590 2700 1707 2733 quinque
1720 2700 1785 2733 iuqa
1798 2700 1915 2733 quinque
1927 2707 2057 2726 sensuum
2070 2699 2214 2726 euriositas
2227 2703 2276 2726 etc.

1314 2758 1350 2763 —
1370 2745 1496 2776 Superius
1515 2744 1626 2770 vocibus
1645 2744 1709 2778 quia
1728 2744 1885 2771 continuam
1905 2744 1962 2770 Vat.
1983 2745 2112 2770 intersenit
2136 2744 2275 2775 curiosus,

1314 2789 1335 2814 ll
1356 2789 1433 2820 legit:
1451 2788 1538 2815 Beda:
1556 2784 1680 2822 probatio
1693 2788 1730 2815 ad
1742 2788 1928 2815 curiositatem
1943 2789 2073 2822 pertinet,
2088 2788 2151 2822 quia
2165 2788 2276 2816 curiosi-

1315 2835 1356 2859 tas
1375 2833 1535 2859 continuam
1552 2837 1601 2859 616.

1385 2876 1396 2891 ¹³
1416 2878 1490 2903 Vers.
1505 2878 1547 2903 42.
1560 2891 1594 2896 —
1608 2878 1672 2903 Tres
1685 2885 1759 2910 seqq.
1773 2878 1821 2903 loci
1835 2881 1896 2903 sunt
1908 2878 1982 2903 Mich.
1998 2878 2026 2908 6,
2041 2878 2069 2909 85
2082 2874 2167 2903 Matth.
2180 2878 2221 2908 ll,
2232 2878 2275 2903 30.

1314 2925 1340 2947 et
1359 2922 1455 2947 Thren.
1476 2923 1506 2954 3,
1526 2922 1569 2948 27.

1385 2964 1394 2979 ⁷
1416 2967 1491 2991 Vers.
1511 2967 1553 2991 30.

1385 3008 1395 3023 ⁸
1417 3011 1491 3035 Vers.
1511 3005 1554 3036 33.
1573 3014 1598 3035 61
1617 3010 1665 3042 34,
1685 3010 1737 3036 11111
1751 3011 1807 3036 Vat.
1835 3018 1895 3037 cum
1916 3012 2027 3042 Vulgata
2048 3014 2074 3036 et
2092 3012 2128 3036 ll:
2150 3010 2221 3042 Quid
2238 3009 2276 3036 ni-

1315 3054 1379 3081 teris
1399 3053 1497 3080 bonum
1515 3054 1653 3081 ostendere
1670 3054 1743 3080 viam
1763 3056 1854 3086 tuam,
1873 3061 1942 3087 quae
1960 3055 2038 3080 etiam
2057 3054 2169 3080 subinde
2182 3055 2276 3080 omittit

1313 3098 1463 3132 plurimas,
1483 3099 1533 3125 AC
1545 3100 1565 3124 1)
1584 3099 1705 3124 omittunt
1725 3098 1761 3124 ad
1779 3098 1989 3132 quaerendam...
2007 3098 2066 3125 vias
2086 3100 2157 3125 luas.

1385 3141 1396 3156 ⁹
1417 3144 1488 3169 Vers.
1509 3142 1551 3168 27.
1571 3142 1623 3168 Cir.
1644 3142 1767 3174 August„
1787 3143 1872 3168 Serm.
1892 3143 1952 3172 112,
1972 3142 2045 3175 (alius
2067 3142 2108 3168 33.
2128 3143 2161 3168 de
2181 3142 2275 3169 Verbis

1314 3187 1427 3220 Domini)
1448 3194 1471 3212 c.
1491 3187 1515 3212 8.
1535 3194 1561 3212 0,
1581 3187 1605 3212 6.
1625 3200 1660 3205 ——
1679 3185 1797 3212 Subinde
1815 3187 1943 3218 allegatur
1958 3187 1979 3212 1.
1998 3186 2057 3213 Cor.
2075 3187 2106 3218 6,
2121 3187 2207 3220 16,10
2220 3194 2274 3220 (1110

1314 3236 1362 3262 pro
1381 3229 1491 3256 mulieri
1510 3229 1555 3262 (ita
1574 3229 1694 3261 ACDF)
1716 3229 1774 3254 Vat.
1793 3236 1854 3255 cum
1874 3230 1986 3261 Vulgata
2006 3233 2031 3256 et
2049 3230 2070 3255 11
2090 3230 2232 3257 meretrici.

1385 3272 1408 3288 ¹⁰
1427 3275 1502 3300 vet-s.
1520 3275 1569 3306 23,
1589 3273 1634 3299 ubi
1648 3280 1696 3305 pro
1710 3273 1738 3299 in
1756 3273 1910 3300 servitutem
1926 3273 2031 3307 peccati
2055 3274 2113 3301 Vat.
2134 3281 2195 3301 cum
2215 3274 2276 3300 Vul-

1314 3321 1374 3350 gata
1393 3317 1423 3344 in
1442 3317 1498 3351 leae
1513 3317 1624 3351 peccati.

1385 3360 1406 3376 ¹¹
1427 3362 1507 3393 Epist.
1526 3362 1551 3387 2.
1570 3369 1596 3387 n.
1616 3361 1656 3387 40.

1386 3403 1407 3419 ¹¹
1427 3405 1502 3430 Vers.
1522 3404 1566 3430 at.
1584 3408 1609 3429 et
1627 3404 1676 3436 25,
1696 3407 1755 3435 post
1772 3412 1840 3437 quos
1859 3405 1923 3430 Phil.
1941 3406 1972 3435 2,
1993 3406 2035 3431 13.

2292 958 2429 980 excusationis

2298 1460 2424 1483 Notandum.
