2476 3921
5 906 7 930 1
20 903 141 927 (Ζοιινίνίιιιιι

4 935 7 959 ι
16 930 144 953 indifferens.

4 1063 87 1095 Triplex
96 1067 146 1083 con-

4 1089 90 1111 vivium
103 1094 146 1110 ma-

15 1116 64 1138 lum.

747 221 944 255 COMMENT.
969 222 1005 255 IN
1029 223 1268 257 EVANGELIUM
1292 224 1410 257 LUCAE
1434 226 1466 258 C.
1492 227 1565 259 XlV.

165 312 253 351 dicit,
277 312 352 355 quia
367 314 477 345 contra
492 314 695 354 praeceptum
719 311 760 344 sit
776 311 909 344 invitare
933 313 1037 350 notos,
1054 319 1128 344 cum

165 365 323 399 scribatur
346 364 467 407 primae
490 364 529 397 ad
552 364 754 397 Timotheum
779 364 891 406 quinto
906 365 934 395 l:
965 376 981 392 α
1000 364 1031 396 Si
1055 363 1128 406 quis

165 427 297 452 suorum
320 421 351 451 et
375 418 513 451 maxime
536 417 781 450 domesticorum
804 425 913 450 curam
931 426 993 449 non
1018 416 1127 456 habet,

164 471 257 505 fidem
282 471 406 513 negavit
429 474 460 504 et
483 474 531 504 est
553 470 671 503 infideli
694 470 832 503 deterior
848 482 883 509 »;
908 472 940 502 et
954 469 994 503 de
1017 469 1127 511 Ioseph

164 524 291 558 Genesis
306 523 548 566 quadragesimo
565 523 658 556 tertio
681 523 846 562 scribitur,
864 522 949 565 quod
965 522 1037 555 fecit
1053 531 1127 555 con-

164 577 283 611 vivium
306 576 459 610 fratribus
489 576 573 616 suis;
598 576 652 609 sed
676 576 736 609 hoc
759 576 851 615 dicit,
876 576 952 618 quia
975 576 1071 608 homo
1095 575 1126 608 in

164 630 346 664 huiusmodi
367 629 614 668 invitationibus,
631 629 657 662 si
681 630 750 662 vult
766 629 860 662 vitam
885 631 1045 662 aeternam
1062 637 1127 661 me-

164 683 249 723 reri,
273 692 336 716 non
367 682 459 715 debet
482 682 601 715 habere
631 682 835 715 intentionem
864 681 1040 721 carnalem,
1073 681 1127 714 sed

164 736 379 779 spiritualem,
403 744 464 768 non
489 738 663 775 terrenam,
688 735 742 768 sed
758 734 938 774 caelestem,
963 744 1026 767 non
1043 743 1126 767 mer-

164 789 335 828 aenariam,
360 788 414 822 sed
438 788 532 831 piam.

253 843 306 875 28
331 842 462 884 Propter
477 841 563 884 quod
586 845 674 881 nota,
699 841 783 884 quod
800 845 848 874 est
870 840 1059 874 convivium
1075 840 1126 873 in-

164 893 336 939 differenS,
361 895 446 937 quod
469 895 595 937 quidem
628 898 675 928 est
706 894 927 927 familiaritatis
950 882 1125 933 humanae,

163 948 202 982 de
224 957 289 991 quo
313 948 366 981 Iob
396 948 545 990 primo²x
574 960 590 977 α
612 948 700 981 Ibant
731 948 787 981 filii
810 948 879 981 eius
910 951 942 981 et
972 947 1126 980 faciebant

163 1001 306 1035 convivia
329 1010 386 1043 per
416 1001 543 1040 domos,
567 1001 790 1044 unusquisque
813 1001 845 1034 in
868 1001 919 1034 die
942 1010 1001 1034 suo
1021 1014 1052 1033 ι».
1082 1019 1124 1025 -

165 1055 200 1088 Et
215 1059 262 1089 est
277 1055 466 1088 convivium
489 1054 634 1094 malam,
651 1059 682 1088 et
698 1055 758 1088 hoc
774 1055 902 1097 triplex,
919 1055 1037 1088 scilicet
1052 1063 1124 1087 ma-

163 1107 248 1147 lum,
268 1108 377 1151 peius,
399 1108 591 1150 pessimum.
616 1108 755 1140 Primum
780 1111 827 1141 est
841 1107 1123 1151 gastrimaryiae,

162 1161 201 1194 de
224 1170 288 1204 quo
311 1160 351 1194 ad
374 1161 529 1194 Romanos
558 1161 679 1194 decimo
705 1161 837 1194 tertio³:
873 1174 888 1190 ιι
909 1161 975 1193 Νοι]
1008 1161 1039 1193 in
1073 1169 1124 1194 eo-

162 1213 403 1247 messationibus
419 1216 450 1247 et
465 1213 672 1246 ebrietatibus
687 1227 704 1243 2>
729 1217 802 1253 etc.;
825 1217 856 1247 et
880 1213 1124 1246 Proverbiorum

161 1267 312 1309 vigesimo
336 1268 447 1300 tertio:
477 1279 493 1296 (ι
508 1266 580 1300 Noli>
606 1275 674 1300 esse
698 1267 730 1300 in
764 1267 916 1300 conviviis
943 1270 1122 1309 potatorum

161 1328 265 1362 neque
288 1320 320 1353 in
340 1320 619 1354 comessationibus
641 1329 752 1353 eorum
777 1320 833 1362 qui
856 1329 967 1353 carnes
982 1319 1058 1353 dant
1084 1320 1123 1353 ad

161 1372 366 1412 vescendum,
398 1373 473 1416 quia
504 1376 650 1407 vacantes
680 1373 807 1416 potibus
837 1377 867 1406 et
898 1373 1008 1406 dantes
1039 1382 1124 1415 sym.-

161 1426 233 1459 bola
249 1429 476 1460 consumentur
492 1439 528 1467 »;
545 1430 577 1460 et
599 1427 699 1460 Iacobi
716 1427 845 1469 quinto:
876 1440 892 1455 «ι
909 1426 1030 1469 Epulati
1048 1426 1124 1460 estis

161 1488 258 1522 super
281 1483 399 1513 terram
422 1483 454 1513 et
476 1480 507 1513 in
532 1480 672 1514 luxuriis
687 1480 832 1513 nutristis
855 1479 951 1513 corda
973 1483 1079 1513 vestra
1092 1492 1121 1512 ι».

161 1551 206 1556 —
221 1533 400 1567 Secundum
424 1536 471 1566 est
495 1533 695 1572 iactantiae,
720 1533 759 1566 de
782 1542 846 1576 quo
870 1532 1007 1566 Danielis
1030 1532 1123 1575 quin-

162 1587 237 1619 t04:
267 1599 284 1615 α
299 1586 460 1619 Balthasar
484 1596 543 1620 rex
573 1586 646 1620 fecit
669 1587 787 1629 grande
814 1586 994 1620 convivium
1023 1586 1123 1619 omni-

161 1640 222 1673 bus
252 1640 456 1682 optimatibus
479 1640 578 1673 suis»
606 1643 683 1680 etc.;
715 1644 747 1673 et
770 1640 864 1673 Marci
897 1643 1005 1673 sexto:
1035 1640 1124 1673 «He-

161 1693 253 1726 rodes
276 1693 308 1726 in
339 1693 433 1726 natali
464 1703 523 1727 suo
553 1693 731 1727 convivium
764 1693 837 1727 fecit
865 1693 1062 1735 principibus
1092 1696 1124 1726 et

161 1746 298 1780 tribunis
321 1750 352 1780 et
376 1747 487 1789 primis
510 1746 663 1780 Galilaeae
679 1760 709 1778 ».
736 1746 771 1779 Et
793 1746 825 1779 in
849 1746 952 1788 primo
980 1746 1123 1779 convivio

160 1798 367 1839 dehonestata
386 1800 517 1833 fuerunt
540 1808 614 1832 vasa
637 1799 780 1838 Domini,
804 1799 836 1831 in
864 1798 1003 1832 secundo
1026 1799 1123 1832 inter-

160 1851 261 1886 fectus
283 1856 330 1885 est
353 1861 544 1895 praecursor
566 1852 692 1885 Christi.
716 1870 764 1876 —-
785 1852 927 1885 Tertium
955 1855 1003 1884 est
1025 1851 1124 1884 mali-

160 1905 237 1945 tiae,
261 1905 300 1939 de
323 1915 387 1948 quo
414 1905 542 1939 secundi
565 1906 684 1947 Regum
707 1905 829 1938 decimo
857 1905 975 1938 terti0⁶
995 1904 1122 1944 dicitur,

160 1958 245 2001 quod
268 1958 411 1992 Absalom
434 1958 558 1991 vocavit
580 1958 710 1990 Ammon
735 1957 866 1991 fratrem
884 1967 977 1991 suum
994 1957 1033 1991 ad
1049 1967 1123 1991 con-

160 2011 297 2051 vivium,
328 2011 384 2044 ubi
415 2011 571 2053 sequitur,
606 2010 691 2053 quod
722 2010 754 2043 in
789 2011 932 2045 convivio
966 2011 1122 2044 interfecit

160 2072 251 2103 eum;
273 2067 305 2097 et
328 2063 421 2106 primi
452 2063 713 2097 Machabaeorum
737 2063 850 2096 ultimo
877 2063 1012 2103 dicitur,
1036 2064 1122 2106 quod

133 2136 136 2140 -
166 2116 282 2149 «filius
305 2116 400 2149 Abobi
432 2116 505 2149 fecit
534 2116 715 2149 convivium
738 2124 889 2158 magnum
921 2116 1058 2155 Simoni,
1091 2119 1122 2149 et

6 2223 84 2251 triplex
97 2230 146 2246 eon·

14 2251 91 2272 vivlum
104 2251 142 2273 ho-

160 2178 232 2203 cum
249 2169 423 2203 inebriatus
438 2171 534 2208 esset,
550 2168 663 2201 occidit
678 2177 752 2202 eum
769 2172 800 2201 et
815 2168 895 2201 duos
910 2168 992 2202 filios
1008 2169 1077 2202 eius
1088 2182 1119 2201 ι).

159 2241 203 2248 --
219 2223 272 2256 Est
294 2222 388 2255 etiam
411 2221 601 2255 convivium
621 2221 743 2254 bonum
766 2221 899 2263 triplex,
922 2221 1040 2255 scilicet
1068 2221 1121 2254 bo-

159 2286 260 2315 num,
283 2275 402 2309 melius
424 2279 456 2309 et
478 2275 649 2317 optimum.
674 2275 813 2307 Primum
838 2278 885 2308 est
905 2274 1058 2317 pietatis,
1082 2275 1121 2309 de

160 2338 224 2373 quo
253 2329 336 2362 infra
365 2328 474 2362 eodem
497 2329 527 2360 ⁶:
557 2341 573 2357 «
596 2328 674 2361 Cum
705 2327 781 2360 facis
811 2327 1012 2367 convivium,
1044 2337 1121 2361 voca

160 2391 316 2426 pauperes
338 2385 369 2415 et
384 2381 502 2415 debiles
519 2394 548 2414 ιιι.
567 2400 611 2405 --
626 2380 805 2414 Secundum
821 2383 869 2414 est
892 2380 1058 2419 caritatis,
1082 2380 1121 2414 de

161 2445 225 2479 quo
247 2435 447 2469 canticorum
470 2435 595 2478 quinto:
624 2447 640 2463 ιι
656 2434 829 2474 Comedite‚
853 2433 960 2473 amici,
978 2437 1009 2467 et
1024 2433 1121 2467 bibite

234 2627 243 2642 ¹
265 2629 340 2655 Vers.
362 2629 392 2659 8,
412 2631 472 2661 post
490 2635 570 2661 quem
590 2628 654 2653 Gen.
676 2627 723 2660 43,
745 2628 784 2653 16.
802 2631 827 2654 et
840 2629 883 2654 31.
896 2635 971 2662 seqq.
984 2629 1121 2655 —Glossa

161 2672 304 2700 ordinaria
325 2672 366 2706 (ex
385 2672 465 2705 Beda)
486 2673 511 2698 in
531 2673 594 2698 Luc.
613 2672 661 2704 44,
682 2673 732 2698 ⁴2:
751 2673 867 2705 Fratres,
884 2673 992 2699 ‘amicos
1012 2676 1037 2698 et
1058 2673 1122 2699 divi-

162 2721 201 2745 tes
220 2719 371 2744 alterutrum
392 2717 513 2743 convivia
535 2716 667 2743 celebrare
692 2724 744 2743 non
768 2717 843 2750 quasi
869 2718 954 2744 scelus
978 2717 1121 2751 interdicit,

161 2762 210 2789 sed
228 2762 354 2793 ostendit,
372 2769 424 2788 non
444 2762 532 2788 valere
550 2762 584 2787 ad
603 2762 719 2794 praemia
740 2762 809 2788 vitae
828 2766 877 2788 etc.

233 2804 243 2821 ⁹
263 2807 339 2832 Vers.
359 2806 384 2832 4.
402 2805 454 2833 Cir.
474 2807 598 2838 Gregor.,
617 2807 636 2832 1.
655 2806 742 2832 Moral.
767 2813 791 2832 c.
816 2807 841 2832 8.
866 2814 891 2832 ιι.
914 2807 956 2833 ¹¹0.
975 2814 1030 2840 seq.
1050 2810 1075 2833 et
1094 2807 1121 2833 ΙΙ.

162 2857 187 2877 c.
206 2851 247 2876 ⁴6.
267 2858 293 2876 n.
312 2851 355 2876 27.

233 2892 244 2908 ³
264 2894 339 2920 Vers.
359 2895 401 2920 ⁴3.
419 2908 455 2914 ——
474 2895 532 2922 Duo
549 2903 625 2929 seqq.
643 2896 691 2922 loci
711 2898 773 2922 sunt
792 2896 868 2921 Prov.
888 2896 936 2927 23,
957 2896 1000 2921 20.
1021 2903 1078 2929 seq.
1097 2899 1122 2922 et

163 2939 211 2963 lac.
231 2938 260 2970 5,
280 2938 306 2964 5.

233 2980 244 2995 ⁴
264 2982 338 3008 Vers.
359 2983 388 3013 l,
407 2984 450 3009 cui
468 2983 633 3010 subnectitur
652 2985 728 3010 Marc.
748 2984 778 3017 6,
799 2985 841 3010 21.

234 3023 245 3039 ⁶
265 3026 340 3051 Vers.
359 3027 449 3053 27-29.
469 3032 495 3053 et
513 3028 609 3054 deinde
628 3029 644 3054 Ι.
664 3029 746 3054 Mach.
768 3028 814 3061 1¹6,
838 3028 877 3053 15.
896 3035 953 3061 seq.

233 3067 245 3083 ⁶
265 3069 340 3096 Vers.
360 3071 402 3096 ⁴3.
414 3085 450 3091 —
462 3072 520 3098 Duo
533 3079 608 3105 seqq.
624 3072 672 3098 loci
685 3075 748 3098 sunt
760 3072 832 3099 Cant.
846 3072 875 3104 5,
889 3073 913 3098 ⁴.
926 3076 952 3098 et
964 3072 1022 3098 lsai.
1035 3073 1082 3103 25,
1096 3073 1120 3098 6.

234 3111 244 3127 '¹
265 3114 322 3139 Vat.
342 3114 415 3141 addit
432 3115 461 3141 id
478 3118 518 3143 est
536 3116 704 3151 indifferens,
723 3119 748 3142 et
767 3120 827 3149 post
845 3116 994 3143 secundum
1017 3117 1122 3149 supplet

164 3155 192 3182 id
208 3158 248 3183 est
265 3156 334 3183 illud
351 3158 464 3185 malum.

236 3200 248 3218 Β
265 3202 340 3228 vers.
360 3203 384 3228 l.
403 3206 429 3229 et
447 3203 560 3230 subinde
587 3212 613 3230 v.
641 3206 667 3231 2.
693 3218 729 3224 —
756 3205 847 3231 Glossa
876 3204 1058 3232 interlinearis
1081 3208 1121 3237 (ex

164 3244 263 3278 Beda):
282 3243 318 3272 Et
333 3246 383 3280 fiat
401 3246 450 3274 tibi
465 3247 621 3281 retributio,
642 3255 697 3274 non
715 3249 767 3274 ait:
786 3250 817 3274 Et
835 3249 879 3275 ilat
898 3249 944 3274 tibi
968 3252 1120 3281 peccatum,

163 3288 210 3315 sed
229 3289 274 3315 ssat
291 3289 338 3316 tibi
357 3291 503 3318 retributio.
522 3291 574 3318 Cir.
592 3299 673 3324 supra
689 3299 712 3318 e.
727 3293 750 3318 6.
763 3299 789 3318 ιι.
802 3292 845 3318 78.
859 3299 934 3326 seqq.
946 3306 981 3312 —
995 3293 1121 3325 Superius

165 3333 222 3359 Vat.
240 3340 288 3367 per
307 3341 428 3362 amorem
447 3337 505 3361 loco
521 3342 574 3369 pro
593 3343 696 3362 amore.

234 3376 245 3391 ⁹
264 3378 338 3404 Vers.
359 3380 402 3404 2¹.
420 3392 456 3398 —
474 3380 563 3405 Glossa
582 3379 724 3405 ordinaria
743 3379 770 3404 ln
790 3380 870 3405 Exod.
888 3381 900 3404 4
912 3398 919 3409 ,
939 3380 988 3410 20,
1000 3386 1068 3411 quae
1082 3382 1121 3404 est

2083 231 2145 264 367

1191 315 1222 344 et
1245 312 1461 353 inebriamini,
1486 315 1671 348 carissimi»
1700 320 1758 349 etc.
1778 335 1819 340 —
1845 318 1984 350 Tertium
2010 322 2057 351 est
2080 318 2152 360 seli-

1192 365 1323 403 cuam,-
1355 366 1449 399 Isaiae
1484 367 1634 409 vigesimo
1664 370 1796 410 quinto:
1828 383 1843 397 α
1867 371 1967 403 Faciet
1998 371 2150 404 Dominus

1191 417 1222 450 in
1255 422 1360 451 monte
1392 419 1452 452 hoc
1486 421 1666 453 convivium
1698 423 1844 456 omnibus
1875 424 2016 465 populis,
2048 425 2154 457 convi-

1191 471 1278 504 vium
1303 471 1487 514 pinguium,
1518 473 1778 514 medullatorum,
1807 476 1981 509 vindemiae
2014 477 2153 510 defaeca-

1191 527 1240 557 tae
1257 537 1288 556 n.
1306 544 1349 549 —
1365 525 1503 558 Primum
1521 526 1699 559 convivium
1714 527 1724 546 ⁷
1743 528 1954 569 permittitur,
1980 530 2153 563 secundum

1191 577 1390 619 prohibetur,
1414 582 1445 610 et
1469 579 1598 611 tertium
1622 579 1783 612 suadetur.

1281 631 1333 663 29.
1366 631 1471 664 Tertio
1503 635 1658 673 quantum
1689 633 1727 665 ad
1755 634 1917 666 rationem
1947 635 2152 676 persuaden-
2173 643 2296 669 natioper-

1191 687 1252 716 tem
1281 684 1409 717 subdit:
1435 684 1483 717 Ne
1504 684 1592 736 forte
1615 690 1644 718 ec
1674 686 1742 727 ipsi
1765 690 1793 718 te
1816 687 2008 725 reznvz'tent,
2033 692 2061 719 et
2090 687 2152 728 fiat

2186 670 2265 690 maden

1190 736 1250 769 tzbz'
1284 736 1478 776 retribucio;
1507 737 1582 780 quia
1617 738 1671 780 qui
1702 747 1798 780 opera
1833 739 1905 771 facit
1937 748 1994 781 pro
2026 743 2152 772 terrena
2166 748 2266 794 sinuit-ua
2276 751 2318 769 wr-

1191 790 1335 823 mercede
1359 800 1421 823 non
1454 790 1548 824 habet
1579 791 1637 824 nisi
1671 794 1828 825 terrenam
1861 792 2099 825 retributionem
2124 796 2155 825 et
2168 802 2211 821 110
2205 779 2318 828 ιἰιιιιῗίἶ

1191 844 1405 886 temporalem.
1443 844 1518 877 Nam
1554 853 1675 878 merces
1709 849 1837 878 aeterna
1871 849 2085 878 commutatur
2120 846 2151 878 in
2168 833 2206 848 '⁵'

1190 897 1393 939 temporalem
1426 907 1484 939 pro
1514 906 1621 931 amore
1650 898 1802 941 gloriam
1834 899 1980 931 Matthaei
2013 899 2150 932 sexto⁸2

1194 962 1210 978 or
1226 949 1398 989 Attendite,
1423 959 1462 983 ne
1486 950 1636 984 iustitiam
1663 955 1797 984 vestram
1822 951 1941 984 faciatis
1965 961 2070 984 coram
2097 952 2152 985 ho-

1188 1003 1342 1042 minibus,
1374 1007 1410 1036 ut
1442 1004 1609 1037 videamini
1642 1005 1681 1037 ab
1712 1005 1774 1044 eis;
1806 1006 1943 1048 alioquin
1976 1006 2151 1039 mercedem

1188 1066 1251 1089 non
1283 1056 1439 1090 habebitis
1469 1057 1553 1099 apud
1578 1058 1700 1091 Patrem
1733 1062 1890 1097 vestrum,
1916 1059 1969 1101 qui
2002 1059 2032 1091 in
2058 1060 2151 1092 caelis

1188 1114 1282 1149 est»;
1316 1110 1400 1143 unde
1431 1110 1469 1143 de
1493 1111 1667 1153 hypocritis
1697 1111 1814 1144 dicitur
1846 1112 1991 1145 Matthaei
2023 1112 2149 1145 eodem:

1192 1176 1208 1192 «ι
1221 1163 1316 1197 Amen
1332 1163 1402 1197 dico
1418 1164 1521 1203 vobis,
1539 1168 1728 1206 receperunt
1744 1165 1918 1198 mercedem
1936 1174 2023 1198 suam
2040 1179 2069 1197 ι».
2092 1165 2150 1197 Pro

1187 1224 1294 1249 amore
1319 1216 1534 1255 terrendam,
1559 1217 1643 1250 unde
1667 1226 1763 1259 super
1781 1218 1857 1250 illud
1884 1218 1980 1251 Exodi
2006 1218 2149 1260 primo⁹:

1191 1282 1207 1298 <t
1224 1269 1412 1302 Timuerunt
1435 1269 1619 1303 obstetrices
1635 1270 1749 1309 Deum,
1770 1274 1802 1304 et
1825 1271 1999 1304 aedificavit
2015 1271 2076 1304 illis
2096 1271 2151 1304 do-

1187 1331 1256 1355 mos
1272 1335 1308 1362 ι),
1331 1322 1406 1355 dicit
1436 1323 1562 1362 Glossa,
1593 1323 1678 1365 quod
1708 1332 1860 1357 «merces
1891 1328 2019 1357 aeterna
2042 1325 2087 1357 eis
2118 1325 2150 1357 in

1186 1375 1390 1417 temporalem
1415 1379 1605 1408 commutata
1629 1380 1676 1409 est
1694 1390 1722 1408 ιι.
1756 1377 1814 1408 Pro
1838 1386 1945 1410 amore
1965 1377 2150 1409 carnalita-

1188 1430 1249 1467 tis,·
1273 1429 1419 1462 Matthaei
1443 1429 1565 1462 decimo
1579 1430 1622 1461 ²⁰:
1653 1443 1668 1458 α
1685 1430 1744 1471 Qui
1768 1433 1852 1462 amat
1875 1434 1997 1472 patrem
2014 1434 2069 1463 aut
2086 1440 2151 1463 ma-

1187 1486 1269 1516 trem
1285 1483 1357 1524 plus
1380 1491 1474 1525 quam
1492 1491 1542 1516 me
1558 1492 1619 1515 non
1637 1486 1684 1516 est
1707 1492 1756 1516 me
1773 1483 1887 1525 dignus
1904 1497 1933 1515 n.
1953 1484 1988 1515 Et
2004 1484 2063 1516 hoc
2085 1488 2149 1522 est,

1187 1535 1276 1578 quia,
1308 1535 1391 1568 sicut
1421 1535 1536 1582 dicitur
1567 1535 1712 1568 Matthaei
1745 1539 1850 1575 sexto,
1888 1549 1903 1564 α
1928 1545 2019 1568 nemo
2048 1540 2150 1578 potest

1186 1588 1312 1621 duobus
1335 1588 1468 1621 dominis
1484 1589 1604 1622 servire
1621 1601 1656 1628 »;
1680 1592 1712 1622 et
1743 1589 1905 1622 «intentio
1934 1590 2021 1631 operi
2051 1593 2149 1627 tuo»,

1187 1645 1224 1675 ut
1246 1642 1321 1675 dicit
1345 1641 1527 1675 Ambrosius
1546 1643 1582 1681 ¹¹,
1613 1655 1629 1671 «ι
1652 1651 1764 1675 nomen
1790 1642 1922 1684 imponit
1946 1656 1976 1674 n.
2002 1643 2071 1676 ideo
2095 1643 2149 1685 qui
2169 1647 2301 1669 Notandum-

1187 1695 1261 1728 facit
1285 1704 1354 1728 rem
1378 1704 1436 1737 pro
1460 1695 1604 1728 mercede
1634 1695 1796 1737 temporali
1824 1695 1990 1728 fraudatur
2007 1696 2151 1729 mercede

1187 1751 1332 1788 aeterna,
1347 1748 1422 1790 quia
1434 1748 1511 1781 nulli
1525 1748 1611 1790 operi
1625 1748 1759 1781 debetur
1773 1749 1913 1788 caelum,
1926 1749 2011 1791 quod
2027 1749 2062 1781 fit
2078 1758 2151 1791 pro·

1187 1804 1258 1843 pter
1275 1801 1439 1834 mundum
1457 1820 1501 1824 —
1517 1801 1576 1834 Sed
1593 1806 1721 1834 econtra
1747 1810 1781 1834 ea
1805 1811 1886 1843 quae
1902 1805 2032 1844 propter
2050 1802 2148 1834 Deum
2181 1807 2297 1828 Prudentia

1186 1854 1285 1893 fiunt,
1309 1857 1447 1896 utraque
1470 1854 1614 1887 mercede
1629 1854 1723 1896 digna
1746 1859 1834 1891 sunt;
1860 1854 1944 1887 unde
1968 1855 2088 1896 primae
2111 1854 2149 1887 ad

1186 1906 1385 1939 Timotheum
1401 1909 1516 1948 quarto
1530 1906 1572 1938 ¹2:
1592 1919 1607 1935 (ι
1624 1906 1723 1939 Pietas
1739 1906 1778 1939 ad
1794 1907 1898 1939 omnia
1916 1907 2014 1945 valet,
2032 1907 2150 1940 habens

1186 1958 1427 2001 promissionem
1455 1959 1555 1998 vitae,
1580 1968 1661 2000 quae
1693 1968 1777 1992 nunc
1800 1963 1864 1997 est,
1896 1963 1927 1992 et
1957 1959 2083 1992 futurae
2111 1972 2146 1997 »;

1186 2016 1217 2044 et
1241 2011 1310 2044 ideo
1333 2011 1456 2044 dicebat
1479 2011 1630 2044 Dominus
1654 2011 1798 2044 Matthaei
1831 2015 1939 2044 sexto:
1970 2025 1985 2040 a
2001 2012 2148 2052 Quaerite

1186 2064 1325 2107 primum
1343 2073 1476 2106 regnum
1500 2064 1555 2097 Dei
1572 2067 1603 2097 et
1626 2064 1775 2096 iustitiam
1793 2064 1878 2103 eius,
1903 2068 1934 2097 et
1950 2064 2026 2097 haec
2042 2065 2148 2097 omnia

1185 2117 1372 2149 adiicientur
1396 2117 1484 2149 vobis
1500 2130 1531 2148 ι).
1549 2117 1668 2149 Homini
1695 2125 1770 2149 vero
1786 2117 1945 2149 mundano
1968 2117 2085 2149 dicitur
2100 2117 2147 2149 in-

1185 2170 1234 2203 fra
1257 2169 1378 2203 decimo
1395 2173 1486 2202 sexto
1501 2169 1542 2201 ¹⁸:
1572 2182 1588 2198 (ι
1604 2170 1674 2208 Fili,
1699 2170 1880 2208 recordare,
1905 2170 1980 2212 quia
2003 2170 2148 2212 recepisti

1185 2222 1268 2255 bona
1291 2222 1323 2255 in
1347 2222 1411 2255 vita
1439 2225 1510 2261 tua,
1535 2225 1567 2255 et
1598 2223 1732 2255 Lazarus
1760 2223 1904 2255 similiter
1936 2223 2034 2262 mala;
2061 2232 2146 2255 nunc

1185 2279 1291 2308 autem
1315 2275 1367 2308 hic
1391 2275 1581 2314 consolatur,
1607 2279 1642 2308 tu
1665 2284 1741 2308 vero
1765 2275 1916 2308 cruciaris
1936 2289 1966 2307 ».

1275 2327 1327 2360 30.
1345 2327 1446 2370 (Vers.
1468 2328 1541 2370 13..)
1568 2328 1631 2361 Sed
1645 2337 1721 2361 cum
1737 2327 1825 2370 facis
1849 2328 2046 2361 conticium.
2064 2329 2146 2361 Post·
2157 2335 2263 2357 seeundo
2276 2341 2311 2356 ca-

2171 2361 2223 2382 ritas
2237 2362 2281 2382 divi

2164 1833 2253 1855 bonnet
2257 1837 2317 1855 nten—

2201 1861 2274 1882 tionis.

2283 2368 2310 2382 na

1185 2390 1280 2423 quam
1305 2381 1441 2414 retraxit
1471 2390 1490 2414 a
1517 2381 1693 2414 curialitate
1723 2381 1898 2419 mundana,
1924 2381 1974 2414 hic
2006 2380 2143 2414 secundo
2175 2389 2311 2409 commeneu-

1186 2635 1217 2655 ex
1236 2629 1359 2660 Gregor„
1379 2628 1468 2654 XVlll.
1488 2628 1574 2654 Moral.
1601 2635 1623 2654 c.
1652 2628 1677 2653 3.
1703 2635 1726 2653 n.
1753 2628 1783 2658 6,
1804 2627 1847 2652 ubi
1873 2628 1923 2652 ait:
1944 2628 1970 2652 ln
1989 2634 2041 2660 qua
2061 2627 2145 2659 magis

1187 2673 1432 2705 recompensatione
1451 2672 1621 2707 [Aedificat‘it
1634 2672 1686 2698 illis
1700 2671 1829 2698 Dominus
1844 2670 1950 2705 domos]
1964 2670 2144 2703 cognoscitur,

1186 2718 1251 2751 quid
1272 2717 1401 2743 mendacii
1420 2718 1496 2749 culpa
1517 2720 1657 2742 mereatur.
1676 2717 1738 2742 Nam
1760 2715 1906 2747 benignitas
1923 2723 2013 2741 carum
2028 2722 2144 2745 merces,

1186 2769 1255 2795 quae
1273 2762 1311 2788 eis
1330 2762 1356 2787 in
1377 2765 1481 2787 aeterna
1495 2761 1580 2793 potuit
1592 2761 1644 2786 vita
1658 2760 1779 2791 retribui,
1794 2767 1841 2792 pro
1855 2760 1967 2785 admixta
1981 2760 2055 2791 culpa
2075 2767 2144 2785 men-

1186 2806 1254 2832 dacii
1273 2806 1300 2832 in
1319 2810 1449 2832 terrenam
1468 2808 1506 2831 est
1525 2805 1796 2837 recompensationem
1821 2804 1963 2834 declinata,
1989 2808 2016 2829 ut
2040 2804 2066 2829 in
2091 2804 2142 2829 vita

1185 2857 1248 2881 sua,
1267 2857 1348 2883 quam
1367 2850 1517 2875 mentiendo
1537 2849 1602 2875 tucri
1622 2849 1774 2878 voluerunt,
1794 2855 1823 2873 ea
1843 2855 1910 2880 quae
1937 2849 2053 2872 fecerunt
2075 2846 2142 2873 bona

1185 2895 1332 2926 reciperent
1344 2897 1369 2919 et
1382 2894 1489 2920 ulterius
1502 2893 1572 2926 quod
1587 2896 1763 2924 exspectarent
1778 2892 1905 2917 mercedis
1917 2898 1980 2917 suae
1995 2891 2143 2923 praemium

1185 2946 1237 2965 non
1256 2938 1383 2964 haberent
1402 2942 1451 2964 etc.
1469 2952 1503 2957 —-
1522 2939 1571 2963 Pro
1590 2936 1654 2963 dicit
1673 2936 1769 2963 Glossa
1789 2937 1809 2961 H
1828 2935 1892 2962 dicit
1913 2935 2070 2968 Greyorius.

1257 2981 1279 2997 ¹⁰
1300 2983 1374 3008 Vers.
1394 2983 1442 3013 37,
1462 2985 1522 3014 post
1540 2988 1619 3014 quem
1640 2982 1725 3006 Matth.
1745 2981 1775 3010 6,
1795 2980 1838 3005 et.

1256 3025 1277 3041 ¹¹
1298 3026 1368 3052 Libr.
1387 3027 1404 3052 l.
1424 3026 1457 3051 de
1475 3026 1587 3056 Officiis,
1600 3032 1622 3051 c.
1637 3025 1679 3050 30.
1698 3032 1724 3050 n.
1746 3024 1813 3049 ⁴47:
1836 3025 1948 3049 Affectus
1968 3028 2027 3049 tuus
2046 3030 2142 3049 nomen

1185 3071 1298 3103 imponit
1315 3070 1387 3102 operi
1407 3074 1461 3095 tuo.
1480 3069 1532 3096 cfr.
1550 3076 1630 3100 supra
1650 3075 1711 3100 pag.
1731 3068 1795 3097 301,
1815 3071 1874 3093 nota
1899 3068 1925 3092 2.
1950 3067 2008 3092 Post
2032 3067 2142 3093 intentio

1185 3115 1211 3140 in
1230 3115 1251 3140 D
1269 3114 1385 3140 secunda
1405 3121 1498 3139 manus
1517 3113 1617 3138 addidit
1636 3114 1690 3138 rua.

1257 3158 1279 3173 ¹⁹
1300 3159 1376 3184 Vers.
1394 3159 1417 3183 8.
1437 3162 1463 3183 et
1481 3157 1577 3183 deinde
1597 3158 1682 3182 Matth.
1708 3157 1738 3185 6,
1764 3156 1812 3186 33,
1839 3155 1873 3181 de
1901 3162 1954 3188 quo
1973 3155 2034 3180 vide
2061 3162 2141 3187 supra

1185 3211 1208 3229 c.
1229 3204 1271 3229 ⁴2.
1291 3211 1316 3228 n.
1337 3203 1378 3228 43.
1398 3202 1449 3228 Ct‘r.
1470 3208 1549 3234 supra
1570 3208 1630 3233 pag.
1650 3201 1715 3231 256,
1736 3204 1796 3226 nota
1816 3200 1841 3226 7.
1861 3200 1884 3225 in
1905 3200 1964 3225 tine.

1256 3245 1278 3261 ¹³
1299 3247 1372 3272 Vers.
1393 3247 1435 3272 25.

1256 3290 1279 3305 ¹⁴
1297 3290 1347 3317 Cir.
1367 3297 1446 3322 supra
1466 3297 1491 3315 n.
1505 3290 1547 3315 25.
1561 3303 1595 3308 —
1608 3290 1656 3314 Pro
1669 3288 1706 3314 nd
1717 3288 1857 3315 mrimtem
1872 3288 1930 3314 Vnt.
1942 3287 2121 3314 curialitatem
2129 3297 2141 3321 ,-

1184 3336 1229 3361 ctr.
1249 3341 1329 3366 supra
1349 3341 1411 3366 pag.
1431 3334 1497 3364 366,
1515 3336 1575 3358 nota
1596 3333 1620 3358 4.

2172 2418 2206 2435 tur
2221 2416 2247 2435 tri
2242 2415 2279 2442 ipli
2281 2421 2310 2436 ci-

1185 2434 1305 2467 invz‘tat
1321 2434 1366 2467 ad
1382 2434 1558 2468 carnatem
1582 2435 1732 2468 divinam
1747 2436 1782 2466 ¹4.
1807 2435 1895 2476 Quod
1920 2434 2046 2477 quidem
2071 2434 2144 2467 facit
2172 2444 2212 2462 ter
