2476 3921
162 591 292 612 Notandum.

313 232 378 264 254

313 318 426 351 Christi
441 332 471 348 ι».
491 316 618 349 Plurimi
635 319 739 348 autem
753 319 827 348 sunt
840 315 997 347 desidiosi
1004 327 1016 352 ;
1032 315 1116 347 unde
1128 315 1273 347 Matthaei

314 372 462 413 vigesimo
486 370 568 402 dixit
590 369 743 401 Dominus
766 368 937 409 operariis:
968 381 983 396 «ι
1000 368 1081 409 Quid
1107 368 1157 401 hic
1185 368 1275 401 statis

314 428 378 457 tota
400 424 449 456 die
473 422 561 454 otiosi
581 425 615 453 n?
631 422 710 453 Sunt
727 421 855 463 plurimi
873 421 990 453 similes
1006 421 1078 459 illis,
1102 421 1140 454 de
1156 421 1274 462 quibus

313 476 457 509 Matthaei
494 474 643 516 vigesimo
679 474 788 506 tertio:
819 473 967 505 «Dicunt
989 476 1021 506 et
1057 483 1119 506 non
1143 473 1272 506 faciunt.

312 530 443 571 Alligant
474 528 556 560 enini
592 536 688 560 onera
723 527 831 569 gravia
865 530 896 559 et
929 527 1152 568 importabilia;
1177 527 1273 568 digito

312 587 418 615 autem
443 591 500 614 suo
524 581 635 613 nolunt
659 589 695 613 ea
720 589 848 613 movere
865 594 894 612 n.
914 598 955 603 —
973 580 1009 612 Et
1025 580 1175 622 quoniam
1192 589 1273 612 mes-

311 637 355 669 sis
378 635 552 673 amittitur,
576 633 702 676 quando
725 634 797 666 honi
815 634 951 675 operarii
974 633 1102 671 desunt;
1128 633 1197 665 ideo
1220 633 1274 665 ad-

312 689 374 722 dit:
399 689 522 730 Royate
545 697 622 729 erqo
648 687 830 719 Dominum
854 687 989 725 messis,
1006 690 1044 718 ut
1066 686 1177 718 mittat
1201 696 1274 728 ope-

311 742 426 774 rarios
438 741 473 773 in
489 750 625 773 messem
647 750 766 778 sua-m,
784 740 1015 782 praedicatores
1032 739 1149 772 scilicet
1165 739 1274 778 bonos,

311 795 365 837 qui
389 794 528 836 gladium
552 793 649 826 divini
674 793 780 832 verbi,
797 802 861 835 quo
885 795 1005 835 segetes
1020 796 1195 831 metuntur,
1211 802 1274 825 non

311 851 433 880 tantum
458 847 489 879 in
506 856 579 885 ore,
604 846 658 879 sed
681 847 775 879 etiam
799 847 830 878 in
854 855 951 878 manu
975 849 1109 888 portent.
1127 846 1213 879 Unde
1236 846 1275 878 de

311 899 402 931 honis
433 899 703 940 praedicatoribus
739 899 769 930 in
806 899 973 931 Psalmo¹:
1010 911 1025 926 «
1043 898 1275 930 Exsultationes

283 960 288 967 ¹
310 952 365 984 Dei
382 953 413 984 in
430 952 575 984 faucibus
597 961 727 991 eorum,
751 955 782 984 et
805 952 897 993 gladii
914 952 1065 993 ancipites
1083 952 1113 983 in
1129 951 1276 984 manibus

180 1760 292 1787 Quartum.

310 1014 421 1038 eorum
439 1019 469 1037 ».
486 1005 573 1038 Unde
589 1005 779 1047 praedicatio
795 1008 842 1037 est
858 1005 980 1046 gladius
991 1030 998 1043 ,
1016 1005 1086 1046 qui,
1103 1005 1161 1037 nisi
1179 1014 1275 1037 manu

311 1063 472 1097 teneatur,
496 1068 559 1091 non
585 1062 683 1091 terret
715 1058 943 1091 adversarium.
977 1058 1067 1099 Quod
1091 1058 1170 1091 bene
1194 1058 1275 1100 figu-

312 1117 417 1145 ratum
452 1116 499 1145 est
530 1112 697 1145 Nehemiae
728 1115 844 1154 quarto
871 1112 909 1144 de
933 1112 1207 1144 reaedificantibus
1232 1112 1275 1144 le-

311 1166 469 1203 rusalem,
494 1169 525 1198 et
548 1165 589 1198 ibi
625 1165 759 1204 dicitur,
784 1165 869 1207 quod
898 1178 913 1193 «
932 1165 1152 1207 unusquisque
1177 1174 1274 1197 manu

310 1229 375 1252 una
398 1219 529 1251 faciebat
552 1228 650 1260 opus,
676 1222 707 1250 et
730 1218 791 1250 alia
823 1218 948 1251 tenebat
976 1218 1158 1260 gladium».
1185 1219 1275 1251 Tales

310 1273 447 1314 operarii
470 1272 587 1305 dantur
610 1272 775 1311 divinitus,
801 1272 974 1305 secundum
1000 1272 1084 1314 quod
1117 1272 1274 1314 signatum

311 1330 358 1359 est
382 1325 510 1358 Genesis
533 1325 708 1364 secund0²‚
732 1325 817 1367 quod
846 1338 861 1353 «
879 1326 962 1358 Deus
986 1325 1091 1367 posuit
1114 1325 1272 1358 hominem

311 1379 343 1411 in
368 1379 512 1421 paradiso
544 1379 731 1421 voluptatis,
759 1382 793 1411 ut
823 1382 1011 1420 operaretur
1042 1382 1074 1411 et
1102 1379 1276 1412 custodiret

314 1432 403 1465 illum
421 1445 452 1471 1>;
477 1436 508 1465 et
543 1432 612 1465 ideo
647 1435 721 1464 sunt
744 1441 763 1464 a
786 1432 918 1464 Domino
950 1432 1138 1474 postulandi,
1163 1436 1199 1465 ut
1222 1441 1275 1465 eos

313 1486 468 1519 conducat
491 1486 720 1527 promittendo,
737 1485 909 1518 conductos
924 1485 1028 1518 mittat
1044 1486 1274 1528 praecipiendo,

312 1539 486 1572 secundum
512 1539 588 1572 illud
606 1539 750 1572 Matthaei
776 1539 943 1581 vigesimo:
967 1552 982 1567 «
999 1540 1057 1581 Qui
1076 1540 1154 1572 exiit
1170 1540 1275 1582 primo

311 1602 403 1626 mane
427 1593 604 1626 conducere
628 1593 789 1635 operarios
812 1593 844 1625 in
868 1593 991 1625 vineam
1015 1602 1115 1626 suam.
1133 1593 1274 1626 Conven—

312 1646 396 1678 tione
419 1650 525 1679 autem
550 1646 630 1679 facta
646 1660 662 1675 »
691 1650 749 1679 etc.

401 1700 430 1731 5.
455 1699 557 1741 (Vers.
582 1699 636 1739 3.).
661 1700 781 1740 Quarto
804 1702 910 1731 autem
942 1703 1098 1741 quantum
1121 1699 1160 1732 ad
1184 1709 1276 1732 aece-

311 1753 496 1785 leratorum
520 1752 806 1794 confirmationem
838 1756 948 1785 contra
980 1753 1099 1785 rabiem
1128 1762 1276 1795 persecu-

311 1810 417 1839 torum
441 1806 565 1839 subdit:
592 1807 653 1844 Ice;
676 1816 756 1845 ecce,
781 1806 864 1848 690³
888 1806 979 1839 mitto
994 1816 1053 1839 vos
1068 1807 1154 1839 sicut
1170 1817 1276 1850 aynos

310 1861 397 1893 inter
421 1860 525 1902 lupos.
552 1860 614 1898 Ite,
639 1860 756 1893 scilicet
780 1860 944 1902 expedite,
963 1860 1045 1893 sicut
1060 1860 1205 1893 animalia
1222 1861 1276 1894 illa

313 1914 481 1946 Ezechielis
505 1914 623 1955 primo:
657 1914 837 1946 «Animalia
861 1914 948 1947 ibant
977 1918 1008 1947 et
1032 1915 1276 1948 revertebantur

311 1966 342 1998 in
367 1966 602 1999 similitudinem
627 1966 762 2009 fulguris
786 1967 982 2000 coruscantis
994 1979 1025 2006 -2;
1043 1970 1073 2000 et
1091 1967 1275 2000 Proverbio-

311 2029 384 2052 rum
421 2024 534 2053 sexto:
572 2020 778 2059 «Discurre,
813 2020 948 2059 festina,
984 2021 1102 2053 suscita
1136 2021 1274 2054 amicum

311 2076 402 2105 tuum
420 2086 451 2105 ».
477 2074 532 2106 Vel
555 2074 615 2112 ite,
640 2073 670 2106 id
694 2077 759 2113 est,
784 2083 842 2116 pro
871 2074 973 2107 salute
1003 2074 1110 2106 ovium
1139 2074 1274 2116 perieu-

311 2127 352 2160 lis
375 2137 433 2159 vos
456 2130 621 2170 exponite,
653 2128 828 2161 secundum
861 2128 937 2161 illud
963 2128 1085 2172 loannis
1108 2128 1272 2161 decimo⁴:

317 2193 333 2209 (ι
349 2181 452 2213 Bonus
475 2184 581 2222 pastor
613 2182 750 2214 animam
779 2190 868 2214 suam
892 2182 946 2214 dat
969 2191 1028 2224 pro
1052 2182 1165 2215 ovibus
1196 2183 1272 2215 suis.

311 2234 523 2267 Mercenarius
546 2238 652 2267 autem
677 2235 760 2268 videt
784 2235 896 2277 lupum
921 2235 1098 2268 venientem
1122 2238 1154 2268 et
1169 2235 1273 2268 dimit-

313 2287 349 2320 tit
372 2297 446 2320 oves
470 2291 501 2320 et
534 2288 615 2330 fugit
631 2301 661 2327 »;
686 2289 776 2331 quasi
812 2289 917 2322 dicat:
942 2289 984 2321 ite
1007 2289 1046 2321 ad
1069 2289 1212 2327 lactum,
1237 2293 1274 2321 ut

312 2341 480 2382 reportetis
502 2341 667 2383 gaudium,
691 2342 866 2374 secundum
890 2341 968 2374 illud
986 2342 1138 2374 Psalmi⁵z
1161 2355 1177 2370 «
1191 2342 1273 2374 Eun-

313 2398 359 2427 tes
382 2394 469 2427 ibant
491 2398 522 2427 et
545 2394 677 2434 flebant,
702 2395 862 2428 mittentes
886 2395 1005 2427 semina
1021 2404 1095 2434 sua;
1113 2395 1274 2428 venientes

384 2640 393 2655 ¹
415 2642 507 2667 Psalm.
529 2641 593 2672 ⁴49,
613 2643 638 2667 6.
658 2643 692 2667 lta
712 2642 822 2674 August.
843 2643 878 2675 (in
899 2643 939 2668 ΡΞ.
965 2644 1023 2669 ἰ49.
1044 2651 1068 2669 n.
1091 2644 1143 2677 lt.)
1163 2648 1189 2670 et
1212 2644 1273 2671 Cas-

313 2686 424 2717 siodor.;
444 2686 570 2718 Vulgata:
598 2686 786 2714 Eoealtaliones
815 2688 864 2714 Dei
890 2687 917 2714 in
943 2690 1054 2722 gutture
1081 2696 1194 2721 eoram;
1224 2691 1272 2716 cfr.

313 2731 426 2761 Hieron„
446 2731 537 2756 Divina
559 2730 677 2757 biblioth.
697 2732 737 2757 Ps.
763 2732 823 2763 149,
844 2733 869 2758 6.
888 2736 914 2758 et
939 2733 1004 2759 liber
1032 2734 1125 2759 Psalm.
1146 2734 1213 2760 iuxta
1234 2742 1273 2760 se-

313 2776 449 2807 ptuaginta
470 2776 632 2808 interpretes.
650 2790 686 2796 —
704 2777 828 2810 Sequitur
856 2778 996 2804 Nehemiae
1016 2778 1054 2811 (ll.
1075 2779 1159 2812 Esdr.)
1180 2779 1211 2811 4,
1231 2780 1272 2805 17.

312 2821 364 2847 Csr.
383 2821 453 2847 Beda
472 2821 500 2846 in
512 2822 582 2846 hunc
593 2822 680 2847 locum
700 2821 768 2855 (libr.
785 2823 820 2848 ΙΙΙ.
835 2829 858 2848 c.
878 2823 932 2855 20.)
952 2826 977 2848 et
996 2823 1115 2855 Gregor.‚
1135 2824 1204 2849 XlX.
1224 2824 1274 2849 Μο-

312 2866 357 2891 ral.
377 2873 398 2892 c.
420 2866 461 2891 30.
482 2873 505 2891 n.
527 2867 570 2891 56.
582 2880 617 2885 --
631 2866 758 2898 Superius
774 2874 823 2899 pro
836 2869 977 2893 metuntur
996 2867 1042 2894 AC
1053 2868 1074 2893 D
1085 2868 1105 2893 H
1125 2870 1271 2894 metantur.

383 2909 394 2924 ²
416 2911 487 2935 Vers.
503 2910 544 2935 ⁴5.
560 2924 596 2929 —
614 2910 732 2936 Subinde
750 2912 878 2943 allegatur
898 2912 985 2937 Matth.
999 2913 1047 2943 20,
1069 2913 1092 2938 l.

383 2953 395 2968 ³
413 2954 497 2980 Codd.
519 2954 600 2980 ACD
618 2955 741 2980 omittunt
760 2962 816 2988 eqo.
829 2969 864 2974 —
877 2956 934 2982 Duo
953 2963 1026 2989 seqq.
1041 2957 1088 2982 loci
1102 2960 1163 2982 sunt
1180 2958 1272 2983 Ezech.

314 3000 344 3030 l,
365 2999 407 3025 44.
429 3003 454 3024 et
473 2999 549 3024 Prov.
571 2999 601 3031 6,
622 3000 645 3024 3.

383 3042 395 3057 ⁴
414 3044 488 3069 Vers.
508 3043 545 3068 tl.
560 3046 585 3068 et
600 3044 642 3068 12.
654 3057 690 3062 -
703 3044 830 3075 Superius
845 3051 893 3076 pro
906 3044 994 3071 salute
1007 3044 1098 3071 ovium
1113 3046 1157 3078 (ita
1178 3045 1196 3071 C
1207 3046 1229 3071 D
1239 3046 1271 3079 H)

313 3088 356 3114 alii
374 3088 452 3114 codd.
471 3091 496 3113 et
516 3087 573 3113 Vat.
592 3087 680 3114 salute
698 3088 830 3115 omnium.

385 3130 396 3146 ⁶
414 3132 508 3158 Psalm.
534 3132 596 3163 225,
616 3133 640 3158 6.
661 3147 693 3151 -—-
714 3134 841 3165 Superius
860 3141 908 3166 pro
934 3134 971 3161 ad
998 3134 1102 3162 luctum
1131 3135 1214 3161 DGH
1236 3135 1274 3161 ad

315 3176 432 3212 lucra-m,
452 3181 476 3202 et
495 3184 543 3209 pro
563 3177 695 3211 gaudium
714 3179 735 3204 D
754 3186 768 3204 a
788 3180 902 3205 secunda
922 3187 1001 3205 manu
1020 3180 1153 3213 fructum.

384 3219 396 3235 ⁶
415 3222 488 3248 Vers.
517 3221 563 3253 lt,
587 3222 634 3248 ubi
654 3230 702 3254 pro
721 3229 813 3250 omnes
836 3224 919 3257 fortes
938 3231 1024 3251 manu
1043 3224 1093 3251 AC
1106 3225 1187 3250 DGH
1207 3225 1275 3259 forti

314 3273 407 3293 manu.
427 3281 460 3285 -
481 3267 608 3299 Superius
636 3274 685 3299 pro
709 3267 847 3301 proelium
873 3269 916 3301 (ita
947 3269 976 3302 D)
1007 3269 1047 3295 alii
1068 3270 1146 3296 codd.
1165 3273 1191 3296 et
1211 3270 1269 3296 Vat.

309 3310 474 3345 periculum.

384 3352 394 3367 ¹
415 3354 489 3380 Vei-s.
508 3354 532 3381 7.
553 3354 602 3381 Pro
620 3354 753 3382 obmutuit
771 3359 796 3382 et
814 3357 921 3390 aperuit
941 3358 985 3390 (ita
1004 3359 1082 3384 etiam
1103 3360 1216 3385 translat.
1242 3367 1273 3385 ex

312 3398 406 3432 Hebr.;
426 3400 473 3425 cfr.
491 3399 546 3425 Act.
567 3399 595 3431 8,
616 3400 669 3433 32.)
692 3400 802 3432 Vulgata
822 3404 847 3427 et
868 3401 924 3427 Vnt.
946 3401 1107 3429 obmutescet
1118 3406 1143 3429 et
1162 3403 1272 3438 aperiet.

925 226 1118 259 COMMENT.
1144 227 1180 259 lN
1204 226 1443 259 EVANGELIUM
1466 226 1583 259 LUCAE
1608 226 1640 258 C.
1665 226 1700 258 X.

1338 318 1443 347 autem
1468 314 1594 347 venient
1624 323 1696 347 cum
1732 314 1944 347 exsultatione
1961 328 1976 344 ι»
2004 317 2085 353 etc.;
2110 315 2160 347 vel
2195 316 2237 348 ite
2260 315 2298 348 ad

1334 367 1512 409 proelium,
1536 371 1572 400 ut
1597 367 1764 407 reportetis
1788 367 1999 409 triumphum,
2024 367 2197 400 secundum
2221 368 2299 400 illud

1338 420 1427 452 Iosue
1463 420 1607 462 prim0⁶:
1645 433 1661 449 «
1677 420 1720 452 Ite
1754 420 1867 452 armati
1903 424 1975 453 ante
2010 420 2124 453 fratres
2159 424 2298 460 vestros,

1337 482 1447 506 omnes
1471 473 1568 506 sortes
1591 482 1705 511 manu,
1730 477 1761 506 et
1785 477 1922 515 pugnate
1946 482 2005 514 pro
2027 473 2073 506 eis
2089 488 2119 505 n.

1429 528 1457 559 6.
1484 527 1520 559 Et
1543 527 1618 569 quia
1642 527 1812 560 fortissima
1835 530 1998 559 armatura
2020 530 2068 560 est
2090 527 2299 560 mansuetudo
2317 535 2440 558 Fortissima

1337 583 1369 612 et
1392 580 1558 622 patientia,
1582 580 1651 613 ideo
1674 580 1749 613 dicit
1759 584 1770 612 :v
1792 580 1884 613 Sicut
1907 590 2012 623 agnos
2036 580 2122 613 incer
2139 580 2250 623 lupos,
2268 580 2300 613 id
2324 563 2438 584 mmm

1337 636 1385 664 est
1408 633 1490 665 sicut
1513 633 1597 674 pios,
1623 633 1760 666 humiles
1793 636 1825 666 et
1846 636 2028 666 mansuetos
2063 634 2145 666 inter
2168 634 2299 675 impios,

1338 686 1492 727 superbos
1515 690 1547 718 et
1571 686 1736 728 malignos,
1754 689 1789 719 ut
1812 686 1881 719 illos
1897 686 2137 719 mansuetudine
2153 686 2299 725 vincatis,

1338 737 1420 770 sicut
1443 741 1474 770 et
1496 738 1641 772 Christus
1664 739 1754 778 fecit,
1778 739 1951 772 secundum
1976 739 2054 772 illud
2090 739 2184 772 Isaiae
2207 739 2300 781 quin-

1338 792 1520 833 quagesimo
1544 792 1637 824 tertio
1651 792 1677 824 ⁷:
1708 805 1723 821 α
1740 792 1826 825 Sicut
1849 801 1951 834 agnus
1966 801 2072 825 coram
2096 792 2243 825 tondente
2267 801 2300 825 se

1338 844 1497 877 obmutuit
1514 849 1545 877 et
1561 854 1622 877 non
1639 845 1764 887 aperuit
1780 854 1815 878 os
1839 854 1932 877 suum
1949 859 1980 877 n.
1998 846 2047 878 Sic
2063 846 2199 887 Apostoli
2215 845 2299 888 agni-

1339 907 1379 930 na
1411 898 1652 931 mansuetudine
1683 898 1876 931 domuerunt
1911 898 2051 940 lupinam
2085 898 2300 937 ferocitatem,

1339 954 1370 983 et
1393 951 1559 993 impletum
1583 955 1630 984 est
1653 951 1731 983 illud
1755 951 1850 984 Isaiae
1873 951 2077 984 undecimoss:
2109 964 2125 980 «
2141 952 2248 993 Lupus
2270 955 2302 984 et

1339 1013 1440 1046 agnus
1462 1004 1556 1037 simul
1581 1004 1809 1043 morabuntur,
1841 1008 1873 1037 et
1904 1005 1952 1037 leo
1984 1005 2073 1047 quasi
2109 1005 2166 1038 bos
2197 1005 2301 1047 paleas

1339 1057 1481 1090 comedet
1498 1070 1528 1096 »;
1553 1062 1585 1090 et
1609 1058 1805 1100 sexagesimo
1828 1058 1956 1100 quinto:
1986 1071 2002 1086 α
2019 1059 2126 1100 Lupus
2150 1061 2181 1091 et
2201 1067 2302 1100 agnus

1339 1114 1509 1152 pascentur
1533 1111 1674 1143 simul».
1700 1111 1787 1144 Unde
1810 1112 1956 1144 Christus
1979 1121 2038 1144 sua
2060 1111 2302 1145 mansuetudine

1340 1164 1472 1196 Paulum
1498 1164 1609 1206 lupum
1634 1164 1788 1197 convertit
1812 1164 1842 1196 in
1867 1173 2003 1206 agnum,
2020 1168 2051 1197 et
2074 1165 2239 1206 impletum
2255 1168 2303 1197 est

1339 1218 1371 1250 in
1387 1227 1424 1250 eo
1448 1218 1525 1250 illud
1549 1218 1677 1251 Genesis
1701 1218 1891 1260 penultimo:
1914 1231 1929 1246 «
1946 1218 2105 1251 Beniamin
2117 1244 2124 1257 ‚
2141 1219 2237 1260 lupus
2253 1227 2303 1251 ra-

1339 1280 1420 1313 pax,
1444 1280 1536 1304 mane
1560 1271 1701 1304 comedet
1725 1271 1872 1313 praedam
1897 1275 1928 1304 et
1953 1281 2083 1313 vespere
2098 1271 2216 1304 dividet
2231 1281 2302 1314 spo-

1339 1325 1380 1357 lia
1397 1338 1426 1356 ».
1452 1325 1543 1357 Prius
1567 1325 1651 1357 enim
1675 1324 1836 1357 Christum
1859 1329 2044 1367 persecutus
2068 1328 2115 1358 est
2137 1330 2173 1358 ut
2197 1325 2302 1367 lupus,

1338 1382 1447 1420 postea
1471 1387 1528 1420 pro
1559 1387 1596 1411 eo
1620 1379 1855 1421 persecutiones
1884 1388 1996 1421 passus
2019 1382 2055 1411 ut
2078 1388 2188 1421 agnus.
2213 1378 2303 1411 Tales
2321 1382 2449 1406 Notandum-

1338 1432 1453 1465 debent
1477 1441 1544 1465 esse
1562 1432 1692 1474 praelati
1718 1432 1880 1471 Ecclesiae,
1897 1432 2071 1465 secundum
2087 1432 2166 1465 illud
2182 1432 2303 1474 primae

1339 1486 1421 1518 Petri
1445 1486 1600 1528 quint0⁹t
1631 1499 1646 1514 «
1664 1486 1826 1524 Seniores,
1850 1486 1968 1528 pascite
1991 1486 2045 1528 qui
2070 1486 2102 1519 in
2131 1485 2221 1519 vobis
2255 1489 2303 1519 est

1339 1546 1483 1581 gregem,
1509 1539 1710 1581 providentes
1726 1553 1741 1568 »
1771 1543 1849 1578 etc.;
1874 1543 1905 1572 et
1928 1543 2016 1581 post:
2040 1552 2055 1568 α
2071 1540 2179 1582 Neque
2195 1543 2231 1572 ut
2247 1539 2302 1572 do-

1340 1592 1495 1625 minantes
1519 1592 1550 1624 in
1575 1593 1676 1631 clero,
1694 1592 1747 1625 sed
1763 1593 1865 1625 forma
1880 1592 1951 1625 facti
1968 1593 2073 1635 gregis
2096 1602 2138 1626 ex
2154 1592 2259 1625 animo
2270 1604 2301 1631 »ς

1340 1645 1430 1687 quasi
1454 1645 1554 1678 dicat:
1580 1655 1641 1678 non
1666 1646 1734 1678 sitis
1758 1646 1840 1678 sicut
1856 1646 1920 1687 lupi
1938 1646 2021 1679 inter
2037 1655 2144 1688 agnos,
2168 1646 2222 1679 sed
2238 1655 2303 1679 ma-

1340 1699 1387 1741 gis
1410 1699 1480 1741 agni
1507 1699 1589 1731 inter
1612 1708 1709 1741 agnos
1732 1702 1763 1732 et
1788 1699 1896 1741 lupos,
1920 1703 1957 1732 ut
1980 1699 2079 1732 bonos
2114 1699 2245 1732 foveatis
2272 1703 2304 1732 et

1339 1753 1439 1785 malos
1463 1753 1611 1785 toleretis.
1638 1753 1723 1785 Unde
1746 1753 1991 1795 Chrysostomus
2005 1754 2049 1785 ¹⁰:
2079 1766 2094 1782 <x
2111 1753 2233 1786 Fortior
2256 1757 2304 1786 est

1340 1806 1395 1840 Dei
1420 1806 1521 1848 gratia
1544 1815 1639 1848 quam
1664 1810 1793 1845 natura;
1817 1806 1893 1839 dum
1918 1806 2073 1840 fuerimus
2096 1816 2180 1847 oves,
2206 1807 2303 1840 vinci-

1340 1869 1429 1899 mus,
1454 1860 1512 1893 etsi
1538 1860 1628 1892 multi
1660 1860 1722 1892 sint
1750 1860 1834 1902 lupi;
1859 1860 1884 1893 si
1908 1864 2015 1893 autem
2039 1860 2195 1894 fuerimus
2219 1861 2301 1904 lupi,

1340 1914 1515 1953 vincimur,
1540 1917 1572 1947 et
1595 1917 1695 1947 cessat
1726 1924 1744 1947 a
1767 1914 1857 1948 nobis
1892 1915 2009 1948 summi
2044 1915 2179 1957 pastoris
2209 1915 2303 1948 auxi-

1340 1968 1417 2000 lium
1435 1981 1466 2000 ».

1429 2023 1458 2054 7.
1484 2021 1591 2055 Nolite
1610 2026 1750 2064 portare
1773 2025 1831 2055 etc.
1869 2022 1938 2055 Post
1961 2022 2142 2056 missionem
2165 2023 2303 2065 discipu·
2321 2024 2463 2046 ⁰01⁰f⁰¹¹¹³²¹

1339 2075 1443 2108 lorum
1466 2075 1683 2108 comitantium
1715 2075 1821 2108 subdit
1844 2074 2117 2118 informacionem
2141 2077 2301 2109 euntium.
2344 2054 2401 2100 332⁶
2416 2057 2461 2100 Εἷς-π

1338 2129 1436 2162 Habet
1458 2132 1564 2161 autem
1589 2138 1663 2171 pars
1684 2129 1744 2161 ista
1759 2129 1856 2168 duas,
1881 2129 1913 2161 in
1937 2138 2073 2171 quarum
2092 2129 2194 2170 prima
2211 2138 2301 2171 prae·
2343 2105 2440 2153 zffirqup

1339 2182 1477 2215 mittitur
1512 2182 1699 2214 eommunis
1729 2180 1928 2224 informatio
1964 2185 2110 2223 respectu
2141 2182 2300 2221 omnium;

1338 2235 1494 2274 secundo,
1519 2234 1673 2277 specialis
1697 2238 1843 2277 respectu
1868 2244 2076 2277 personarum
2100 2235 2301 2277 specialium,

1338 2288 1380 2321 ibi
1396 2290 1438 2320 ¹¹:
1464 2289 1503 2320 Ec
1527 2288 1563 2320 in
1586 2297 1830 2332 quamcumque
1853 2288 2018 2321 civitatem
2042 2289 2259 2322 intraveritis.
2344 2327 2349 2331 ,
2403 2326 2408 2331 ,

1432 2341 1589 2374 Generali
1614 2345 1719 2374 autem
1754 2341 1992 2385 informatione
2025 2342 2136 2375 invitat
2171 2352 2228 2376 nos
2262 2327 2461 2377 adffi'iifl'ssfss?

1337 2399 1494 2437 quatuor,
1518 2395 1636 2429 scilicet
1658 2395 1697 2428 ad
1714 2396 1974 2439 amplexandam
1990 2397 2245 2437 memiicitatem,
2261 2397 2301 2431 ad
2313 2379 2460 2435 “¹¹23ssssssssss

1410 2643 1421 2659 ⁸
1441 2646 1515 2671 Vers.
1535 2647 1560 2671 6.
1579 2649 1605 2671 et
1622 2645 1649 2671 7.
1672 2646 1798 2677 Vulgata:
1818 2645 1950 2671 Habitabit
1969 2646 2047 2677 lupus
2066 2653 2127 2671 cuni
2147 2653 2243 2678 agno...
2264 2646 2300 2671 vi-

1339 2691 1407 2716 tulus
1426 2693 1451 2716 et
1470 2691 1510 2716 leo
1529 2694 1554 2716 et
1573 2691 1630 2716 ovis
1659 2691 1736 2716 simul
1763 2690 1937 2716 morabuntur
1956 2693 2004 2716 etc.
2025 2705 2057 2708 —
2080 2691 2136 2716 Duo
2155 2698 2230 2724 seqq.
2250 2691 2299 2717 loci

1320 2728 1398 2761 ¹sunt
1417 2735 1473 2761 lsai.
1493 2736 1541 2767 65,
1561 2736 1603 2761 25.
1632 2739 1658 2760 et
1685 2736 1748 2760 Gen.
1770 2735 1816 2766 49,
1841 2735 1888 2765 27,
1917 2735 1992 2760 cuius
2017 2735 2206 2766 expositionem
2235 2736 2297 2762 vide

1338 2780 1422 2805 Serm.
1447 2780 1503 2805 189.
1523 2780 1548 2805 in
1568 2779 1721 2811 Appendiee
1741 2779 1815 2812 (alias
1841 2779 1883 2805 44.
1911 2780 1945 2805 de
1965 2780 2075 2812 Sanctis)
2096 2780 2207 2812 August.
2227 2788 2253 2806 n.
2275 2781 2299 2806 i.

1338 2831 1421 2856 seqq„
1441 2824 1486 2856 qui
1507 2824 1617 2849 habetur
1637 2823 1662 2848 in
1682 2823 1797 2849 Breviar.
1822 2824 1942 2849 Romano
1963 2830 2010 2855 pro
2031 2825 2095 2850 sesto
2115 2824 2300 2850 conversionis

1339 2868 1364 2893 S.
1385 2868 1456 2893 Pauli
1476 2867 1530 2899 (²35.
1551 2867 1681 2900 ianuarii).

1409 2910 1420 2925 ⁹
1440 2913 1513 2937 Vers.
1536 2912 1589 2937 ’1-3.

1410 2954 1432 2970 ¹⁰
1451 2956 1544 2981 Homil.
1565 2957 1606 2981 33.
1629 2957 1701 2988 (alias
1720 2957 1774 2990 34.)
1790 2957 1815 2982 in
1829 2957 1913 2983 Matth.
1928 2965 1953 2983 n.
1970 2958 1993 2983 t.
2007 2958 2098 2991 Quoad
2114 2958 2226 2990 primani
2241 2965 2298 2990 pro-

1338 3000 1495 3032 positionem
1516 3002 1561 3026 csr.
1581 3001 1675 3026 iloniil.
1696 3001 1738 3026 24.
1758 3001 1782 3026 in
1803 3002 1888 3027 Matth.
1915 3001 1974 3035 (Op.
1994 3002 2166 3035 impersect.):
2190 3013 2203 3026 α
2216 3004 2300 3036 Lupo-

1337 3052 1396 3070 rum
1417 3045 1557 3071 crudelitas
1576 3046 1713 3072 mitescere
1732 3046 1828 3079 nescit,
1842 3046 1892 3072 nisi
1905 3046 1996 3080 qratia
2010 3040 2103 3073 Christi
2118 3048 2213 3073 taceret
2226 3048 2299 3081 quod

1338 3090 1394 3122 ipsa
1412 3092 1516 3117 natura
1535 3091 1590 3117 lieri
1610 3094 1696 3124 negat.
1726 3091 1779 3117 Non
1808 3095 1895 3117 vestra
1923 3092 2007 3117 virtus
2031 3095 2075 3118 aut
2103 3092 2205 3118 solertia
2225 3093 2298 3118 aesti-

1338 3139 1423 3160 matur
1448 3139 1493 3161 aut
1520 3135 1641 3161 laudatur
1660 3136 1684 3161 in
1704 3135 1793 3167 vobis,
1813 3136 1860 3162 sed
1887 3136 1998 3162 nominis
2018 3137 2069 3162 mei
2089 3140 2204 3169 potestas
2227 3138 2298 3163 intel-

1337 3180 1446 3212 ligatur,
1465 3183 1493 3206 ut
1520 3180 1679 3212 glorificetur
1706 3188 1754 3213 per
1779 3188 1840 3211 vos,
1870 3181 1931 3214 quia
1951 3180 2048 3214 fortior
2070 3183 2108 3208 esi
2135 3181 2225 3215 qloria
2250 3182 2300 3209 Dei

1337 3231 1420 3258 quam
1439 3231 1534 3251 rerum
1553 3227 1690 3251 natura».
1711 3225 1781 3251 Aliae
1807 3218 1998 3257 propositiones
2018 3226 2185 3252 inveniuntur
2205 3226 2230 3252 in
2249 3226 2297 3253 Ho-

1337 3268 1390 3295 mil.
1410 3269 1453 3295 33.
1472 3270 1558 3301 primo
1572 3270 1629 3295 loco
1648 3270 1765 3302 allegata.

1409 3313 1429 3328 ¹¹
1451 3314 1526 3340 Vers.
1554 3314 1578 3340 8.
1609 3328 1644 3333 -
1674 3315 1800 3347 Superius
1825 3322 1874 3347 pro
1901 3314 2088 3341 comitantium
2117 3315 2138 3340 D
2167 3315 2297 3342 concomi-

1337 3358 1464 3386 cantium.
