<?xml version="1.0" encoding="UTF-8"?>
<!DOCTYPE html PUBLIC "-//W3C//DTD XHTML 1.0 Transitional//EN"
    "http://www.w3.org/TR/xhtml1/DTD/xhtml1-transitional.dtd">
<html xmlns="http://www.w3.org/1999/xhtml" xml:lang="en" lang="en">
 <head>
  <title>
</title>
<meta http-equiv="Content-Type" content="text/html;charset=utf-8" />
  <meta name='ocr-system' content='tesseract 3.04.00' />
  <meta name='ocr-capabilities' content='ocr_page ocr_carea ocr_par ocr_line ocrx_word'/>
</head>
<body>
  <div class='ocr_page' id='page_1' title='image "./doctorisseraphic07bona_0505.png"; bbox 0 0 2476 3921; ppageno 0'>
   <div class='ocr_carea' id='block_1_1' title="bbox 755 211 1577 251">
    <p class='ocr_par' dir='ltr' id='par_1_1' title="bbox 755 211 1577 251">
     <span class='ocr_line' id='line_1_1' title="bbox 755 211 1577 251; baseline 0.009 -7"><span class='ocrx_word' id='word_1_1' title='bbox 755 211 951 246; x_wconf 88' lang='lat' dir='ltr'>COMMENT.</span> <span class='ocrx_word' id='word_1_2' title='bbox 977 213 1013 246; x_wconf 78' lang='grc' dir='ltr'>ΙΝ</span> <span class='ocrx_word' id='word_1_3' title='bbox 1039 213 1278 248; x_wconf 82' lang='lat' dir='ltr'><strong>EVANGELIUM</strong></span> <span class='ocrx_word' id='word_1_4' title='bbox 1303 215 1421 249; x_wconf 82' lang='lat' dir='ltr'>LUCAE</span> <span class='ocrx_word' id='word_1_5' title='bbox 1446 217 1478 250; x_wconf 89' lang='lat' dir='ltr'>C.</span> <span class='ocrx_word' id='word_1_6' title='bbox 1503 218 1577 251; x_wconf 82' lang='lat' dir='ltr'>XIX.</span> 
     </span>
    </p>
   </div>
   <div class='ocr_carea' id='block_1_2' title="bbox 165 301 1134 449">
    <p class='ocr_par' dir='ltr' id='par_1_2' title="bbox 165 301 1134 449">
     <span class='ocr_line' id='line_1_2' title="bbox 166 301 1134 344; baseline -0.002 -8"><span class='ocrx_word' id='word_1_7' title='bbox 166 310 279 336; x_wconf 88' lang='lat' dir='ltr'>servus</span> <span class='ocrx_word' id='word_1_8' title='bbox 291 315 322 334; x_wconf 74' lang='grc' dir='ltr'>ι).</span> <span class='ocrx_word' id='word_1_9' title='bbox 335 301 493 334; x_wconf 82' lang='lat' dir='ltr'><strong>Dicuntur</strong></span> <span class='ocrx_word' id='word_1_10' title='bbox 510 301 604 334; x_wconf 88' lang='lat' dir='ltr'>etiam</span> <span class='ocrx_word' id='word_1_11' title='bbox 621 301 704 334; x_wconf 90' lang='lat' dir='ltr'>servi</span> <span class='ocrx_word' id='word_1_12' title='bbox 721 309 740 333; x_wconf 91' lang='lat' dir='ltr'>a</span> <span class='ocrx_word' id='word_1_13' title='bbox 754 301 936 340; x_wconf 81' lang='lat' dir='ltr'>servando,</span> <span class='ocrx_word' id='word_1_14' title='bbox 954 310 1011 344; x_wconf 89' lang='lat' dir='ltr'>per</span> <span class='ocrx_word' id='word_1_15' title='bbox 1027 306 1134 335; x_wconf 88' lang='lat' dir='ltr'>custo-</span> 
     </span>
     <span class='ocr_line' id='line_1_3' title="bbox 165 353 1133 397; baseline -0.001 -9"><span class='ocrx_word' id='word_1_16' title='bbox 165 355 249 388; x_wconf 87' lang='lat' dir='ltr'>diam</span> <span class='ocrx_word' id='word_1_17' title='bbox 276 363 424 397; x_wconf 82' lang='lat' dir='ltr'>gregum,</span> <span class='ocrx_word' id='word_1_18' title='bbox 452 353 528 396; x_wconf 89' lang='lat' dir='ltr'>quia</span> <span class='ocrx_word' id='word_1_19' title='bbox 547 354 663 387; x_wconf 91' lang='lat' dir='ltr'>debent</span> <span class='ocrx_word' id='word_1_20' title='bbox 689 362 817 396; x_wconf 80' lang='lat' dir='ltr'>gregem</span> <span class='ocrx_word' id='word_1_21' title='bbox 845 353 1037 388; x_wconf 86' lang='lat' dir='ltr'>dominicum</span> <span class='ocrx_word' id='word_1_22' title='bbox 1067 363 1133 388; x_wconf 87' lang='lat' dir='ltr'>ser-</span> 
     </span>
     <span class='ocr_line' id='line_1_4' title="bbox 166 406 1132 449; baseline -0.002 -7"><span class='ocrx_word' id='word_1_23' title='bbox 166 417 242 442; x_wconf 85' lang='lat' dir='ltr'>vare</span> <span class='ocrx_word' id='word_1_24' title='bbox 258 411 289 441; x_wconf 89' lang='lat' dir='ltr'>et</span> <span class='ocrx_word' id='word_1_25' title='bbox 310 407 488 446; x_wconf 90' lang='lat' dir='ltr'>custodire;</span> <span class='ocrx_word' id='word_1_26' title='bbox 514 407 597 440; x_wconf 88' lang='lat' dir='ltr'>tertii</span> <span class='ocrx_word' id='word_1_27' title='bbox 615 407 734 449; x_wconf 82' lang='lat' dir='ltr'><strong>Regum</strong></span> <span class='ocrx_word' id='word_1_28' title='bbox 758 406 910 449; x_wconf 91' lang='lat' dir='ltr'>vigesimo</span> <span class='ocrx_word' id='word_1_29' title='bbox 923 408 949 439; x_wconf 91' lang='lat'>¹:</span> <span class='ocrx_word' id='word_1_30' title='bbox 971 419 987 436; x_wconf 89' lang='lat'>«</span> <span class='ocrx_word' id='word_1_31' title='bbox 1004 407 1132 441; x_wconf 86' lang='lat' dir='ltr'>Custodi</span> 
     </span>
    </p>
   </div>
   <div class='ocr_carea' id='block_1_3' title="bbox 128 460 1133 503">
    <p class='ocr_par' dir='ltr' id='par_1_3' title="bbox 128 460 1133 503">
     <span class='ocr_line' id='line_1_5' title="bbox 128 460 1133 503; baseline -0.001 -8"><span class='ocrx_word' id='word_1_32' title='bbox 128 467 131 468; x_wconf 72' lang='grc'>’</span> <span class='ocrx_word' id='word_1_33' title='bbox 166 462 272 495; x_wconf 88' lang='lat' dir='ltr'>virum</span> <span class='ocrx_word' id='word_1_34' title='bbox 303 461 419 500; x_wconf 90' lang='lat' dir='ltr'>istum,</span> <span class='ocrx_word' id='word_1_35' title='bbox 444 460 500 503; x_wconf 92' lang='lat' dir='ltr'>qui</span> <span class='ocrx_word' id='word_1_36' title='bbox 532 460 558 494; x_wconf 89' lang='lat' dir='ltr'>si</span> <span class='ocrx_word' id='word_1_37' title='bbox 582 460 691 503; x_wconf 88' lang='lat' dir='ltr'>lapsus</span> <span class='ocrx_word' id='word_1_38' title='bbox 713 460 825 500; x_wconf 81' lang='lat' dir='ltr'>fuerit,</span> <span class='ocrx_word' id='word_1_39' title='bbox 854 461 915 493; x_wconf 84' lang='lat' dir='ltr'>erit</span> <span class='ocrx_word' id='word_1_40' title='bbox 942 461 1047 494; x_wconf 89' lang='lat' dir='ltr'>anima</span> <span class='ocrx_word' id='word_1_41' title='bbox 1078 464 1133 494; x_wconf 88' lang='lat' dir='ltr'>tua</span> 
     </span>
    </p>
   </div>
   <div class='ocr_carea' id='block_1_4' title="bbox 7 825 9 876">
    <p class='ocr_par' dir='ltr' id='par_1_4' title="bbox 7 825 9 876">
     <span class='ocr_line' id='line_1_6' title="bbox 7 825 9 876; baseline 0 0"><span class='ocrx_word' id='word_1_42' title='bbox 7 825 9 876; x_wconf 77' lang='lat' dir='ltr'>l</span> 
     </span>
    </p>
   </div>
   <div class='ocr_carea' id='block_1_5' title="bbox 6 895 141 951">
    <p class='ocr_par' dir='ltr' id='par_1_5' title="bbox 6 895 141 951">
     <span class='ocr_line' id='line_1_7' title="bbox 6 895 141 927; baseline -0.007 -10"><span class='ocrx_word' id='word_1_43' title='bbox 6 909 7 917; x_wconf 33' lang='grc' dir='ltr'>η</span> <span class='ocrx_word' id='word_1_44' title='bbox 23 895 141 927; x_wconf 71' lang='lat' dir='ltr'>Necessitas</span> 
     </span>
     <span class='ocr_line' id='line_1_8' title="bbox 6 925 122 951; baseline -0.017 -6"><span class='ocrx_word' id='word_1_45' title='bbox 6 927 7 934; x_wconf 68' lang='lat'><strong>¹</strong></span> <span class='ocrx_word' id='word_1_46' title='bbox 37 925 122 951; x_wconf 75' lang='lat' dir='ltr'>gratiae.</span> 
     </span>
    </p>
   </div>
   <div class='ocr_carea' id='block_1_6' title="bbox 8 1057 157 1080">
    <p class='ocr_par' dir='ltr' id='par_1_6' title="bbox 8 1057 157 1080">
     <span class='ocr_line' id='line_1_9' title="bbox 8 1057 157 1080; baseline -0.007 -2"><span class='ocrx_word' id='word_1_47' title='bbox 8 1057 81 1080; x_wconf 82' lang='lat' dir='ltr'>Decem</span> <span class='ocrx_word' id='word_1_48' title='bbox 89 1061 157 1077; x_wconf 76' lang='lat' dir='ltr'>mnas.</span> 
     </span>
    </p>
   </div>
   <div class='ocr_carea' id='block_1_7' title="bbox 5 2335 147 2417">
    <p class='ocr_par' dir='ltr' id='par_1_7' title="bbox 5 2335 147 2417">
     <span class='ocr_line' id='line_1_10' title="bbox 5 2335 147 2393; baseline 0 -9"><span class='ocrx_word' id='word_1_49' title='bbox 5 2335 147 2393; x_wconf 56' lang='grc' dir='ltr'>ῗιὲἐὲἰὲξίἒέἷῑ</span> 
     </span>
     <span class='ocr_line' id='line_1_11' title="bbox 10 2391 141 2417; baseline -0.008 -6"><span class='ocrx_word' id='word_1_50' title='bbox 10 2391 141 2417; x_wconf 73' lang='lat' dir='ltr'>sapientiam.</span> 
     </span>
    </p>
   </div>
   <div class='ocr_carea' id='block_1_8' title="bbox 163 514 1133 2427">
    <p class='ocr_par' dir='ltr' id='par_1_8' title="bbox 163 514 1133 2268">
     <span class='ocr_line' id='line_1_12' title="bbox 166 514 1131 558; baseline -0.001 -10"><span class='ocrx_word' id='word_1_51' title='bbox 166 524 225 558; x_wconf 91' lang='lat' dir='ltr'>pro</span> <span class='ocrx_word' id='word_1_52' title='bbox 248 515 354 548; x_wconf 89' lang='lat' dir='ltr'>anima</span> <span class='ocrx_word' id='word_1_53' title='bbox 385 514 454 548; x_wconf 92' lang='lat' dir='ltr'>eius</span> <span class='ocrx_word' id='word_1_54' title='bbox 475 527 506 546; x_wconf 83' lang='lat'>».</span> <span class='ocrx_word' id='word_1_55' title='bbox 534 514 569 547; x_wconf 88' lang='lat' dir='ltr'>Et</span> <span class='ocrx_word' id='word_1_56' title='bbox 599 514 638 547; x_wconf 91' lang='lat' dir='ltr'>de</span> <span class='ocrx_word' id='word_1_57' title='bbox 661 514 712 547; x_wconf 92' lang='lat' dir='ltr'>his</span> <span class='ocrx_word' id='word_1_58' title='bbox 743 514 864 556; x_wconf 79' lang='lat' dir='ltr'>primae</span> <span class='ocrx_word' id='word_1_59' title='bbox 896 514 978 547; x_wconf 85' lang='lat' dir='ltr'>Petri</span> <span class='ocrx_word' id='word_1_60' title='bbox 1002 514 1131 557; x_wconf 87' lang='lat' dir='ltr'>quinto:</span> 
     </span>
     <span class='ocr_line' id='line_1_13' title="bbox 170 567 1133 610; baseline 0.001 -11"><span class='ocrx_word' id='word_1_61' title='bbox 170 582 186 598; x_wconf 74' lang='grc' dir='ltr'><strong>α</strong></span> <span class='ocrx_word' id='word_1_62' title='bbox 203 568 363 607; x_wconf 81' lang='lat' dir='ltr'>seniores,</span> <span class='ocrx_word' id='word_1_63' title='bbox 388 567 506 610; x_wconf 88' lang='lat' dir='ltr'>pascite</span> <span class='ocrx_word' id='word_1_64' title='bbox 530 567 584 610; x_wconf 91' lang='lat' dir='ltr'>qui</span> <span class='ocrx_word' id='word_1_65' title='bbox 610 567 642 600; x_wconf 93' lang='lat' dir='ltr'>in</span> <span class='ocrx_word' id='word_1_66' title='bbox 666 567 756 600; x_wconf 91' lang='lat' dir='ltr'>vobis</span> <span class='ocrx_word' id='word_1_67' title='bbox 778 571 826 600; x_wconf 91' lang='lat' dir='ltr'>est</span> <span class='ocrx_word' id='word_1_68' title='bbox 849 576 992 610; x_wconf 81' lang='lat' dir='ltr'>gregem,</span> <span class='ocrx_word' id='word_1_69' title='bbox 1009 577 1071 601; x_wconf 91' lang='lat' dir='ltr'>non</span> <span class='ocrx_word' id='word_1_70' title='bbox 1096 571 1133 600; x_wconf 92' lang='lat' dir='ltr'>ut</span> 
     </span>
     <span class='ocr_line' id='line_1_14' title="bbox 165 619 1133 663; baseline -0.002 -8"><span class='ocrx_word' id='word_1_71' title='bbox 165 621 361 655; x_wconf 84' lang='lat' dir='ltr'>dominantes</span> <span class='ocrx_word' id='word_1_72' title='bbox 385 621 416 653; x_wconf 92' lang='lat' dir='ltr'>in</span> <span class='ocrx_word' id='word_1_73' title='bbox 441 620 620 659; x_wconf 83' lang='lat' dir='ltr'>cter0,·sed</span> <span class='ocrx_word' id='word_1_74' title='bbox 644 619 746 653; x_wconf 88' lang='lat' dir='ltr'>forma</span> <span class='ocrx_word' id='word_1_75' title='bbox 772 620 845 653; x_wconf 86' lang='lat' dir='ltr'>facti</span> <span class='ocrx_word' id='word_1_76' title='bbox 869 620 975 663; x_wconf 88' lang='lat' dir='ltr'>gregis</span> <span class='ocrx_word' id='word_1_77' title='bbox 1002 629 1044 654; x_wconf 84' lang='lat' dir='ltr'>ex</span> <span class='ocrx_word' id='word_1_78' title='bbox 1065 620 1133 653; x_wconf 88' lang='lat' dir='ltr'>ani-</span> 
     </span>
     <span class='ocr_line' id='line_1_15' title="bbox 165 674 1132 716; baseline -0.001 -8"><span class='ocrx_word' id='word_1_79' title='bbox 165 685 218 709; x_wconf 91' lang='lat' dir='ltr'>mo</span> <span class='ocrx_word' id='word_1_80' title='bbox 232 689 263 708; x_wconf 66' lang='grc' dir='ltr'>ι).</span> <span class='ocrx_word' id='word_1_81' title='bbox 289 675 323 708; x_wconf 87' lang='lat' dir='ltr'>Hi</span> <span class='ocrx_word' id='word_1_82' title='bbox 347 675 499 708; x_wconf 91' lang='lat' dir='ltr'>dicuntur</span> <span class='ocrx_word' id='word_1_83' title='bbox 523 683 592 707; x_wconf 90' lang='lat' dir='ltr'>esse</span> <span class='ocrx_word' id='word_1_84' title='bbox 615 674 723 707; x_wconf 84' lang='lat' dir='ltr'>decem</span> <span class='ocrx_word' id='word_1_85' title='bbox 756 674 822 708; x_wconf 83' lang='lat' dir='ltr'>sive</span> <span class='ocrx_word' id='word_1_86' title='bbox 846 678 977 716; x_wconf 90' lang='lat' dir='ltr'>propter</span> <span class='ocrx_word' id='word_1_87' title='bbox 1006 674 1132 707; x_wconf 88' lang='lat' dir='ltr'>numeri</span> 
     </span>
     <span class='ocr_line' id='line_1_16' title="bbox 166 726 1132 769; baseline -0.002 -7"><span class='ocrx_word' id='word_1_88' title='bbox 166 727 405 767; x_wconf 86' lang='lat' dir='ltr'>sufficientiam,</span> <span class='ocrx_word' id='word_1_89' title='bbox 430 727 495 760; x_wconf 91' lang='lat' dir='ltr'>sive</span> <span class='ocrx_word' id='word_1_90' title='bbox 519 730 650 769; x_wconf 88' lang='lat' dir='ltr'>propter</span> <span class='ocrx_word' id='word_1_91' title='bbox 674 727 749 766; x_wconf 89' lang='lat' dir='ltr'>hoc,</span> <span class='ocrx_word' id='word_1_92' title='bbox 774 726 860 769; x_wconf 84' lang='lat' dir='ltr'>quod</span> <span class='ocrx_word' id='word_1_93' title='bbox 890 736 984 767; x_wconf 82' lang='lat' dir='ltr'>omne</span> <span class='ocrx_word' id='word_1_94' title='bbox 1015 727 1132 760; x_wconf 80' lang='lat' dir='ltr'>Christi</span> 
     </span>
     <span class='ocr_line' id='line_1_17' title="bbox 166 779 1132 822; baseline -0.001 -8"><span class='ocrx_word' id='word_1_95' title='bbox 166 781 331 814; x_wconf 88' lang='lat' dir='ltr'>servitium</span> <span class='ocrx_word' id='word_1_96' title='bbox 356 779 522 813; x_wconf 83' lang='lat' dir='ltr'>reducitur</span> <span class='ocrx_word' id='word_1_97' title='bbox 552 779 592 812; x_wconf 87' lang='lat' dir='ltr'>ad</span> <span class='ocrx_word' id='word_1_98' title='bbox 623 779 858 813; x_wconf 83' lang='lat' dir='ltr'>observantiam</span> <span class='ocrx_word' id='word_1_99' title='bbox 882 780 1053 822; x_wconf 77' lang='lat' dir='ltr'>perfectam</span> <span class='ocrx_word' id='word_1_100' title='bbox 1078 780 1132 813; x_wconf 91' lang='lat' dir='ltr'>de-</span> 
     </span>
     <span class='ocr_line' id='line_1_18' title="bbox 165 833 1133 876; baseline -0.001 -9"><span class='ocrx_word' id='word_1_101' title='bbox 165 842 232 867; x_wconf 91' lang='lat' dir='ltr'>cem</span> <span class='ocrx_word' id='word_1_102' title='bbox 259 833 496 872; x_wconf 90' lang='lat' dir='ltr'>mandatorum;</span> <span class='ocrx_word' id='word_1_103' title='bbox 522 842 661 875; x_wconf 90' lang='lat' dir='ltr'>quorum</span> <span class='ocrx_word' id='word_1_104' title='bbox 685 833 840 866; x_wconf 75' lang='lat' dir='ltr'>noticiam</span> <span class='ocrx_word' id='word_1_105' title='bbox 856 833 1030 866; x_wconf 80' lang='lat' dir='ltr'>litteralem</span> <span class='ocrx_word' id='word_1_106' title='bbox 1053 834 1133 876; x_wconf 79' lang='lat' dir='ltr'>Apo-</span> 
     </span>
     <span class='ocr_line' id='line_1_19' title="bbox 164 886 1133 930; baseline -0.001 -9"><span class='ocrx_word' id='word_1_107' title='bbox 164 887 236 922; x_wconf 89' lang='lat' dir='ltr'>stoli</span> <span class='ocrx_word' id='word_1_108' title='bbox 260 887 419 920; x_wconf 90' lang='lat' dir='ltr'>habebant</span> <span class='ocrx_word' id='word_1_109' title='bbox 442 887 569 929; x_wconf 85' lang='lat' dir='ltr'>exlege</span> <span class='ocrx_word' id='word_1_110' title='bbox 592 886 750 929; x_wconf 88' lang='lat' dir='ltr'>decalogi;</span> <span class='ocrx_word' id='word_1_111' title='bbox 775 886 829 920; x_wconf 87' lang='lat' dir='ltr'>sed</span> <span class='ocrx_word' id='word_1_112' title='bbox 848 887 1061 930; x_wconf 77' lang='lat' dir='ltr'>spiritualem</span> <span class='ocrx_word' id='word_1_113' title='bbox 1085 887 1133 920; x_wconf 90' lang='lat' dir='ltr'>in-</span> 
     </span>
     <span class='ocr_line' id='line_1_20' title="bbox 163 940 1133 984; baseline 0 -9"><span class='ocrx_word' id='word_1_114' title='bbox 163 941 368 984; x_wconf 87' lang='lat' dir='ltr'>telligentiam</span> <span class='ocrx_word' id='word_1_115' title='bbox 397 944 429 974; x_wconf 86' lang='lat' dir='ltr'>et</span> <span class='ocrx_word' id='word_1_116' title='bbox 459 940 708 974; x_wconf 72' lang='lat' dir='ltr'>observantiam</span> <span class='ocrx_word' id='word_1_117' title='bbox 736 940 922 984; x_wconf 79' lang='lat' dir='ltr'>perfectam</span> <span class='ocrx_word' id='word_1_118' title='bbox 940 951 1004 975; x_wconf 90' lang='lat' dir='ltr'>non</span> <span class='ocrx_word' id='word_1_119' title='bbox 1035 942 1133 975; x_wconf 86' lang='lat' dir='ltr'>habe-</span> 
     </span>
     <span class='ocr_line' id='line_1_21' title="bbox 164 993 1133 1036; baseline -0.001 -8"><span class='ocrx_word' id='word_1_120' title='bbox 164 995 240 1028; x_wconf 89' lang='lat' dir='ltr'>bant</span> <span class='ocrx_word' id='word_1_121' title='bbox 270 994 330 1028; x_wconf 90' lang='lat' dir='ltr'>nisi</span> <span class='ocrx_word' id='word_1_122' title='bbox 358 1003 416 1036; x_wconf 91' lang='lat' dir='ltr'>per</span> <span class='ocrx_word' id='word_1_123' title='bbox 446 994 581 1036; x_wconf 83' lang='lat' dir='ltr'>gratiam</span> <span class='ocrx_word' id='word_1_124' title='bbox 614 993 729 1026; x_wconf 88' lang='lat' dir='ltr'>datam.</span> <span class='ocrx_word' id='word_1_125' title='bbox 755 993 826 1027; x_wconf 89' lang='lat' dir='ltr'>Ideo</span> <span class='ocrx_word' id='word_1_126' title='bbox 857 994 974 1028; x_wconf 92' lang='lat' dir='ltr'>dicitur</span> <span class='ocrx_word' id='word_1_127' title='bbox 1005 995 1133 1028; x_wconf 75' lang='lat' dir='ltr'>dedisse</span> 
     </span>
     <span class='ocr_line' id='line_1_22' title="bbox 164 1047 1133 1090; baseline 0 -9"><span class='ocrx_word' id='word_1_128' title='bbox 164 1049 272 1082; x_wconf 79' lang='lat' dir='ltr'>decem</span> <span class='ocrx_word' id='word_1_129' title='bbox 304 1057 419 1088; x_wconf 76' lang='lat' dir='ltr'>mnas,</span> <span class='ocrx_word' id='word_1_130' title='bbox 455 1047 487 1081; x_wconf 91' lang='lat' dir='ltr'>id</span> <span class='ocrx_word' id='word_1_131' title='bbox 518 1051 566 1081; x_wconf 87' lang='lat' dir='ltr'>est</span> <span class='ocrx_word' id='word_1_132' title='bbox 600 1047 735 1090; x_wconf 85' lang='lat' dir='ltr'>gratiam</span> <span class='ocrx_word' id='word_1_133' title='bbox 764 1047 973 1081; x_wconf 87' lang='lat' dir='ltr'>sufficientem</span> <span class='ocrx_word' id='word_1_134' title='bbox 1009 1048 1048 1081; x_wconf 89' lang='lat' dir='ltr'>ad</span> <span class='ocrx_word' id='word_1_135' title='bbox 1079 1048 1133 1082; x_wconf 89' lang='lat' dir='ltr'>illa</span> 
     </span>
     <span class='ocr_line' id='line_1_23' title="bbox 164 1100 1132 1145; baseline 0 -10"><span class='ocrx_word' id='word_1_136' title='bbox 164 1105 332 1145; x_wconf 85' lang='lat' dir='ltr'>praecepta</span> <span class='ocrx_word' id='word_1_137' title='bbox 346 1101 562 1144; x_wconf 86' lang='lat' dir='ltr'>intelligenda,</span> <span class='ocrx_word' id='word_1_138' title='bbox 588 1100 746 1143; x_wconf 87' lang='lat' dir='ltr'>implenda</span> <span class='ocrx_word' id='word_1_139' title='bbox 762 1104 793 1134; x_wconf 91' lang='lat' dir='ltr'>et</span> <span class='ocrx_word' id='word_1_140' title='bbox 809 1101 1027 1144; x_wconf 83' lang='lat' dir='ltr'>praedicanda.</span> <span class='ocrx_word' id='word_1_141' title='bbox 1045 1102 1132 1135; x_wconf 90' lang='lat' dir='ltr'>Unde</span> 
     </span>
     <span class='ocr_line' id='line_1_24' title="bbox 164 1154 1132 1198; baseline -0.001 -9"><span class='ocrx_word' id='word_1_142' title='bbox 164 1155 286 1189; x_wconf 80' lang='lat' dir='ltr'>Beda2:</span> <span class='ocrx_word' id='word_1_143' title='bbox 316 1169 332 1185; x_wconf 75' lang='grc' dir='ltr'>«ι</span> <span class='ocrx_word' id='word_1_144' title='bbox 357 1156 455 1188; x_wconf 84' lang='lat' dir='ltr'>Vocat</span> <span class='ocrx_word' id='word_1_145' title='bbox 471 1155 580 1188; x_wconf 83' lang='lat' dir='ltr'>decem</span> <span class='ocrx_word' id='word_1_146' title='bbox 603 1164 731 1194; x_wconf 71' lang='lat' dir='ltr'>servo-9,</span> <span class='ocrx_word' id='word_1_147' title='bbox 755 1154 832 1188; x_wconf 88' lang='lat' dir='ltr'>dum</span> <span class='ocrx_word' id='word_1_148' title='bbox 849 1155 936 1198; x_wconf 86' lang='lat' dir='ltr'>eligit</span> <span class='ocrx_word' id='word_1_149' title='bbox 958 1155 1132 1197; x_wconf 88' lang='lat' dir='ltr'>discipulos</span> 
     </span>
     <span class='ocr_line' id='line_1_25' title="bbox 164 1208 1132 1251; baseline -0.002 -9"><span class='ocrx_word' id='word_1_150' title='bbox 164 1209 269 1242; x_wconf 87' lang='lat' dir='ltr'>littera</span> <span class='ocrx_word' id='word_1_151' title='bbox 292 1208 431 1251; x_wconf 83' lang='lat' dir='ltr'>decalogi</span> <span class='ocrx_word' id='word_1_152' title='bbox 445 1208 602 1248; x_wconf 88' lang='lat' dir='ltr'>imbut0s;</span> <span class='ocrx_word' id='word_1_153' title='bbox 627 1208 686 1241; x_wconf 86' lang='lat' dir='ltr'>dat</span> <span class='ocrx_word' id='word_1_154' title='bbox 701 1209 809 1241; x_wconf 83' lang='lat' dir='ltr'>decem</span> <span class='ocrx_word' id='word_1_155' title='bbox 832 1218 948 1247; x_wconf 64' lang='lat' dir='ltr'>mnae,</span> <span class='ocrx_word' id='word_1_156' title='bbox 968 1208 1043 1241; x_wconf 91' lang='lat' dir='ltr'>dum</span> <span class='ocrx_word' id='word_1_157' title='bbox 1061 1211 1132 1250; x_wconf 90' lang='lat' dir='ltr'>post</span> 
     </span>
     <span class='ocr_line' id='line_1_26' title="bbox 164 1261 1132 1304; baseline -0.002 -8"><span class='ocrx_word' id='word_1_158' title='bbox 164 1262 430 1296; x_wconf 79' lang='lat' dir='ltr'>resurrectionem</span> <span class='ocrx_word' id='word_1_159' title='bbox 447 1262 549 1304; x_wconf 89' lang='lat' dir='ltr'>aperit</span> <span class='ocrx_word' id='word_1_160' title='bbox 565 1271 693 1295; x_wconf 90' lang='lat' dir='ltr'>sensum</span> <span class='ocrx_word' id='word_1_161' title='bbox 719 1262 781 1301; x_wconf 89' lang='lat' dir='ltr'>eis,</span> <span class='ocrx_word' id='word_1_162' title='bbox 799 1264 836 1295; x_wconf 93' lang='lat' dir='ltr'>ut</span> <span class='ocrx_word' id='word_1_163' title='bbox 859 1261 1067 1304; x_wconf 87' lang='lat' dir='ltr'>spiritualiter</span> <span class='ocrx_word' id='word_1_164' title='bbox 1084 1261 1132 1294; x_wconf 89' lang='lat' dir='ltr'>in-</span> 
     </span>
     <span class='ocr_line' id='line_1_27' title="bbox 164 1314 1131 1358; baseline -0.001 -10"><span class='ocrx_word' id='word_1_165' title='bbox 164 1315 306 1358; x_wconf 84' lang='lat' dir='ltr'>telligant</span> <span class='ocrx_word' id='word_1_166' title='bbox 341 1315 430 1358; x_wconf 85' lang='lat' dir='ltr'>Legis</span> <span class='ocrx_word' id='word_1_167' title='bbox 464 1315 547 1348; x_wconf 85' lang='lat' dir='ltr'>dicta</span> <span class='ocrx_word' id='word_1_168' title='bbox 564 1328 594 1347; x_wconf 69' lang='lat' dir='ltr'>n.</span> <span class='ocrx_word' id='word_1_169' title='bbox 620 1315 657 1348; x_wconf 93' lang='lat' dir='ltr'>Et</span> <span class='ocrx_word' id='word_1_170' title='bbox 691 1315 751 1348; x_wconf 88' lang='lat' dir='ltr'>hoc</span> <span class='ocrx_word' id='word_1_171' title='bbox 786 1315 878 1357; x_wconf 82' lang='lat' dir='ltr'>plene</span> <span class='ocrx_word' id='word_1_172' title='bbox 911 1314 1031 1348; x_wconf 86' lang='lat' dir='ltr'>sactum</span> <span class='ocrx_word' id='word_1_173' title='bbox 1066 1317 1131 1354; x_wconf 89' lang='lat' dir='ltr'>est,</span> 
     </span>
     <span class='ocr_line' id='line_1_28' title="bbox 165 1368 1130 1411; baseline 0 -10"><span class='ocrx_word' id='word_1_174' title='bbox 165 1368 291 1411; x_wconf 89' lang='lat' dir='ltr'>quando</span> <span class='ocrx_word' id='word_1_175' title='bbox 315 1377 372 1411; x_wconf 91' lang='lat' dir='ltr'>per</span> <span class='ocrx_word' id='word_1_176' title='bbox 392 1368 545 1411; x_wconf 92' lang='lat' dir='ltr'>Spiritum</span> <span class='ocrx_word' id='word_1_177' title='bbox 562 1371 707 1402; x_wconf 87' lang='lat' dir='ltr'>sanctum</span> <span class='ocrx_word' id='word_1_178' title='bbox 730 1368 832 1401; x_wconf 80' lang='lat' dir='ltr'>edocti</span> <span class='ocrx_word' id='word_1_179' title='bbox 849 1372 924 1401; x_wconf 89' lang='lat' dir='ltr'>sunt</span> <span class='ocrx_word' id='word_1_180' title='bbox 948 1368 1130 1408; x_wconf 81' lang='lat' dir='ltr'>veritatem3</span> 
     </span>
     <span class='ocr_line' id='line_1_29' title="bbox 164 1421 1131 1464; baseline -0.001 -9"><span class='ocrx_word' id='word_1_181' title='bbox 164 1422 248 1456; x_wconf 90' lang='lat' dir='ltr'>unde</span> <span class='ocrx_word' id='word_1_182' title='bbox 273 1422 395 1455; x_wconf 89' lang='lat' dir='ltr'>loannis</span> <span class='ocrx_word' id='word_1_183' title='bbox 418 1422 540 1455; x_wconf 87' lang='lat' dir='ltr'>decimo</span> <span class='ocrx_word' id='word_1_184' title='bbox 563 1422 698 1455; x_wconf 74' lang='lat' dir='ltr'>sexto³:</span> <span class='ocrx_word' id='word_1_185' title='bbox 721 1435 738 1451; x_wconf 90' lang='lat'>«</span> <span class='ocrx_word' id='word_1_186' title='bbox 753 1421 832 1454; x_wconf 92' lang='lat' dir='ltr'>Cum</span> <span class='ocrx_word' id='word_1_187' title='bbox 849 1422 971 1455; x_wconf 88' lang='lat' dir='ltr'>venerit</span> <span class='ocrx_word' id='word_1_188' title='bbox 995 1421 1046 1455; x_wconf 88' lang='lat' dir='ltr'>ille</span> <span class='ocrx_word' id='word_1_189' title='bbox 1063 1422 1131 1464; x_wconf 88' lang='lat' dir='ltr'>Spi-</span> 
     </span>
     <span class='ocr_line' id='line_1_30' title="bbox 166 1474 1131 1515; baseline -0.001 -7"><span class='ocrx_word' id='word_1_190' title='bbox 166 1475 249 1509; x_wconf 88' lang='lat' dir='ltr'>ritus</span> <span class='ocrx_word' id='word_1_191' title='bbox 272 1475 432 1515; x_wconf 88' lang='lat' dir='ltr'>veritatis,</span> <span class='ocrx_word' id='word_1_192' title='bbox 455 1474 580 1508; x_wconf 85' lang='lat' dir='ltr'>docebit</span> <span class='ocrx_word' id='word_1_193' title='bbox 611 1484 668 1508; x_wconf 89' lang='lat' dir='ltr'>vos</span> <span class='ocrx_word' id='word_1_194' title='bbox 683 1487 699 1504; x_wconf 82' lang='grc'><em>»</em></span> <span class='ocrx_word' id='word_1_195' title='bbox 732 1477 791 1507; x_wconf 81' lang='lat' dir='ltr'>etc.</span> <span class='ocrx_word' id='word_1_196' title='bbox 824 1474 915 1507; x_wconf 87' lang='lat' dir='ltr'>Dedit</span> <span class='ocrx_word' id='word_1_197' title='bbox 938 1477 1045 1507; x_wconf 88' lang='lat' dir='ltr'>autem</span> <span class='ocrx_word' id='word_1_198' title='bbox 1076 1475 1131 1507; x_wconf 85' lang='lat' dir='ltr'>de-</span> 
     </span>
     <span class='ocr_line' id='line_1_31' title="bbox 165 1527 1130 1570; baseline -0.002 -8"><span class='ocrx_word' id='word_1_199' title='bbox 165 1538 233 1562; x_wconf 86' lang='lat' dir='ltr'>cem</span> <span class='ocrx_word' id='word_1_200' title='bbox 256 1538 346 1562; x_wconf 90' lang='lat' dir='ltr'>mnas</span> <span class='ocrx_word' id='word_1_201' title='bbox 373 1528 412 1561; x_wconf 88' lang='lat' dir='ltr'>ad</span> <span class='ocrx_word' id='word_1_202' title='bbox 443 1528 664 1561; x_wconf 85' lang='lat' dir='ltr'>insinuandam</span> <span class='ocrx_word' id='word_1_203' title='bbox 688 1527 925 1570; x_wconf 83' lang='lat' dir='ltr'>intelligentiam</span> <span class='ocrx_word' id='word_1_204' title='bbox 958 1528 1130 1570; x_wconf 82' lang='lat' dir='ltr'>perfectam</span> 
     </span>
     <span class='ocr_line' id='line_1_32' title="bbox 165 1581 1130 1625; baseline -0.001 -10"><span class='ocrx_word' id='word_1_205' title='bbox 165 1582 425 1625; x_wconf 90' lang='lat' dir='ltr'>Scripturarum;</span> <span class='ocrx_word' id='word_1_206' title='bbox 450 1581 535 1615; x_wconf 90' lang='lat' dir='ltr'>unde</span> <span class='ocrx_word' id='word_1_207' title='bbox 557 1581 667 1615; x_wconf 89' lang='lat' dir='ltr'>Glossa</span> <span class='ocrx_word' id='word_1_208' title='bbox 682 1581 718 1614; x_wconf 72' lang='lat'>4:</span> <span class='ocrx_word' id='word_1_209' title='bbox 749 1594 764 1610; x_wconf 78' lang='grc' dir='ltr'><em>α</em></span> <span class='ocrx_word' id='word_1_210' title='bbox 782 1581 854 1614; x_wconf 88' lang='lat' dir='ltr'>Mna</span> <span class='ocrx_word' id='word_1_211' title='bbox 876 1581 985 1614; x_wconf 90' lang='lat' dir='ltr'>decem</span> <span class='ocrx_word' id='word_1_212' title='bbox 1015 1581 1130 1615; x_wconf 84' lang='lat' dir='ltr'>drach-</span> 
     </span>
     <span class='ocr_line' id='line_1_33' title="bbox 165 1634 1130 1678; baseline -0.001 -9"><span class='ocrx_word' id='word_1_213' title='bbox 165 1645 232 1669; x_wconf 90' lang='lat' dir='ltr'>mas</span> <span class='ocrx_word' id='word_1_214' title='bbox 254 1635 419 1678; x_wconf 89' lang='lat' dir='ltr'>appendit;</span> <span class='ocrx_word' id='word_1_215' title='bbox 445 1638 477 1669; x_wconf 90' lang='lat' dir='ltr'>et</span> <span class='ocrx_word' id='word_1_216' title='bbox 500 1635 602 1668; x_wconf 92' lang='lat' dir='ltr'>omnis</span> <span class='ocrx_word' id='word_1_217' title='bbox 626 1635 809 1677; x_wconf 89' lang='lat' dir='ltr'>Scripturae</span> <span class='ocrx_word' id='word_1_218' title='bbox 836 1643 959 1675; x_wconf 89' lang='lat' dir='ltr'>sermo,</span> <span class='ocrx_word' id='word_1_219' title='bbox 990 1634 1066 1678; x_wconf 90' lang='lat' dir='ltr'>quia</span> <span class='ocrx_word' id='word_1_220' title='bbox 1084 1635 1130 1668; x_wconf 89' lang='lat' dir='ltr'>vi-</span> 
     </span>
     <span class='ocr_line' id='line_1_34' title="bbox 164 1688 1130 1732; baseline -0.001 -9"><span class='ocrx_word' id='word_1_221' title='bbox 164 1693 214 1723; x_wconf 89' lang='lat' dir='ltr'>tae</span> <span class='ocrx_word' id='word_1_222' title='bbox 241 1689 383 1723; x_wconf 86' lang='lat' dir='ltr'>caelestis</span> <span class='ocrx_word' id='word_1_223' title='bbox 411 1689 635 1732; x_wconf 81' lang='lat' dir='ltr'>perfectionem</span> <span class='ocrx_word' id='word_1_224' title='bbox 659 1688 815 1731; x_wconf 85' lang='lat' dir='ltr'>suggerit,</span> <span class='ocrx_word' id='word_1_225' title='bbox 842 1688 932 1731; x_wconf 88' lang='lat' dir='ltr'>quasi</span> <span class='ocrx_word' id='word_1_226' title='bbox 958 1689 1130 1722; x_wconf 88' lang='lat' dir='ltr'>centenarii</span> 
     </span>
     <span class='ocr_line' id='line_1_35' title="bbox 165 1741 1130 1786; baseline -0.001 -10"><span class='ocrx_word' id='word_1_227' title='bbox 165 1743 291 1777; x_wconf 88' lang='lat' dir='ltr'>numeri</span> <span class='ocrx_word' id='word_1_228' title='bbox 315 1743 455 1786; x_wconf 86' lang='lat' dir='ltr'>pondere</span> <span class='ocrx_word' id='word_1_229' title='bbox 470 1742 570 1785; x_wconf 82' lang='lat' dir='ltr'>fulget</span> <span class='ocrx_word' id='word_1_230' title='bbox 584 1755 616 1774; x_wconf 69' lang='lat' dir='ltr'>n.</span> <span class='ocrx_word' id='word_1_231' title='bbox 634 1742 665 1774; x_wconf 91' lang='lat' dir='ltr'>In</span> <span class='ocrx_word' id='word_1_232' title='bbox 683 1742 776 1775; x_wconf 92' lang='lat' dir='ltr'>cuius</span> <span class='ocrx_word' id='word_1_233' title='bbox 798 1741 1045 1784; x_wconf 86' lang='lat' dir='ltr'>designationem</span> <span class='ocrx_word' id='word_1_234' title='bbox 1063 1742 1130 1784; x_wconf 89' lang='lat' dir='ltr'>Spi-</span> 
     </span>
     <span class='ocr_line' id='line_1_36' title="bbox 165 1795 1132 1839; baseline 0 -10"><span class='ocrx_word' id='word_1_235' title='bbox 165 1796 248 1830; x_wconf 87' lang='lat' dir='ltr'>ritus</span> <span class='ocrx_word' id='word_1_236' title='bbox 271 1796 323 1830; x_wconf 87' lang='lat' dir='ltr'>ille</span> <span class='ocrx_word' id='word_1_237' title='bbox 355 1796 440 1831; x_wconf 87' lang='lat' dir='ltr'>venit</span> <span class='ocrx_word' id='word_1_238' title='bbox 471 1799 543 1839; x_wconf 89' lang='lat' dir='ltr'>post</span> <span class='ocrx_word' id='word_1_239' title='bbox 570 1795 784 1829; x_wconf 87' lang='lat' dir='ltr'>ascensionem</span> <span class='ocrx_word' id='word_1_240' title='bbox 817 1795 925 1829; x_wconf 89' lang='lat' dir='ltr'>decem</span> <span class='ocrx_word' id='word_1_241' title='bbox 957 1795 1069 1829; x_wconf 90' lang='lat' dir='ltr'>diebus</span> <span class='ocrx_word' id='word_1_242' title='bbox 1100 1799 1132 1829; x_wconf 91' lang='lat' dir='ltr'>et</span> 
     </span>
     <span class='ocr_line' id='line_1_37' title="bbox 165 1849 1130 1892; baseline 0 -9"><span class='ocrx_word' id='word_1_243' title='bbox 165 1850 327 1884; x_wconf 89' lang='lat' dir='ltr'>descendit</span> <span class='ocrx_word' id='word_1_244' title='bbox 350 1858 448 1892; x_wconf 89' lang='lat' dir='ltr'>super</span> <span class='ocrx_word' id='word_1_245' title='bbox 478 1849 647 1883; x_wconf 87' lang='lat' dir='ltr'>duodecies</span> <span class='ocrx_word' id='word_1_246' title='bbox 678 1849 806 1889; x_wconf 89' lang='lat' dir='ltr'>decem,</span> <span class='ocrx_word' id='word_1_247' title='bbox 830 1849 861 1882; x_wconf 89' lang='lat' dir='ltr'>id</span> <span class='ocrx_word' id='word_1_248' title='bbox 893 1853 941 1883; x_wconf 85' lang='lat' dir='ltr'>est</span> <span class='ocrx_word' id='word_1_249' title='bbox 969 1862 985 1879; x_wconf 73' lang='grc' dir='ltr'><strong>α</strong></span> <span class='ocrx_word' id='word_1_250' title='bbox 1002 1853 1130 1883; x_wconf 88' lang='lat' dir='ltr'>centum</span> 
     </span>
     <span class='ocr_line' id='line_1_38' title="bbox 166 1903 1132 1946; baseline 0 -9"><span class='ocrx_word' id='word_1_251' title='bbox 166 1903 306 1946; x_wconf 85' lang='lat' dir='ltr'>viginti⁵</span> <span class='ocrx_word' id='word_1_252' title='bbox 331 1916 347 1933; x_wconf 69' lang='lat' dir='ltr'>a&gt;</span> <span class='ocrx_word' id='word_1_253' title='bbox 382 1903 421 1936; x_wconf 92' lang='lat' dir='ltr'>ad</span> <span class='ocrx_word' id='word_1_254' title='bbox 456 1903 681 1945; x_wconf 83' lang='lat' dir='ltr'>perfectionem</span> <span class='ocrx_word' id='word_1_255' title='bbox 718 1903 884 1937; x_wconf 89' lang='lat' dir='ltr'>ministerii</span> <span class='ocrx_word' id='word_1_256' title='bbox 921 1906 953 1937; x_wconf 90' lang='lat' dir='ltr'>et</span> <span class='ocrx_word' id='word_1_257' title='bbox 988 1903 1132 1946; x_wconf 81' lang='lat' dir='ltr'>corporis</span> 
     </span>
     <span class='ocr_line' id='line_1_39' title="bbox 167 1956 1131 2000; baseline 0 -10"><span class='ocrx_word' id='word_1_258' title='bbox 167 1957 305 1999; x_wconf 87' lang='lat' dir='ltr'>mystici,</span> <span class='ocrx_word' id='word_1_259' title='bbox 330 1956 506 1990; x_wconf 88' lang='lat' dir='ltr'>secundum</span> <span class='ocrx_word' id='word_1_260' title='bbox 531 1956 609 1990; x_wconf 92' lang='lat' dir='ltr'>illud</span> <span class='ocrx_word' id='word_1_261' title='bbox 633 1956 672 1990; x_wconf 90' lang='lat' dir='ltr'>ad</span> <span class='ocrx_word' id='word_1_262' title='bbox 697 1957 848 1999; x_wconf 86' lang='lat' dir='ltr'>Ephesios</span> <span class='ocrx_word' id='word_1_263' title='bbox 875 1960 1008 2000; x_wconf 88' lang='lat' dir='ltr'>quarto:</span> <span class='ocrx_word' id='word_1_264' title='bbox 1038 1970 1054 1986; x_wconf 68' lang='grc' dir='ltr'>ιε</span> <span class='ocrx_word' id='word_1_265' title='bbox 1070 1957 1131 1999; x_wconf 87' lang='lat' dir='ltr'>Qui</span> 
     </span>
     <span class='ocr_line' id='line_1_40' title="bbox 164 2010 1132 2054; baseline 0.001 -11"><span class='ocrx_word' id='word_1_266' title='bbox 164 2010 342 2050; x_wconf 90' lang='lat' dir='ltr'>descendit,</span> <span class='ocrx_word' id='word_1_267' title='bbox 367 2010 434 2053; x_wconf 90' lang='lat' dir='ltr'>ipse</span> <span class='ocrx_word' id='word_1_268' title='bbox 458 2014 506 2043; x_wconf 87' lang='lat' dir='ltr'>est</span> <span class='ocrx_word' id='word_1_269' title='bbox 537 2014 568 2044; x_wconf 88' lang='lat' dir='ltr'>et</span> <span class='ocrx_word' id='word_1_270' title='bbox 599 2010 654 2053; x_wconf 89' lang='lat' dir='ltr'>qui</span> <span class='ocrx_word' id='word_1_271' title='bbox 686 2011 845 2051; x_wconf 90' lang='lat' dir='ltr'>ascendit,</span> <span class='ocrx_word' id='word_1_272' title='bbox 880 2015 918 2044; x_wconf 91' lang='lat' dir='ltr'>ut</span> <span class='ocrx_word' id='word_1_273' title='bbox 945 2011 1132 2054; x_wconf 89' lang='lat' dir='ltr'>adimpleret</span> 
     </span>
     <span class='ocr_line' id='line_1_41' title="bbox 164 2063 1131 2107; baseline 0.001 -10"><span class='ocrx_word' id='word_1_274' title='bbox 164 2063 279 2097; x_wconf 86' lang='lat' dir='ltr'>omnia.</span> <span class='ocrx_word' id='word_1_275' title='bbox 305 2064 341 2097; x_wconf 89' lang='lat' dir='ltr'>Et</span> <span class='ocrx_word' id='word_1_276' title='bbox 375 2064 442 2107; x_wconf 90' lang='lat' dir='ltr'>ipse</span> <span class='ocrx_word' id='word_1_277' title='bbox 477 2064 563 2098; x_wconf 86' lang='lat' dir='ltr'>dedit</span> <span class='ocrx_word' id='word_1_278' title='bbox 598 2064 750 2107; x_wconf 89' lang='lat' dir='ltr'>quosdam</span> <span class='ocrx_word' id='word_1_279' title='bbox 787 2064 916 2107; x_wconf 89' lang='lat' dir='ltr'>quidem</span> <span class='ocrx_word' id='word_1_280' title='bbox 951 2064 1131 2107; x_wconf 81' lang='lat' dir='ltr'>Apostolos,</span> 
     </span>
     <span class='ocr_line' id='line_1_42' title="bbox 165 2118 1131 2161; baseline 0 -10"><span class='ocrx_word' id='word_1_281' title='bbox 165 2118 317 2161; x_wconf 90' lang='lat' dir='ltr'>quosdam</span> <span class='ocrx_word' id='word_1_282' title='bbox 342 2122 448 2152; x_wconf 88' lang='lat' dir='ltr'>autem</span> <span class='ocrx_word' id='word_1_283' title='bbox 481 2118 671 2161; x_wconf 87' lang='lat' dir='ltr'>Prophetas,</span> <span class='ocrx_word' id='word_1_284' title='bbox 695 2118 774 2152; x_wconf 89' lang='lat' dir='ltr'>alios</span> <span class='ocrx_word' id='word_1_285' title='bbox 797 2127 875 2152; x_wconf 87' lang='lat' dir='ltr'>vero</span> <span class='ocrx_word' id='word_1_286' title='bbox 899 2118 1131 2161; x_wconf 87' lang='lat' dir='ltr'>Evangelistas,</span> 
     </span>
     <span class='ocr_line' id='line_1_43' title="bbox 164 2171 1131 2214; baseline -0.001 -9"><span class='ocrx_word' id='word_1_287' title='bbox 164 2171 242 2205; x_wconf 86' lang='lat' dir='ltr'>alios</span> <span class='ocrx_word' id='word_1_288' title='bbox 257 2175 365 2205; x_wconf 86' lang='lat' dir='ltr'>autem</span> <span class='ocrx_word' id='word_1_289' title='bbox 388 2175 532 2214; x_wconf 88' lang='lat' dir='ltr'>pastores</span> <span class='ocrx_word' id='word_1_290' title='bbox 547 2175 579 2205; x_wconf 91' lang='lat' dir='ltr'>et</span> <span class='ocrx_word' id='word_1_291' title='bbox 602 2172 747 2205; x_wconf 87' lang='lat' dir='ltr'>doctores</span> <span class='ocrx_word' id='word_1_292' title='bbox 762 2172 802 2205; x_wconf 88' lang='lat' dir='ltr'>ad</span> <span class='ocrx_word' id='word_1_293' title='bbox 826 2172 1131 2205; x_wconf 87' lang='lat' dir='ltr'>consummationem</span> 
     </span>
     <span class='ocr_line' id='line_1_44' title="bbox 165 2225 748 2268; baseline 0 -11"><span class='ocrx_word' id='word_1_294' title='bbox 165 2225 352 2258; x_wconf 88' lang='lat' dir='ltr'>Sanctorum</span> <span class='ocrx_word' id='word_1_295' title='bbox 375 2225 407 2258; x_wconf 90' lang='lat' dir='ltr'>in</span> <span class='ocrx_word' id='word_1_296' title='bbox 430 2233 512 2268; x_wconf 89' lang='lat' dir='ltr'>opus</span> <span class='ocrx_word' id='word_1_297' title='bbox 535 2225 748 2258; x_wconf 85' lang='lat' dir='ltr'>ministerii».</span> 
     </span>
    </p>

    <p class='ocr_par' dir='ltr' id='par_1_9' title="bbox 165 2277 1133 2427">
     <span class='ocr_line' id='line_1_45' title="bbox 254 2277 1132 2320; baseline 0.001 -11"><span class='ocrx_word' id='word_1_298' title='bbox 254 2278 307 2310; x_wconf 79' lang='grc'>20.</span> <span class='ocrx_word' id='word_1_299' title='bbox 338 2277 431 2311; x_wconf 88' lang='lat' dir='ltr'>Dedit</span> <span class='ocrx_word' id='word_1_300' title='bbox 460 2281 567 2311; x_wconf 89' lang='lat' dir='ltr'>autem</span> <span class='ocrx_word' id='word_1_301' title='bbox 604 2278 649 2311; x_wconf 91' lang='lat' dir='ltr'>eis</span> <span class='ocrx_word' id='word_1_302' title='bbox 680 2277 865 2320; x_wconf 87' lang='lat' dir='ltr'>sapientiam</span> <span class='ocrx_word' id='word_1_303' title='bbox 898 2281 1029 2320; x_wconf 89' lang='lat' dir='ltr'>propter</span> <span class='ocrx_word' id='word_1_304' title='bbox 1060 2278 1132 2311; x_wconf 90' lang='lat' dir='ltr'>uni-</span> 
     </span>
     <span class='ocr_line' id='line_1_46' title="bbox 165 2330 1133 2369; baseline 0.001 -6"><span class='ocrx_word' id='word_1_305' title='bbox 165 2330 318 2363; x_wconf 87' lang='lat' dir='ltr'>versalem</span> <span class='ocrx_word' id='word_1_306' title='bbox 353 2330 519 2364; x_wconf 85' lang='lat' dir='ltr'>Ecclesiam</span> <span class='ocrx_word' id='word_1_307' title='bbox 547 2331 784 2369; x_wconf 66' lang='lat' dir='ltr'>instruendam</span> <span class='ocrx_word' id='word_1_308' title='bbox 808 2334 839 2364; x_wconf 87' lang='lat' dir='ltr'>et</span> <span class='ocrx_word' id='word_1_309' title='bbox 862 2330 932 2364; x_wconf 89' lang='lat' dir='ltr'>ideo</span> <span class='ocrx_word' id='word_1_310' title='bbox 962 2330 1066 2364; x_wconf 90' lang='lat' dir='ltr'>addit:</span> <span class='ocrx_word' id='word_1_311' title='bbox 1095 2332 1133 2364; x_wconf 88' lang='lat' dir='ltr'>Et</span> 
     </span>
     <span class='ocr_line' id='line_1_47' title="bbox 165 2382 1130 2427; baseline 0.001 -11"><span class='ocrx_word' id='word_1_312' title='bbox 165 2382 215 2416; x_wconf 84' lang='lat' dir='ltr'>ait</span> <span class='ocrx_word' id='word_1_313' title='bbox 237 2382 303 2416; x_wconf 74' lang='lat' dir='ltr'>illis</span> <span class='ocrx_word' id='word_1_314' title='bbox 319 2383 352 2416; x_wconf 77' lang='lat'>⁰:</span> <span class='ocrx_word' id='word_1_315' title='bbox 378 2383 621 2427; x_wconf 73' lang='lat' dir='ltr'>Neyotiamim&#39;,</span> <span class='ocrx_word' id='word_1_316' title='bbox 646 2384 728 2417; x_wconf 73' lang='lat' dir='ltr'>ctum</span> <span class='ocrx_word' id='word_1_317' title='bbox 754 2384 868 2423; x_wconf 78' lang='lat' dir='ltr'>venio;</span> <span class='ocrx_word' id='word_1_318' title='bbox 892 2383 1130 2427; x_wconf 63' lang='lat' dir='ltr'>negotiamini,</span> 
     </span>
    </p>
   </div>
   <div class='ocr_carea' id='block_1_9' title="bbox 165 2590 1134 3423">
    <p class='ocr_par' dir='ltr' id='par_1_10' title="bbox 165 2590 1133 2706">
     <span class='ocr_line' id='line_1_48' title="bbox 166 2590 1133 2623; baseline 0.005 -7"><span class='ocrx_word' id='word_1_319' title='bbox 166 2591 315 2623; x_wconf 83' lang='lat' dir='ltr'>Etymolog.</span> <span class='ocrx_word' id='word_1_320' title='bbox 333 2598 357 2617; x_wconf 88' lang='lat' dir='ltr'>c.</span> <span class='ocrx_word' id='word_1_321' title='bbox 376 2590 419 2616; x_wconf 89' lang='grc'><strong>27.</strong></span> <span class='ocrx_word' id='word_1_322' title='bbox 438 2597 464 2616; x_wconf 89' lang='lat' dir='ltr'>n.</span> <span class='ocrx_word' id='word_1_323' title='bbox 484 2591 528 2617; x_wconf 89' lang='grc'><strong>32.</strong></span> <span class='ocrx_word' id='word_1_324' title='bbox 555 2594 581 2617; x_wconf 90' lang='lat' dir='ltr'>et</span> <span class='ocrx_word' id='word_1_325' title='bbox 600 2592 618 2617; x_wconf 90' lang='lat' dir='ltr'>l.</span> <span class='ocrx_word' id='word_1_326' title='bbox 638 2591 808 2618; x_wconf 73' lang='lat' dir='ltr'>Differentiar.</span> <span class='ocrx_word' id='word_1_327' title='bbox 828 2599 854 2618; x_wconf 89' lang='lat' dir='ltr'>n.</span> <span class='ocrx_word' id='word_1_328' title='bbox 874 2592 941 2619; x_wconf 77' lang='lat'>525:</span> <span class='ocrx_word' id='word_1_329' title='bbox 966 2592 1048 2620; x_wconf 79' lang='lat' dir='ltr'>Servi</span> <span class='ocrx_word' id='word_1_330' title='bbox 1072 2597 1133 2620; x_wconf 85' lang='lat' dir='ltr'>sunt</span> 
     </span>
     <span class='ocr_line' id='line_1_49' title="bbox 166 2634 1133 2669; baseline 0.003 -8"><span class='ocrx_word' id='word_1_331' title='bbox 166 2635 191 2661; x_wconf 88' lang='lat' dir='ltr'>in</span> <span class='ocrx_word' id='word_1_332' title='bbox 211 2634 278 2661; x_wconf 88' lang='lat' dir='ltr'>bello</span> <span class='ocrx_word' id='word_1_333' title='bbox 298 2635 380 2668; x_wconf 87' lang='lat' dir='ltr'>capti,</span> <span class='ocrx_word' id='word_1_334' title='bbox 400 2636 476 2669; x_wconf 83' lang='lat' dir='ltr'>quasi</span> <span class='ocrx_word' id='word_1_335' title='bbox 495 2635 598 2662; x_wconf 77' lang='lat' dir='ltr'>servati</span> <span class='ocrx_word' id='word_1_336' title='bbox 602 2646 612 2668; x_wconf 87' lang='lat'>,-</span> <span class='ocrx_word' id='word_1_337' title='bbox 633 2644 657 2662; x_wconf 90' lang='lat' dir='ltr'>n.</span> <span class='ocrx_word' id='word_1_338' title='bbox 672 2637 737 2663; x_wconf 77' lang='lat'>526:</span> <span class='ocrx_word' id='word_1_339' title='bbox 756 2636 880 2665; x_wconf 72' lang='lat' dir='ltr'>Servitus·</span> <span class='ocrx_word' id='word_1_340' title='bbox 894 2641 933 2664; x_wconf 85' lang='lat' dir='ltr'>est</span> <span class='ocrx_word' id='word_1_341' title='bbox 951 2638 1068 2665; x_wconf 89' lang='lat' dir='ltr'>conditio</span> <span class='ocrx_word' id='word_1_342' title='bbox 1081 2646 1133 2665; x_wconf 89' lang='lat' dir='ltr'>ser-</span> 
     </span>
     <span class='ocr_line' id='line_1_50' title="bbox 165 2680 266 2706; baseline 0 0"><span class='ocrx_word' id='word_1_343' title='bbox 165 2680 266 2706; x_wconf 89' lang='lat' dir='ltr'>viendi.</span> 
     </span>
    </p>

    <p class='ocr_par' dir='ltr' id='par_1_11' title="bbox 166 2723 1132 2848">
     <span class='ocr_line' id='line_1_51' title="bbox 237 2723 1132 2760; baseline 0.004 -10"><span class='ocrx_word' id='word_1_344' title='bbox 237 2723 247 2739; x_wconf 93' lang='lat'><strong>¹</strong></span> <span class='ocrx_word' id='word_1_345' title='bbox 268 2725 343 2751; x_wconf 85' lang='lat' dir='ltr'>Vers.</span> <span class='ocrx_word' id='word_1_346' title='bbox 362 2725 405 2751; x_wconf 84' lang='lat'>39.</span> <span class='ocrx_word' id='word_1_347' title='bbox 424 2727 450 2750; x_wconf 87' lang='lat' dir='ltr'>et</span> <span class='ocrx_word' id='word_1_348' title='bbox 468 2725 565 2751; x_wconf 87' lang='lat' dir='ltr'>deinde</span> <span class='ocrx_word' id='word_1_349' title='bbox 585 2726 601 2751; x_wconf 90' lang='lat' dir='ltr'>l.</span> <span class='ocrx_word' id='word_1_350' title='bbox 622 2726 689 2752; x_wconf 82' lang='lat' dir='ltr'>Petr.</span> <span class='ocrx_word' id='word_1_351' title='bbox 708 2726 739 2758; x_wconf 85' lang='lat'>5,</span> <span class='ocrx_word' id='word_1_352' title='bbox 760 2726 820 2758; x_wconf 80' lang='lat' dir='ltr'>t-3,</span> <span class='ocrx_word' id='word_1_353' title='bbox 841 2726 885 2753; x_wconf 89' lang='lat' dir='ltr'>ubi</span> <span class='ocrx_word' id='word_1_354' title='bbox 906 2734 954 2760; x_wconf 89' lang='lat' dir='ltr'>pro</span> <span class='ocrx_word' id='word_1_355' title='bbox 974 2727 1047 2755; x_wconf 84' lang='lat' dir='ltr'>clero</span> <span class='ocrx_word' id='word_1_356' title='bbox 1072 2728 1132 2754; x_wconf 84' lang='lat' dir='ltr'>Vat.</span> 
     </span>
     <span class='ocr_line' id='line_1_52' title="bbox 166 2767 1131 2806; baseline 0.005 -12"><span class='ocrx_word' id='word_1_357' title='bbox 166 2775 227 2794; x_wconf 90' lang='lat' dir='ltr'>cum</span> <span class='ocrx_word' id='word_1_358' title='bbox 247 2768 360 2801; x_wconf 78' lang='lat' dir='ltr'>Vulgata</span> <span class='ocrx_word' id='word_1_359' title='bbox 379 2767 466 2796; x_wconf 81' lang='lat' dir='ltr'>cleris.</span> <span class='ocrx_word' id='word_1_360' title='bbox 483 2783 518 2789; x_wconf 88' lang='lat'>—-</span> <span class='ocrx_word' id='word_1_361' title='bbox 537 2770 665 2802; x_wconf 84' lang='lat' dir='ltr'>Superius</span> <span class='ocrx_word' id='word_1_362' title='bbox 681 2777 729 2804; x_wconf 86' lang='lat' dir='ltr'>pro</span> <span class='ocrx_word' id='word_1_363' title='bbox 748 2770 900 2798; x_wconf 76' lang='lat' dir='ltr'>custodiam</span> <span class='ocrx_word' id='word_1_364' title='bbox 913 2778 1029 2806; x_wconf 74' lang='lat' dir='ltr'>yreyum</span> <span class='ocrx_word' id='word_1_365' title='bbox 1048 2771 1067 2799; x_wconf 94' lang='lat' dir='ltr'>C</span> <span class='ocrx_word' id='word_1_366' title='bbox 1079 2773 1131 2798; x_wconf 86' lang='lat' dir='ltr'>Dll</span> 
     </span>
     <span class='ocr_line' id='line_1_53' title="bbox 166 2812 436 2848; baseline 0 -9"><span class='ocrx_word' id='word_1_367' title='bbox 166 2812 318 2840; x_wconf 81' lang='lat' dir='ltr'>custodiam</span> <span class='ocrx_word' id='word_1_368' title='bbox 337 2813 436 2848; x_wconf 71' lang='lat' dir='ltr'>yreqis.</span> 
     </span>
    </p>

    <p class='ocr_par' dir='ltr' id='par_1_12' title="bbox 166 2856 1134 2979">
     <span class='ocr_line' id='line_1_54' title="bbox 237 2856 1134 2892; baseline 0.006 -10"><span class='ocrx_word' id='word_1_369' title='bbox 237 2856 248 2873; x_wconf 75' lang='lat'><strong>²</strong></span> <span class='ocrx_word' id='word_1_370' title='bbox 268 2856 338 2883; x_wconf 80' lang='lat' dir='ltr'>Libr.</span> <span class='ocrx_word' id='word_1_371' title='bbox 358 2857 394 2883; x_wconf 66' lang='lat' dir='ltr'>V„</span> <span class='ocrx_word' id='word_1_372' title='bbox 411 2857 435 2883; x_wconf 91' lang='lat' dir='ltr'>in</span> <span class='ocrx_word' id='word_1_373' title='bbox 455 2858 519 2884; x_wconf 90' lang='lat' dir='ltr'>Luc.</span> <span class='ocrx_word' id='word_1_374' title='bbox 539 2859 587 2890; x_wconf 74' lang='lat'>⁴9,</span> <span class='ocrx_word' id='word_1_375' title='bbox 608 2859 655 2892; x_wconf 76' lang='lat'>⁴3,</span> <span class='ocrx_word' id='word_1_376' title='bbox 674 2859 750 2886; x_wconf 83' lang='lat' dir='ltr'>cuius</span> <span class='ocrx_word' id='word_1_377' title='bbox 769 2860 896 2887; x_wconf 79' lang='lat' dir='ltr'>sententia</span> <span class='ocrx_word' id='word_1_378' title='bbox 919 2860 1058 2888; x_wconf 80' lang='lat' dir='ltr'>exhibetur</span> <span class='ocrx_word' id='word_1_379' title='bbox 1076 2868 1134 2887; x_wconf 80' lang='lat' dir='ltr'>ver·</span> 
     </span>
     <span class='ocr_line' id='line_1_55' title="bbox 168 2898 1133 2938; baseline 0.006 -13"><span class='ocrx_word' id='word_1_380' title='bbox 168 2898 209 2925; x_wconf 86' lang='lat' dir='ltr'>bis</span> <span class='ocrx_word' id='word_1_381' title='bbox 228 2900 334 2927; x_wconf 78' lang='lat' dir='ltr'>Glossne</span> <span class='ocrx_word' id='word_1_382' title='bbox 353 2900 512 2929; x_wconf 81' lang='lat' dir='ltr'>ordinariae</span> <span class='ocrx_word' id='word_1_383' title='bbox 531 2903 556 2929; x_wconf 92' lang='lat' dir='ltr'>in</span> <span class='ocrx_word' id='word_1_384' title='bbox 575 2903 690 2929; x_wconf 87' lang='lat' dir='ltr'>eundem</span> <span class='ocrx_word' id='word_1_385' title='bbox 703 2903 766 2936; x_wconf 92' lang='lat' dir='ltr'>loc.,</span> <span class='ocrx_word' id='word_1_386' title='bbox 789 2904 815 2930; x_wconf 92' lang='lat' dir='ltr'>in</span> <span class='ocrx_word' id='word_1_387' title='bbox 834 2904 909 2931; x_wconf 90' lang='lat' dir='ltr'>cuius</span> <span class='ocrx_word' id='word_1_388' title='bbox 923 2905 975 2931; x_wconf 83' lang='lat' dir='ltr'>tine</span> <span class='ocrx_word' id='word_1_389' title='bbox 993 2905 1133 2938; x_wconf 83' lang='lat' dir='ltr'>respicitur</span> 
     </span>
     <span class='ocr_line' id='line_1_56' title="bbox 166 2944 841 2979; baseline 0.007 -9"><span class='ocrx_word' id='word_1_390' title='bbox 166 2944 228 2970; x_wconf 92' lang='lat' dir='ltr'>Luc.</span> <span class='ocrx_word' id='word_1_391' title='bbox 248 2944 297 2976; x_wconf 74' lang='lat'>24,</span> <span class='ocrx_word' id='word_1_392' title='bbox 318 2944 366 2973; x_wconf 78' lang='lat'>45:</span> <span class='ocrx_word' id='word_1_393' title='bbox 384 2946 459 2973; x_wconf 89' lang='lat' dir='ltr'>Tunc</span> <span class='ocrx_word' id='word_1_394' title='bbox 477 2946 580 2979; x_wconf 79' lang='lat' dir='ltr'>aperuit</span> <span class='ocrx_word' id='word_1_395' title='bbox 599 2947 646 2974; x_wconf 88' lang='lat' dir='ltr'>iliis</span> <span class='ocrx_word' id='word_1_396' title='bbox 664 2954 772 2974; x_wconf 85' lang='lat' dir='ltr'>sensum</span> <span class='ocrx_word' id='word_1_397' title='bbox 792 2952 841 2975; x_wconf 82' lang='lat' dir='ltr'>etc.</span> 
     </span>
    </p>

    <p class='ocr_par' dir='ltr' id='par_1_13' title="bbox 167 2987 1131 3071">
     <span class='ocr_line' id='line_1_57' title="bbox 237 2987 1131 3024; baseline 0.007 -10"><span class='ocrx_word' id='word_1_398' title='bbox 237 2987 248 3003; x_wconf 78' lang='lat'>⁸</span> <span class='ocrx_word' id='word_1_399' title='bbox 268 2989 344 3016; x_wconf 80' lang='lat' dir='ltr'>Vers.</span> <span class='ocrx_word' id='word_1_400' title='bbox 369 2989 411 3016; x_wconf 77' lang='grc'>43.</span> <span class='ocrx_word' id='word_1_401' title='bbox 432 3004 470 3010; x_wconf 91' lang='grc'>-</span> <span class='ocrx_word' id='word_1_402' title='bbox 490 2991 618 3024; x_wconf 82' lang='lat' dir='ltr'>Superius</span> <span class='ocrx_word' id='word_1_403' title='bbox 642 2991 755 3018; x_wconf 80' lang='lat' dir='ltr'>vocibus</span> <span class='ocrx_word' id='word_1_404' title='bbox 778 2991 865 3020; x_wconf 80' lang='lat' dir='ltr'>edocti</span> <span class='ocrx_word' id='word_1_405' title='bbox 889 2993 956 3020; x_wconf 77' lang='lat' dir='ltr'>sunt</span> <span class='ocrx_word' id='word_1_406' title='bbox 983 2993 1043 3019; x_wconf 85' lang='lat' dir='ltr'>Vut.</span> <span class='ocrx_word' id='word_1_407' title='bbox 1070 3000 1131 3019; x_wconf 85' lang='lat' dir='ltr'>cum</span> 
     </span>
     <span class='ocr_line' id='line_1_58' title="bbox 167 3031 927 3071; baseline 0.007 -13"><span class='ocrx_word' id='word_1_408' title='bbox 167 3031 288 3065; x_wconf 85' lang='lat' dir='ltr'>pluribus</span> <span class='ocrx_word' id='word_1_409' title='bbox 307 3033 385 3060; x_wconf 83' lang='lat' dir='ltr'>codd.</span> <span class='ocrx_word' id='word_1_410' title='bbox 404 3034 527 3067; x_wconf 76' lang='lat' dir='ltr'>praefigit</span> <span class='ocrx_word' id='word_1_411' title='bbox 545 3041 652 3063; x_wconf 76' lang='lat' dir='ltr'>onznem</span> <span class='ocrx_word' id='word_1_412' title='bbox 672 3035 764 3069; x_wconf 81' lang='lat' dir='ltr'>(ACD</span> <span class='ocrx_word' id='word_1_413' title='bbox 783 3037 927 3071; x_wconf 87' lang='lat' dir='ltr'>omlttunt).</span> 
     </span>
    </p>

    <p class='ocr_par' dir='ltr' id='par_1_14' title="bbox 167 3076 1132 3423">
     <span class='ocr_line' id='line_1_59' title="bbox 238 3076 969 3114; baseline 0.007 -12"><span class='ocrx_word' id='word_1_414' title='bbox 238 3076 249 3091; x_wconf 87' lang='lat'>⁴</span> <span class='ocrx_word' id='word_1_415' title='bbox 269 3077 371 3103; x_wconf 85' lang='lat' dir='ltr'>Scilicet</span> <span class='ocrx_word' id='word_1_416' title='bbox 389 3077 534 3106; x_wconf 74' lang='lat' dir='ltr'>ordinaria</span> <span class='ocrx_word' id='word_1_417' title='bbox 560 3079 602 3112; x_wconf 89' lang='lat' dir='ltr'>(ex</span> <span class='ocrx_word' id='word_1_418' title='bbox 621 3080 702 3114; x_wconf 79' lang='lat' dir='ltr'>Beda)</span> <span class='ocrx_word' id='word_1_419' title='bbox 726 3080 754 3106; x_wconf 83' lang='lat' dir='ltr'>in</span> <span class='ocrx_word' id='word_1_420' title='bbox 773 3081 836 3106; x_wconf 88' lang='lat' dir='ltr'>Luc.</span> <span class='ocrx_word' id='word_1_421' title='bbox 857 3081 904 3112; x_wconf 68' lang='grc'>49,</span> <span class='ocrx_word' id='word_1_422' title='bbox 925 3081 969 3107; x_wconf 71' lang='lat'>⁴3.</span> 
     </span>
     <span class='ocr_line' id='line_1_60' title="bbox 184 3119 1132 3159; baseline 0.006 -13"><span class='ocrx_word' id='word_1_423' title='bbox 184 3155 188 3158; x_wconf 89' lang='lat'><em>.</em></span> <span class='ocrx_word' id='word_1_424' title='bbox 239 3119 250 3135; x_wconf 79' lang='lat'><strong>⁶</strong></span> <span class='ocrx_word' id='word_1_425' title='bbox 269 3121 325 3148; x_wconf 78' lang='lat' dir='ltr'>Act.</span> <span class='ocrx_word' id='word_1_426' title='bbox 346 3121 375 3154; x_wconf 80' lang='lat' dir='ltr'>t,</span> <span class='ocrx_word' id='word_1_427' title='bbox 397 3121 444 3154; x_wconf 69' lang='grc'>15,</span> <span class='ocrx_word' id='word_1_428' title='bbox 469 3122 503 3149; x_wconf 90' lang='lat' dir='ltr'>de</span> <span class='ocrx_word' id='word_1_429' title='bbox 522 3122 621 3157; x_wconf 57' lang='lat' dir='ltr'>qustins</span> <span class='ocrx_word' id='word_1_430' title='bbox 648 3124 732 3151; x_wconf 83' lang='lat' dir='ltr'>Lucas</span> <span class='ocrx_word' id='word_1_431' title='bbox 751 3123 816 3151; x_wconf 91' lang='lat' dir='ltr'>ibid.</span> <span class='ocrx_word' id='word_1_432' title='bbox 840 3132 864 3151; x_wconf 91' lang='lat' dir='ltr'>c.</span> <span class='ocrx_word' id='word_1_433' title='bbox 883 3126 914 3158; x_wconf 86' lang='lat'>2,</span> <span class='ocrx_word' id='word_1_434' title='bbox 934 3126 957 3151; x_wconf 81' lang='lat' dir='ltr'>t.</span> <span class='ocrx_word' id='word_1_435' title='bbox 983 3132 1059 3159; x_wconf 82' lang='lat' dir='ltr'>seqq.</span> <span class='ocrx_word' id='word_1_436' title='bbox 1079 3126 1132 3152; x_wconf 80' lang='lat' dir='ltr'>ait:</span> 
     </span>
     <span class='ocr_line' id='line_1_61' title="bbox 171 3166 1132 3203; baseline 0.006 -12"><span class='ocrx_word' id='word_1_437' title='bbox 171 3175 184 3190; x_wconf 74' lang='grc' dir='ltr'>ι</span> <span class='ocrx_word' id='word_1_438' title='bbox 198 3166 227 3192; x_wconf 81' lang='lat' dir='ltr'>Et</span> <span class='ocrx_word' id='word_1_439' title='bbox 245 3173 306 3192; x_wconf 89' lang='lat' dir='ltr'>cum</span> <span class='ocrx_word' id='word_1_440' title='bbox 326 3166 520 3199; x_wconf 87' lang='lat' dir='ltr'>complerentur</span> <span class='ocrx_word' id='word_1_441' title='bbox 538 3168 595 3194; x_wconf 89' lang='lat' dir='ltr'>dies</span> <span class='ocrx_word' id='word_1_442' title='bbox 613 3169 792 3201; x_wconf 74' lang='lat' dir='ltr'>pentecostes,</span> <span class='ocrx_word' id='word_1_443' title='bbox 805 3172 880 3196; x_wconf 78' lang='lat' dir='ltr'>erant</span> <span class='ocrx_word' id='word_1_444' title='bbox 891 3176 983 3197; x_wconf 76' lang='lat' dir='ltr'>omnes</span> <span class='ocrx_word' id='word_1_445' title='bbox 996 3169 1094 3203; x_wconf 83' lang='lat' dir='ltr'>pariter</span> <span class='ocrx_word' id='word_1_446' title='bbox 1105 3170 1132 3196; x_wconf 82' lang='lat' dir='ltr'>ln</span> 
     </span>
     <span class='ocr_line' id='line_1_62' title="bbox 167 3210 1132 3247; baseline 0.004 -11"><span class='ocrx_word' id='word_1_447' title='bbox 167 3210 263 3237; x_wconf 86' lang='lat' dir='ltr'>eodem</span> <span class='ocrx_word' id='word_1_448' title='bbox 283 3211 339 3237; x_wconf 92' lang='lat' dir='ltr'>loco</span> <span class='ocrx_word' id='word_1_449' title='bbox 354 3220 366 3234; x_wconf 74' lang='lat' dir='ltr'>n</span> <span class='ocrx_word' id='word_1_450' title='bbox 389 3214 438 3237; x_wconf 86' lang='lat' dir='ltr'>etc.</span> <span class='ocrx_word' id='word_1_451' title='bbox 457 3211 492 3237; x_wconf 79' lang='lat' dir='ltr'>lta</span> <span class='ocrx_word' id='word_1_452' title='bbox 512 3210 659 3245; x_wconf 63' lang='lat' dir='ltr'>chrysost„</span> <span class='ocrx_word' id='word_1_453' title='bbox 679 3213 773 3239; x_wconf 81' lang='lat' dir='ltr'>Homil.</span> <span class='ocrx_word' id='word_1_454' title='bbox 793 3213 818 3240; x_wconf 70' lang='lat'>4.</span> <span class='ocrx_word' id='word_1_455' title='bbox 837 3214 864 3240; x_wconf 87' lang='lat' dir='ltr'>in</span> <span class='ocrx_word' id='word_1_456' title='bbox 890 3214 947 3240; x_wconf 82' lang='lat' dir='ltr'>Act.</span> <span class='ocrx_word' id='word_1_457' title='bbox 964 3214 1081 3247; x_wconf 76' lang='lat' dir='ltr'>Apostoi.</span> <span class='ocrx_word' id='word_1_458' title='bbox 1106 3222 1132 3240; x_wconf 92' lang='lat' dir='ltr'>n.</span> 
     </span>
     <span class='ocr_line' id='line_1_63' title="bbox 169 3255 1131 3292; baseline 0.005 -12"><span class='ocrx_word' id='word_1_459' title='bbox 169 3255 199 3287; x_wconf 83' lang='lat' dir='ltr'>l;</span> <span class='ocrx_word' id='word_1_460' title='bbox 218 3255 344 3288; x_wconf 62' lang='lat' dir='ltr'>August,</span> <span class='ocrx_word' id='word_1_461' title='bbox 363 3256 449 3282; x_wconf 88' lang='lat' dir='ltr'>Serm.</span> <span class='ocrx_word' id='word_1_462' title='bbox 470 3255 532 3282; x_wconf 85' lang='grc'><strong>267.</strong></span> <span class='ocrx_word' id='word_1_463' title='bbox 552 3256 627 3290; x_wconf 78' lang='lat' dir='ltr'>(elius</span> <span class='ocrx_word' id='word_1_464' title='bbox 653 3257 712 3283; x_wconf 71' lang='lat'><strong>⁴86.</strong></span> <span class='ocrx_word' id='word_1_465' title='bbox 731 3257 765 3283; x_wconf 83' lang='lat' dir='ltr'>do</span> <span class='ocrx_word' id='word_1_466' title='bbox 789 3257 933 3292; x_wconf 84' lang='lat' dir='ltr'>Tempore)</span> <span class='ocrx_word' id='word_1_467' title='bbox 953 3265 977 3285; x_wconf 81' lang='lat' dir='ltr'>c.</span> <span class='ocrx_word' id='word_1_468' title='bbox 1006 3258 1031 3285; x_wconf 74' lang='grc'><strong>4.</strong></span> <span class='ocrx_word' id='word_1_469' title='bbox 1055 3265 1081 3284; x_wconf 89' lang='lat' dir='ltr'>n.</span> <span class='ocrx_word' id='word_1_470' title='bbox 1102 3258 1131 3284; x_wconf 78' lang='lat' dir='ltr'>l:</span> 
     </span>
     <span class='ocr_line' id='line_1_64' title="bbox 172 3299 1132 3335; baseline 0.005 -11"><span class='ocrx_word' id='word_1_471' title='bbox 172 3306 186 3322; x_wconf 66' lang='grc' dir='ltr'><strong><em>ε</em></strong></span> <span class='ocrx_word' id='word_1_472' title='bbox 206 3299 261 3330; x_wconf 78' lang='lat' dir='ltr'>Hoc</span> <span class='ocrx_word' id='word_1_473' title='bbox 288 3301 468 3332; x_wconf 79' lang='lat' dir='ltr'>exspectantes</span> <span class='ocrx_word' id='word_1_474' title='bbox 493 3299 614 3333; x_wconf 87' lang='lat' dir='ltr'>discipuli</span> <span class='ocrx_word' id='word_1_475' title='bbox 638 3300 710 3334; x_wconf 89' lang='lat' dir='ltr'>eius,</span> <span class='ocrx_word' id='word_1_476' title='bbox 734 3300 851 3333; x_wconf 79' lang='lat' dir='ltr'>animae,</span> <span class='ocrx_word' id='word_1_477' title='bbox 880 3305 909 3328; x_wconf 89' lang='lat' dir='ltr'>ut</span> <span class='ocrx_word' id='word_1_478' title='bbox 935 3302 1064 3335; x_wconf 84' lang='lat' dir='ltr'>scriptum</span> <span class='ocrx_word' id='word_1_479' title='bbox 1092 3304 1132 3328; x_wconf 87' lang='lat' dir='ltr'>est</span> 
     </span>
     <span class='ocr_line' id='line_1_65' title="bbox 170 3342 1131 3379; baseline 0.004 -10"><span class='ocrx_word' id='word_1_480' title='bbox 170 3342 236 3377; x_wconf 82' lang='lat' dir='ltr'>[Act.</span> <span class='ocrx_word' id='word_1_481' title='bbox 256 3343 281 3376; x_wconf 79' lang='lat' dir='ltr'>t,</span> <span class='ocrx_word' id='word_1_482' title='bbox 302 3342 372 3378; x_wconf 75' lang='lat' dir='ltr'>⁴5-Js</span> <span class='ocrx_word' id='word_1_483' title='bbox 392 3345 500 3371; x_wconf 82' lang='lat' dir='ltr'>centum</span> <span class='ocrx_word' id='word_1_484' title='bbox 518 3344 627 3379; x_wconf 64' lang='lat' dir='ltr'>viginti,</span> <span class='ocrx_word' id='word_1_485' title='bbox 647 3345 786 3378; x_wconf 79' lang='lat' dir='ltr'>decuplato</span> <span class='ocrx_word' id='word_1_486' title='bbox 799 3352 911 3373; x_wconf 88' lang='lat' dir='ltr'>numero</span> <span class='ocrx_word' id='word_1_487' title='bbox 930 3346 1131 3379; x_wconf 79' lang='lat' dir='ltr'>Apostolorum3</span> 
     </span>
     <span class='ocr_line' id='line_1_66' title="bbox 167 3387 1131 3423; baseline 0.004 -10"><span class='ocrx_word' id='word_1_488' title='bbox 167 3387 310 3414; x_wconf 85' lang='lat' dir='ltr'>duodecim</span> <span class='ocrx_word' id='word_1_489' title='bbox 323 3388 394 3414; x_wconf 85' lang='lat' dir='ltr'>enim</span> <span class='ocrx_word' id='word_1_490' title='bbox 413 3388 491 3421; x_wconf 79' lang='lat' dir='ltr'>elegit</span> <span class='ocrx_word' id='word_1_491' title='bbox 516 3389 581 3415; x_wconf 86' lang='lat' dir='ltr'>etin</span> <span class='ocrx_word' id='word_1_492' title='bbox 594 3392 699 3416; x_wconf 87' lang='lat' dir='ltr'>centum</span> <span class='ocrx_word' id='word_1_493' title='bbox 713 3390 806 3422; x_wconf 77' lang='lat' dir='ltr'>viginti</span> <span class='ocrx_word' id='word_1_494' title='bbox 826 3390 952 3423; x_wconf 87' lang='lat' dir='ltr'>Spiritum</span> <span class='ocrx_word' id='word_1_495' title='bbox 971 3390 1041 3417; x_wconf 83' lang='lat' dir='ltr'>misit</span> <span class='ocrx_word' id='word_1_496' title='bbox 1052 3400 1066 3414; x_wconf 74' lang='lat' dir='ltr'>n</span> <span class='ocrx_word' id='word_1_497' title='bbox 1082 3392 1131 3417; x_wconf 88' lang='lat' dir='ltr'>etc.</span> 
     </span>
    </p>
   </div>
   <div class='ocr_carea' id='block_1_10' title="bbox 2091 228 2155 261">
    <p class='ocr_par' dir='ltr' id='par_1_15' title="bbox 2091 228 2155 261">
     <span class='ocr_line' id='line_1_67' title="bbox 2091 228 2155 261; baseline 0.031 -2"><span class='ocrx_word' id='word_1_498' title='bbox 2091 228 2155 261; x_wconf 74' lang='lat'>479</span> 
     </span>
    </p>
   </div>
   <div class='ocr_carea' id='block_1_11' title="bbox 1196 303 2156 404">
    <p class='ocr_par' dir='ltr' id='par_1_16' title="bbox 1196 303 2156 404">
     <span class='ocr_line' id='line_1_68' title="bbox 1196 303 2156 354; baseline 0.013 -19"><span class='ocrx_word' id='word_1_499' title='bbox 1196 303 1315 336; x_wconf 86' lang='lat' dir='ltr'>scilicet</span> <span class='ocrx_word' id='word_1_500' title='bbox 1338 305 1546 346; x_wconf 87' lang='lat' dir='ltr'>praedicando</span> <span class='ocrx_word' id='word_1_501' title='bbox 1569 311 1600 340; x_wconf 89' lang='lat' dir='ltr'>et</span> <span class='ocrx_word' id='word_1_502' title='bbox 1624 308 1858 350; x_wconf 78' lang='lat' dir='ltr'>fructificand0;</span> <span class='ocrx_word' id='word_1_503' title='bbox 1892 313 2010 354; x_wconf 87' lang='lat' dir='ltr'>primae</span> <span class='ocrx_word' id='word_1_504' title='bbox 2034 314 2072 346; x_wconf 83' lang='lat' dir='ltr'>ad</span> <span class='ocrx_word' id='word_1_505' title='bbox 2100 315 2156 347; x_wconf 87' lang='lat' dir='ltr'>Co-</span> 
     </span>
     <span class='ocr_line' id='line_1_69' title="bbox 1196 356 2156 404; baseline 0.014 -17"><span class='ocrx_word' id='word_1_506' title='bbox 1196 356 1332 389; x_wconf 90' lang='lat' dir='ltr'>rinthios</span> <span class='ocrx_word' id='word_1_507' title='bbox 1354 357 1557 391; x_wconf 89' lang='lat' dir='ltr'>duodecimo:</span> <span class='ocrx_word' id='word_1_508' title='bbox 1588 361 1794 404; x_wconf 72' lang='lat' dir='ltr'>«Unicuique</span> <span class='ocrx_word' id='word_1_509' title='bbox 1824 364 1918 397; x_wconf 86' lang='lat' dir='ltr'>datur</span> <span class='ocrx_word' id='word_1_510' title='bbox 1950 366 2156 400; x_wconf 76' lang='lat' dir='ltr'>manifestatio</span> 
     </span>
    </p>
   </div>
   <div class='ocr_carea' id='block_1_12' title="bbox 1196 409 2313 461">
    <p class='ocr_par' dir='ltr' id='par_1_17' title="bbox 1196 409 2313 461">
     <span class='ocr_line' id='line_1_70' title="bbox 1196 409 2313 461; baseline 0.01 -20"><span class='ocrx_word' id='word_1_511' title='bbox 1196 409 1328 451; x_wconf 89' lang='lat' dir='ltr'>spiritus</span> <span class='ocrx_word' id='word_1_512' title='bbox 1343 410 1382 442; x_wconf 90' lang='lat' dir='ltr'>ad</span> <span class='ocrx_word' id='word_1_513' title='bbox 1399 411 1565 445; x_wconf 89' lang='lat' dir='ltr'>utilitatem</span> <span class='ocrx_word' id='word_1_514' title='bbox 1584 426 1613 445; x_wconf 79' lang='grc'><strong>».</strong></span> <span class='ocrx_word' id='word_1_515' title='bbox 1636 414 1688 446; x_wconf 89' lang='lat' dir='ltr'>Est</span> <span class='ocrx_word' id='word_1_516' title='bbox 1710 419 1816 448; x_wconf 88' lang='lat' dir='ltr'>autem</span> <span class='ocrx_word' id='word_1_517' title='bbox 1834 417 1949 459; x_wconf 85' lang='lat' dir='ltr'>triplex</span> <span class='ocrx_word' id='word_1_518' title='bbox 1975 420 2155 461; x_wconf 83' lang='lat' dir='ltr'>negotiatio:</span> <span class='ocrx_word' id='word_1_519' title='bbox 2172 429 2256 456; x_wconf 62' lang='lat' dir='ltr'>Triplex</span> <span class='ocrx_word' id='word_1_520' title='bbox 2277 436 2313 452; x_wconf 64' lang='lat' dir='ltr'>ne-</span> 
     </span>
    </p>
   </div>
   <div class='ocr_carea' id='block_1_13' title="bbox 1195 460 2160 2429">
    <p class='ocr_par' dir='ltr' id='par_1_18' title="bbox 1195 460 2159 2045">
     <span class='ocr_line' id='line_1_71' title="bbox 1196 460 2156 515; baseline 0.014 -22"><span class='ocrx_word' id='word_1_521' title='bbox 1196 460 1408 505; x_wconf 76' lang='lat' dir='ltr'>indifferens‚</span> <span class='ocrx_word' id='word_1_522' title='bbox 1437 465 1585 505; x_wconf 75' lang='lat' dir='ltr'>pessima</span> <span class='ocrx_word' id='word_1_523' title='bbox 1616 470 1648 498; x_wconf 88' lang='lat' dir='ltr'>et</span> <span class='ocrx_word' id='word_1_524' title='bbox 1679 468 1826 509; x_wconf 82' lang='lat' dir='ltr'>optima.-</span> <span class='ocrx_word' id='word_1_525' title='bbox 1858 470 2067 513; x_wconf 77' lang='lat' dir='ltr'>indifferens,</span> <span class='ocrx_word' id='word_1_526' title='bbox 2093 482 2156 515; x_wconf 87' lang='lat' dir='ltr'>qua</span> 
     </span>
     <span class='ocr_line' id='line_1_72' title="bbox 1197 516 2156 563; baseline 0.011 -16"><span class='ocrx_word' id='word_1_527' title='bbox 1197 516 1382 558; x_wconf 81' lang='lat' dir='ltr'>temporalia</span> <span class='ocrx_word' id='word_1_528' title='bbox 1405 522 1641 551; x_wconf 85' lang='lat' dir='ltr'>commutantur</span> <span class='ocrx_word' id='word_1_529' title='bbox 1667 520 1697 552; x_wconf 94' lang='lat' dir='ltr'>in</span> <span class='ocrx_word' id='word_1_530' title='bbox 1722 523 1920 563; x_wconf 86' lang='lat' dir='ltr'>temporalia;</span> <span class='ocrx_word' id='word_1_531' title='bbox 1947 524 2067 557; x_wconf 80' lang='lat' dir='ltr'>Barucli</span> <span class='ocrx_word' id='word_1_532' title='bbox 2094 530 2156 558; x_wconf 85' lang='lat' dir='ltr'>ter-</span> 
     </span>
     <span class='ocr_line' id='line_1_73' title="bbox 1197 569 2157 615; baseline 0.01 -14"><span class='ocrx_word' id='word_1_533' title='bbox 1197 569 1241 602; x_wconf 91' lang='lat' dir='ltr'>tio</span> <span class='ocrx_word' id='word_1_534' title='bbox 1253 570 1283 601; x_wconf 87' lang='lat'>⁷:</span> <span class='ocrx_word' id='word_1_535' title='bbox 1302 583 1318 598; x_wconf 77' lang='grc' dir='ltr'>α</span> <span class='ocrx_word' id='word_1_536' title='bbox 1331 570 1396 603; x_wconf 89' lang='lat' dir='ltr'>Filii</span> <span class='ocrx_word' id='word_1_537' title='bbox 1413 572 1493 613; x_wconf 83' lang='lat' dir='ltr'>Agar</span> <span class='ocrx_word' id='word_1_538' title='bbox 1504 598 1511 611; x_wconf 94' lang='lat'>,</span> <span class='ocrx_word' id='word_1_539' title='bbox 1528 572 1582 614; x_wconf 88' lang='lat' dir='ltr'>qui</span> <span class='ocrx_word' id='word_1_540' title='bbox 1599 574 1822 615; x_wconf 87' lang='lat' dir='ltr'>exquisierunt</span> <span class='ocrx_word' id='word_1_541' title='bbox 1839 589 1854 604; x_wconf 78' lang='grc' dir='ltr'><strong><em>ι</em></strong></span> <span class='ocrx_word' id='word_1_542' title='bbox 1875 581 1933 609; x_wconf 90' lang='lat' dir='ltr'>etc.</span> <span class='ocrx_word' id='word_1_543' title='bbox 1947 596 1990 600; x_wconf 92' lang='lat'>—</span> <span class='ocrx_word' id='word_1_544' title='bbox 2003 578 2067 610; x_wconf 76' lang='lat' dir='ltr'>Alia</span> <span class='ocrx_word' id='word_1_545' title='bbox 2084 588 2157 612; x_wconf 79' lang='lat' dir='ltr'>vero</span> 
     </span>
     <span class='ocr_line' id='line_1_74' title="bbox 1197 623 2157 672; baseline 0.009 -18"><span class='ocrx_word' id='word_1_546' title='bbox 1197 625 1245 655; x_wconf 89' lang='lat' dir='ltr'>est</span> <span class='ocrx_word' id='word_1_547' title='bbox 1268 623 1377 661; x_wconf 85' lang='lat' dir='ltr'>mala,</span> <span class='ocrx_word' id='word_1_548' title='bbox 1402 633 1466 666; x_wconf 88' lang='lat' dir='ltr'>qua</span> <span class='ocrx_word' id='word_1_549' title='bbox 1489 625 1665 666; x_wconf 88' lang='lat' dir='ltr'>spiritualia</span> <span class='ocrx_word' id='word_1_550' title='bbox 1688 631 1922 662; x_wconf 87' lang='lat' dir='ltr'>commutantur</span> <span class='ocrx_word' id='word_1_551' title='bbox 1947 630 1976 661; x_wconf 92' lang='lat' dir='ltr'>in</span> <span class='ocrx_word' id='word_1_552' title='bbox 2003 634 2157 672; x_wconf 85' lang='lat' dir='ltr'>tempora-</span> 
     </span>
     <span class='ocr_line' id='line_1_75' title="bbox 1197 676 2157 724; baseline 0.01 -16"><span class='ocrx_word' id='word_1_553' title='bbox 1197 676 1238 708; x_wconf 88' lang='lat' dir='ltr'>lia</span> <span class='ocrx_word' id='word_1_554' title='bbox 1262 685 1319 718; x_wconf 88' lang='lat' dir='ltr'>per</span> <span class='ocrx_word' id='word_1_555' title='bbox 1351 676 1533 716; x_wconf 80' lang='lat' dir='ltr'>simoniam3</span> <span class='ocrx_word' id='word_1_556' title='bbox 1566 682 1597 711; x_wconf 90' lang='lat' dir='ltr'>et</span> <span class='ocrx_word' id='word_1_557' title='bbox 1623 679 1699 712; x_wconf 89' lang='lat' dir='ltr'>haec</span> <span class='ocrx_word' id='word_1_558' title='bbox 1723 684 1778 719; x_wconf 40' lang='lat' dir='ltr'>,est</span> <span class='ocrx_word' id='word_1_559' title='bbox 1809 681 1873 713; x_wconf 89' lang='lat' dir='ltr'>Deo</span> <span class='ocrx_word' id='word_1_560' title='bbox 1904 682 2087 724; x_wconf 83' lang='lat' dir='ltr'>displicens,</span> <span class='ocrx_word' id='word_1_561' title='bbox 2120 684 2157 717; x_wconf 83' lang='lat' dir='ltr'>dc</span> 
     </span>
     <span class='ocr_line' id='line_1_76' title="bbox 1197 730 2157 772; baseline 0.008 -11"><span class='ocrx_word' id='word_1_562' title='bbox 1197 738 1261 772; x_wconf 90' lang='lat' dir='ltr'>qua</span> <span class='ocrx_word' id='word_1_563' title='bbox 1285 730 1408 763; x_wconf 88' lang='lat' dir='ltr'>Ioannis</span> <span class='ocrx_word' id='word_1_564' title='bbox 1431 731 1613 764; x_wconf 58' lang='lat' dir='ltr'>secundoss:</span> <span class='ocrx_word' id='word_1_565' title='bbox 1644 740 1659 760; x_wconf 63' lang='grc' dir='ltr'><em>ἀ</em></span> <span class='ocrx_word' id='word_1_566' title='bbox 1677 732 1758 765; x_wconf 91' lang='lat' dir='ltr'>Dicit</span> <span class='ocrx_word' id='word_1_567' title='bbox 1781 733 1819 766; x_wconf 86' lang='lat' dir='ltr'>ad</span> <span class='ocrx_word' id='word_1_568' title='bbox 1843 735 2013 768; x_wconf 77' lang='lat' dir='ltr'>vendentes</span> <span class='ocrx_word' id='word_1_569' title='bbox 2036 737 2157 769; x_wconf 88' lang='lat' dir='ltr'>colum-</span> 
     </span>
     <span class='ocr_line' id='line_1_77' title="bbox 1197 782 2158 822; baseline 0.008 -8"><span class='ocrx_word' id='word_1_570' title='bbox 1197 782 1271 815; x_wconf 86' lang='lat' dir='ltr'>bas:</span> <span class='ocrx_word' id='word_1_571' title='bbox 1296 782 1424 816; x_wconf 81' lang='lat' dir='ltr'>Auferte</span> <span class='ocrx_word' id='word_1_572' title='bbox 1448 783 1508 816; x_wconf 87' lang='lat' dir='ltr'>ista</span> <span class='ocrx_word' id='word_1_573' title='bbox 1525 784 1599 817; x_wconf 91' lang='lat' dir='ltr'>hinc</span> <span class='ocrx_word' id='word_1_574' title='bbox 1622 787 1654 817; x_wconf 87' lang='lat' dir='ltr'>et</span> <span class='ocrx_word' id='word_1_575' title='bbox 1677 785 1773 819; x_wconf 82' lang='lat' dir='ltr'>nolite</span> <span class='ocrx_word' id='word_1_576' title='bbox 1788 786 1891 820; x_wconf 79' lang='lat' dir='ltr'>facere</span> <span class='ocrx_word' id='word_1_577' title='bbox 1914 787 2041 821; x_wconf 91' lang='lat' dir='ltr'>domum</span> <span class='ocrx_word' id='word_1_578' title='bbox 2060 790 2158 822; x_wconf 86' lang='lat' dir='ltr'>Patris</span> 
     </span>
     <span class='ocr_line' id='line_1_78' title="bbox 1197 835 2158 883; baseline 0.008 -16"><span class='ocrx_word' id='word_1_579' title='bbox 1197 836 1258 868; x_wconf 88' lang='lat' dir='ltr'>mei</span> <span class='ocrx_word' id='word_1_580' title='bbox 1291 835 1421 869; x_wconf 88' lang='lat' dir='ltr'>domum</span> <span class='ocrx_word' id='word_1_581' title='bbox 1453 837 1672 879; x_wconf 86' lang='lat' dir='ltr'>negotiationis</span> <span class='ocrx_word' id='word_1_582' title='bbox 1698 852 1727 871; x_wconf 75' lang='lat' dir='ltr'>n.</span> <span class='ocrx_word' id='word_1_583' title='bbox 1757 840 1880 872; x_wconf 85' lang='lat' dir='ltr'>—Alia</span> <span class='ocrx_word' id='word_1_584' title='bbox 1914 842 2081 883; x_wconf 81' lang='lat' dir='ltr'>negotiatio</span> <span class='ocrx_word' id='word_1_585' title='bbox 2111 847 2158 875; x_wconf 83' lang='lat' dir='ltr'>est</span> 
     </span>
     <span class='ocr_line' id='line_1_79' title="bbox 1197 889 2159 936; baseline 0.008 -15"><span class='ocrx_word' id='word_1_586' title='bbox 1197 889 1341 932; x_wconf 84' lang='lat' dir='ltr'>optima,</span> <span class='ocrx_word' id='word_1_587' title='bbox 1366 899 1430 932; x_wconf 91' lang='lat' dir='ltr'>qua</span> <span class='ocrx_word' id='word_1_588' title='bbox 1452 890 1525 932; x_wconf 89' lang='lat' dir='ltr'>quis</span> <span class='ocrx_word' id='word_1_589' title='bbox 1541 890 1717 932; x_wconf 87' lang='lat' dir='ltr'>spiritualia</span> <span class='ocrx_word' id='word_1_590' title='bbox 1744 892 1813 932; x_wconf 89' lang='lat' dir='ltr'>dat,</span> <span class='ocrx_word' id='word_1_591' title='bbox 1839 897 1875 926; x_wconf 91' lang='lat' dir='ltr'>ut</span> <span class='ocrx_word' id='word_1_592' title='bbox 1898 894 2074 936; x_wconf 89' lang='lat' dir='ltr'>spiritualia</span> <span class='ocrx_word' id='word_1_593' title='bbox 2097 897 2159 929; x_wconf 89' lang='lat' dir='ltr'>col-</span> 
     </span>
     <span class='ocr_line' id='line_1_80' title="bbox 1197 943 2159 987; baseline 0.007 -12"><span class='ocrx_word' id='word_1_594' title='bbox 1197 943 1289 985; x_wconf 88' lang='lat' dir='ltr'>ligat;</span> <span class='ocrx_word' id='word_1_595' title='bbox 1315 946 1347 976; x_wconf 87' lang='lat' dir='ltr'>et</span> <span class='ocrx_word' id='word_1_596' title='bbox 1363 943 1441 976; x_wconf 88' lang='lat' dir='ltr'>haec</span> <span class='ocrx_word' id='word_1_597' title='bbox 1464 946 1512 976; x_wconf 90' lang='lat' dir='ltr'>est</span> <span class='ocrx_word' id='word_1_598' title='bbox 1528 944 1610 976; x_wconf 86' lang='lat' dir='ltr'>bona</span> <span class='ocrx_word' id='word_1_599' title='bbox 1634 947 1669 977; x_wconf 86' lang='lat' dir='ltr'>et</span> <span class='ocrx_word' id='word_1_600' title='bbox 1681 945 1745 978; x_wconf 90' lang='lat' dir='ltr'>Deo</span> <span class='ocrx_word' id='word_1_601' title='bbox 1769 946 1900 987; x_wconf 86' lang='lat' dir='ltr'>placita,</span> <span class='ocrx_word' id='word_1_602' title='bbox 1925 948 2097 981; x_wconf 87' lang='lat' dir='ltr'>secundum</span> <span class='ocrx_word' id='word_1_603' title='bbox 2124 950 2159 981; x_wconf 91' lang='lat' dir='ltr'>il—</span> 
     </span>
     <span class='ocr_line' id='line_1_81' title="bbox 1197 996 2159 1044; baseline 0.007 -15"><span class='ocrx_word' id='word_1_604' title='bbox 1197 996 1252 1030; x_wconf 91' lang='lat' dir='ltr'>lud</span> <span class='ocrx_word' id='word_1_605' title='bbox 1276 997 1371 1030; x_wconf 88' lang='lat' dir='ltr'>Isaiae</span> <span class='ocrx_word' id='word_1_606' title='bbox 1404 997 1554 1039; x_wconf 90' lang='lat' dir='ltr'>vigesimo</span> <span class='ocrx_word' id='word_1_607' title='bbox 1586 998 1680 1031; x_wconf 88' lang='lat' dir='ltr'>tertio</span> <span class='ocrx_word' id='word_1_608' title='bbox 1698 998 1728 1031; x_wconf 82' lang='lat'>⁹:</span> <span class='ocrx_word' id='word_1_609' title='bbox 1763 1012 1779 1028; x_wconf 77' lang='grc' dir='ltr'><strong><em>α</em></strong></span> <span class='ocrx_word' id='word_1_610' title='bbox 1803 1000 1904 1033; x_wconf 87' lang='lat' dir='ltr'>Erunt</span> <span class='ocrx_word' id='word_1_611' title='bbox 1935 1002 2159 1044; x_wconf 83' lang='lat' dir='ltr'>negotiationes</span> 
     </span>
     <span class='ocr_line' id='line_1_82' title="bbox 1196 1050 2158 1094; baseline 0.005 -11"><span class='ocrx_word' id='word_1_612' title='bbox 1196 1050 1266 1083; x_wconf 91' lang='lat' dir='ltr'>eius</span> <span class='ocrx_word' id='word_1_613' title='bbox 1281 1054 1313 1084; x_wconf 89' lang='lat' dir='ltr'>et</span> <span class='ocrx_word' id='word_1_614' title='bbox 1336 1059 1459 1084; x_wconf 88' lang='lat' dir='ltr'>merces</span> <span class='ocrx_word' id='word_1_615' title='bbox 1475 1051 1545 1084; x_wconf 87' lang='lat' dir='ltr'>eius</span> <span class='ocrx_word' id='word_1_616' title='bbox 1560 1052 1770 1085; x_wconf 83' lang='lat' dir='ltr'>sanctificatae</span> <span class='ocrx_word' id='word_1_617' title='bbox 1793 1053 1927 1087; x_wconf 89' lang='lat' dir='ltr'>Domino</span> <span class='ocrx_word' id='word_1_618' title='bbox 1942 1068 1972 1086; x_wconf 76' lang='grc' dir='ltr'>ι).</span> <span class='ocrx_word' id='word_1_619' title='bbox 1992 1055 2026 1094; x_wconf 82' lang='lat' dir='ltr'>Et</span> <span class='ocrx_word' id='word_1_620' title='bbox 2039 1055 2076 1088; x_wconf 90' lang='lat' dir='ltr'>de</span> <span class='ocrx_word' id='word_1_621' title='bbox 2101 1057 2158 1089; x_wconf 85' lang='lat' dir='ltr'>hac</span> 
     </span>
     <span class='ocr_line' id='line_1_83' title="bbox 1197 1104 2156 1150; baseline 0.006 -14"><span class='ocrx_word' id='word_1_622' title='bbox 1197 1104 1441 1137; x_wconf 86' lang='lat' dir='ltr'>Proverbiorum</span> <span class='ocrx_word' id='word_1_623' title='bbox 1466 1104 1595 1138; x_wconf 90' lang='lat' dir='ltr'>ultimo:</span> <span class='ocrx_word' id='word_1_624' title='bbox 1625 1118 1641 1133; x_wconf 78' lang='grc' dir='ltr'>α</span> <span class='ocrx_word' id='word_1_625' title='bbox 1662 1105 1806 1139; x_wconf 83' lang='lat' dir='ltr'>Gustavit</span> <span class='ocrx_word' id='word_1_626' title='bbox 1837 1110 1868 1139; x_wconf 90' lang='lat' dir='ltr'>et</span> <span class='ocrx_word' id='word_1_627' title='bbox 1891 1108 1985 1147; x_wconf 89' lang='lat' dir='ltr'>vidit,</span> <span class='ocrx_word' id='word_1_628' title='bbox 2010 1109 2156 1150; x_wconf 87' lang='lat' dir='ltr'>quoniam</span> 
     </span>
     <span class='ocr_line' id='line_1_84' title="bbox 1196 1157 2156 1203; baseline 0.004 -13"><span class='ocrx_word' id='word_1_629' title='bbox 1196 1157 1279 1190; x_wconf 88' lang='lat' dir='ltr'>bona</span> <span class='ocrx_word' id='word_1_630' title='bbox 1301 1161 1350 1190; x_wconf 89' lang='lat' dir='ltr'>est</span> <span class='ocrx_word' id='word_1_631' title='bbox 1373 1158 1543 1200; x_wconf 86' lang='lat' dir='ltr'>negotiatio</span> <span class='ocrx_word' id='word_1_632' title='bbox 1559 1158 1628 1191; x_wconf 89' lang='lat' dir='ltr'>eius</span> <span class='ocrx_word' id='word_1_633' title='bbox 1644 1171 1680 1198; x_wconf 85' lang='lat'>»;</span> <span class='ocrx_word' id='word_1_634' title='bbox 1704 1159 1779 1201; x_wconf 89' lang='lat' dir='ltr'>quia</span> <span class='ocrx_word' id='word_1_635' title='bbox 1807 1160 1937 1193; x_wconf 72' lang='lat' dir='ltr'>«simile</span> <span class='ocrx_word' id='word_1_636' title='bbox 1953 1165 2000 1193; x_wconf 88' lang='lat' dir='ltr'>est</span> <span class='ocrx_word' id='word_1_637' title='bbox 2024 1170 2156 1203; x_wconf 87' lang='lat' dir='ltr'>regnum</span> 
     </span>
     <span class='ocr_line' id='line_1_85' title="bbox 1196 1210 2155 1254; baseline 0.006 -12"><span class='ocrx_word' id='word_1_638' title='bbox 1196 1210 1357 1248; x_wconf 88' lang='lat' dir='ltr'>caelorum</span> <span class='ocrx_word' id='word_1_639' title='bbox 1389 1211 1507 1243; x_wconf 90' lang='lat' dir='ltr'>homini</span> <span class='ocrx_word' id='word_1_640' title='bbox 1539 1212 1725 1254; x_wconf 87' lang='lat' dir='ltr'>negotiatori</span> <span class='ocrx_word' id='word_1_641' title='bbox 1751 1225 1766 1241; x_wconf 76' lang='lat' dir='ltr'>n</span> <span class='ocrx_word' id='word_1_642' title='bbox 1794 1216 1852 1245; x_wconf 87' lang='lat' dir='ltr'>etc.</span> <span class='ocrx_word' id='word_1_643' title='bbox 1878 1213 1964 1247; x_wconf 86' lang='lat' dir='ltr'>Unde</span> <span class='ocrx_word' id='word_1_644' title='bbox 1988 1214 2094 1247; x_wconf 91' lang='lat' dir='ltr'>Glossa</span> <span class='ocrx_word' id='word_1_645' title='bbox 2111 1215 2155 1247; x_wconf 87' lang='lat'>¹⁰:</span> 
     </span>
     <span class='ocr_line' id='line_1_86' title="bbox 1201 1263 2157 1310; baseline 0.005 -14"><span class='ocrx_word' id='word_1_646' title='bbox 1201 1276 1217 1292; x_wconf 79' lang='lat' dir='ltr'>&lt;r</span> <span class='ocrx_word' id='word_1_647' title='bbox 1235 1263 1337 1296; x_wconf 84' lang='lat' dir='ltr'>Verba</span> <span class='ocrx_word' id='word_1_648' title='bbox 1353 1264 1443 1306; x_wconf 87' lang='lat' dir='ltr'>Legis</span> <span class='ocrx_word' id='word_1_649' title='bbox 1459 1264 1593 1306; x_wconf 87' lang='lat' dir='ltr'>mystica</span> <span class='ocrx_word' id='word_1_650' title='bbox 1613 1264 1871 1307; x_wconf 87' lang='lat' dir='ltr'>interpretatione</span> <span class='ocrx_word' id='word_1_651' title='bbox 1895 1266 2035 1300; x_wconf 86' lang='lat' dir='ltr'>discussa</span> <span class='ocrx_word' id='word_1_652' title='bbox 2058 1277 2157 1310; x_wconf 90' lang='lat' dir='ltr'>popu-</span> 
     </span>
     <span class='ocr_line' id='line_1_87' title="bbox 1196 1316 2157 1363; baseline 0.005 -14"><span class='ocrx_word' id='word_1_653' title='bbox 1196 1316 1234 1349; x_wconf 92' lang='lat' dir='ltr'>lis</span> <span class='ocrx_word' id='word_1_654' title='bbox 1250 1316 1361 1350; x_wconf 79' lang='lat' dir='ltr'>offerte</span> <span class='ocrx_word' id='word_1_655' title='bbox 1377 1320 1409 1350; x_wconf 89' lang='lat' dir='ltr'>et</span> <span class='ocrx_word' id='word_1_656' title='bbox 1425 1317 1465 1350; x_wconf 88' lang='lat' dir='ltr'>ab</span> <span class='ocrx_word' id='word_1_657' title='bbox 1481 1317 1527 1350; x_wconf 88' lang='lat' dir='ltr'>eis</span> <span class='ocrx_word' id='word_1_658' title='bbox 1542 1317 1614 1350; x_wconf 87' lang='lat' dir='ltr'>fidei</span> <span class='ocrx_word' id='word_1_659' title='bbox 1631 1318 1856 1352; x_wconf 81' lang='lat' dir='ltr'>confessionem</span> <span class='ocrx_word' id='word_1_660' title='bbox 1880 1328 2072 1363; x_wconf 87' lang='lat' dir='ltr'>morumque</span> <span class='ocrx_word' id='word_1_661' title='bbox 2085 1330 2157 1363; x_wconf 89' lang='lat' dir='ltr'>pro-</span> 
     </span>
     <span class='ocr_line' id='line_1_88' title="bbox 1195 1369 2157 1416; baseline 0.005 -14"><span class='ocrx_word' id='word_1_662' title='bbox 1195 1369 1326 1402; x_wconf 86' lang='lat' dir='ltr'>bitatem</span> <span class='ocrx_word' id='word_1_663' title='bbox 1343 1370 1474 1412; x_wconf 90' lang='lat' dir='ltr'>recipite</span> <span class='ocrx_word' id='word_1_664' title='bbox 1491 1383 1521 1403; x_wconf 92' lang='lat'>».</span> <span class='ocrx_word' id='word_1_665' title='bbox 1540 1390 1584 1394; x_wconf 86' lang='lat'><em>-</em></span> <span class='ocrx_word' id='word_1_666' title='bbox 1600 1371 1659 1412; x_wconf 85' lang='lat' dir='ltr'>Qui</span> <span class='ocrx_word' id='word_1_667' title='bbox 1677 1380 1752 1414; x_wconf 86' lang='lat' dir='ltr'>ergo</span> <span class='ocrx_word' id='word_1_668' title='bbox 1776 1372 1934 1414; x_wconf 90' lang='lat' dir='ltr'>praedicat</span> <span class='ocrx_word' id='word_1_669' title='bbox 1958 1378 2087 1416; x_wconf 90' lang='lat' dir='ltr'>propter</span> <span class='ocrx_word' id='word_1_670' title='bbox 2111 1375 2157 1407; x_wconf 91' lang='lat' dir='ltr'>lu-</span> 
     </span>
     <span class='ocr_line' id='line_1_89' title="bbox 1195 1424 2156 1469; baseline 0.006 -14"><span class='ocrx_word' id='word_1_671' title='bbox 1195 1431 1286 1456; x_wconf 87' lang='lat' dir='ltr'>crum</span> <span class='ocrx_word' id='word_1_672' title='bbox 1319 1424 1492 1465; x_wconf 87' lang='lat' dir='ltr'>temporale</span> <span class='ocrx_word' id='word_1_673' title='bbox 1524 1424 1627 1457; x_wconf 89' lang='lat' dir='ltr'>malus</span> <span class='ocrx_word' id='word_1_674' title='bbox 1658 1425 1833 1467; x_wconf 84' lang='lat' dir='ltr'>negotiator</span> <span class='ocrx_word' id='word_1_675' title='bbox 1864 1430 1933 1466; x_wconf 89' lang='lat' dir='ltr'>est;</span> <span class='ocrx_word' id='word_1_676' title='bbox 1965 1428 2018 1469; x_wconf 91' lang='lat' dir='ltr'>qui</span> <span class='ocrx_word' id='word_1_677' title='bbox 2051 1432 2156 1461; x_wconf 90' lang='lat' dir='ltr'>autem</span> 
     </span>
     <span class='ocr_line' id='line_1_90' title="bbox 1195 1477 2156 1523; baseline 0.005 -14"><span class='ocrx_word' id='word_1_678' title='bbox 1195 1479 1326 1518; x_wconf 89' lang='lat' dir='ltr'>propter</span> <span class='ocrx_word' id='word_1_679' title='bbox 1350 1477 1476 1510; x_wconf 92' lang='lat' dir='ltr'>lucrum</span> <span class='ocrx_word' id='word_1_680' title='bbox 1499 1478 1677 1511; x_wconf 88' lang='lat' dir='ltr'>animarum</span> <span class='ocrx_word' id='word_1_681' title='bbox 1698 1478 1872 1521; x_wconf 89' lang='lat' dir='ltr'>spiritualis</span> <span class='ocrx_word' id='word_1_682' title='bbox 1894 1481 2068 1523; x_wconf 90' lang='lat' dir='ltr'>negotiator</span> <span class='ocrx_word' id='word_1_683' title='bbox 2092 1486 2156 1520; x_wconf 89' lang='lat' dir='ltr'>est,</span> 
     </span>
     <span class='ocr_line' id='line_1_91' title="bbox 1195 1529 2157 1573; baseline 0.004 -11"><span class='ocrx_word' id='word_1_684' title='bbox 1195 1529 1298 1572; x_wconf 91' lang='lat' dir='ltr'>qualis</span> <span class='ocrx_word' id='word_1_685' title='bbox 1321 1533 1390 1563; x_wconf 90' lang='lat' dir='ltr'>erat</span> <span class='ocrx_word' id='word_1_686' title='bbox 1414 1530 1547 1570; x_wconf 85' lang='lat' dir='ltr'>Paulus,</span> <span class='ocrx_word' id='word_1_687' title='bbox 1572 1530 1627 1573; x_wconf 89' lang='lat' dir='ltr'>qui</span> <span class='ocrx_word' id='word_1_688' title='bbox 1650 1530 1773 1564; x_wconf 84' lang='lat' dir='ltr'>dicebat</span> <span class='ocrx_word' id='word_1_689' title='bbox 1801 1531 1957 1565; x_wconf 87' lang='lat' dir='ltr'>secundae</span> <span class='ocrx_word' id='word_1_690' title='bbox 1980 1533 2019 1566; x_wconf 88' lang='lat' dir='ltr'>ad</span> <span class='ocrx_word' id='word_1_691' title='bbox 2050 1533 2157 1566; x_wconf 92' lang='lat' dir='ltr'>Corin-</span> 
     </span>
     <span class='ocr_line' id='line_1_92' title="bbox 1195 1582 2156 1626; baseline 0.004 -11"><span class='ocrx_word' id='word_1_692' title='bbox 1195 1582 1279 1615; x_wconf 90' lang='lat' dir='ltr'>thios</span> <span class='ocrx_word' id='word_1_693' title='bbox 1301 1582 1488 1616; x_wconf 91' lang='lat' dir='ltr'>duodecimo</span> <span class='ocrx_word' id='word_1_694' title='bbox 1502 1584 1545 1615; x_wconf 88' lang='lat'>¹¹:</span> <span class='ocrx_word' id='word_1_695' title='bbox 1575 1595 1591 1611; x_wconf 79' lang='grc' dir='ltr'><strong>α</strong></span> <span class='ocrx_word' id='word_1_696' title='bbox 1607 1583 1672 1616; x_wconf 92' lang='lat' dir='ltr'>Non</span> <span class='ocrx_word' id='word_1_697' title='bbox 1698 1592 1818 1626; x_wconf 89' lang='lat' dir='ltr'>quaero</span> <span class='ocrx_word' id='word_1_698' title='bbox 1842 1589 1961 1624; x_wconf 89' lang='lat' dir='ltr'>vestra,</span> <span class='ocrx_word' id='word_1_699' title='bbox 1979 1585 2032 1619; x_wconf 86' lang='lat' dir='ltr'>sed</span> <span class='ocrx_word' id='word_1_700' title='bbox 2050 1595 2106 1619; x_wconf 82' lang='lat' dir='ltr'>vos</span> <span class='ocrx_word' id='word_1_701' title='bbox 2126 1600 2156 1619; x_wconf 77' lang='lat'>».</span> 
     </span>
     <span class='ocr_line' id='line_1_93' title="bbox 1195 1636 2158 1682; baseline 0.004 -14"><span class='ocrx_word' id='word_1_702' title='bbox 1195 1636 1224 1668; x_wconf 91' lang='lat' dir='ltr'>Si</span> <span class='ocrx_word' id='word_1_703' title='bbox 1250 1639 1354 1669; x_wconf 86' lang='lat' dir='ltr'>tamen</span> <span class='ocrx_word' id='word_1_704' title='bbox 1383 1640 1414 1669; x_wconf 90' lang='lat' dir='ltr'>et</span> <span class='ocrx_word' id='word_1_705' title='bbox 1446 1636 1496 1669; x_wconf 90' lang='lat' dir='ltr'>hic</span> <span class='ocrx_word' id='word_1_706' title='bbox 1520 1640 1618 1670; x_wconf 83' lang='lat' dir='ltr'>metat</span> <span class='ocrx_word' id='word_1_707' title='bbox 1648 1638 1802 1677; x_wconf 86' lang='lat' dir='ltr'>carnalia,</span> <span class='ocrx_word' id='word_1_708' title='bbox 1834 1641 1871 1671; x_wconf 92' lang='lat' dir='ltr'>ut</span> <span class='ocrx_word' id='word_1_709' title='bbox 1901 1648 1963 1672; x_wconf 92' lang='lat' dir='ltr'>non</span> <span class='ocrx_word' id='word_1_710' title='bbox 1995 1643 2090 1682; x_wconf 89' lang='lat' dir='ltr'>ponat</span> <span class='ocrx_word' id='word_1_711' title='bbox 2117 1640 2158 1673; x_wconf 89' lang='lat' dir='ltr'>ibi</span> 
     </span>
     <span class='ocr_line' id='line_1_94' title="bbox 1195 1689 2159 1736; baseline 0.004 -14"><span class='ocrx_word' id='word_1_712' title='bbox 1195 1689 1308 1729; x_wconf 84' lang='lat' dir='ltr'>finem,</span> <span class='ocrx_word' id='word_1_713' title='bbox 1332 1689 1387 1723; x_wconf 88' lang='lat' dir='ltr'>sed</span> <span class='ocrx_word' id='word_1_714' title='bbox 1410 1690 1516 1732; x_wconf 89' lang='lat' dir='ltr'>potius</span> <span class='ocrx_word' id='word_1_715' title='bbox 1539 1699 1557 1724; x_wconf 91' lang='lat' dir='ltr'>e</span> <span class='ocrx_word' id='word_1_716' title='bbox 1580 1691 1757 1731; x_wconf 86' lang='lat' dir='ltr'>contrario;</span> <span class='ocrx_word' id='word_1_717' title='bbox 1786 1701 1848 1725; x_wconf 92' lang='lat' dir='ltr'>non</span> <span class='ocrx_word' id='word_1_718' title='bbox 1873 1692 1991 1726; x_wconf 92' lang='lat' dir='ltr'>recedit</span> <span class='ocrx_word' id='word_1_719' title='bbox 2022 1702 2040 1725; x_wconf 90' lang='lat' dir='ltr'>a</span> <span class='ocrx_word' id='word_1_720' title='bbox 2067 1693 2159 1736; x_wconf 86' lang='lat' dir='ltr'>spiri-</span> 
     </span>
     <span class='ocr_line' id='line_1_95' title="bbox 1195 1742 2159 1787; baseline 0.004 -12"><span class='ocrx_word' id='word_1_721' title='bbox 1195 1742 1273 1775; x_wconf 89' lang='lat' dir='ltr'>tuali</span> <span class='ocrx_word' id='word_1_722' title='bbox 1297 1743 1507 1785; x_wconf 86' lang='lat' dir='ltr'>negotiatione</span> <span class='ocrx_word' id='word_1_723' title='bbox 1530 1752 1588 1777; x_wconf 87' lang='lat' dir='ltr'>nec</span> <span class='ocrx_word' id='word_1_724' title='bbox 1612 1744 1700 1786; x_wconf 90' lang='lat' dir='ltr'>ponit</span> <span class='ocrx_word' id='word_1_725' title='bbox 1724 1744 1925 1787; x_wconf 85' lang='lat' dir='ltr'>Evangelium</span> <span class='ocrx_word' id='word_1_726' title='bbox 1957 1745 2075 1779; x_wconf 75' lang='lat' dir='ltr'>venale.</span> <span class='ocrx_word' id='word_1_727' title='bbox 2099 1746 2159 1779; x_wconf 85' lang='lat' dir='ltr'>Hoc</span> 
     </span>
     <span class='ocr_line' id='line_1_96' title="bbox 1196 1796 2158 1841; baseline 0.003 -12"><span class='ocrx_word' id='word_1_728' title='bbox 1196 1796 1280 1829; x_wconf 90' lang='lat' dir='ltr'>enim</span> <span class='ocrx_word' id='word_1_729' title='bbox 1313 1796 1385 1830; x_wconf 89' lang='lat' dir='ltr'>licet</span> <span class='ocrx_word' id='word_1_730' title='bbox 1416 1799 1452 1830; x_wconf 89' lang='lat' dir='ltr'>ut</span> <span class='ocrx_word' id='word_1_731' title='bbox 1484 1796 1539 1830; x_wconf 83' lang='lat' dir='ltr'>fiat</span> <span class='ocrx_word' id='word_1_732' title='bbox 1569 1806 1632 1830; x_wconf 90' lang='lat' dir='ltr'>non</span> <span class='ocrx_word' id='word_1_733' title='bbox 1668 1798 1751 1831; x_wconf 88' lang='lat' dir='ltr'>sicut</span> <span class='ocrx_word' id='word_1_734' title='bbox 1780 1798 1953 1841; x_wconf 85' lang='lat' dir='ltr'>principale</span> <span class='ocrx_word' id='word_1_735' title='bbox 1984 1799 2158 1838; x_wconf 86' lang='lat' dir='ltr'>intentum,</span> 
     </span>
     <span class='ocr_line' id='line_1_97' title="bbox 1196 1850 2159 1894; baseline 0.002 -11"><span class='ocrx_word' id='word_1_736' title='bbox 1196 1850 1251 1883; x_wconf 87' lang='lat' dir='ltr'>sed</span> <span class='ocrx_word' id='word_1_737' title='bbox 1275 1850 1357 1884; x_wconf 81' lang='lat' dir='ltr'>sicut</span> <span class='ocrx_word' id='word_1_738' title='bbox 1388 1850 1427 1884; x_wconf 89' lang='lat' dir='ltr'>ad</span> <span class='ocrx_word' id='word_1_739' title='bbox 1456 1850 1542 1884; x_wconf 89' lang='lat' dir='ltr'>aliud</span> <span class='ocrx_word' id='word_1_740' title='bbox 1574 1851 1774 1891; x_wconf 89' lang='lat' dir='ltr'>ordinatum,</span> <span class='ocrx_word' id='word_1_741' title='bbox 1807 1852 1899 1894; x_wconf 89' lang='lat' dir='ltr'>quia,</span> <span class='ocrx_word' id='word_1_742' title='bbox 1930 1852 2012 1885; x_wconf 88' lang='lat' dir='ltr'>sicut</span> <span class='ocrx_word' id='word_1_743' title='bbox 2043 1852 2159 1885; x_wconf 89' lang='lat' dir='ltr'>dicitur</span> 
     </span>
     <span class='ocr_line' id='line_1_98' title="bbox 1197 1904 2159 1947; baseline 0.002 -11"><span class='ocrx_word' id='word_1_744' title='bbox 1197 1904 1319 1946; x_wconf 87' lang='lat' dir='ltr'>primae</span> <span class='ocrx_word' id='word_1_745' title='bbox 1342 1904 1381 1937; x_wconf 89' lang='lat' dir='ltr'>ad</span> <span class='ocrx_word' id='word_1_746' title='bbox 1413 1904 1593 1938; x_wconf 86' lang='lat' dir='ltr'>Corinthios</span> <span class='ocrx_word' id='word_1_747' title='bbox 1624 1914 1706 1938; x_wconf 90' lang='lat' dir='ltr'>nono</span> <span class='ocrx_word' id='word_1_748' title='bbox 1721 1905 1757 1944; x_wconf 80' lang='lat'>¹²,</span> <span class='ocrx_word' id='word_1_749' title='bbox 1786 1918 1802 1934; x_wconf 72' lang='grc' dir='ltr'><strong>α</strong></span> <span class='ocrx_word' id='word_1_750' title='bbox 1827 1905 1852 1938; x_wconf 91' lang='lat' dir='ltr'>si</span> <span class='ocrx_word' id='word_1_751' title='bbox 1876 1914 1933 1939; x_wconf 91' lang='lat' dir='ltr'>nos</span> <span class='ocrx_word' id='word_1_752' title='bbox 1956 1905 2044 1938; x_wconf 86' lang='lat' dir='ltr'>vobis</span> <span class='ocrx_word' id='word_1_753' title='bbox 2067 1905 2159 1947; x_wconf 87' lang='lat' dir='ltr'>spiri-</span> 
     </span>
     <span class='ocr_line' id='line_1_99' title="bbox 1197 1957 2158 2001; baseline 0.002 -11"><span class='ocrx_word' id='word_1_754' title='bbox 1197 1957 1296 1990; x_wconf 88' lang='lat' dir='ltr'>tualia</span> <span class='ocrx_word' id='word_1_755' title='bbox 1319 1957 1530 1998; x_wconf 88' lang='lat' dir='ltr'>seminamus,</span> <span class='ocrx_word' id='word_1_756' title='bbox 1554 1967 1617 1992; x_wconf 92' lang='lat' dir='ltr'>non</span> <span class='ocrx_word' id='word_1_757' title='bbox 1642 1967 1792 2001; x_wconf 83' lang='lat' dir='ltr'>magnum</span> <span class='ocrx_word' id='word_1_758' title='bbox 1815 1962 1879 1999; x_wconf 90' lang='lat' dir='ltr'>est,</span> <span class='ocrx_word' id='word_1_759' title='bbox 1904 1958 1929 1998; x_wconf 84' lang='lat' dir='ltr'>si</span> <span class='ocrx_word' id='word_1_760' title='bbox 1954 1962 2059 1992; x_wconf 75' lang='lat' dir='ltr'>vestra</span> <span class='ocrx_word' id='word_1_761' title='bbox 2090 1968 2158 1992; x_wconf 85' lang='lat' dir='ltr'>car-</span> 
     </span>
     <span class='ocr_line' id='line_1_100' title="bbox 1196 2011 1510 2045; baseline 0.003 -1"><span class='ocrx_word' id='word_1_762' title='bbox 1196 2011 1280 2044; x_wconf 87' lang='lat' dir='ltr'>nalia</span> <span class='ocrx_word' id='word_1_763' title='bbox 1304 2014 1463 2045; x_wconf 90' lang='lat' dir='ltr'>metamus</span> <span class='ocrx_word' id='word_1_764' title='bbox 1479 2026 1510 2045; x_wconf 64' lang='lat' dir='ltr'>n.</span> 
     </span>
    </p>

    <p class='ocr_par' dir='ltr' id='par_1_19' title="bbox 1195 2065 2160 2429">
     <span class='ocr_line' id='line_1_101' title="bbox 1287 2065 2157 2109; baseline 0 -11"><span class='ocrx_word' id='word_1_765' title='bbox 1287 2067 1340 2099; x_wconf 82' lang='grc'><strong>21.</strong></span> <span class='ocrx_word' id='word_1_766' title='bbox 1366 2066 1468 2106; x_wconf 88' lang='lat' dir='ltr'>(Vers.</span> <span class='ocrx_word' id='word_1_767' title='bbox 1498 2066 1573 2108; x_wconf 49' lang='lat' dir='ltr'>lla).</span> <span class='ocrx_word' id='word_1_768' title='bbox 1598 2067 1705 2100; x_wconf 88' lang='lat' dir='ltr'>Tertio</span> <span class='ocrx_word' id='word_1_769' title='bbox 1727 2069 1880 2109; x_wconf 86' lang='lat' dir='ltr'>quantum</span> <span class='ocrx_word' id='word_1_770' title='bbox 1905 2066 1943 2099; x_wconf 87' lang='lat' dir='ltr'>ad</span> <span class='ocrx_word' id='word_1_771' title='bbox 1964 2065 2157 2099; x_wconf 78' lang='lat' dir='ltr'>obduratio-</span> 
     </span>
     <span class='ocr_line' id='line_1_102' title="bbox 1196 2118 2160 2163; baseline 0 -11"><span class='ocrx_word' id='word_1_772' title='bbox 1196 2128 1269 2152; x_wconf 75' lang='lat' dir='ltr'>nem</span> <span class='ocrx_word' id='word_1_773' title='bbox 1287 2118 1458 2153; x_wconf 72' lang='lat' dir='ltr'>humanae</span> <span class='ocrx_word' id='word_1_774' title='bbox 1470 2119 1635 2163; x_wconf 79' lang='lat' dir='ltr'>perfidiae</span> <span class='ocrx_word' id='word_1_775' title='bbox 1651 2120 1686 2153; x_wconf 81' lang='lat' dir='ltr'>in</span> <span class='ocrx_word' id='word_1_776' title='bbox 1707 2119 1877 2153; x_wconf 78' lang='lat' dir='ltr'>rebellione</span> <span class='ocrx_word' id='word_1_777' title='bbox 1888 2119 2006 2163; x_wconf 81' lang='lat' dir='ltr'>populi</span> <span class='ocrx_word' id='word_1_778' title='bbox 2025 2119 2160 2152; x_wconf 78' lang='lat' dir='ltr'>Iudaici</span> 
     </span>
     <span class='ocr_line' id='line_1_103' title="bbox 1197 2171 2158 2215; baseline 0.001 -10"><span class='ocrx_word' id='word_1_779' title='bbox 1197 2171 1423 2215; x_wconf 87' lang='lat' dir='ltr'>subiungitur:</span> <span class='ocrx_word' id='word_1_780' title='bbox 1451 2173 1543 2206; x_wconf 82' lang='lat' dir='ltr'>Cives</span> <span class='ocrx_word' id='word_1_781' title='bbox 1567 2177 1679 2207; x_wconf 77' lang='lat' dir='ltr'>autem</span> <span class='ocrx_word' id='word_1_782' title='bbox 1706 2174 1778 2206; x_wconf 77' lang='lat' dir='ltr'>eius</span> <span class='ocrx_word' id='word_1_783' title='bbox 1801 2173 1939 2206; x_wconf 77' lang='lat' dir='ltr'>oderant</span> <span class='ocrx_word' id='word_1_784' title='bbox 1962 2183 2036 2206; x_wconf 77' lang='lat' dir='ltr'>eam</span> <span class='ocrx_word' id='word_1_785' title='bbox 2050 2173 2086 2206; x_wconf 81' lang='lat'>¹⁸.</span> <span class='ocrx_word' id='word_1_786' title='bbox 2106 2172 2158 2206; x_wconf 84' lang='lat' dir='ltr'>Ci-</span> 
     </span>
     <span class='ocr_line' id='line_1_104' title="bbox 1197 2225 2157 2266; baseline 0.002 -9"><span class='ocrx_word' id='word_1_787' title='bbox 1197 2234 1251 2258; x_wconf 73' lang='lat' dir='ltr'>ves</span> <span class='ocrx_word' id='word_1_788' title='bbox 1274 2225 1325 2258; x_wconf 90' lang='lat' dir='ltr'>isti</span> <span class='ocrx_word' id='word_1_789' title='bbox 1357 2226 1509 2259; x_wconf 88' lang='lat' dir='ltr'>dicuntur</span> <span class='ocrx_word' id='word_1_790' title='bbox 1533 2226 1656 2266; x_wconf 89' lang='lat' dir='ltr'>Iudaei;</span> <span class='ocrx_word' id='word_1_791' title='bbox 1684 2226 1769 2260; x_wconf 90' lang='lat' dir='ltr'>unde</span> <span class='ocrx_word' id='word_1_792' title='bbox 1799 2226 1920 2260; x_wconf 88' lang='lat' dir='ltr'>Glossa:</span> <span class='ocrx_word' id='word_1_793' title='bbox 1951 2239 1966 2255; x_wconf 94' lang='lat'>«</span> <span class='ocrx_word' id='word_1_794' title='bbox 1984 2226 2094 2265; x_wconf 81' lang='lat' dir='ltr'>Cives,</span> <span class='ocrx_word' id='word_1_795' title='bbox 2126 2226 2157 2259; x_wconf 89' lang='lat' dir='ltr'>id</span> 
     </span>
     <span class='ocr_line' id='line_1_105' title="bbox 1196 2278 2157 2322; baseline 0.001 -11"><span class='ocrx_word' id='word_1_796' title='bbox 1196 2281 1244 2312; x_wconf 87' lang='lat' dir='ltr'>est</span> <span class='ocrx_word' id='word_1_797' title='bbox 1268 2278 1391 2318; x_wconf 89' lang='lat' dir='ltr'>ludaei,</span> <span class='ocrx_word' id='word_1_798' title='bbox 1423 2288 1465 2313; x_wconf 82' lang='lat' dir='ltr'>ex</span> <span class='ocrx_word' id='word_1_799' title='bbox 1496 2280 1615 2322; x_wconf 88' lang='lat' dir='ltr'>quibus</span> <span class='ocrx_word' id='word_1_800' title='bbox 1637 2283 1685 2313; x_wconf 88' lang='lat' dir='ltr'>est</span> <span class='ocrx_word' id='word_1_801' title='bbox 1716 2280 1860 2313; x_wconf 87' lang='lat' dir='ltr'>Christus</span> <span class='ocrx_word' id='word_1_802' title='bbox 1884 2279 2057 2312; x_wconf 89' lang='lat' dir='ltr'>secundum</span> <span class='ocrx_word' id='word_1_803' title='bbox 2088 2288 2157 2312; x_wconf 91' lang='lat' dir='ltr'>car-</span> 
     </span>
     <span class='ocr_line' id='line_1_106' title="bbox 1196 2333 2154 2374; baseline 0 -9"><span class='ocrx_word' id='word_1_804' title='bbox 1196 2341 1267 2365; x_wconf 88' lang='lat' dir='ltr'>nem</span> <span class='ocrx_word' id='word_1_805' title='bbox 1284 2345 1316 2372; x_wconf 90' lang='lat'>»,</span> <span class='ocrx_word' id='word_1_806' title='bbox 1341 2333 1515 2366; x_wconf 88' lang='lat' dir='ltr'>secundum</span> <span class='ocrx_word' id='word_1_807' title='bbox 1533 2333 1611 2366; x_wconf 92' lang='lat' dir='ltr'>illud</span> <span class='ocrx_word' id='word_1_808' title='bbox 1627 2333 1666 2367; x_wconf 89' lang='lat' dir='ltr'>ad</span> <span class='ocrx_word' id='word_1_809' title='bbox 1690 2334 1844 2366; x_wconf 85' lang='lat' dir='ltr'>Romanos</span> <span class='ocrx_word' id='word_1_810' title='bbox 1860 2342 1959 2366; x_wconf 91' lang='lat' dir='ltr'>nono:</span> <span class='ocrx_word' id='word_1_811' title='bbox 1982 2345 1998 2361; x_wconf 75' lang='grc' dir='ltr'>α</span> <span class='ocrx_word' id='word_1_812' title='bbox 2013 2333 2154 2374; x_wconf 84' lang='lat' dir='ltr'>Quorum</span> 
     </span>
     <span class='ocr_line' id='line_1_107' title="bbox 1195 2385 2156 2429; baseline 0 -11"><span class='ocrx_word' id='word_1_813' title='bbox 1195 2389 1243 2418; x_wconf 88' lang='lat' dir='ltr'>est</span> <span class='ocrx_word' id='word_1_814' title='bbox 1277 2385 1404 2428; x_wconf 88' lang='lat' dir='ltr'>adoptio</span> <span class='ocrx_word' id='word_1_815' title='bbox 1437 2386 1577 2420; x_wconf 84' lang='lat' dir='ltr'>filiorum</span> <span class='ocrx_word' id='word_1_816' title='bbox 1611 2390 1643 2420; x_wconf 91' lang='lat' dir='ltr'>et</span> <span class='ocrx_word' id='word_1_817' title='bbox 1676 2386 1775 2429; x_wconf 86' lang='lat' dir='ltr'>gloria</span> <span class='ocrx_word' id='word_1_818' title='bbox 1809 2390 1839 2419; x_wconf 90' lang='lat' dir='ltr'>et</span> <span class='ocrx_word' id='word_1_819' title='bbox 1871 2389 2089 2419; x_wconf 85' lang='lat' dir='ltr'>testamentum</span> <span class='ocrx_word' id='word_1_820' title='bbox 2125 2390 2156 2419; x_wconf 90' lang='lat' dir='ltr'>et</span> 
     </span>
    </p>
   </div>
   <div class='ocr_carea' id='block_1_14' title="bbox 1197 2593 2156 2672">
    <p class='ocr_par' dir='ltr' id='par_1_20' title="bbox 1197 2593 2156 2672">
     <span class='ocr_line' id='line_1_108' title="bbox 1198 2593 2156 2627; baseline -0.003 -7"><span class='ocrx_word' id='word_1_821' title='bbox 1198 2594 1334 2621; x_wconf 82' lang='lat' dir='ltr'>Restrictio</span> <span class='ocrx_word' id='word_1_822' title='bbox 1353 2601 1417 2627; x_wconf 79' lang='lat' dir='ltr'>ergo</span> <span class='ocrx_word' id='word_1_823' title='bbox 1437 2595 1580 2621; x_wconf 73' lang='lat' dir='ltr'>verborum</span> <span class='ocrx_word' id='word_1_824' title='bbox 1604 2594 1637 2622; x_wconf 84' lang='lat' dir='ltr'>Et</span> <span class='ocrx_word' id='word_1_825' title='bbox 1654 2596 1733 2621; x_wconf 84' lang='lat' dir='ltr'>erant</span> <span class='ocrx_word' id='word_1_826' title='bbox 1757 2600 1848 2620; x_wconf 79' lang='lat' dir='ltr'>omnes</span> <span class='ocrx_word' id='word_1_827' title='bbox 1867 2597 1930 2624; x_wconf 70' lang='lat' dir='ltr'>etc,</span> <span class='ocrx_word' id='word_1_828' title='bbox 1950 2593 1982 2618; x_wconf 86' lang='lat' dir='ltr'>ad</span> <span class='ocrx_word' id='word_1_829' title='bbox 2002 2593 2071 2618; x_wconf 86' lang='lat' dir='ltr'>solos</span> <span class='ocrx_word' id='word_1_830' title='bbox 2090 2595 2156 2624; x_wconf 76' lang='lat' dir='ltr'>Apo-</span> 
     </span>
     <span class='ocr_line' id='line_1_109' title="bbox 1197 2636 2155 2672; baseline -0.004 -7"><span class='ocrx_word' id='word_1_831' title='bbox 1197 2639 1277 2665; x_wconf 90' lang='lat' dir='ltr'>stolos</span> <span class='ocrx_word' id='word_1_832' title='bbox 1296 2640 1355 2672; x_wconf 81' lang='lat' dir='ltr'>(cfr.</span> <span class='ocrx_word' id='word_1_833' title='bbox 1375 2640 1464 2666; x_wconf 83' lang='lat' dir='ltr'>Glossa</span> <span class='ocrx_word' id='word_1_834' title='bbox 1485 2639 1667 2666; x_wconf 76' lang='lat' dir='ltr'>interlinearis</span> <span class='ocrx_word' id='word_1_835' title='bbox 1686 2643 1711 2665; x_wconf 88' lang='lat' dir='ltr'>et</span> <span class='ocrx_word' id='word_1_836' title='bbox 1729 2638 1805 2665; x_wconf 85' lang='lat' dir='ltr'>Card.</span> <span class='ocrx_word' id='word_1_837' title='bbox 1820 2638 1894 2670; x_wconf 80' lang='lat' dir='ltr'>Hugo</span> <span class='ocrx_word' id='word_1_838' title='bbox 1909 2638 1934 2662; x_wconf 89' lang='lat' dir='ltr'>iu</span> <span class='ocrx_word' id='word_1_839' title='bbox 1955 2638 2023 2663; x_wconf 80' lang='lat' dir='ltr'>liunc</span> <span class='ocrx_word' id='word_1_840' title='bbox 2042 2636 2106 2669; x_wconf 69' lang='lat' dir='ltr'>loc‚)&#39;</span> <span class='ocrx_word' id='word_1_841' title='bbox 2117 2640 2155 2662; x_wconf 81' lang='lat' dir='ltr'>est</span> 
     </span>
    </p>
   </div>
   <div class='ocr_carea' id='block_1_15' title="bbox 1195 2683 2155 2931">
    <p class='ocr_par' dir='ltr' id='par_1_21' title="bbox 1195 2683 2155 2931">
     <span class='ocr_line' id='line_1_110' title="bbox 1197 2683 1815 2717; baseline -0.005 -7"><span class='ocrx_word' id='word_1_842' title='bbox 1197 2684 1276 2710; x_wconf 85' lang='lat' dir='ltr'>nimis</span> <span class='ocrx_word' id='word_1_843' title='bbox 1294 2687 1375 2710; x_wconf 81' lang='lat' dir='ltr'>arcta.</span> <span class='ocrx_word' id='word_1_844' title='bbox 1394 2698 1430 2704; x_wconf 98' lang='lat'>—</span> <span class='ocrx_word' id='word_1_845' title='bbox 1450 2684 1574 2717; x_wconf 83' lang='lat' dir='ltr'>Sequitur</span> <span class='ocrx_word' id='word_1_846' title='bbox 1592 2685 1657 2716; x_wconf 84' lang='lat' dir='ltr'>Eph.</span> <span class='ocrx_word' id='word_1_847' title='bbox 1678 2683 1708 2714; x_wconf 70' lang='lat' dir='ltr'>t,</span> <span class='ocrx_word' id='word_1_848' title='bbox 1728 2683 1815 2708; x_wconf 71' lang='grc'><strong>10-42.</strong></span> 
     </span>
     <span class='ocr_line' id='line_1_111' title="bbox 1232 2725 2155 2760; baseline -0.007 -5"><span class='ocrx_word' id='word_1_849' title='bbox 1232 2746 1246 2757; x_wconf 83' lang='grc'>,,</span> <span class='ocrx_word' id='word_1_850' title='bbox 1269 2726 1280 2742; x_wconf 82' lang='lat'>⁰</span> <span class='ocrx_word' id='word_1_851' title='bbox 1299 2728 1334 2754; x_wconf 82' lang='lat' dir='ltr'>tta</span> <span class='ocrx_word' id='word_1_852' title='bbox 1354 2729 1432 2755; x_wconf 80' lang='lat' dir='ltr'>etiam</span> <span class='ocrx_word' id='word_1_853' title='bbox 1452 2729 1536 2760; x_wconf 72' lang='lat' dir='ltr'>Beda,</span> <span class='ocrx_word' id='word_1_854' title='bbox 1556 2729 1667 2760; x_wconf 76' lang='lat' dir='ltr'>Vulgata</span> <span class='ocrx_word' id='word_1_855' title='bbox 1687 2726 1724 2754; x_wconf 82' lang='lat' dir='ltr'>ad</span> <span class='ocrx_word' id='word_1_856' title='bbox 1747 2726 1815 2753; x_wconf 86' lang='lat' dir='ltr'>illos.</span> <span class='ocrx_word' id='word_1_857' title='bbox 1835 2740 1870 2745; x_wconf 98' lang='lat'><strong>—</strong></span> <span class='ocrx_word' id='word_1_858' title='bbox 1890 2725 2005 2751; x_wconf 87' lang='lat' dir='ltr'>Subinde</span> <span class='ocrx_word' id='word_1_859' title='bbox 2030 2725 2155 2756; x_wconf 74' lang='lat' dir='ltr'>allegatur</span> 
     </span>
     <span class='ocr_line' id='line_1_112' title="bbox 1197 2768 2014 2806; baseline -0.007 -6"><span class='ocrx_word' id='word_1_860' title='bbox 1197 2774 1214 2799; x_wconf 92' lang='grc'><strong>1.</strong></span> <span class='ocrx_word' id='word_1_861' title='bbox 1234 2773 1295 2800; x_wconf 83' lang='lat' dir='ltr'>Cor.</span> <span class='ocrx_word' id='word_1_862' title='bbox 1318 2774 1365 2806; x_wconf 76' lang='grc'>42,</span> <span class='ocrx_word' id='word_1_863' title='bbox 1385 2774 1411 2800; x_wconf 92' lang='grc'>7.</span> <span class='ocrx_word' id='word_1_864' title='bbox 1430 2787 1466 2793; x_wconf 92' lang='grc'><strong>-</strong></span> <span class='ocrx_word' id='word_1_865' title='bbox 1485 2773 1611 2805; x_wconf 85' lang='lat' dir='ltr'>Superius</span> <span class='ocrx_word' id='word_1_866' title='bbox 1631 2772 1689 2798; x_wconf 73' lang='lat' dir='ltr'>Vat.</span> <span class='ocrx_word' id='word_1_867' title='bbox 1708 2771 1802 2797; x_wconf 85' lang='lat' dir='ltr'>omittit</span> <span class='ocrx_word' id='word_1_868' title='bbox 1823 2768 2014 2796; x_wconf 78' lang='lat' dir='ltr'>universalem.</span> 
     </span>
     <span class='ocr_line' id='line_1_113' title="bbox 1270 2812 2155 2850; baseline -0.008 -6"><span class='ocrx_word' id='word_1_869' title='bbox 1270 2817 1280 2832; x_wconf 90' lang='lat'>⁷</span> <span class='ocrx_word' id='word_1_870' title='bbox 1299 2818 1376 2844; x_wconf 88' lang='lat' dir='ltr'>Vers.</span> <span class='ocrx_word' id='word_1_871' title='bbox 1396 2818 1438 2844; x_wconf 87' lang='grc'><strong>23.</strong></span> <span class='ocrx_word' id='word_1_872' title='bbox 1458 2830 1493 2836; x_wconf 91' lang='grc'>-</span> <span class='ocrx_word' id='word_1_873' title='bbox 1513 2817 1561 2842; x_wconf 83' lang='lat' dir='ltr'>Pro</span> <span class='ocrx_word' id='word_1_874' title='bbox 1581 2823 1635 2850; x_wconf 78' lang='lat' dir='ltr'>qua</span> <span class='ocrx_word' id='word_1_875' title='bbox 1654 2813 1813 2849; x_wconf 79' lang='lat' dir='ltr'>temporalia</span> <span class='ocrx_word' id='word_1_876' title='bbox 1833 2814 2036 2845; x_wconf 62' lang='lat' dir='ltr'>comminuitur</span> <span class='ocrx_word' id='word_1_877' title='bbox 2049 2812 2076 2838; x_wconf 82' lang='lat' dir='ltr'>iu</span> <span class='ocrx_word' id='word_1_878' title='bbox 2091 2813 2155 2838; x_wconf 75' lang='lat' dir='ltr'>lem-</span> 
     </span>
     <span class='ocr_line' id='line_1_114' title="bbox 1195 2856 2155 2898; baseline -0.008 -9"><span class='ocrx_word' id='word_1_879' title='bbox 1195 2861 1305 2896; x_wconf 80' lang='lat' dir='ltr'>poralt&#39;a</span> <span class='ocrx_word' id='word_1_880' title='bbox 1326 2862 1345 2888; x_wconf 78' lang='grc' dir='ltr'><strong>Α</strong></span> <span class='ocrx_word' id='word_1_881' title='bbox 1359 2862 1380 2887; x_wconf 85' lang='grc' dir='ltr'>Η</span> <span class='ocrx_word' id='word_1_882' title='bbox 1400 2860 1491 2895; x_wconf 76' lang='lat' dir='ltr'>quoad</span> <span class='ocrx_word' id='word_1_883' title='bbox 1508 2859 1670 2894; x_wconf 77' lang='lat' dir='ltr'>temporalia</span> <span class='ocrx_word' id='word_1_884' title='bbox 1694 2859 1738 2892; x_wconf 79' lang='lat' dir='ltr'>(itu</span> <span class='ocrx_word' id='word_1_885' title='bbox 1752 2858 1829 2884; x_wconf 85' lang='lat' dir='ltr'>etiam</span> <span class='ocrx_word' id='word_1_886' title='bbox 1849 2857 1870 2882; x_wconf 90' lang='lat' dir='ltr'>D</span> <span class='ocrx_word' id='word_1_887' title='bbox 1889 2864 1903 2882; x_wconf 82' lang='lat' dir='ltr'>a</span> <span class='ocrx_word' id='word_1_888' title='bbox 1922 2856 2035 2898; x_wconf 79' lang='lat' dir='ltr'>secunda</span> <span class='ocrx_word' id='word_1_889' title='bbox 2055 2857 2155 2889; x_wconf 82' lang='lat' dir='ltr'>manu).</span> 
     </span>
     <span class='ocr_line' id='line_1_115' title="bbox 1269 2904 1439 2931; baseline -0.012 0"><span class='ocrx_word' id='word_1_890' title='bbox 1269 2904 1280 2920; x_wconf 72' lang='grc' dir='ltr'>θ</span> <span class='ocrx_word' id='word_1_891' title='bbox 1301 2906 1376 2931; x_wconf 77' lang='lat' dir='ltr'>vers.</span> <span class='ocrx_word' id='word_1_892' title='bbox 1397 2905 1439 2930; x_wconf 76' lang='lat' dir='ltr'>te.</span> 
     </span>
    </p>
   </div>
   <div class='ocr_carea' id='block_1_16' title="bbox 1195 2943 2156 3419">
    <p class='ocr_par' dir='ltr' id='par_1_22' title="bbox 1197 2943 2154 3023">
     <span class='ocr_line' id='line_1_116' title="bbox 1268 2943 2154 2980; baseline -0.006 -6"><span class='ocrx_word' id='word_1_893' title='bbox 1268 2948 1280 2964; x_wconf 83' lang='lat'>⁹</span> <span class='ocrx_word' id='word_1_894' title='bbox 1300 2949 1375 2974; x_wconf 80' lang='lat' dir='ltr'>Vers.</span> <span class='ocrx_word' id='word_1_895' title='bbox 1395 2949 1437 2974; x_wconf 74' lang='grc'><strong>48.</strong></span> <span class='ocrx_word' id='word_1_896' title='bbox 1458 2948 1517 2980; x_wconf 88' lang='lat' dir='ltr'>(pro</span> <span class='ocrx_word' id='word_1_897' title='bbox 1535 2952 1636 2973; x_wconf 81' lang='lat' dir='ltr'>merces</span> <span class='ocrx_word' id='word_1_898' title='bbox 1656 2946 1768 2978; x_wconf 76' lang='lat' dir='ltr'>Vulgata</span> <span class='ocrx_word' id='word_1_899' title='bbox 1787 2943 1942 2976; x_wconf 79' lang='lat' dir='ltr'>mercedes).</span> <span class='ocrx_word' id='word_1_900' title='bbox 1957 2958 1990 2962; x_wconf 90' lang='lat'>—</span> <span class='ocrx_word' id='word_1_901' title='bbox 2004 2944 2060 2970; x_wconf 86' lang='lat' dir='ltr'>Duo</span> <span class='ocrx_word' id='word_1_902' title='bbox 2080 2950 2154 2977; x_wconf 85' lang='lat' dir='ltr'>seqq.</span> 
     </span>
     <span class='ocr_line' id='line_1_117' title="bbox 1197 2989 1832 3023; baseline -0.009 -3"><span class='ocrx_word' id='word_1_903' title='bbox 1197 2994 1246 3020; x_wconf 90' lang='lat' dir='ltr'>loci</span> <span class='ocrx_word' id='word_1_904' title='bbox 1265 2995 1327 3019; x_wconf 88' lang='lat' dir='ltr'>sunt</span> <span class='ocrx_word' id='word_1_905' title='bbox 1351 2993 1428 3018; x_wconf 75' lang='lat' dir='ltr'>Prov.</span> <span class='ocrx_word' id='word_1_906' title='bbox 1448 2992 1490 3023; x_wconf 84' lang='grc'>31,</span> <span class='ocrx_word' id='word_1_907' title='bbox 1512 2991 1553 3016; x_wconf 81' lang='grc'>48.</span> <span class='ocrx_word' id='word_1_908' title='bbox 1573 2994 1598 3016; x_wconf 89' lang='lat' dir='ltr'>et</span> <span class='ocrx_word' id='word_1_909' title='bbox 1617 2991 1704 3016; x_wconf 78' lang='lat' dir='ltr'>Mutth.</span> <span class='ocrx_word' id='word_1_910' title='bbox 1725 2989 1770 3021; x_wconf 77' lang='lat'>⁴3,</span> <span class='ocrx_word' id='word_1_911' title='bbox 1790 2989 1832 3014; x_wconf 64' lang='lat'>⁶5.</span> 
     </span>
    </p>

    <p class='ocr_par' dir='ltr' id='par_1_23' title="bbox 1269 3032 1992 3066">
     <span class='ocr_line' id='line_1_118' title="bbox 1269 3032 1992 3066; baseline -0.008 -4"><span class='ocrx_word' id='word_1_912' title='bbox 1269 3035 1292 3051; x_wconf 89' lang='lat'>¹⁰</span> <span class='ocrx_word' id='word_1_913' title='bbox 1312 3036 1413 3062; x_wconf 82' lang='lat' dir='ltr'>Scilicet</span> <span class='ocrx_word' id='word_1_914' title='bbox 1432 3033 1574 3061; x_wconf 76' lang='lat' dir='ltr'>ordinaria</span> <span class='ocrx_word' id='word_1_915' title='bbox 1595 3034 1636 3066; x_wconf 83' lang='lat' dir='ltr'>(ex</span> <span class='ocrx_word' id='word_1_916' title='bbox 1655 3033 1735 3065; x_wconf 77' lang='lat' dir='ltr'>Beda)</span> <span class='ocrx_word' id='word_1_917' title='bbox 1755 3033 1781 3058; x_wconf 88' lang='lat' dir='ltr'>in</span> <span class='ocrx_word' id='word_1_918' title='bbox 1800 3032 1863 3058; x_wconf 89' lang='lat' dir='ltr'>Luc.</span> <span class='ocrx_word' id='word_1_919' title='bbox 1885 3032 1929 3063; x_wconf 76' lang='lat'>¹9,</span> <span class='ocrx_word' id='word_1_920' title='bbox 1952 3032 1992 3057; x_wconf 70' lang='lat'>⁴3.</span> 
     </span>
    </p>

    <p class='ocr_par' dir='ltr' id='par_1_24' title="bbox 1196 3075 2156 3157">
     <span class='ocr_line' id='line_1_119' title="bbox 1269 3075 2156 3110; baseline -0.006 -4"><span class='ocrx_word' id='word_1_921' title='bbox 1269 3079 1289 3095; x_wconf 87' lang='lat'>¹¹</span> <span class='ocrx_word' id='word_1_922' title='bbox 1311 3079 1386 3106; x_wconf 85' lang='lat' dir='ltr'>Vers.</span> <span class='ocrx_word' id='word_1_923' title='bbox 1406 3079 1449 3105; x_wconf 70' lang='grc'>44.</span> <span class='ocrx_word' id='word_1_924' title='bbox 1461 3092 1496 3098; x_wconf 95' lang='grc'>-</span> <span class='ocrx_word' id='word_1_925' title='bbox 1510 3078 1636 3110; x_wconf 83' lang='lat' dir='ltr'>Superius</span> <span class='ocrx_word' id='word_1_926' title='bbox 1648 3083 1662 3102; x_wconf 91' lang='lat' dir='ltr'>e</span> <span class='ocrx_word' id='word_1_927' title='bbox 1676 3075 1753 3103; x_wconf 87' lang='lat' dir='ltr'>codd.</span> <span class='ocrx_word' id='word_1_928' title='bbox 1773 3076 1793 3101; x_wconf 85' lang='grc' dir='ltr'>Α</span> <span class='ocrx_word' id='word_1_929' title='bbox 1804 3075 1823 3102; x_wconf 94' lang='lat' dir='ltr'>C</span> <span class='ocrx_word' id='word_1_930' title='bbox 1834 3076 1855 3101; x_wconf 94' lang='lat' dir='ltr'>D</span> <span class='ocrx_word' id='word_1_931' title='bbox 1865 3075 1886 3101; x_wconf 80' lang='lat' dir='ltr'>fl</span> <span class='ocrx_word' id='word_1_932' title='bbox 1906 3075 2090 3108; x_wconf 78' lang='lat' dir='ltr'>supplevimus</span> <span class='ocrx_word' id='word_1_933' title='bbox 2108 3075 2156 3109; x_wconf 79' lang='lat' dir='ltr'>qui</span> 
     </span>
     <span class='ocr_line' id='line_1_120' title="bbox 1196 3123 1552 3157; baseline -0.011 -5"><span class='ocrx_word' id='word_1_934' title='bbox 1196 3126 1316 3152; x_wconf 83' lang='lat' dir='ltr'>autem...</span> <span class='ocrx_word' id='word_1_935' title='bbox 1334 3123 1485 3157; x_wconf 61' lang='lat' dir='ltr'>negotiator</span> <span class='ocrx_word' id='word_1_936' title='bbox 1504 3123 1552 3149; x_wconf 79' lang='lat' dir='ltr'>est.</span> 
     </span>
    </p>

    <p class='ocr_par' dir='ltr' id='par_1_25' title="bbox 1196 3164 2155 3290">
     <span class='ocr_line' id='line_1_121' title="bbox 1268 3164 2155 3200; baseline -0.005 -6"><span class='ocrx_word' id='word_1_937' title='bbox 1268 3167 1290 3183; x_wconf 73' lang='lat'>¹⁹</span> <span class='ocrx_word' id='word_1_938' title='bbox 1309 3168 1386 3194; x_wconf 88' lang='lat' dir='ltr'>Vers.</span> <span class='ocrx_word' id='word_1_939' title='bbox 1409 3168 1449 3193; x_wconf 81' lang='lat' dir='ltr'>lt.</span> <span class='ocrx_word' id='word_1_940' title='bbox 1470 3166 1519 3193; x_wconf 72' lang='lat' dir='ltr'>Cir.</span> <span class='ocrx_word' id='word_1_941' title='bbox 1539 3172 1620 3198; x_wconf 81' lang='lat' dir='ltr'>supra</span> <span class='ocrx_word' id='word_1_942' title='bbox 1640 3171 1662 3191; x_wconf 92' lang='lat' dir='ltr'>c.</span> <span class='ocrx_word' id='word_1_943' title='bbox 1681 3164 1707 3200; x_wconf 69' lang='grc'><strong>9.</strong></span> <span class='ocrx_word' id='word_1_944' title='bbox 1727 3171 1751 3190; x_wconf 88' lang='lat' dir='ltr'>n.</span> <span class='ocrx_word' id='word_1_945' title='bbox 1772 3164 1798 3190; x_wconf 86' lang='grc'><strong>6.</strong></span> <span class='ocrx_word' id='word_1_946' title='bbox 1816 3167 1841 3190; x_wconf 89' lang='lat' dir='ltr'>et</span> <span class='ocrx_word' id='word_1_947' title='bbox 1860 3170 1882 3190; x_wconf 88' lang='lat' dir='ltr'>c.</span> <span class='ocrx_word' id='word_1_948' title='bbox 1898 3164 1938 3189; x_wconf 85' lang='lat' dir='ltr'>lo.</span> <span class='ocrx_word' id='word_1_949' title='bbox 1959 3170 1985 3189; x_wconf 90' lang='lat' dir='ltr'>n.</span> <span class='ocrx_word' id='word_1_950' title='bbox 2006 3164 2046 3189; x_wconf 72' lang='lat'>⁴3.</span> <span class='ocrx_word' id='word_1_951' title='bbox 2061 3177 2096 3183; x_wconf 95' lang='lat'>—</span> <span class='ocrx_word' id='word_1_952' title='bbox 2109 3165 2155 3190; x_wconf 87' lang='lat' dir='ltr'>Su-</span> 
     </span>
     <span class='ocr_line' id='line_1_122' title="bbox 1196 3206 2154 3246; baseline -0.005 -8"><span class='ocrx_word' id='word_1_953' title='bbox 1196 3212 1287 3246; x_wconf 82' lang='lat' dir='ltr'>perius</span> <span class='ocrx_word' id='word_1_954' title='bbox 1305 3218 1354 3244; x_wconf 87' lang='lat' dir='ltr'>pro</span> <span class='ocrx_word' id='word_1_955' title='bbox 1373 3209 1410 3237; x_wconf 81' lang='lat' dir='ltr'>ad</span> <span class='ocrx_word' id='word_1_956' title='bbox 1427 3209 1504 3237; x_wconf 79' lang='lat' dir='ltr'>ale&#39;ud</span> <span class='ocrx_word' id='word_1_957' title='bbox 1527 3208 1684 3236; x_wconf 72' lang='lat' dir='ltr'>ordinatum</span> <span class='ocrx_word' id='word_1_958' title='bbox 1703 3207 1725 3235; x_wconf 90' lang='lat' dir='ltr'>D</span> <span class='ocrx_word' id='word_1_959' title='bbox 1749 3207 1786 3235; x_wconf 84' lang='lat' dir='ltr'>ad</span> <span class='ocrx_word' id='word_1_960' title='bbox 1808 3206 1877 3234; x_wconf 76' lang='lat' dir='ltr'>illud</span> <span class='ocrx_word' id='word_1_961' title='bbox 1895 3206 2051 3242; x_wconf 81' lang='lat' dir='ltr'>[principale</span> <span class='ocrx_word' id='word_1_962' title='bbox 2077 3208 2154 3234; x_wconf 86' lang='lat' dir='ltr'>inten-</span> 
     </span>
     <span class='ocr_line' id='line_1_123' title="bbox 1196 3254 1449 3290; baseline -0.012 -7"><span class='ocrx_word' id='word_1_963' title='bbox 1196 3255 1263 3290; x_wconf 84' lang='lat' dir='ltr'>tum]</span> <span class='ocrx_word' id='word_1_964' title='bbox 1282 3254 1449 3282; x_wconf 78' lang='lat' dir='ltr'>ordinatum.</span> 
     </span>
    </p>

    <p class='ocr_par' dir='ltr' id='par_1_26' title="bbox 1195 3294 2155 3419">
     <span class='ocr_line' id='line_1_124' title="bbox 1267 3294 2155 3328; baseline -0.005 -3"><span class='ocrx_word' id='word_1_965' title='bbox 1267 3297 1290 3314; x_wconf 78' lang='lat'>¹³</span> <span class='ocrx_word' id='word_1_966' title='bbox 1309 3297 1394 3325; x_wconf 85' lang='lat' dir='ltr'>Codd.</span> <span class='ocrx_word' id='word_1_967' title='bbox 1412 3297 1431 3324; x_wconf 94' lang='lat' dir='ltr'>C</span> <span class='ocrx_word' id='word_1_968' title='bbox 1443 3297 1523 3324; x_wconf 71' lang='lat' dir='ltr'>Dru</span> <span class='ocrx_word' id='word_1_969' title='bbox 1542 3303 1602 3323; x_wconf 88' lang='lat' dir='ltr'>cum</span> <span class='ocrx_word' id='word_1_970' title='bbox 1622 3296 1692 3323; x_wconf 80' lang='lat' dir='ltr'>Beda</span> <span class='ocrx_word' id='word_1_971' title='bbox 1711 3295 1800 3323; x_wconf 78' lang='lat' dir='ltr'>illum.</span> <span class='ocrx_word' id='word_1_972' title='bbox 1817 3308 1853 3316; x_wconf 89' lang='lat'><em>—</em></span> <span class='ocrx_word' id='word_1_973' title='bbox 1872 3294 1989 3322; x_wconf 88' lang='lat' dir='ltr'>Subinde</span> <span class='ocrx_word' id='word_1_974' title='bbox 2010 3295 2155 3328; x_wconf 75' lang='lat' dir='ltr'>allegantur</span> 
     </span>
     <span class='ocr_line' id='line_1_125' title="bbox 1195 3338 2155 3374; baseline -0.005 -3"><span class='ocrx_word' id='word_1_975' title='bbox 1195 3344 1286 3371; x_wconf 77' lang='lat' dir='ltr'>Glossa</span> <span class='ocrx_word' id='word_1_976' title='bbox 1305 3341 1486 3369; x_wconf 75' lang='lat' dir='ltr'>interlinearis</span> <span class='ocrx_word' id='word_1_977' title='bbox 1512 3341 1646 3374; x_wconf 60' lang='lat' dir='ltr'>(August,</span> <span class='ocrx_word' id='word_1_978' title='bbox 1675 3341 1702 3367; x_wconf 90' lang='grc' dir='ltr'>ΙΙ.</span> <span class='ocrx_word' id='word_1_979' title='bbox 1730 3340 1779 3374; x_wconf 85' lang='lat' dir='ltr'>Qq.</span> <span class='ocrx_word' id='word_1_980' title='bbox 1805 3340 1968 3373; x_wconf 79' lang='lat' dir='ltr'>Evungellor.</span> <span class='ocrx_word' id='word_1_981' title='bbox 1994 3347 2022 3374; x_wconf 91' lang='lat' dir='ltr'>q.</span> <span class='ocrx_word' id='word_1_982' title='bbox 2046 3339 2092 3367; x_wconf 60' lang='grc' dir='ltr'>ἄδι</span> <span class='ocrx_word' id='word_1_983' title='bbox 2113 3338 2155 3367; x_wconf 68' lang='grc' dir='ltr'>Οἱ·</span> 
     </span>
     <span class='ocr_line' id='line_1_126' title="bbox 1195 3384 1772 3419; baseline -0.01 -3"><span class='ocrx_word' id='word_1_984' title='bbox 1195 3395 1266 3416; x_wconf 74' lang='lat' dir='ltr'>ves...</span> <span class='ocrx_word' id='word_1_985' title='bbox 1286 3386 1375 3414; x_wconf 82' lang='lat' dir='ltr'>ludaei</span> <span class='ocrx_word' id='word_1_986' title='bbox 1388 3386 1463 3419; x_wconf 85' lang='lat' dir='ltr'>sunt)</span> <span class='ocrx_word' id='word_1_987' title='bbox 1483 3388 1509 3412; x_wconf 84' lang='lat' dir='ltr'>et</span> <span class='ocrx_word' id='word_1_988' title='bbox 1527 3385 1602 3412; x_wconf 79' lang='lat' dir='ltr'>Rom.</span> <span class='ocrx_word' id='word_1_989' title='bbox 1623 3385 1653 3418; x_wconf 72' lang='lat'>9,</span> <span class='ocrx_word' id='word_1_990' title='bbox 1674 3384 1699 3411; x_wconf 77' lang='lat' dir='ltr'>t.</span> <span class='ocrx_word' id='word_1_991' title='bbox 1717 3391 1772 3418; x_wconf 85' lang='lat' dir='ltr'>seq.</span> 
     </span>
    </p>
   </div>
   <div class='ocr_carea' id='block_1_17' title="bbox 2193 457 2286 482">
    <p class='ocr_par' dir='ltr' id='par_1_27' title="bbox 2193 457 2286 482">
     <span class='ocr_line' id='line_1_127' title="bbox 2193 457 2286 482; baseline 0.011 -6"><span class='ocrx_word' id='word_1_992' title='bbox 2193 457 2286 482; x_wconf 77' lang='lat' dir='ltr'>gotiatio.</span> 
     </span>
    </p>
   </div>
   <div class='ocr_carea' id='block_1_18' title="bbox 2175 1381 2322 1403">
    <p class='ocr_par' dir='ltr' id='par_1_28' title="bbox 2175 1381 2322 1403">
     <span class='ocr_line' id='line_1_128' title="bbox 2175 1381 2322 1403; baseline 0 -1"><span class='ocrx_word' id='word_1_993' title='bbox 2175 1381 2322 1403; x_wconf 81' lang='lat' dir='ltr'>Corollarium.</span> 
     </span>
    </p>
   </div>
   <div class='ocr_carea' id='block_1_19' title="bbox 2178 2073 2280 2095">
    <p class='ocr_par' dir='ltr' id='par_1_29' title="bbox 2178 2073 2280 2095">
     <span class='ocr_line' id='line_1_129' title="bbox 2178 2073 2280 2095; baseline -0.01 0"><span class='ocrx_word' id='word_1_994' title='bbox 2178 2073 2280 2095; x_wconf 82' lang='lat' dir='ltr'>Tertium.</span> 
     </span>
    </p>
   </div>
  </div>
 </body>
</html>
