2476 3921
37 1067 66 1089 De
80 1066 141 1088 tertio

11 1107 12 1116 i
35 1095 144 1124 tanguntur

62 1123 110 1142 tria.

8 1402 10 1406 ,
21 1385 106 1408 Vocatio
120 1385 152 1407 in-

8 1420 9 1427 *
29 1412 149 1440 digentium.

25 1545 149 1567 Notandum.

75 2131 149 2153 Aliter.

753 222 946 255 COMMENT.
972 224 1008 256 IN
1033 223 1271 257 EVANGELIUM
1297 226 1412 259 LUCAE
1438 228 1468 259 C.
1495 229 1568 261 xiv.

173 322 230 355 pro
261 309 342 345 bona
373 312 580 345 voluntate».
606 331 650 336 —
673 312 709 344 Et
740 314 814 344 nota
846 311 915 351 hic,
948 312 1032 354 quod
1064 312 1136 345 licet

173 375 256 399 uxor
280 365 362 399 licite
387 365 556 404 habeatur,
582 368 685 398 tamen
710 368 841 407 propter
861 365 997 397 abusum
1015 368 1045 397 et
1062 374 1134 407 pro—

173 423 242 462 pter
265 419 378 452 vitium
401 419 604 452 coniunctum
630 427 686 461 per
710 428 780 451 rem
805 418 924 451 bonam
949 419 1134 461 intelligitur

172 473 309 506 malum.
344 473 474 514 Propter
497 472 582 514 quod
606 475 637 505 et
660 472 825 514 Apostolus
848 471 923 505 dicit
948 472 1068 514 primae
1095 472 1133 504 ad

173 525 352 558 Corinthios
375 525 509 567 septimo
524 526 534 545 ¹
550 537 556 557 :
587 538 602 553 «ι
619 525 785 567 Reliquum
810 529 875 564 est,
893 528 928 558 ut
945 525 999 567 qui
1017 525 1134 558 habent

171 588 292 612 uxores
315 579 378 612 sint
401 582 550 621 tanquam
577 588 639 611 non
664 579 815 611 habentes
832 591 863 618 »;
881 579 963 611 sicut
979 581 1012 611 et
1026 579 1133 611 Glossa

171 633 263 672 dicit,
288 632 373 674 quod
402 632 525 664 «multi
550 641 612 664 non
644 635 774 674 propter
806 631 1046 671 fecunditatem,
1079 632 1132 665 sed

172 688 301 728 propter
324 684 479 717 desideria
496 684 600 717 carnis
616 693 736 717 uxores
751 684 882 717 ducunt.
901 684 971 716 ideo
991 693 1048 726 per
1065 693 1132 716 rem

171 740 260 772 istam
290 738 425 771 carnalis
456 737 602 779 voluptas
629 737 812 779 designatur
828 749 859 776 »;
884 737 968 770 unde
991 746 1053 770 non
1085 740 1133 770 est

171 791 408 830 inconveniens,
433 790 517 833 quod
542 800 630 822 uxor
654 790 775 823 ratione
791 790 918 823 vinculi
939 799 1132 822 sacramen-

171 844 247 878 talis
263 844 404 886 designat
422 843 588 876 Ecclesiam
600 869 607 883 ,
625 852 770 885 sponsam
787 843 902 876 Christi
917 844 946 882 ²,
963 847 994 876 et
1012 844 1132 876 ratione

170 896 319 931 libidinis·
349 898 513 940 designare
544 897 641 939 possit
677 896 961 939 concupiscentiam
998 897 1132 929 carnalis

171 951 348 994 voluptatis.

258 1005 311 1038 [tlt.
336 1002 440 1047 (Vers.
464 1004 542 1046 at).
576 1005 615 1036 El
638 1014 792 1037 reversus
821 1014 939 1036 servus
970 1008 1028 1037 etc.
1062 1004 1132 1036 Post

170 1058 382 1092 invitationem
412 1058 623 1100 plurimorum
655 1059 687 1090 et
717 1057 955 1090 excusationem
988 1056 1132 1089 invitato-

170 1122 242 1146 rum
274 1112 419 1155 sequitur
451 1111 502 1144 hic
534 1111 627 1144 tertio
658 1110 804 1152 repulsio
833 1114 1093 1153 contemptorum
1108 1110 1130 1142 ³.

169 1166 258 1199 Circa
281 1175 376 1208 quam
402 1165 462 1198 tria
495 1164 741 1197 introducuntur
765 1164 804 1196 ab
830 1164 1040 1206 Evangelista‚
1073 1164 1132 1197 sci-

172 1220 242 1253 licet
264 1219 392 1252 vocatio
425 1218 665 1261 incliyentz'um,
691 1217 872 1259 compulsio
897 1217 1132 1260 neyliyentz'um

169 1276 200 1306 et
223 1272 368 1315 repulsio
392 1272 676 1305 contemnentium.

259 1326 362 1359 Primo
397 1328 550 1368 quantum
587 1325 623 1357 ad
656 1325 856 1357 vocationem
890 1325 1130 1368 incliyentium,

169 1388 249 1423 quae
272 1382 379 1412 ortum
404 1378 515 1411 habuit
540 1387 581 1411 ex
605 1381 787 1420 contemptu
811 1378 965 1417 aliorum,
982 1378 1074 1410 dicit:
1095 1379 1131 1410 El

169 1422 322 1466 reuersus
352 1441 488 1471 servus,
521 1431 691 1464 nuntiavit
721 1429 800 1464 haee
824 1431 957 1463 domino
980 1441 1061 1470 suo,
1086 1431 1131 1463 vi-

168 1486 278 1521 delicet
301 1488 484 1518 vocatorum
508 1484 656 1519 duritiam
681 1487 713 1517 et
735 1484 948 1519 rebellionem.
966 1485 1049 1517 Hanc
1065 1493 1132 1517 ser-

171 1549 229 1574 vus
252 1539 394 1578 nuntiat,
419 1538 545 1580 quando
566 1538 643 1570 ordo
659 1538 912 1580 praedicatorum
925 1538 939 1557 4
955 1547 1017 1570 non
1034 1547 1131 1581 quae-

171 1594 212 1627 rit
232 1593 400 1636 proprium
425 1591 644 1630 commodum,
662 1591 714 1624 sed
732 1591 887 1624 honorem
901 1591 1061 1630 divinum,
1079 1595 1129 1631 ut,

170 1647 251 1681 sicut
275 1647 390 1680 missus
413 1649 461 1679 est
483 1655 502 1678 a
525 1645 589 1677 Deo
621 1653 678 1687 per
708 1644 960 1678 commissionem
993 1645 1130 1678 auctori—

169 1701 258 1740 tatis,
290 1700 334 1733 sic
362 1702 541 1732 revertatur
573 1706 630 1740 per
662 1697 866 1731 intentionem
900 1697 1057 1740 puritatis.
1094 1698 1130 1730 Et

169 1755 207 1788 ‹le
223 1753 338 1787 talibus
353 1753 469 1786 dicitur
487 1751 656 1784 Ezechielis
672 1751 775 1793 primo
788 1751 800 1771 ⁶
815 1763 822 1784 :
844 1764 859 1780 «ι
877 1743 1028 1785 Animalia
1044 1751 1129 1785 ibant

169 1811 199 1841 et
223 1806 464 1840 revertebantur
488 1805 519 1837 in
544 1803 779 1837 similitudinem
803 1804 938 1846 fulguris
962 1813 1130 1838 coruscan-

169 1860 209 1894 tis
224 1872 255 1900 »;
287 1859 371 1893 unde
394 1858 447 1891 Iob
471 1857 632 1900 trigesimo
654 1860 785 1890 octavo:
817 1871 831 1886 «
848 1857 995 1900 Nunquid
1024 1858 1130 1891 mittes

169 1914 305 1956 fulgura,
318 1916 349 1946 et
362 1909 452 1945 ibunt
468 1914 499 1944 et
516 1910 706 1945 revertentia
718 1910 822 1943 dicent
835 1911 889 1943 tibi
902 1911 1079 1946 :adsumus
1092 1925 1107 1941 1>
1116 1915 1130 1944 ἱ)

169 1966 210 1999 ibi
234 1966 362 1999 Glossa:
397 1978 412 1994 α
436 1964 568 1997 Vadunt
598 1962 760 2006 sulpura,
793 1973 865 1997 cum
897 1965 1130 2006 praedicatores

169 2019 329 2052 miraculis
353 2020 536 2056 coruscant;
554 2017 752 2049 revertentia
776 2017 909 2050 dieunt.-
935 2018 1128 2057 Adsumus,

169 2080 240 2105 cuni
265 2081 327 2104 non
352 2071 429 2110 sibi,
461 2070 515 2104 sed
547 2071 611 2103 Deo
639 2070 803 2110 tribuunt,
832 2071 985 2114 quidquid
1010 2081 1043 2104 se
1066 2072 1130 2104 sor-

169 2124 364 2167 titeregisse
387 2127 627 2166 cognoscunt».
653 2124 718 2163 Vel,
736 2129 950 2157 revertuntur
965 2125 1003 2157 ad
1028 2126 1128 2158 Deum

168 2188 225 2222 per
248 2178 421 2221 gratiarum
445 2177 617 2216 actionem,
641 2177 815 2210 secundum
833 2177 911 2210 illud
928 2178 1129 2211 Ecclesiastae

170 2232 317 2275 primo⁶:
347 2244 363 2260 π
379 2230 422 2263 Ad
446 2231 569 2269 locum,
594 2230 678 2263 unde
702 2233 841 2269 exeunt,
866 2230 998 2263 flumina
1022 2240 1129 2264 rever-

169 2288 296 2323 tuntur,
321 2287 357 2316 ut
381 2284 498 2316 iterum
522 2283 622 2316 ssuant
639 2296 668 2315 ι).
688 2283 724 2315 Et
739 2283 815 2325 quia
832 2292 892 2315 non
911 2287 1042 2325 possunt
1057 2293 1129 2325 gra-

170 2338 227 2370 tias
250 2345 343 2380 agere
366 2336 405 2369 de
429 2333 624 2368 audientium
649 2335 837 2374 rebellione,
861 2336 914 2368 sed
940 2336 1045 2377 potius
1076 2345 1128 2378 ge-

170 2399 255 2423 mere
278 2399 320 2423 ex
343 2389 548 2422 detestatione
572 2389 703 2430 culpae;
728 2388 797 2421 ideo
812 2388 963 2421 dicuntur
990 2389 1128 2422 Domino

170 2443 326 2476 nuntiare
332 2454 344 2481 ;
357 2442 439 2475 sicut
451 2444 482 2475 et
493 2441 532 2475 de
545 2441 697 2483 Apostolis
708 2440 825 2473 dicitur
838 2442 970 2474 actuum
983 2445 1098 2484 quarto
1105 2442 1127 2481 ⁷,

241 2589 249 2605 ¹
271 2591 346 2617 Vers.
365 2591 408 2616 29.
426 2604 461 2609 —
480 2590 571 2616 Glossa
596 2596 653 2622 seq.
678 2591 717 2615 est
736 2588 879 2616 ordinaria
901 2590 941 2623 (ex
961 2592 1085 2623 Gregor.,
1105 2592 1130 2617 11,

172 2636 264 2665 llomil.
290 2636 322 2661 in
352 2636 451 2667 Evang.
479 2634 567 2660 homil.
597 2634 640 2659 36.
659 2641 683 2659 n.
704 2633 734 2665 5,
754 2642 834 2667 quem
860 2635 978 2668 seqnitur
1003 2636 1083 2669 Beda)
1104 2636 1131 2661 in

171 2682 232 2706 Luc.
255 2679 301 2712 ⁴4,
322 2680 364 2705 20.

242 2722 252 2738 ²
272 2724 323 2749 Csr.
342 2724 408 2756 Eph.
427 2723 458 2754 5,
477 2723 518 2749 23.
539 2730 613 2756 seqq.

241 2766 251 2782 ³
272 2766 338 2795 Vide
357 2775 437 2800 supra
455 2775 480 2793 n.
500 2767 544 2793 36.

240 2812 252 2827 ⁴
268 2813 322 2839 Cle.
340 2820 419 2845 supra
438 2819 499 2845 pag.
520 2813 586 2845 370,
606 2815 667 2838 nota
687 2813 730 2839 10.

241 2855 252 2871 ⁶
272 2857 347 2883 Vers.
367 2856 415 2888 ⁴4,
434 2859 494 2888 post
512 2864 592 2890 quem
612 2857 657 2883 lob
676 2858 724 2889 38,
745 2858 787 2884 35.
807 2860 833 2883 et
844 2858 934 2884 Glossa
948 2857 1090 2884 ordinaria
1105 2858 1130 2883 in

172 2903 241 2927 hune
262 2902 311 2927 loc.
331 2901 375 2934 (de
387 2908 440 2934 qua
454 2901 516 2927 vide
528 2909 608 2934 supra
623 2909 684 2934 pag.
698 2903 744 2927 261
759 2923 764 2934 ,
779 2906 867 2928 notam
883 2903 950 2935 11.),
965 2903 991 2928 in
1004 2909 1056 2935 qua
1072 2905 1131 2934 post

173 2947 318 2972 coruscant
337 2948 420 2972 textus
439 2946 572 2978 originalis
590 2946 663 2972 addit
680 2947 706 2973 et
723 2953 843 2980 superna
861 2947 1011 2974 reverentia
1029 2946 1132 2973 awlito—

171 2996 236 3029 rum
255 2988 338 3016 corda
356 2989 540 3024 tnansfiyunt;
560 2989 631 3017 unde
651 2990 745 3024 [Eccle.
766 2991 793 3023 1,
812 2990 867 3025 7.]:
886 2991 925 3017 Ad
945 2992 1040 3023 locum,
1061 2991 1131 3017 unde

172 3034 275 3064 exeunt,
288 3033 397 3058 numina
410 3037 585 3067 revertuntur,
603 3038 632 3060 ut
644 3035 738 3060 iterum
752 3036 845 3066 fluant;
860 3034 924 3069 quia
937 3035 1032 3062 Sancti
1042 3042 1059 3061 a
1072 3035 1131 3061 visu

173 3076 222 3103 Dei
236 3079 348 3111 propter
368 3084 418 3104 nos
437 3079 550 3110 exeunt,
570 3078 617 3105 sed
634 3085 701 3105 moa·
719 3078 756 3105 ad
774 3079 1021 3113 contemplationem
1041 3086 1131 3105 recur-

121 3140 123 3142 ,
172 3122 255 3152 run&
268 3121 348 3147 aliter
360 3121 431 3150 enim
449 3121 614 3156 praedicatio
627 3122 786 3155 siccaretur,
808 3122 872 3157 quia
886 3122 923 3149 ibi
933 3125 1047 3150 sumunt
1060 3123 1132 3157 quod

170 3165 320 3199 propinant
339 3166 379 3199 (ex
398 3167 522 3200 Gregor.,
542 3167 627 3194 XXX.
647 3168 734 3194 Moral.
755 3175 778 3194 c.
798 3169 822 3194 2.
842 3175 866 3194 n.
887 3169 923 3201 8).

243 3208 255 3224 ⁶
274 3211 347 3241 Vei-s.
367 3211 393 3236 7.
412 3211 480 3237 Vide
496 3218 579 3244 supra
598 3219 622 3237 c.
642 3212 683 3238 10.
702 3219 728 3238 n.
748 3213 791 3238 30.

244 3253 253 3268 ⁹
275 3256 349 3282 Vers.
369 3255 410 3281 24.
431 3263 486 3289 seq.
507 3256 543 3289 (in
562 3264 615 3290 quo
634 3257 760 3290 allegatur
778 3258 818 3283 ΡΞ.
832 3259 862 3291 2,
878 3259 927 3291 t.);
941 3258 1036 3284 deinde
1049 3265 1074 3282 v.
1089 3258 1130 3283 29.

173 3301 200 3324 et
217 3299 260 3325 31.

245 3341 256 3356 “
276 3343 351 3369 Vers.
370 3344 414 3370 20.
432 3347 458 3370 et
476 3345 519 3370 2⁴.

244 3384 255 3399 ⁹
276 3387 350 3412 Vers.
371 3388 395 3412 3.
415 3400 451 3406 -
469 3388 705 3420 De'propositione
725 3390 844 3422 sequenti
869 3378 930 3416 vide
954 3391 1079 3422 ‹Ji-egon,
1105 3390 1132 3416 ll.

2093 236 2156 269 373

1199 313 1282 355 quod
1294 340 1301 352 ,
1319 324 1390 347 cum
1408 317 1579 350 molestiam
1606 322 1788 360 paterentur
1812 330 1830 353 a
1847 322 1980 361 ludaeis,
2004 337 2018 351 σ
2037 324 2157 356 levave-

1200 370 1275 398 runt
1300 376 1407 400 vocem
1432 370 1620 403 unanimiter
1645 372 1681 403 ad
1707 373 1805 405 Deum
1831 378 1861 406 et
1885 375 2057 408 dixerunt:
2091 378 2156 415 Tu,

1199 419 1347 458 Domine,
1364 422 1417 462 qui
1443 421 1540 454 fecisti
1565 425 1685 463 omnia,
1710 426 1763 467 qui
1788 427 1894 459 dixisti
1922 438 1975 469 per
2001 439 2035 460 os
2060 431 2158 471 patris

1199 473 1296 504 nostri
1316 473 1431 506 David:
1449 476 1552 516 Quare
1570 476 1766 510 fremuerunt
1782 484 1890 520 gentes
1904 494 1918 508 ιο
1940 485 2009 518 etc„
2029 495 2043 509 σ
2057 492 2156 520 nunc,

1198 524 1346 564 Domine,
1379 527 1498 569 respice
1531 529 1560 560 in
1594 530 1692 562 minas
1716 540 1825 563 eorum
1851 536 1882 563 et
1904 533 1943 564 da
1967 535 2066 566 servis
2097 535 2158 574 tuis

1197 587 1270 610 cum
1294 580 1378 611 omni
1405 580 1519 613 fiducia
1537 582 1619 623 loqui
1639 583 1769 615 verbum
1797 588 1884 617 tuum
1905 598 1933 623 »;
1950 591 1981 617 et
1998 588 2157 628 sequitur,

1167 670 1178 672 Α
1197 632 1293 674 quod,
1322 645 1337 661 a
1356 642 1427 665 cum
1453 639 1611 673 orassent,
1638 640 1741 668 motus
1765 642 1811 669 est
1834 638 1919 670 locus
1937 652 1966 677 »;
1985 640 2014 671 in
2032 649 2095 681 quo
2113 641 2158 672 in-

1197 685 1349 727 telligitur
1374 687 1541 720 commotio
1574 688 1638 721 irae
1669 690 1719 721 Dei
1745 694 1853 722 contra
1878 691 2077 725 rebellionem
2103 703 2158 725 au-

1196 739 1346 772 ditorum.

1286 794 1339 826 [ιδ.
1367 795 1496 837 Propter
1528 796 1612 837 quod
1637 800 1667 829 et
1692 798 1817 830 subdit:
1851 799 1942 830 Tune
1965 799 2075 831 iratus
2097 810 2158 841 pa-

1197 846 1402 889 terfamilias
1425 849 1512 881 dixit
1535 859 1629 881 servo
1652 860 1736 882 suo:
1765 851 1828 882 Exi
1851 852 1913 883 cito
1938 852 1972 883 in
1987 852 2115 894 platea-5
2131 857 2159 885 el

1196 900 1285 932 vicos
1309 901 1474 940 civitatis,
1500 902 1529 934 id
1553 906 1600 935 est
1628 903 1665 934 ad
1691 904 1848 945 publicam
1880 905 2158 946 praedicationem,

1197 954 1370 987 secundum
1404 955 1480 987 iilud
1515 956 1756 989 Proverbiorum
1790 958 1937 999 prinio⁸:
1972 959 2160 1000 «Sapientia

1196 1006 1272 1039 soris
1296 1007 1456 1049 praedicat
1479 1012 1510 1041 et
1535 1009 1564 1041 in
1591 1009 1701 1051 plateis
1724 1010 1777 1042 dat
1794 1019 1899 1043 vocem
1925 1020 2035 1050 suam,
2061 1012 2091 1044 in
2110 1021 2159 1044 ca-

1197 1060 1260 1102 pite
1285 1060 1453 1093 turbarum
1478 1062 1633 1101 clamitat,
1660 1063 1689 1094 in
1719 1063 1840 1096 foribus
1872 1068 2036 1106 portarum
2071 1066 2160 1098 urhis

1197 1113 1317 1155 profert
1342 1114 1438 1146 verba
1453 1119 1520 1147 ‘sua
1536 1129 1566 1148 ι).
1595 1117 1713 1149 Eaez'lus
1738 1118 1798 1149 z'ste
1821 1121 1868 1150 est
1899 1118 1936 1150 ad
1970 1119 2158 1151 exercitium

1196 1165 1455 1206 praedicationis,
1481 1168 1655 1201 secundum
1680 1169 1757 1201 illud
1782 1170 1926 1203 Matthaei
1951 1171 2072 1203 decimo
2097 1176 2159 1203 ter-

1197 1219 1239 1251 tio
1253 1218 1284 1250 ³:
1307 1232 1322 1247 «
1342 1219 1424 1252 Exiit
1440 1221 1494 1262 qui
1513 1222 1645 1253 seminat
1663 1223 1817 1255 seminare
1834 1232 1939 1256 semen
1957 1233 2049 1256 suum
2069 1238 2097 1256 υ.
2118 1243 2157 1248 -

1198 1272 1232 1304 Et
1249 1272 1341 1313 quia,
1364 1274 1501 1314 repulsis
1517 1275 1680 1316 superbis,
1698 1279 1902 1317 acceptantur
1921 1277 2072 1315 humiles;
2091 1278 2158 1309 ideo

1196 1325 1322 1357 subdit:
1350 1327 1388 1358 El
1410 1336 1577 1368 pauperes
1601 1338 1641 1360 ac
1666 1328 1782 1361 debiles
1800 1334 1829 1361 et
1845 1340 1958 1362 caecos
1975 1334 2002 1362 et
2019 1330 2157 1363 claudos

1196 1379 1350 1412 introduc
1363 1379 1443 1418 hue,-
1460 1381 1543 1422 quod
1560 1382 1733 1414 secundum
1751 1383 1874 1415 Glossas
1891 1384 1985 1416 habet
2000 1385 2024 1402 ¹⁰
2041 1384 2156 1426 exponi

1196 1432 1381 1475 tripliciter:
1407 1443 1471 1466 uno
1496 1434 1605 1473 modo,
1631 1439 1666 1467 ut
1683 1435 1741 1468 ista
1758 1440 1868 1469 sonent
1886 1437 1915 1469 in
1934 1436 2080 1479 defectus
2096 1447 2157 1470 na-

1190 1486 1339 1526 turales,
1371 1490 1407 1520 ut
1438 1497 1622 1530 pauperes,
1655 1489 1708 1531 qui
1742 1494 1849 1522 carent
1879 1490 1995 1529 rebus;
2020 1491 2154 1530 debz'leS,

1195 1540 1249 1582 qui
1274 1544 1383 1583 carent
1407 1541 1549 1580 viribas;
1574 1552 1706 1580 caecos,
1731 1543 1784 1585 qui
1811 1543 1928 1576 habent
1951 1544 2107 1577 desectum
2125 1545 2154 1576 in

1194 1594 1285 1633 visu;
1311 1593 1468 1633 claudos,
1501 1595 1555 1637 qui
1589 1595 1704 1628 habent
1732 1596 1887 1629 desectum
1913 1597 1943 1629 in
1969 1606 2155 1640 progressu,

1194 1647 1269 1690 quia
1292 1647 1330 1680 ad
1355 1648 1490 1681 litteram
1516 1648 1609 1681 etiam
1636 1649 1712 1682 tales
1735 1649 1946 1683 admittuntur
1968 1651 2005 1683 ad
2024 1660 2155 1693 regnum

1195 1702 1376 1740 caelorum;
1409 1702 1528 1744 primae
1552 1703 1590 1735 ad
1620 1703 1798 1736 Corinthios
1825 1705 1929 1746 primo
1944 1706 1989 1736 ¹¹:
2020 1718 2034 1733 «
2052 1705 2157 1747 Respi-

1194 1754 1272 1794 cite,
1289 1754 1419 1794 fratres,
1436 1756 1630 1788 vocationem
1656 1760 1809 1796 vestram,
1832 1758 1906 1799 quia
1922 1767 1983 1790 non
2001 1759 2090 1791 multi
2108 1768 2156 1791 sa-

1194 1807 1315 1849 pientes
1339 1808 1513 1841 secundum
1538 1817 1683 1848 carnem,
1709 1819 1770 1842 non
1794 1811 1883 1843 multi
1911 1815 2068 1852 potentes,
2094 1821 2155 1844 non

1195 1861 1287 1893 multi
1319 1861 1457 1900 nobiles,
1490 1862 1544 1894 sed
1576 1871 1657 1904 quae
1689 1863 1786 1895 stulta
1820 1868 1893 1896 sunt
1924 1865 2031 1897 mundi
2065 1865 2156 1906 elegit

1194 1915 1296 1953 Deus,
1320 1918 1357 1947 ut
1380 1915 1550 1947 confundat
1573 1916 1749 1957 sapientes;
1775 1920 1805 1949 et
1829 1917 1952 1949 infirma
1970 1918 2077 1949 mundi
2094 1918 2156 1950 eie-

1194 1967 1238 2009 git
1262 1967 1364 2006 Deus,
1381 1971 1425 2000 .ut
1449 1967 1619 2000 confundat
1642 1968 1755 2007 sortia;
1781 1973 1811 2001 et
1835 1969 1983 2010 ignobilia
1999 1970 2106 2001 mundi
2125 1973 2155 2002 et

1194 2020 1440 2061 contemptibilia
1463 2020 1555 2062 elegit
1580 2021 1680 2060 Deus,
1706 2024 1737 2053 et
1760 2030 1796 2053 ea
1819 2030 1900 2063 quae
1925 2031 1985 2053 non
2003 2026 2094 2060 sunt,
2119 2025 2154 2054 ut

1193 2081 1230 2105 ea
1253 2082 1334 2115 quae
1358 2077 1449 2112 sunt,
1473 2073 1669 2112 destrueret,
1702 2077 1738 2106 ut
1761 2083 1822 2106 non
1847 2074 2000 2116 glorietur
2025 2075 2055 2106 in
2081 2084 2153 2107 con-

1193 2129 1302 2168 spectu
1327 2126 1395 2159 eius
1419 2127 1527 2168 omnis
1543 2136 1616 2159 caro
1633 2140 1662 2158 ».

1283 2179 1335 2211 46.
1361 2179 1426 2211 Alio
1449 2179 1541 2211 modo
1565 2179 1698 2221 legitur,
1716 2182 1751 2211 ut
1767 2183 1878 2212 sonent
1893 2179 1924 2211 in
1941 2179 2085 2222 desectus
2106 2181 2153 2213 vi-

1194 2231 1311 2270 llosos,
1336 2235 1372 2264 ut
1396 2232 1458 2264 sint
1478 2241 1646 2274 pauperes
1669 2236 1798 2274 propter
1822 2232 1975 2265 desectum
1996 2234 2152 2275 qratiam

1193 2283 1328 2323 debiles,
1362 2288 1491 2326 propter
1515 2284 1671 2317 desectum
1703 2285 1859 2322 virtutis;
1891 2286 1998 2324 caeci,
2024 2290 2153 2327 propter

1193 2336 1349 2369 desectum
1374 2337 1598 2379 prudentiae,-
1621 2341 1652 2370 et
1676 2337 1791 2370 claudi
1799 2363 1808 2376 ,
1835 2341 1964 2379 propter
1996 2338 2151 2371 desectum

1194 2389 1297 2435 bonae
1319 2390 1510 2423 voluntatis.
1538 2391 1572 2423 Et
1597 2395 1699 2424 tamen
1725 2391 1782 2424 hos
1798 2391 1882 2433 eligit
1900 2395 1930 2424 et
1947 2396 2035 2424 vocat
2051 2392 2152 2430 Deus,

1196 2443 1289 2484 quia,
1307 2444 1451 2476 Matthaei
1469 2453 1551 2476 nono
1565 2443 1590 2463 ¹²
1603 2470 1610 2483 ,
1633 2458 1648 2472 «
1665 2454 1726 2477 non
1744 2445 1812 2477 veni
1831 2454 1942 2480 vocare
1959 2445 2075 2484 iustos,
2100 2445 2154 2478 sed

1196 2592 1290 2617 Iloniil.
1306 2592 1329 2617 in
1344 2593 1443 2624 Evang.
1456 2592 1544 2617 homil.
1559 2592 1600 2617 36.
1622 2600 1646 2617 ιι.
1667 2593 1695 2617 6:
1715 2593 1779 2625 Quia
1800 2600 1863 2624 ergo
1883 2593 1973 2618 tenire
1991 2592 2097 2625 superbi
2117 2600 2154 2618 rc-

1196 2639 1294 2667 nuunt,
1314 2643 1444 2668 pauperes
1463 2636 1604 2668 eliguntur.

1268 2679 1290 2694 ¹⁰
1308 2680 1373 2707 Cod.
1393 2681 1413 2706 D
1433 2688 1501 2714 quoe
1519 2680 1668 2707 secundum
1688 2680 1799 2708 Glossas
1819 2680 1923 2707 habent.

1268 2724 1288 2739 ¹¹
1310 2726 1384 2751 Vers.
1403 2726 1498 2757 26-29,
1519 2725 1563 2751 ubi
1577 2732 1625 2757 pro
1640 2725 1766 2759 Respicite
1786 2726 1843 2751 Vat.
1856 2733 1916 2751 cum
1931 2726 2041 2757 Vulgata
2060 2726 2155 2752 Videte.

1196 2784 1231 2789 —
1249 2771 1339 2796 Glossa
1359 2769 1502 2796 ordinaria
1523 2771 1562 2802 (ex
1582 2769 1717 2801 Ambros,
1733 2770 1783 2795 Vll.
1805 2770 1830 2795 in
1849 2771 1910 2795 Luc.
1931 2777 1953 2795 c.
1977 2770 2014 2795 14.
2035 2778 2059 2795 n.
2080 2771 2153 2801 202.)

1196 2815 1268 2846 apud
1287 2815 1433 2847 Lyranuin:
1453 2815 1544 2840 Invitat
1563 2821 1693 2847 pauperes
1712 2821 1741 2840 ac
1761 2814 1874 2846 debiles,
1891 2821 1982 2840 caecos
1995 2818 2020 2839 ct
2033 2815 2153 2845 claudos,

1196 2860 1349 2891 ostendens,
1362 2859 1434 2892 quod
1447 2858 1567 2885 debilitas
1587 2858 1708 2892 corporis
1727 2859 1825 2884 nullum
1846 2859 1957 2884 excludit
1975 2866 1989 2884 a
2009 2865 2091 2890 regno
2103 2862 2152 2884 etc.

1267 2903 1289 2918 ¹²
1309 2905 1383 2930 Vers.
1403 2904 1450 2934 13,
1469 2904 1510 2929 cui
1529 2903 1698 2935 subiungitur
1716 2903 1758 2935 21,
1778 2903 1820 2934 31,
1840 2903 1864 2927 in
1884 2903 1959 2928 cuius
1978 2903 2030 2928 tine
2049 2910 2097 2934 pro
2116 2909 2155 2929 re-

1196 2955 1282 2982 anum
1301 2948 1350 2974 Dei
1367 2947 1477 2974 ACDF
1500 2954 1616 2980 reanum
1642 2946 1787 2973 caelorum.
1807 2960 1842 2965 -—
1860 2947 1984 2978 Gregor.,
2009 2947 2036 2972 11.
2062 2947 2154 2973 llomil.

1197 2993 1223 3018 in
1243 2994 1342 3024 Evang.
1362 2993 1452 3018 homil.
1471 2992 1514 3017 36.
1533 2999 1559 3017 n.
1580 2992 1604 3016 6.
1625 2992 1665 3022 (ex
1685 2998 1738 3023 quo
1757 2995 1796 3016 cst
1818 2991 1908 3017 Glossa
1928 2991 2108 3018 interlinearis
2128 2992 2155 3017 in

1197 3038 1258 3063 Luc.
1280 3036 1326 3068 14,
1346 3037 1415 3069 21.);
1436 3036 1570 3069 Paupercs
1599 3037 1623 3062 et
1647 3035 1742 3062 debiles
1769 3036 1890 3061 dicuntur
1915 3036 1961 3068 qni
1987 3036 2082 3061 iudicio
2106 3043 2154 3061 suo

1196 3081 1268 3113 apud
1297 3080 1452 3111 semetipsos
1481 3080 1574 3104 infirmi
1602 3083 1669 3105 sunt.
1695 3080 1757 3105 Nam
1780 3086 1915 3112 pauperes
1933 3081 1958 3105 et
1977 3079 2056 3113 quasi
2072 3079 2154 3112 sortes

1196 3127 1256 3150 sunt
1280 3124 1325 3157 qui
1345 3127 1370 3149 et
1389 3123 1465 3155 positi
1486 3123 1512 3148 in
1532 3126 1685 3155 paupertate
1712 3122 1878 3155 superbiunt.
1907 3122 1984 3149 Caeci
2007 3130 2070 3148 voro
2096 3127 2156 3148 sunt

1196 3169 1242 3202 qui
1261 3168 1360 3194 nullum
1380 3168 1476 3200 ingenii
1495 3168 1582 3193 lumen
1603 3167 1707 3193 habent.
1727 3166 1825 3193 Claudi
1842 3174 1948 3200 quoque
1967 3171 2026 3193 sunt
2051 3168 2095 3200 qui
2118 3175 2155 3193 re-

1197 3217 1252 3239 ctos
1269 3219 1375 3244 gressus
1394 3212 1420 3237 in
1440 3212 1591 3243 operatione
1610 3218 1660 3237 non
1681 3210 1786 3237 habent.
1806 3212 1855 3237 Sed
1875 3211 1938 3237 dum
1963 3219 2067 3237 morum
2093 3212 2154 3237 vitia

1197 3259 1221 3284 in
1242 3257 1421 3283 membrorum
1442 3256 1573 3282 debilitate
1591 3256 1736 3288 signantur,
1755 3257 1870 3288 profecto
1890 3256 1983 3289 liquet,
2002 3257 2076 3289 quia,
2090 3257 2156 3282 sicut

1197 3302 1231 3328 1111
1251 3305 1400 3334 peccatores
1421 3302 1535 3332 suerunt,
1549 3300 1593 3333 qui
1608 3296 1692 3325 vocati
1713 3300 1803 3325 venire
1822 3300 1972 3331 nolueram
1993 3301 2025 3326 ita
2046 3301 2070 3326 hi
2091 3307 2156 3333 quo-

1197 3352 1249 3379 que
1268 3348 1418 3377 peccatores
1437 3347 1510 3374 sunt,
1529 3344 1574 3377 qui
1595 3344 1736 3369 invitantur
1755 3347 1781 3369 et
1799 3344 1914 3370 veniunt.
1935 3344 1986 3370 Sed
2005 3348 2157 3376 peccatores

1196 3389 1305 3421 superbi
1323 3391 1491 3420 respuuntur,
1511 3391 1538 3413 ut
1556 3391 1707 3420 peccatores
1727 3389 1838 3414 humiles
1856 3388 1993 3420 eligantur.

2177 808 2195 829 lr
2265 812 2295 829 tr]

2197 815 2207 828 ,Ἰ
2224 815 2261 829 121·ss

2191 836 2289 856 rebellet.

2176 1394 2261 1419 Triplex
2278 1400 2322 1415 ver-

2200 1421 2272 1441 borum
2288 1427 2321 1441 ac-

2199 1448 2275 1473 ceptio.

2177 1473 2199 1493 Pi
2208 1480 2255 1494 ima.

2170 2190 2276 2212 Secunda.
