2476 3921
25 1271 77 1294 gnare
93 1265 152 1287 Chri-

27 1294 73 1314 lutuss
80 1292 151 1323 ,impo-

27 1321 95 1341 suern
109 1325 152 1341 ma-

27 1349 84 1368 tuum.

17 2008 110 2035 {Quatuor
123 2011 147 2032 ss-

20 2037 45 2065 [nt
53 2036 74 2057 in
82 2037 148 2069 salva-

19 2067 63 2084 tone
85 2069 147 2090 spin-

760 216 956 250 COMMENT.
981 217 1019 250 IN
1042 217 1284 252 EVANGELIUM
1307 220 1426 253 LUCAE
1451 221 1483 254 C.
1508 223 1581 255 XIII.

266 305 318 337 25.
333 305 435 346 (Vers.
456 305 530 346 12).
549 305 654 338 Tertio
671 309 826 348 quantum
842 306 881 338 ad
897 306 1142 339 virtuositatem

36 367 77 389 ¹oe
90 365 158 388 tertio·
177 357 351 391 accelerati
372 358 535 391 miraculi
557 357 734 401 subiungit:
762 358 872 400 Quam
888 368 964 391 cum
981 359 1116 392 vidisset
1131 360 1141 379 ¹

175 413 280 451 Iesus,
312 411 431 445 scilicet
462 411 556 444 oculo
584 411 742 454 pietatis;
770 412 930 445 Psalmus:
961 412 1140 453 «Quoniam

178 465 343 507 prospexit
365 464 404 497 de
428 465 555 498 excelso
578 467 687 498 sancto
710 473 769 497 suo
785 477 816 504 »;
847 477 864 493 α
879 468 916 497 ut
939 464 1065 498 audiret
1087 474 1142 507 ge-

177 518 273 551 mitus
296 517 547 559 compeditorum
583 520 614 549 et
650 517 787 550 solveret
818 517 900 550 tilios
934 517 1141 560 interempto—

176 580 250 604 rum
266 583 297 610 »;
322 573 354 603 et
377 570 483 613 quarti
515 571 633 612 Regum
658 570 826 612 vigesimo:
856 583 873 600 α
888 570 999 604 Audivi
1024 571 1140 604 oratio—

176 633 249 658 nem
272 627 375 662 tuam,
407 623 470 656 vidi
500 623 655 665 lacrymas
686 626 758 656 tuas
775 637 805 656 ».
831 642 873 648 —-
909 624 1044 657 Vocavz'c
1066 634 1141 657 eam

175 677 222 710 ad
243 687 295 716 se,
321 685 378 718 per
410 674 565 719 affectum
588 676 825 719 beniqnitatz's:
857 677 981 710 loannis
1011 677 1141 711 undeci-

172 739 225 763 mo
239 730 251 748 2
273 729 355 762 dixit
378 729 501 762 Martha
525 729 658 762 Mariae:
679 742 695 758 α
713 729 859 772 Magister
883 730 971 763 adest
994 734 1026 763 et
1050 734 1140 763 vocat

174 786 204 815 te
220 794 252 821 >›;
277 785 308 815 et
329 782 436 824 quarti
470 783 588 825 Regum
612 786 741 825 quarto:
772 796 788 812 «
804 783 888 816 Voca
912 783 1139 817 Sunamitidem

173 836 254 869 hanc
266 839 297 869 et
308 835 358 869 dic
371 835 414 868 ei:
428 836 510 878 Quid
523 836 581 875 vis,
594 838 631 869 ut
641 836 753 869 faciam
767 836 823 869 tibi
836 839 875 869 »7
890 854 936 860 -
952 837 994 869 Et
1005 837 1056 869 ait
1071 837 1136 869 illi:

173 888 311 928 Mulier,
328 889 470 922 dimissa
487 899 520 921 es
536 889 578 922 ab
596 889 792 931 infirmitate
808 893 887 930 tua,
912 899 970 932 per
993 890 1138 932 promis-

170 951 247 975 sum
270 942 440 981 veritatis;
460 942 544 975 unde
565 942 687 976 ratione
718 943 917 976 certitudinis
941 944 1028 986 ponit
1045 952 1137 986 prae-

171 995 301 1028 teritum
324 1005 383 1038 pro
414 995 524 1029 futuro
555 996 718 1039 proximo;
742 997 957 1030 Numerorum
987 997 1137 1039 vigesimo

170 1049 306 1082 tertio³z
337 1062 352 1077 a
369 1049 436 1082 Non
459 1053 507 1082 est
534 1050 619 1083 Deus
651 1053 688 1083 ut
711 1050 824 1090 homo,
848 1053 885 1083 ut
915 1050 1088 1083 mentiatur
1105 1062 1136 1088 »;

174 1115 191 1131 «
206 1102 288 1135 dixit
310 1111 404 1145 ergo,
428 1105 459 1135 et
482 1112 545 1135 non
569 1102 686 1136 faciet?
702 1103 840 1136 Locutus
864 1106 921 1139 est,
939 1106 970 1136 et
987 1112 1050 1136 non
1075 1103 1134 1136 im-

169 1155 266 1197 plebit
281 1158 326 1188 »2

258 1210 310 1242 26.
336 1209 438 1252 (Vers.
467 1209 541 1250 13.).
561 1210 602 1242 Et
617 1209 776 1252 imposuit
791 1209 843 1242 illi
857 1219 997 1249 manus,
1014 1214 1043 1243 et
1060 1220 1136 1243 con—

168 1261 278 1306 festim
301 1266 409 1295 erecta
432 1266 479 1296 est
501 1267 530 1295 et
550 1262 764 1306 ylorificabut
782 1264 907 1303 Deum,
924 1267 1079 1306 quantum
1097 1264 1135 1297 ad

169 1315 316 1359 effectum
333 1316 491 1355 virtutis;
508 1317 711 1350 Ecclesiastae
727 1317 875 1350 octavo‘:
894 1330 910 1345 α
923 1317 1033 1357 Omne,
1050 1318 1135 1360 quod

169 1370 320 1409 voluerit,
344 1370 449 1409 faciet,
467 1373 499 1403 et
514 1379 619 1403 sermo
641 1370 727 1403 illius
743 1373 897 1412 potestate
913 1371 1026 1413 plenus
1041 1375 1132 1404 est».

168 1423 239 1457 Ideo
261 1426 367 1456 autem
392 1432 516 1456 manus
540 1423 698 1465 imponit,
722 1426 760 1456 ut
775 1424 934 1463 ostendat,
959 1424 1044 1466 quod
1068 1424 1134 1466 ipse

168 1479 216 1510 cst
237 1485 370 1515 manus,
394 1484 451 1518 per
475 1485 572 1518 quam
596 1475 802 1518 Omnipotens
836 1479 988 1519 operatur
1020 1480 1134 1510 cuncta

167 1532 199 1563 et
222 1538 279 1572 per
302 1538 397 1571 quam
422 1532 550 1571 reparat
573 1528 740 1568 universa;
757 1529 853 1563 Isaiae
870 1529 1133 1572 quinquagesimo

168 1582 294 1615 nono⁶z
324 1595 340 1611 «
357 1582 451 1621 Ecce,
475 1591 538 1614 non
562 1584 610 1614 est
640 1581 823 1615 abbreviata
856 1591 970 1615 manus
993 1583 1132 1623 Domini,

166 1638 203 1668 ut
226 1635 348 1668 salvare
371 1637 507 1677 nequeat
523 1647 554 1674 »ς
579 1637 610 1668 et
641 1635 855 1668 Numerorum
890 1635 1058 1669 undecimo
1086 1636 1132 1669 di-

166 1688 215 1721 xit
239 1688 391 1721 Dominus
418 1688 457 1720 ad
488 1688 633 1730 Moysen:
665 1701 681 1716 «
696 1688 846 1731 Nunquid
869 1698 984 1722 manus
1007 1689 1131 1722 Domini

166 1741 302 1775 invalida
324 1745 396 1775 est?
419 1742 508 1774 Nunc
525 1741 663 1781 videbis,
681 1744 792 1774 utrum
808 1751 899 1775 meus
915 1751 1020 1775 sermo
1036 1751 1132 1785 opere

165 1794 373 1837 impleatur».
388 1795 424 1827 Et
440 1797 608 1837 propterea
623 1795 829 1828 Ecclesiastici
847 1796 1009 1838 trigesimo
1024 1800 1130 1829 sexto:

170 1860 186 1877 α
202 1848 318 1882 Innova
338 1848 426 1890 signa
449 1852 481 1881 et
502 1848 637 1881 immuta
652 1848 826 1889 mirabilia,
843 1849 985 1891 glorifica
999 1859 1130 1882 manum

165 1904 196 1934 et
219 1901 385 1935 brachium
409 1901 560 1935 dextrum
577 1915 608 1934 ι).

255 1956 307 1987 27.
333 1955 370 1987 Et
393 1957 480 1994 nota,
504 1955 591 1996 quod
614 1955 666 1988 hic
698 1958 837 1997 quatuor
860 1955 936 1989 dicit
959 1955 998 1989 de
1022 1956 1131 1989 incur-

165 2007 288 2040 vatione
319 2007 417 2040 huius
451 2007 609 2047 mulieris,
642 2017 724 2050 quae
755 2008 909 2042 Dominus
939 2012 1069 2042 exercet
1097 2009 1130 2042 in

163 2060 346 2105 saluatione
370 2060 543 2093 cuiuslibet
566 2061 702 2094 animae
723 2061 841 2104 fidelis.
863 2062 941 2095 Nam
957 2062 1061 2104 primo
1081 2061 1130 2095 vi-

164 2113 216 2147 det
238 2113 513 2156 praedestinando;
538 2114 713 2156 Sapientiae
736 2115 895 2157 quarto⁶:
926 2128 942 2144 «ι
959 2115 1129 2156 Respectus

164 2166 234 2200 eius
257 2167 287 2200 in
312 2166 428 2200 electos
451 2166 537 2200 illius
553 2180 583 2200 ».
608 2186 653 2192 —-
676 2167 820 2201 Secundo
852 2176 928 2200 vero
952 2171 1049 2200 vocat
1071 2176 1129 2200 ex-

164 2220 265 2254 terius
288 2219 490 2259 attrabend03
520 2220 666 2253 Matthaei
698 2220 825 2253 nono⁷:
855 2232 871 2249 a
888 2220 955 2252 Non
979 2219 1050 2252 veni
1074 2228 1128 2252 vo-

164 2282 236 2306 care
259 2273 376 2313 iustos,
401 2273 455 2306 sed
479 2276 658 2315 peccatores
673 2285 705 2312 »;
722 2276 754 2305 et
770 2272 1012 2305 Proverbiorum
1030 2282 1127 2305 nono:

170 2326 282 2359 «Misit
313 2326 442 2359 ancillas
473 2335 562 2365 suas,
594 2329 631 2358 ut
653 2328 804 2358 vocarent
827 2325 866 2357 ad
897 2334 1002 2358 arcem
1034 2329 1065 2357 et
1088 2325 1126 2357 ad

164 2378 287 2411 moenia
309 2378 445 2411 civitatis
461 2391 491 2410 n.
517 2395 558 2401 —
582 2377 688 2410 Tertio
712 2387 853 2409 manum
874 2377 1015 2419 imponit
1037 2377 1127 2410 iusti-

164 2430 304 2470 ficando;
329 2430 499 2464 Ezechielis
523 2430 659 2463 terti0⁸:
682 2430 776 2462 «Abii
792 2438 920 2462 amarus
936 2430 968 2463 in
986 2430 1126 2472 indigna-

236 2630 245 2646 ¹
266 2632 299 2657 lta
319 2631 398 2657 etiam
411 2632 522 2663 Gregor.
542 2631 581 2665 (ll.
596 2632 692 2658 Homil.
710 2632 737 2658 in
757 2633 857 2664 Evang.
875 2633 964 2659 homil.
985 2634 1027 2659 31.
1042 2641 1068 2659 n.
1081 2633 1127 2666 7.),

165 2676 249 2709 Beda,
268 2676 345 2703 Card.
365 2675 455 2708 Ilugo,
469 2676 497 2701 B.
516 2676 612 2702 Albert.
627 2679 652 2701 et
670 2677 803 2708 Lyranus;
825 2677 883 2703 Vat.
897 2684 957 2703 cum
979 2678 1089 2709 Vulgata
1103 2681 1128 2703 et

165 2721 187 2746 H
208 2719 315 2747 videret.
327 2733 363 2739 -—
376 2721 433 2745 Duo
452 2727 527 2753 seqq.
546 2720 595 2745 loci
614 2723 675 2746 sunt
694 2721 734 2746 Ps.
754 2721 814 2754 401,
834 2722 876 2746 20.
892 2728 946 2754 seq.
967 2725 992 2748 et
1006 2722 1047 2748 lV.
1062 2723 1127 2754 neg.

165 2765 212 2795 20,
233 2765 258 2790 5.
276 2778 312 2783 —
331 2764 457 2796 Superius
476 2771 524 2796 pro
543 2763 740 2791 virtuositatem
761 2765 818 2790 Vat.
837 2765 972 2792 virtutem.

235 2807 246 2823 ⁹
266 2809 340 2835 Vers.
360 2809 408 2840 28,
428 2809 471 2834 cui
489 2808 656 2841 subiungitur
675 2809 717 2834 lV.
736 2810 802 2841 neg.
818 2809 846 2841 4,
867 2811 909 2836 ⁴2.
929 2818 984 2843 seq.

235 2850 246 2866 ³*
267 2853 342 2878 Vers.
365 2853 405 2878 49.
425 2852 477 2878 Ctr.
497 2859 576 2884 supra
596 2859 619 2879 c.
640 2853 665 2879 t.
684 2860 709 2879 n.
729 2853 773 2879 66.
792 2853 818 2879 in
837 2854 896 2880 fine.

236 2893 248 2909 ⁴
268 2896 343 2921 Vcrs.
362 2897 387 2921 3.
405 2899 431 2922 et
451 2895 475 2921 4.

236 2938 247 2953 ⁶
266 2939 340 2965 vers.
361 2940 387 2966 4.
403 2953 439 2959 —
458 2940 515 2966 Duo
534 2947 609 2974 seqq.
628 2941 678 2967 toci
700 2944 760 2968 sunt
778 2942 855 2968 Num.
876 2942 903 2967 Μ
918 2962 924 2973 ,
944 2942 987 2968 23.
1006 2946 1033 2968 et
1051 2943 1126 2968 Eccli.

166 2983 213 3015 36,
239 2984 265 3009 6.
277 2991 347 3017 seq„
367 2983 412 3010 ubi
427 2991 476 3016 pro
494 2983 632 3012 mirabilia
650 2985 700 3012 Ac
711 2986 761 3012 DF
781 2986 963 3013 invariabilia.
981 2986 1033 3013 Csr.
1046 2993 1127 3018 supra

165 3034 189 3053 c.
208 3028 251 3053 Μ.
269 3034 295 3053 n.
314 3027 357 3053 46.

237 3068 248 3084 ⁰
267 3071 341 3096 Vers.
363 3071 404 3097 45.
422 3085 460 3091 —
477 3072 567 3098 Glossa
586 3072 769 3100 interlinearis
789 3073 830 3107 (ex
850 3073 930 3106 Beda)
950 3073 977 3099 in
996 3074 1058 3099 Luc.
1080 3074 1126 3107 43,

167 3113 210 3139 42.
228 3120 299 3146 seq.:
320 3114 409 3146 Quam
428 3121 491 3142 cum
513 3115 623 3143 vidisset
645 3118 735 3149 lesus,
753 3117 976 3150 praedestinando
1001 3125 1048 3148 per
1068 3125 1127 3149 gra-

166 3157 244 3190 tiam,
268 3157 373 3185 vocavit
392 3161 457 3190 etc.,
477 3159 632 3186 illustrando
650 3168 698 3193 per
717 3162 877 3194 doctrinam,
897 3163 923 3188 et
940 3161 1070 3192 imposuit
1086 3162 1129 3189 illi

165 3207 280 3234 manus,
300 3201 479 3233 spiritualibus
497 3203 575 3229 donis
592 3204 760 3236 adiuvando,
772 3207 797 3232 et
809 3205 948 3239 confestim
970 3207 1059 3232 erecta
1072 3209 1124 3240 est,

167 3245 201 3272 ad
214 3245 414 3277 glorificandum
433 3246 531 3280 Deum,
544 3254 629 3281 usque
648 3248 673 3274 in
692 3249 771 3274 ssnem
791 3250 986 3281 perseverando
1006 3251 1030 3277 in
1050 3250 1127 3278 bonis

167 3289 302 3323 operibus.
319 3303 355 3310 -
372 3290 500 3322 Superius
518 3298 567 3323 pro
584 3291 733 3319 salvatione
753 3293 810 3319 Vat.
829 3294 979 3321 sanatione.

238 3332 248 3349 ‘¹
269 3335 343 3361 Vers.
364 3335 412 3367 ⁴3,
431 3338 491 3367 post
509 3343 590 3369 quem
603 3337 681 3362 Prov.
699 3337 724 3369 9,
744 3338 770 3364 3.

238 3376 249 3391 ⁸
269 3377 344 3404 Vers.
364 3378 410 3411 44,
430 3378 472 3404 cui
491 3378 653 3406 subnectitur
665 3380 727 3406 Luc.
749 3381 778 3414 t,
798 3381 841 3408 66.

2108 228 2172 262 343

1209 307 1291 340 tione
1315 308 1447 350 spiritus
1470 311 1546 347 mei;
1571 320 1684 345 manus
1707 314 1789 346 enim
1815 315 1937 348 Domini
1961 320 2029 349 erat
2046 325 2172 349 mecum

1206 360 1387 394 confortans
1410 371 1460 395 me
1477 376 1512 400 »;
1538 366 1569 396 et
1597 373 1694 406 supra
1726 367 1847 408 primo:
1878 380 1894 395 <v
1911 369 2031 401 Etenim
2060 379 2174 403 manus

1206 413 1330 446 Domini
1347 419 1416 447 erat
1440 424 1513 448 cum
1530 416 1583 449 illo
1595 430 1626 449 ».
1642 435 1683 441 -
1697 418 1816 459 Quarto
1840 421 1937 462 eriqit
1953 422 2171 462 glorificando;

1206 466 1300 509 primi
1325 467 1443 509 Regum
1473 469 1654 501 secund09:
1684 483 1700 498 α
1718 472 1854 504 Suscitat
1884 473 1922 505 de
1946 475 2078 515 pulvere
2101 484 2173 517 ege—

1204 528 1283 553 num
1306 523 1338 552 et
1361 520 1400 552 de
1416 524 1556 554 stercore
1580 522 1682 555 elevat
1701 532 1891 565 pauperem,
1917 530 1954 558 ut
1977 527 2083 560 sedeat
2099 536 2172 561 cum

1205 572 1402 614 principibus
1434 577 1465 606 et
1493 574 1606 606 solium
1638 575 1756 616 gloriae
1789 580 1892 610 teneat
1917 592 1946 610 ».
1976 598 2021 602 ——
2048 580 2092 611 De
2124 581 2173 613 liis

1204 629 1344 667 quatuor
1368 626 1512 659 similiter
1528 626 1645 659 dicitur
1669 628 1707 660 ad
1725 628 1879 662 Romanos
1902 634 2028 663 octavo:
2059 633 2172 673 «Quos

1204 678 1466 720 praedestinavit,
1492 680 1550 712 hos
1573 683 1605 713 et
1629 681 1766 720 vocavit;
1792 686 1823 715 et
1846 692 1927 725 quos
1951 685 2088 723 vocavit,
2114 686 2172 719 hos

1203 734 1235 764 et
1259 731 1458 770 iustificavit;
1484 736 1515 765 et
1546 742 1628 776 quos
1656 734 1856 774 justificavit,
1881 736 1951 769 illos
1974 740 2006 770 et
2029 739 2171 780 magnifi-

1203 785 1286 817 cavit
1301 798 1318 814 »
1328 811 1334 817 .

1294 838 1346 870 98.
1373 837 1474 879 (Vers.
1504 839 1578 876 14).
1601 840 1811 882 Respondens
1834 846 1946 874 autem
1969 842 2170 886 archisyna—

1200 900 1309 933 909us
1332 894 1391 924 etc.
1418 892 1470 925 Hic
1499 893 1638 926 secundo
1662 894 1810 927 subditur
1842 895 2031 939 obiurgatio
2054 907 2170 936 super-

1201 943 1345 975 stitionis
1369 944 1531 977 Iudaicae
1545 945 1580 977 1⁰.
1605 946 1695 979 Circa
1719 956 1815 989 quam
1835 948 1940 989 primo
1957 949 2170 983 introducitur

1201 997 1375 1029 commotio
1399 997 1467 1030 zeli
1497 998 1687 1032 inordinati
1709 1001 1745 1033 in
1776 1002 1891 1034 animo
1900 1014 1912 1040 ‚·
1943 1003 2099 1042 secundo,
2122 1005 2169 1037 si—

1201 1050 1343 1083 mulatio
1366 1051 1433 1083 zeli
1455 1052 1608 1086 ordinati
1631 1053 1667 1085 in
1691 1053 1799 1087 verbo.

1290 1104 1395 1137 Primo
1427 1105 1524 1147 igitur
1560 1111 1715 1149 quantum
1750 1109 1788 1141 ad
1825 1110 2073 1143 commotionem
2104 1111 2171 1144 zeli
2188 1118 2290 1140 Primum-

1200 1157 1390 1191 inordinati
1412 1159 1449 1191 in
1473 1159 1587 1192 animo
1615 1161 1708 1194 dicit:
1737 1162 1947 1204 Respondens
1976 1168 2087 1196 autem
2111 1174 2169 1198 αν-

1200 1209 1450 1255 cltisynayoqus
1471 1213 1671 1256 indiynans,
1689 1215 1771 1257 quia
1788 1215 1823 1247 in
1838 1217 1863 1235 ¹1
1886 1216 2028 1250 Sabbato
2049 1227 2169 1250 curas-

1199 1268 1247 1297 set
1270 1264 1380 1303 Iesus,
1405 1266 1494 1307 quasi
1519 1266 1617 1306 dicat,
1638 1267 1723 1309 quod
1747 1268 1816 1301 eius
1836 1269 1998 1311 responsio
2023 1279 2064 1303 ex
2088 1270 2168 1303 indi-

1198 1318 1346 1359 gnatione
1361 1318 1458 1351 animi
1479 1319 1633 1361 originem
1651 1321 1759 1354 traxit.
1778 1321 1858 1355 Haec
1874 1326 1980 1355 autem
1996 1323 2168 1365 indignatio

1199 1371 1363 1404 oriebatur
1398 1381 1439 1404 cx
1477 1374 1712 1414 praesumtione
1748 1375 1907 1415 iustitiae3
1944 1376 2027 1410 unde
2063 1378 2165 1410 solum

1203 1438 1220 1453 «
1236 1435 1317 1457 vera
1341 1425 1461 1458 iustitia
1481 1427 1727 1468 compassionem
1749 1428 1858 1467 habet,
1884 1429 1937 1462 sed
1960 1428 2053 1471 subsit
2076 1430 2167 1463 iusti-

1198 1478 1242 1510 tia
1265 1478 1510 1519 indignationem
1526 1479 1551 1498 ¹2
1568 1492 1598 1511 ι».
1624 1480 1704 1513 Haec
1730 1484 1836 1513 autem
1861 1481 1939 1515 falsa
1955 1482 2074 1515 iustitia
2098 1487 2166 1516 erat

1198 1531 1391 1563 aemulatrix
1416 1531 1504 1573 Legis
1528 1535 1684 1574 quantum
1707 1533 1746 1565 ad
1766 1533 1997 1567 observantiam
2023 1535 2164 1575 Sabbati‚

1198 1583 1252 1616 sed
1276 1584 1486 1617 aemulatione
1509 1585 1620 1625 stulta;
1637 1585 1676 1618 ad
1693 1586 1847 1619 Romanos
1870 1587 1991 1620 decimo
2006 1588 2046 1620 ¹³:
2076 1601 2092 1616 α
2109 1589 2164 1621 Αε-

1197 1637 1401 1670 mulationem
1419 1637 1474 1670 Dei
1492 1638 1624 1677 hahent,
1641 1639 1695 1672 sed
1712 1648 1774 1672 non
1796 1640 1969 1673 secundum
1988 1641 2163 1681 scientiam

1197 1689 1378 1732 ignorantes
1401 1691 1484 1724 enim
1509 1691 1564 1724 Dei
1589 1692 1741 1725 iustitiam
1765 1695 1797 1725 et
1820 1701 1911 1726 suam
1935 1694 2075 1727 volentes
2103 1698 2165 1727 sta-

1197 1747 1303 1783 tuere,
1327 1744 1465 1778 iustitiae
1490 1745 1544 1778 Dei
1569 1755 1631 1778 non
1656 1749 1731 1779 sunt
1753 1746 1934 1780 subiecti».
1959 1748 2045 1781 Unde
2068 1749 2165 1781 stulta

1196 1798 1391 1839 praesumtio
1413 1798 1498 1840 parit
1520 1799 1795 1839 aemulationem,
1821 1804 1853 1833 et
1883 1801 2052 1834 aemulatio
2076 1801 2163 1834 indi·

1193 1851 1402 1893 9nutionem,
1427 1854 1458 1884 et
1474 1851 1646 1894 indignatio
1670 1852 1749 1895 tegis
1772 1853 1907 1886 divinae
1924 1854 2163 1895 trans-pressio-

1195 1913 1286 1942 nem,
1303 1904 1478 1937 secundum
1495 1904 1571 1937 illud
1589 1905 1834 1939 Proverbiorum
1850 1907 2001 1949 vigesimo
2021 1917 2103 1940 nono
2117 1909 2161 1941 ¹4:

1200 1969 1217 1986 «
1232 1956 1291 1998 Qui
1316 1957 1355 1989 ad
1378 1957 1604 1998 indignandum
1635 1958 1733 1991 facilis
1768 1962 1815 1991 est
1844 1960 1905 1992 erit
1935 1959 1972 1992 ad
1997 1964 2161 2001 peccatum

1194 2009 1365 2051 proclivior
1380 2022 1412 2041 ».
1437 2010 1522 2042 Unde
1546 2010 1664 2043 stultus
1681 2011 1757 2053 legis
1781 2012 1898 2044 zelator
1922 2016 1970 2044 est
1993 2012 2093 2053 ipsius
2117 2013 2160 2046 le·

1193 2062 1241 2104 gis
1264 2062 1458 2101 destructor;
1476 2065 1606 2104 propter
1622 2062 1708 2105 quod
1730 2063 1768 2095 ad
1785 2063 1908 2097 Galatas
1928 2065 2047 2105 primo:
2070 2077 2086 2093 α
2103 2066 2158 2098 Sn-

1193 2124 1252 2157 pra
1287 2115 1416 2147 modum
1451 2115 1667 2157 persequebar
1703 2116 1869 2149 Ecclesiam
1906 2117 1960 2150 Dei
1996 2121 2028 2150 et
2055 2127 2160 2160 expu-

1192 2168 1326 2209 gnabam
1359 2168 1444 2200 illam
1467 2180 1502 2207 »;
1532 2181 1548 2196 «
1572 2168 1785 2202 abundantius
1811 2170 1986 2203 aemulator
2018 2171 2158 2205 existens

1192 2223 1398 2262 paternarum
1422 2229 1565 2253 mearum
1591 2221 1796 2254 traditionum
1814 2235 1831 2251 »
1858 2226 1916 2256 etc.

1282 2272 1335 2305 29.
1353 2273 1496 2305 Secundo
1512 2277 1666 2315 quantum
1690 2273 1730 2307 ad
1745 2275 1993 2309 simulationem
2015 2277 2083 2310 zeli
2103 2287 2158 2310 or-

1192 2324 1304 2357 dinati
1326 2324 1363 2357 in
1384 2324 1482 2357 verbo
1514 2325 1638 2358 subdit:
1664 2326 1801 2359 Dicebat
1823 2327 1962 2361 turbae:
1994 2329 2057 2362 Sex
2088 2330 2157 2363 dies

1191 2382 1282 2415 sunt,
1299 2378 1334 2410 in
1351 2378 1472 2421 quibus
1495 2383 1622 2421 oportet
1644 2381 1800 2422 operam}
1824 2390 1911 2420 ecce,
1928 2382 2081 2421 alleuatio
2105 2393 2157 2416 ve-

1191 2431 1324 2470 ritatis;
1352 2432 1451 2464 Exodi
1483 2432 1633 2474 vigesimo
1648 2434 1691 2465 1⁶:
1721 2446 1737 2463 «
1754 2435 1816 2467 Sex.
1839 2434 1951 2467 diebus
1974 2436 2156 2470 oneraberis

1264 2632 1275 2647 ⁹
1295 2634 1368 2660 Vers.
1390 2636 1420 2667 8,
1440 2634 1484 2660 ubi
1505 2636 1523 2660 Α
1535 2634 1660 2661 CDFG:
1680 2634 1800 2661 Suscitat
1819 2634 1849 2661 de
1865 2635 1979 2668 pulvere
1997 2637 2023 2662 et
2041 2635 2071 2662 de
2090 2638 2155 2662 ster-

1192 2684 1253 2704 core
1271 2678 1377 2711 eriperis
1393 2685 1544 2712 pauperem
1562 2682 1611 2711 etc.
1631 2693 1666 2697 -
1686 2678 1803 2704 Subinde
1822 2680 1949 2710 allegatur
1968 2680 2046 2705 Rom.
2060 2681 2091 2710 8,
2111 2681 2153 2713 30,

1192 2723 1219 2748 in
1238 2723 1313 2748 cuius
1333 2723 1384 2748 fine
1404 2730 1452 2753 pro
1471 2722 1657 2756 mstmiificuuit
1676 2723 1719 2755 (ita
1740 2723 1791 2748 iam
1817 2723 1844 2749 in
1863 2723 2010 2749 Comment.
2031 2725 2058 2750 in
2077 2725 2154 2751 Rom.

1192 2766 1257 2791 inter
1276 2773 1356 2798 opera
1377 2766 1521 2803 Ambrosii,
1541 2766 1567 2791 Ρ.
1587 2766 1738 2798 ιοιηΙ)ηΓᾱ.,
1764 2766 1840 2792 Card.
1867 2767 1934 2797 Ηυξ.
1964 2768 2071 2800 Lvran.)
2093 2768 2153 2794 Vul-

1192 2814 1252 2842 gata
1271 2809 1441 2843 glorificavit.

1264 2853 1286 2868 ¹⁰
1305 2854 1356 2880 Csr.
1376 2861 1455 2885 supra
1476 2861 1501 2878 n.
1521 2854 1565 2879 2¹.
1579 2867 1614 2872 —
1628 2854 1735 2879 inferius
1747 2860 1796 2884 pro
1817 2853 1870 2880 :eli
1887 2854 2007 2881 ordinati
2025 2855 2053 2881 in
2072 2855 2152 2882 verbo

1192 2899 1251 2924 Vnt.
1268 2898 1322 2924 zeli
1340 2897 1490 2924 inordinati
1507 2897 1535 2923 in
1553 2896 1633 2923 verbo
1654 2897 1700 2929 (lta
1718 2898 1796 2923 etiam
1811 2899 1852 2924 liic
1871 2906 1939 2925 unus
1952 2900 2069 2933 alterque
2084 2901 2152 2933 cod,

1191 2943 1237 2975 qui
1257 2946 1345 2968 tamen
1364 2942 1428 2967 intra
1449 2949 1474 2966 n.
1494 2942 1536 2967 29.
1556 2948 1617 2966 cum
1636 2941 1693 2966 ultis
1712 2942 1856 2976 convenit).

1265 2986 1285 3001 ¹¹
1307 2987 1430 3018 Vulgata,
1451 2992 1531 3017 quani
1550 2989 1697 3017 sequuntur
1715 2986 1737 3011 H
1756 2990 1782 3011 et
1801 2987 1868 3019 Vnt„
1888 2987 1983 3013 omittit
2001 2987 2037 3014 in.

1263 3030 1285 3045 ¹⁸
1305 3031 1337 3056 Ut
1355 3030 1418 3055 dicit
1436 3030 1545 3060 Gregor.
1565 3036 1644 3058 supra
1665 3035 1687 3055 e.
1706 3030 1731 3055 9.
1754 3037 1779 3055 n.
1799 3031 1840 3056 8⁴.
1860 3032 1994 3061 allegatus.

1263 3073 1285 3089 ¹³
1305 3075 1380 3100 Vers.
1400 3075 1424 3099 2.
1443 3078 1468 3098 et
1487 3074 1517 3105 3,
1537 3073 1582 3098 ubi
1602 3080 1651 3100 nro
1670 3073 1787 3100 volentes
1801 3075 1858 3100 Vnt.
1872 3082 1933 3101 enm
1949 3077 2060 3104 Vulgata
2074 3084 2152 3110 quae-

1190 3121 1288 3145 rentes.
1307 3132 1342 3138 -—
1361 3119 1451 3143 Glossa
1471 3117 1669 3144 imminent-is:
1689 3118 1858 3151 Respondeas
1882 3122 1974 3146 (zu-lem
1991 3120 2151 3154 archisyna-

1190 3170 1291 3198 9031113,
1311 3162 1470 3193 incliqnans,
1492 3166 1520 3187 ut
1539 3161 1683 3187 aemulator
1701 3163 1800 3188 litterae
1819 3164 1904 3196 Legis.

1263 3206 1285 3221 ¹⁴
1305 3207 1380 3231 Vers.
1409 3207 1457 3237 22,
1483 3205 1530 3231 ubi
1559 3211 1608 3232 nro
1624 3208 1767 3239 peccamm
1787 3208 1897 3237 vulgata
1921 3208 2096 3238 peccandum.
2114 3222 2149 3227 —

1192 3251 1310 3278 Subinde
1328 3251 1455 3281 allegatur
1474 3250 1527 3274 Gal.
1549 3250 1578 3278 4.
1600 3250 1639 3275 13.
1659 3257 1715 3276 seo.
1737 3251 1786 3277 Pro
1807 3251 1988 3279 verseauebm·
2008 3251 2148 3278 ACDFG

1186 3296 1346 3328 persecutus
1364 3300 1435 3319 sum.

1262 3337 1284 3353 ¹⁵
1304 3338 1379 3365 Vei-s.
1398 3338 1423 3363 9.
1449 3341 1473 3363 et
1504 3338 1545 3363 40.
1574 3351 1608 3356 —-
1634 3339 1760 3366 Superius
1786 3345 1834 3364 oro
1859 3338 1980 3366 ordinati
1998 3340 2056 3365 vat.
2078 3339 2148 3366 inor·

1190 3381 1284 3409 dinati.

2198 854 2320 881 Obiurgatio

2185 881 2334 907 archinvnago-

2190 907 2210 933 gi
2225 907 2328 929 describi-

2185 935 2219 954 tur
2233 940 2270 954 ner
2280 934 2329 956 duo.

2183 1757 2312 1779 Notandum.

2176 2287 2304 2308 Saonndnm.
