2476 3921
0 1097 27 1118 De
41 1096 138 1118 tentatio-

3 1122 35 1145 nls
43 1128 138 1145 connum-

22 1150 112 1171 mationa

47 1176 95 1198 tria.

36 1202 137 1225 Primum.

11 1893 136 1916 Secundum.

756 256 949 290 COMMENT.
976 256 1012 289 ΙΝ
1038 256 1274 289 EVANGELIUM
1300 256 1416 289 LUCAE
1440 256 1472 289 C.
1499 257 1545 289 IV.

158 348 250 379 Iesus
285 347 335 380 ait
369 346 436 379 itti:
472 346 605 379 Dictum
641 349 705 384 est,
737 345 855 378 scilicet
884 344 1118 378 Deuteronomii

157 401 290 433 sext011
316 399 390 432 Non
425 398 563 432 tentabis
600 399 778 431 Dominum
814 398 917 430 Deum
949 401 1065 435 tuum,-
1088 400 1120 430 et

157 452 361 485 Ecclesiastiei
385 452 507 485 decimo
526 455 654 485 octavo:
685 464 699 480 «
717 451 783 484 Noli
807 459 875 484 esse
898 450 989 493 quasi
1014 450 1118 489 homo,

157 505 212 548 qui
236 508 334 538 tentat
366 505 513 538 Deum».
539 504 625 537 Unde
656 504 879 546 vituperantur
914 504 968 537 tilii
1007 504 1119 542 lsrael,

156 558 368 591 Numerorum
391 558 513 593 decimo
544 560 676 599 quarto,
701 557 819 600 quibus
850 557 925 590 dicit
948 556 1117 590 Dominus:

162 625 177 640 α
193 612 406 644 'tentaverunt
430 620 479 644 me
512 611 573 643 iam
602 619 658 652 per
681 610 790 643 decem
818 610 902 643 vices
918 623 948 642 ».
981 610 1119 642 Tentare

156 667 261 697 autem
287 664 409 702 Deum,
434 663 516 697 sicut
538 663 613 696 dicit
637 663 716 696 Beda
729 663 753 702 ²,
777 666 839 702 est,
863 671 935 696 cum
954 663 1048 695 homo
1064 662 1119 695 ha—

156 717 222 756 bet,
246 717 322 759 quid
346 716 455 755 faciat,
479 716 602 749 divinae
634 716 790 758 potentiae
814 724 969 758 quaerere
992 715 1140 757 experi-·

156 774 306 803 mentum.
333 770 368 803 Et
391 770 467 813 quia
489 779 551 803 non
588 770 746 812 indigebat
768 769 914 802 Christus
940 770 998 802 hoc
1022 777 1119 811 expe-

156 824 290 856 rimento
314 823 488 865 potentiae,
513 823 613 855 Deum
646 823 771 856 nolebat
806 826 927 856 tentare
963 831 1020 855 nec
1054 822 1120 855 dia-

156 876 227 909 bolo
251 876 444 915 consentire,
475 879 506 909 et
535 885 592 918 per
623 876 842 909 auctoritatem
873 875 1033 918 respondit
1063 885 1120 908 au—

156 929 291 963 ctoritati
323 930 500 972 oppositae,
533 933 569 962 ut
603 930 711 962 clavus
747 929 973 962 retunderetur
1001 929 1120 962 virtute

157 983 233 1016 elavi
248 983 271 1015 ³.

245 1036 298 1070 23.
324 1037 424 1079 (Vers.
453 1037 527 1078 13).
555 1038 594 1069 Et
625 1041 858 1069 consummata
890 1036 982 1069 omni
1017 1040 1120 1070 tenta-

157 1090 250 1124 tione.
278 1091 443 1133 Postquam
478 1090 645 1132 descripsit
669 1091 848 1123 tentationis
870 1090 1065 1124 occasionem
1090 1093 1121 1123 et

156 1143 294 1177 tentandi
319 1143 464 1183 modum,
490 1144 541 1176 hie
564 1143 713 1176 describit
731 1143 823 1176 tertio
840 1143 1029 1176 tentationis
1045 1153 1120 1176 eon-

156 1190 427 1236 summationem,
444 1197 528 1230 eirca
544 1205 640 1239 quam
666 1196 726 1229 tria
750 1196 961 1230 insinuantur.
981 1197 1119 1230 Primum

156 1254 203 1284 est
218 1249 445 1293 manifestatio
458 1249 672 1293 perfeetionis
687 1259 728 1283 ex
742 1252 831 1292 parte
844 1250 959 1283 Christi
973 1250 1120 1283 resisten-

157 1303 211 1342 tis;
236 1306 391 1345 quantum
415 1303 453 1336 ad
478 1302 563 1345 quod
586 1303 678 1335 dicit:
712 1303 749 1335 Et
773 1307 1006 1336 consummata
1030 1303 1122 1336 omni

157 1356 342 1396 tentatione,
359 1356 444 1399 quia,
461 1356 543 1389 sicut
566 1356 656 1398 prius
669 1356 683 1375 ⁴
698 1356 816 1389 dictum
834 1356 911 1395 fuit,
928 1357 1030 1390 omnis
1054 1359 1120 1389 ten-

157 1409 233 1443 tatio
257 1409 421 1443 reducitur
445 1409 484 1442 ad
508 1412 573 1442 tres
589 1408 778 1451 praedictas;
796 1409 880 1442 unde
897 1409 1017 1451 primae
1034 1410 1121 1442 Ioau=

157 1463 205 1496 nis
229 1463 384 1496 secundo:
414 1476 429 1491 α
447 1462 564 1501 Omne,
589 1462 674 1504 quod
698 1465 745 1495 est
780 1462 811 1494 in
844 1462 980 1502 mundo,
1005 1472 1120 1496 concu-

157 1516 308 1559 piscentia
331 1515 435 1549 carnis
458 1519 505 1548 est
522 1529 537 1545 ι»
566 1519 624 1548 etc.
650 1516 733 1548 Hanc
757 1517 1021 1556 consummavit,
1047 1517 1122 1558 quia

157 1569 312 1612 patienter
347 1569 508 1602 tolerando
540 1569 720 1611 superavit,
756 1569 932 1602 secundum
969 1570 1046 1603 illud
1082 1570 1121 1603 ad

158 1623 313 1656 Hebraeos
336 1622 518 1656 seeund05:
547 1636 563 1651 «
580 1623 715 1656 Decebat
738 1632 810 1656 eum
835 1623 889 1665 qui
907 1624 1024 1657 multos
1040 1624 1121 1657 filios

157 1675 189 1708 in
213 1676 342 1718 gloriam
360 1676 555 1716 adduxerat,
580 1685 637 1718 per
661 1676 836 1718 passionem
853 1685 1073 1710 consummare
1090 1691 1120 1716 »,

157 1729 232 1772 quia
254 1729 370 1762 dicitur
401 1728 635 1762 Deuteronomii
660 1728 820 1771 trigesimo
848 1729 1003 1762 secundo:
1034 1743 1049 1758 α
1066 1730 1120 1763 Dei

158 1782 296 1824 perfecta
319 1785 394 1815 sunt
416 1791 555 1824 opera».

247 1836 300 1868 24.
325 1835 504 1868 Secundum
521 1838 570 1868 est
585 1834 769 1877 confutatio
789 1835 1054 1877 praesumtionis
1078 1844 1120 1868 ex

158 1893 247 1931 parte
270 1888 382 1922 diaboli
416 1888 613 1926 recedentis;
649 1890 803 1929 quantum
836 1887 875 1920 ad
907 1888 991 1930 quod
1023 1888 1119 1921 dicit:

158 1941 318 1975 Diabolus
353 1940 486 1973 recessit
520 1940 562 1972 ab
598 1940 673 1978 itto,·
697 1939 871 1973 secundum
909 1940 987 1973 illud
1020 1941 1120 1974 iacobi

158 1996 272 2036 quarto
285 1994 316 2026 ⁶:
346 2006 361 2022 «
379 1993 521 2026 Resistite
544 1993 681 2032 diabolo,
706 1995 737 2026 et
760 1992 858 2035 fugiet
874 2003 893 2026 a
908 1994 997 2027 vobis
1013 2007 1043 2026 ».
1062 1995 1121 2027 Re-

159 2047 272 2086 cessit,
296 2046 414 2080 seilicet
437 2046 604 2085 contusus3
621 2046 705 2088 quod
721 2046 918 2089 designatum
935 2051 982 2080 est
998 2047 1030 2080 in
1047 2057 1121 2090 rege

159 2100 375 2142 Assyriorum,
400 2099 506 2142 quarti
530 2100 648 2141 Regum
672 2099 793 2133 decimo
810 2109 908 2133 nono:
932 2113 947 2129 «
964 2101 1121 2134 Recedens

159 2154 235 2187 abiit
259 2162 317 2187 rex
342 2153 539 2195 Assyriorum
572 2154 785 2187 Sennacherib
801 2166 832 2193 »;
857 2154 942 2197 quod
966 2154 1121 2197 interpre-

160 2209 246 2239 tatur
271 2205 383 2238 totlens
407 2205 555 2245 deserta,
580 2206 655 2248 quia
685 2206 829 2240 diabolus
853 2207 990 2240 maxime
1013 2217 1121 2249 prose—

160 2259 271 2301 quitur
295 2268 348 2292 eos
372 2259 425 2301 qui
451 2259 562 2292 vivunt
585 2260 617 2292 in
641 2260 825 2294 austeritate
849 2261 940 2294 vitae.

232 2451 240 2466 ¹
262 2452 335 2478 Vers.
370 2453 408 2478 26.
433 2467 468 2472 ——
493 2454 550 2480 Duo
579 2456 729 2489 seqq-loci
758 2459 819 2482 sunt
848 2457 924 2483 Eccll.
953 2458 1001 2489 ⁴8,
1029 2458 1072 2483 23.
1101 2461 1126 2484 et

162 2497 238 2523 Num.
259 2497 306 2530 Μ,
327 2498 368 2523 22.

231 2540 241 2555 ²
261 2541 330 2568 Libr.
350 2543 367 2568 l.
389 2542 413 2568 in
433 2543 495 2569 Luc.
510 2543 539 2575 4,
561 2544 608 2569 ⁴2:
623 2545 822 2576 suggerebatur
835 2546 906 2572 enim
926 2546 1050 2580 [Christo]
1071 2550 1126 2573 tan-

160 2593 240 2619 quam
260 2587 373 2619 homini,
399 2591 428 2614 ut
446 2589 522 2621 signo
547 2589 635 2622 aliquo
654 2591 801 2622 exploraret
819 2591 890 2624 ipse,
910 2595 1024 2625 quantus
1043 2595 1125 2623 esset,

161 2630 187 2656 id
206 2633 253 2662 est,
266 2639 346 2665 quam
367 2633 478 2658 multum
498 2634 569 2666 apud
583 2634 667 2660 Deum
681 2639 778 2667 posset.
798 2636 875 2668 Quod
897 2636 990 2662 vitiose
1009 2637 1050 2668 nt,
1064 2644 1125 2663 cum

162 2675 197 2702 tlt.
216 2676 328 2703 Pertinet
347 2684 462 2710 namque
481 2678 513 2704 ad
535 2685 626 2705 sanam
646 2678 808 2711 doctrinam,
827 2680 935 2713 quando
955 2680 1034 2707 habet
1052 2681 1125 2715 quod

163 2720 237 2746 saciat
256 2722 349 2753 homo,
368 2729 420 2748 non
441 2725 539 2748 tentare
559 2724 699 2750 Dominum
719 2725 803 2750 Deum
822 2732 910 2751 suum.
966 2756 969 2757 .

231 2763 242 2779 ⁸
262 2766 343 2792 Simili
364 2767 444 2793 modo
463 2767 498 2793 ait
517 2768 635 2799 Aristot.,
656 2769 688 2794 V.
701 2769 805 2795 Politic..
819 2776 841 2795 e.
857 2770 899 2795 Μ.
920 2769 953 2803 (e.
973 2771 1023 2804 9.):
1046 2780 1059 2794 α
1073 2770 1126 2797 Cla-

162 2817 212 2836 vus
240 2810 309 2836 enim
338 2812 413 2838 clavo
442 2811 597 2847 [truditur],
624 2816 652 2839 ut
680 2813 759 2840 dictat
784 2814 996 2846 proverbium».
1021 2815 1126 2846 Cicero,

161 2855 202 2880 lV.
229 2855 336 2881 Tuscul.
356 2857 427 2889 Disp.
447 2864 471 2883 c.
493 2857 541 2882 35:
565 2858 647 2883 Etiam
668 2865 738 2884 novo
763 2859 872 2892 quidam
893 2866 983 2885 amore
1008 2863 1125 2886 veterem

163 2906 280 2925 amorem
301 2904 426 2933 tanquam
440 2901 515 2927 clavo
528 2902 633 2928 clavum
647 2902 808 2929 eiiciundum
823 2907 923 2936 putant.
942 2904 993 2930 Csr.
1012 2905 1125 2937 Hieron.,

162 2944 241 2976 Epist.
264 2945 322 2971 ¹25.
341 2945 414 2978 (alias
435 2945 470 2979 4,)
490 2953 514 2971 n.
537 2946 578 2971 14.
598 2961 632 2964 —-
645 2947 694 2973 Pro
708 2947 898 2975 retunderetur
918 2948 936 2975 C
957 2948 1125 2976 tunderetur.

231 2987 242 3003 ⁴
262 2990 339 3015 Num.
360 2990 383 3015 8.
404 3004 439 3009 -
458 2990 582 3023 Sequitur
601 2992 618 3017 l.
638 2991 706 3017 loan.
727 2993 758 3024 2,
779 2993 820 3018 16.

232 3032 243 3047 ⁶
264 3034 337 3060 Vers.
358 3035 399 3060 ⁴0.
419 3048 454 3054 -
474 3034 593 3061 Subinde
611 3036 738 3068 allegatur
757 3037 833 3063 Deut.
852 3038 900 3070 32,
922 3038 946 3064 4.

233 3076 244 3092 ⁶
264 3079 338 3104 Vers.
358 3079 384 3104 7.
403 3093 438 3099 -
458 3080 582 3113 Sequitur
607 3081 648 3106 lV.
672 3082 739 3114 Reg.
765 3083 810 3114 49,
831 3083 874 3108 35.
892 3097 927 3102 —
946 3084 1066 3116 Hieron„
1091 3084 1126 3110 de

163 3122 293 3149 Nominib.
314 3123 462 3156 Hebraicis,
488 3127 540 3150 vet.
561 3128 661 3151 testam.
687 3126 721 3152 de
740 3127 855 3159 Regnor.
875 3128 943 3154 libro
962 3128 1010 3154 lV:
1034 3138 1046 3152 ι
1059 3128 1126 3156 Sen-

162 3166 301 3199 nacherib,
320 3168 423 3201 tollens,
443 3169 484 3194 vel
498 3169 589 3195 levans
608 3170 710 3196 deserta
724 3180 749 3196 ι».
768 3171 845 3197 Card.
859 3173 942 3205 Hug.,
961 3173 987 3199 in
1007 3174 1064 3199 lsai.
1078 3174 1125 3205 36,

165 3210 173 3235 l
186 3231 192 3243 ,
211 3212 321 3243 mystice
340 3212 409 3238 hune
424 3219 530 3239 versum
551 3214 657 3245 exponit
675 3214 709 3240 de
728 3214 833 3242 diabolo
847 3219 872 3242 et
889 3217 1044 3244 satellitibus
1057 3218 1125 3251 suis,

163 3255 207 3287 qui
227 3262 290 3287 prae
310 3257 403 3282 ceteris
422 3257 573 3284 hominibus
591 3258 710 3285 infestant
724 3260 874 3292 religiosos:
891 3271 904 3284 n
919 3261 991 3287 Unde
1008 3269 1125 3294 congrue

163 3299 257 3326 dicitur
270 3300 419 3335 [diabolus]
433 3302 624 3333 Sennacherib,
637 3304 682 3336 qui
696 3304 880 3337 interpretatur
899 3307 990 3332 tollens
1009 3307 1124 3340 deserta,

164 3343 190 3369 id
204 3348 243 3370 est
255 3345 365 3371 claustra
380 3355 391 3369 u
416 3349 465 3372 etc.
484 3346 566 3373 Codd.
581 3347 675 3374 tollens
691 3348 836 3381 desideria,
856 3351 901 3383 qui
915 3351 993 3377 etiam
1014 3348 1126 3379 subinde

164 3388 285 3414 omittunt
305 3389 353 3423 qui
369 3389 464 3417 vivunt
482 3390 509 3417 in
528 3391 684 3419 austeritate
703 3392 780 3419 vitae.
800 3394 849 3419 Pro
873 3394 973 3422 scilicet
996 3396 1126 3429 confusus

165 3431 222 3457 Vnt.
241 3432 340 3459 seilicet
358 3440 513 3462 consensus.

2104 260 2121 290 9
2127 260 2143 289 33

1272 346 1325 377 25.
1355 345 1497 378 Tertium
1534 354 1608 378 vero
1640 350 1687 378 est
1715 346 1908 389 praefinitio
1941 347 2097 389 temporis
2129 356 2146 378 a
2165 355 2267 375 Tertium.

1183 401 1272 439 parte
1308 397 1362 430 Dei
1391 397 1601 440 disponentis;
1628 402 1755 440 propter
1788 399 1872 441 quod
1907 399 2009 432 addit:
2041 400 2146 443 Usque

1183 450 1229 483 ad
1252 454 1396 493 tempus,
1426 464 1440 479 α
1458 451 1673 493 passionis⁷»,
1690 452 1807 485 scilieet
1824 453 1970 491 recessit,
1995 453 2070 495 quia
2096 453 2146 485 ille

1184 504 1340 546 malignus
1357 513 1419 537 non
1436 505 1631 546 permittitur
1648 505 1831 538 malefacere
1844 506 1901 538 nisi
1920 515 1978 548 pro
1995 509 2146 547 tempore,

1183 567 1247 600 quo
1271 558 1355 590 Deus
1379 557 1552 599 permittit,
1577 558 1649 590 licet
1672 566 1795 600 semper
1820 559 1931 591 malam
1957 559 2069 591 habeat
2095 569 2147 591 vo-

1184 611 1356 650 luntatem;
1383 610 1586 643 Ecclesiastici
1611 611 1732 644 decimo
1757 611 1882 644 n0n0⁸z
1912 625 1927 639 α
1945 612 1974 644 Si
1994 613 2148 645 invenerit

1184 666 1311 705 tempus
1335 663 1566 702 malefaciendi,
1592 664 1810 696 malefaciet».
1831 665 1865 696 Et
1890 664 1958 697 ideo
1982 665 2146 697 consilium

1184 719 1232 749 est
1262 717 1466 750 Ecclesiastiei
1502 721 1633 759 quarto:
1669 718 1753 750 «Fili
1787 718 1846 755 mi,
1879 727 2030 750 conserva
2067 723 2145 751 teni-

1184 778 1245 811 pus
1274 773 1306 802 et
1339 770 1462 802 declina
1490 779 1509 802 a
1545 770 1672 809 malo»;
1702 774 1733 803 et
1765 770 1802 803 ad
1840 771 1987 813 Ephesios
2019 772 2147 813 quinto:

1190 836 1205 851 α
1224 823 1348 862 Videte,
1374 823 1531 865 quomodo
1555 827 1647 857 caute
1663 824 1847 863 ambuletis,
1866 824 2053 857 redimentes
2071 829 2148 857 tem-

1185 885 1246 918 pus
1276 876 1424 918 quoniam
1460 877 1527 910 dies
1551 877 1623 909 mali
1647 881 1768 910 sunt».
1795 878 1879 910 Unde
1904 887 1976 910 cum
2006 878 2149 911 diabolus
2166 885 2315 915 mamman-

1184 930 1352 973 dupliciter
1376 933 1491 963 tentet:
1516 934 1551 963 ut
1575 931 1679 963 draco
1703 935 1734 964 et
1766 931 1812 964 teo
1826 931 1848 970 ⁹,
1882 932 1985 974 primo
2019 932 2148 964 tentavit
2169 912 2253 959 giffar
2271 915 2316 933 ¹⁰⁰*

1185 988 1221 1016 ut
1251 984 1356 1017 draco
1391 984 1430 1016 ad
1466 984 1698 1023 seducendum,
1731 985 1929 1026 postmodum
1967 989 2002 1017 ut
2035 985 2078 1017 teo
2111 985 2146 1017 aul

1185 1037 1394 1080 frangendum
1420 1037 1450 1070 in
1477 1038 1629 1080 passione.
1657 1038 1688 1071 ln
1713 1039 1815 1080 primo
1839 1039 1920 1072 enim
1940 1043 2037 1072 tentat
2054 1040 2149 1072 ernol-

1186 1090 1244 1123 lire
1267 1100 1324 1133 per
1350 1091 1525 1130 blanditias,
1548 1091 1601 1124 sed
1620 1094 1689 1133 post
1706 1092 1828 1130 videns,
1846 1101 1878 1124 se
1896 1092 2053 1124 modicum
2073 1097 2149 1125 teni-

1186 1152 1246 1185 pus
1270 1144 1406 1183 habere,
1432 1148 1530 1176 tentat
1554 1144 1699 1186 frangere
1724 1154 1780 1187 per
1809 1154 1941 1187 poenas;
1966 1146 2049 1178 unde
2074 1147 2150 1187 Apo-

1185 1197 1320 1239 ealypsis
1348 1197 1534 1231 duodecimo
1549 1198 1592 1229 ¹⁰:
1623 1211 1638 1226 «
1656 1198 1821 1231 Descendit
1843 1199 2005 1237 diabolus,
2033 1199 2151 1232 habens

1186 1250 1266 1283 iram
1290 1259 1453 1292 magnam,
1486 1251 1605 1290 sciens,
1630 1251 1714 1293 quod
1748 1251 1905 1284 modicum
1937 1256 2063 1294 tempus
2096 1253 2149 1285 ha-

1185 1303 1257 1336 beat
1274 1317 1303 1335 ι».
1322 1304 1359 1336 Et
1374 1303 1443 1336 ideo
1459 1304 1496 1336 ad
1514 1305 1814 1337 consummationem
1840 1306 1989 1347 temporis
2006 1315 2066 1338 non
2084 1315 2152 1347 per-

1186 1359 1341 1389 venerunt
1354 1356 1412 1395 illi,
1429 1356 1467 1389 de
1480 1356 1597 1399 quibus
1613 1357 1694 1389 infra
1710 1360 1820 1390 octavo
1836 1358 1965 1396 dieitur,
1983 1358 2066 1400 quod
2085 1372 2100 1385 «
2114 1359 2151 1390 ad

1186 1413 1311 1452 tempus
1332 1410 1466 1443 credunt
1489 1413 1520 1443 et
1537 1410 1567 1442 in
1586 1414 1725 1452 tempore
1749 1411 1928 1444 tentationis
1953 1411 2103 1444 recedunt
2121 1426 2150 1443 ι»,

1233 1524 1441 1551 Antheutioatzur
1460 1524 1580 1551 (lontrina
1599 1524 1700 1552 Christi
1720 1533 1752 1551 ex
1771 1525 1919 1552 testimonio
1940 1526 2100 1560 Scripturas.

1276 1623 1328 1655 26.
1356 1623 1396 1655 Et
1432 1623 1522 1655 Iesus
1555 1633 1726 1666 regressus
1757 1627 1815 1656 etc.
1841 1624 1983 1656 Ostendit
2015 1634 2110 1667 supra
2127 1627 2149 1644 ¹¹

1186 1675 1381 1718 Evangelista
1405 1676 1624 1709 auctoritatem
1648 1677 1809 1710 doetrinae
1832 1677 1947 1709 Christi
1973 1687 2013 1710 ex
2038 1679 2151 1711 merito

1186 1729 1281 1768 vitae;
1307 1730 1358 1763 hic
1381 1730 1519 1763 secundo
1535 1730 1671 1763 ostendit
1687 1739 1728 1763 ex
1746 1731 1927 1763 testimonio
1945 1731 2149 1774 Scripturae.

1186 1782 1358 1816 introducit
1381 1792 1457 1825 ergo
1481 1783 1584 1825 primo
1620 1784 1835 1817 testimonium
1868 1788 1903 1817 ut
1931 1785 2151 1818 authenticum
2172 1790 2260 1812 Divisio-

1185 1835 1224 1868 ad
1246 1836 1465 1869 eru-ditionem
1490 1837 1713 1875 eredentiunz;
1738 1838 1875 1871 secundo
1894 1847 1987 1877 vero,
2013 1839 2151 1872 testimo-

1184 1889 1273 1921 nium
1297 1890 1515 1923 authenticum
1541 1890 1578 1923 ad
1603 1890 1862 1934 confutationem
1896 1891 2150 1932 detrahentium,

1186 1941 1227 1974 ibi
1242 1942 1287 1974 ¹²:
1314 1943 1353 1974 E’t
1374 1942 1544 1976 dicebant:
1571 1942 1685 1976 Nonne
1709 1943 1762 1977 nie
1785 1949 1830 1977 est
1853 1944 1945 1986 fitius
1971 1945 2107 1988 loseph?

1257 2056 1342 2084 Primo
1361 2057 1541 2085 testimonium
1561 2058 1713 2094 Scripturae
1732 2058 1841 2087 affertur
1860 2060 1893 2087 ad
1911 2061 2081 2088 eruditionem

1580 2103 1750 2130 credentium.

1288 2209 1319 2241 In
1359 2210 1569 2252 explicatione
1608 2215 1714 2245 autem
1754 2213 1932 2247 testimonii
1967 2214 2154 2257 prophetici
2171 2219 2310 2273 pfiss‘gssffiffi‘„

1187 2266 1325 2305 quatuor
1349 2264 1596 2298 introducuntur
1625 2275 1642 2298 a
1676 2266 1766 2299 beato
1799 2267 1902 2300 Luca:
1936 2268 2074 2310 primuni
2107 2273 2153 2302 est
2249 2261 2254 2266 ⁴
2313 2260 2318 2265 ’

1262 2456 1272 2472 ⁷
1293 2459 1326 2484 lta
1340 2459 1429 2485 Glossa
1445 2459 1642 2492 interlinearis,
1657 2467 1726 2493 quae
1740 2461 1873 2493 adiungit:
1890 2472 1902 2484 α
1916 2462 2023 2495 quaudo
2037 2469 2087 2488 non
2103 2466 2154 2488 tan-

1191 2505 1246 2529 tum
1266 2503 1346 2536 dolis,
1366 2504 1413 2529 sed
1432 2506 1522 2535 aperte
1541 2504 1709 2536 impugnatit
1722 2515 1735 2527 »
1758 2508 1806 2531 etc.
1826 2505 1960 2537 Anibros„
1981 2507 2022 2531 lV.
2046 2507 2072 2531 in
2093 2508 2153 2533 Luc.

1190 2556 1216 2573 n.
1236 2548 1285 2574 36:
1304 2548 1400 2574 Audito
1428 2548 1518 2582 itaque
1546 2549 1591 2574 Dei
1611 2549 1717 2575 nomine
1745 2549 1866 2580 recessit,
1892 2550 1986 2583 inquit,
2016 2558 2100 2584 usque
2118 2551 2155 2577 ad

1192 2593 1314 2625 tempus,·
1333 2595 1422 2624 postea
1449 2593 1519 2618 enim
1539 2600 1591 2618 non
1616 2596 1774 2623 tentaturus,
1798 2593 1843 2619 sed
1874 2598 1962 2625 aperte
1988 2589 2154 2626 'pugnaturus

1190 2636 1306 2662 advenit.
1324 2650 1361 2655 —
1380 2637 1439 2662 Vnt.
1458 2644 1520 2662 cum
1540 2637 1670 2663 nonnullis
1696 2637 1774 2663 codd.
1794 2638 1888 2663 omittit
1910 2638 2061 2671 passionis.
2086 2646 2154 2671 quae

1190 2681 1269 2706 etiam
1289 2681 1411 2713 superius
1431 2688 1480 2713 pro
1500 2688 1516 2707 a
1532 2683 1613 2714 parte
1632 2681 1681 2708 Dei
1698 2681 1863 2715 disponentis
1883 2682 2015 2708 substituit
2039 2682 2156 2709 distincti

1190 2733 1206 2752 a
1227 2726 1294 2758 Deo,
1314 2729 1339 2751 et
1358 2726 1466 2751 inferius
1486 2733 1535 2758 pro
1551 2725 1720 2760 permittitur
1739 2726 1900 2760 malefacere
1914 2728 1986 2759 ponit
1997 2730 2085 2761 potest
2103 2730 2154 2754 leu-

1191 2772 1257 2797 tare.
1277 2771 1405 2802 Superius
1430 2777 1479 2803 pro
1502 2770 1657 2804 praefinitio
1681 2770 1733 2797 AC
1759 2771 1970 2806 praefiearatto,
1997 2773 2051 2797 DG
2074 2780 2155 2806 prue-

1189 2814 1315 2849 signatio.

1261 2858 1271 2873 ⁸
1292 2861 1367 2886 Vers.
1385 2860 1433 2891 25,
1453 2863 1511 2892 post
1530 2867 1611 2893 quem
1631 2860 1707 2886 Eccli.
1729 2860 1756 2891 4,
1776 2861 1818 2886 23.
1839 2866 1863 2886 et
1884 2863 1948 2893 Epli.
1969 2862 1998 2892 5,
2023 2862 2061 2887 ¹5.
2081 2870 2135 2894 seq.

1260 2902 1272 2917 ⁹
1291 2905 1413 2936 August,
1434 2905 1550 2930 Enarrat.
1581 2905 1607 2929 in
1628 2905 1667 2930 Ps.
1688 2905 1735 2937 90,
1766 2906 1808 2931 Υ13.
1833 2913 1911 2931 serm.
1941 2907 1965 2931 2.
1995 2913 2021 2931 n.
2041 2907 2074 2931 9:
2104 2908 2154 2932 Leo

1189 2953 1278 2981 aperte
1298 2949 1394 2980 saevit,
1420 2950 1501 2976 draco
1521 2951 1623 2976 occulte
1648 2950 1797 2983 insidiatur,
1824 2954 1964 2984 utramque
1991 2952 2044 2976 vim
2066 2956 2089 2976 et
2109 2959 2156 2983 po-

1188 2997 1307 3021 testatem
1327 2993 1406 3020 habet
1424 2994 1545 3021 diabolus
1563 2998 1612 3021 etc.
1631 2994 1681 3021 Csr.
1702 2996 1728 3021 ll.
1748 2997 1819 3021 Sent.
1838 2996 1865 3021 d.
1885 2996 1926 3021 2¹.
1948 2995 2012 3021 dub.
2033 2997 2057 3021 3.
2081 2997 2151 3022 circa

1190 3040 1278 3065 tinem.

1202 3114 1204 3117 y
1264 3082 1285 3098 ¹⁰
1306 3084 1380 3110 Vers.
1403 3085 1444 3109 ⁴2.
1465 3098 1499 3104 -
1522 3084 1639 3111 Subinde
1653 3086 1777 3117 allegatur
1797 3086 1858 3111 Luc.
1879 3087 1907 3115 8,
1932 3086 1970 3110 «3.
1991 3100 2026 3105 —
2048 3087 2156 3112 Interius

1190 3136 1239 3162 pro
1258 3129 1387 3163 temporis
1407 3129 1465 3155 Vat.
1485 3129 1647 3156 tentationis.

1263 3172 1283 3188 ¹¹
1305 3174 1381 3199 Num.
1403 3175 1428 3200 ι1.
1450 3188 1485 3194 —-
1504 3175 1553 3200 Pro
1573 3174 1761 3202 auctoritatem
1781 3175 1919 3203 doetrinae
1947 3177 1966 3201 Β
1994 3177 2157 3204 authentica-

1190 3220 1289 3247 tionem
1308 3220 1455 3247 doctrinae.

1262 3263 1284 3279 ¹²
1305 3266 1380 3291 Vers.
1412 3267 1456 3291 22.
1481 3281 1514 3284 —
1538 3265 1622 3292 Codd.
1651 3267 1670 3292 Α
1685 3267 1705 3292 H
1732 3266 1761 3298 (a
1785 3267 1901 3293 secunda
1927 3275 2005 3294 manu
2032 3269 2155 3299 correcti)

1190 3309 1293 3341 legunt:
1314 3309 1465 3336 Introducit
1488 3303 1553 3344 ereo
1569 3310 1661 3344 primo
1686 3311 1868 3338 testimonium
1885 3312 2100 3346 propheticum...
2120 3320 2156 3339 se-

1191 3352 1279 3380 cundo
1299 3361 1361 3380 vero
1381 3354 1536 3388 exemplum
1556 3354 1739 3382 authenticum
1760 3359 1807 3381 etc.
1828 3357 1897 3382 Haec
1917 3357 1991 3382 lectio
2016 3357 2157 3383 concordat

1191 3405 1252 3423 cuin
1272 3404 1346 3431 seqq.
