2427 3872
431 221 501 247 MUT

197 279 232 284 —
243 264 350 291 Vanitas
360 264 478 290 consistit
487 265 512 291 in
523 264 693 292 mutabilitate
707 266 739 292 Vl
753 266 787 292 24

143 317 171 335 ν.
191 309 218 334 44
242 323 278 327 -
296 308 436 335 Praeterita
455 312 600 341 arguentur
619 309 652 335 de
672 310 787 336 vanitate

143 352 324 379 mutabilitatis
343 353 372 378 94
395 360 422 378 ν.
442 354 457 378 8
476 366 513 372 —
531 352 661 379 Mutabilia
682 354 748 380 fiunt
761 354 786 380 in

142 400 262 430 tempore
281 400 307 423 et
324 396 375 423 sub
400 400 520 430 tempore
549 397 582 424 44
611 405 637 431 q.
663 399 673 423 ⁴
697 412 732 418 —
750 399 786 424 Ex

142 441 256 468 vanitate
275 440 454 468 mutabilitatis
472 442 555 468 oritur
574 442 675 468 vanitas
695 442 787 476 iniqui-

143 486 215 517 tatis,
234 485 281 512 sed
300 492 354 511 non
374 488 402 512 ut
420 493 435 512 a
456 488 507 512 tota
526 493 605 512 causa
626 486 654 511 ⁴⁴
678 493 705 512 v.
722 487 738 512 2
750 500 787 506 -

142 530 190 556 Ρ61·
209 529 409 556 mutabilitatem
437 530 465 556 in
492 530 572 556 rebus
598 531 678 557 homo
697 530 787 562 affligi-

142 577 184 600 tur
204 574 237 599 32
259 581 284 600 v.
304 574 319 599 9

197 632 230 637 —
249 618 347 644 Rerum
367 617 566 644 mutabilitatem
579 625 631 644 non
643 625 785 650 possumus

142 662 269 694 indagare
288 662 322 688 Vl
341 662 375 688 34
388 669 415 695 q.
427 675 463 682 -
475 662 514 688 De
527 662 700 688 mutabilitate
712 668 784 688 crea-

141 709 215 733 turae
234 709 273 733 est
292 706 399 733 scientia
411 713 459 739 per
474 713 502 732 se
521 705 538 732 '7
558 706 576 732 b
595 720 630 725 —
649 708 784 732 creaturae

193 1015 299 1041 NAAMAN
319 1029 353 1034 —
373 1015 445 1041 solus
462 1014 605 1040 mundatus
624 1016 663 1040 est
681 1013 715 1040 ab
735 1014 780 1039 Eli-

140 1066 185 1086 seo
205 1059 249 1085 Vll
270 1059 320 1085 402
342 1058 376 1084 54
395 1073 431 1077 -
449 1059 635 1091 interpretatur
657 1058 738 1084 decor
755 1060 781 1084 et

139 1103 259 1136 designat
278 1103 396 1136 gentium
410 1103 539 1136 populum
553 1103 721 1128 Sacramento
735 1101 781 1128 ba-

138 1148 227 1180 ptismi
246 1148 372 1174 decorum
392 1149 491 1174 factum
511 1148 561 1173 403
576 1147 609 1172 56
628 1162 663 1166 -
683 1147 781 1180 signifi-

138 1195 180 1219 cat
197 1193 327 1225 populum
346 1192 469 1224 gentilem
490 1191 541 1217 474
560 1191 576 1216 7

191 1237 295 1263 ΝΑιιουε
312 1251 348 1255 -
366 1239 405 1263 est
430 1235 511 1262 herba
536 1236 678 1262 aromatica
703 1237 781 1262 vehe-

138 1281 233 1308 mentis
252 1281 354 1312 odoris,
374 1281 407 1307 de
435 1287 489 1314 qua
516 1281 544 1306 fit
571 1280 716 1312 pretiosum
736 1288 781 1306 un-

138 1328 266 1358 guentum
279 1326 313 1351 V1
328 1325 378 1351 440
390 1326 405 1351 3
418 1339 454 1344 -
467 1326 515 1351 Ρ61·
525 1327 691 1357 unguentum
705 1325 780 1351 nardi

137 1370 289 1402 intelligitur
308 1370 414 1396 devotio
434 1370 528 1396 mentis
547 1370 598 1395 6⁴9
618 1377 646 1396 v.
666 1369 693 1394 41

190 1415 320 1441 ΝΑηκΛτιο
338 1428 374 1433 -
393 1414 486 1440 Modus
504 1414 660 1440 narrationis
679 1416 718 1439 est
737 1413 780 1439 de-

137 1454 196 1484 bilis
206 1461 231 1484 et
242 1459 361 1484 infirmus
374 1458 527 1484 auctoritate
539 1458 571 1484 VI
582 1458 633 1483 243
645 1458 678 1483 40
692 1464 748 1489 arg.
764 1458 773 1483 ⁴

190 1504 299 1529 Nautis
317 1517 353 1522 —
372 1502 465 1528 Obitus
488 1502 643 1528 Sanctorum
669 1505 779 1528 vocatur

136 1554 229 1574 eorum
249 1547 333 1573 natale
352 1547 385 1573 Vl
404 1547 454 1573 ⁴26
474 1554 500 1572 v.
521 1547 536 1572 2

190 1592 343 1617 ΝΑΤΗΑΝΑΕΙ,
361 1605 396 1610 -
415 1591 519 1623 sapiens
544 1593 654 1616 vocatus
672 1593 712 1616 est
731 1598 778 1623 per

137 1636 287 1668 Philippum
306 1635 433 1661 rusticum
459 1635 492 1661 VI
518 1634 569 1660 264
590 1635 632 1661 85.
653 1635 704 1660 268
726 1635 771 1660 404

135 1694 171 1699 -
189 1687 241 1706 11011
260 1680 333 1705 venit
356 1680 391 1706 ad
418 1679 550 1706 Christum
574 1680 708 1705 voluntate
726 1682 778 1706 ten-

135 1724 221 1756 tandi,
249 1724 296 1750 sed
321 1724 408 1750 studio
432 1724 589 1756 proficiendi
617 1723 669 1749 267
689 1723 723 1749 94
742 1737 778 1743 —-

135 1769 209 1800 prius
221 1762 260 1794 est
273 1769 346 1794 visus
359 1771 385 1794 et
394 1768 529 1801 quaesitus
540 1774 554 1793 a
564 1768 685 1798 Domino,
696 1775 776 1801 quam

135 1812 192 1844 ipse
210 1815 349 1845 quaereret
367 1811 401 1838 ib.
421 1812 455 1837 95
473 1826 509 1831 —-
527 1813 689 1838 revelatione
707 1813 777 1844 cogi-

134 1856 238 1882 tationis
257 1859 382 1882 attractus
400 1857 525 1888 cognovit
543 1856 638 1883 Christi
651 1856 777 1882 Divinita-

134 1902 189 1927 tem
217 1903 242 1926 et
267 1901 456 1926 humanitatem
484 1900 518 1926 ib.
546 1901 579 1926 96
608 1915 644 1936 ÷
662 1901 721 1927 licet
739 1908 777 1927 sa-

134 1945 219 1976 piens,
238 1945 412 1977 peritissimus
430 1944 508 1976 Legis
524 1946 552 1970 et
579 1947 695 1976 sanctus,
723 1951 776 1970 non

133 1989 218 2014 factus
236 1991 276 2014 est
294 1988 435 2020 Apostolus
463 1989 515 2014 268
537 1989 582 2014 404
613 2002 649 2008 -
676 1989 777 2021 peritus

131 2035 188 2058 erat
207 2033 231 2058 in
251 2033 322 2065 Lege
341 2035 366 2058 et
385 2033 522 2065 Prophetis
541 2033 591 2059 266
612 2034 646 2059 92
666 2047 701 2053 -
714 2040 775 2059 cum

131 2079 200 2103 esset
218 2077 336 2110 sapiens,
355 2084 406 2103 non
420 2077 525 2103 erubuit
537 2078 613 2111 sequi
626 2078 775 2110 simplicem

131 2121 188 2147 sine
207 2121 268 2147 dolo
281 2120 315 2148 ib.
336 2121 369 2147 94
382 2136 418 2141 -
430 2122 503 2155 quod
517 2121 643 2148 credebat
656 2122 682 2148 in
695 2122 776 2149 corde

132 2166 239 2198 protulit
258 2173 305 2192 ore
323 2165 385 2192 ibid.

185 2211 265 2236 ΝΑτιο
285 2225 320 2229 -
339 2211 461 2237 Nationes
479 2214 541 2237 sunt
554 2212 664 2244 gentiles
676 2212 774 2243 Legem

131 2261 184 2281 non
202 2254 329 2281 habentes
358 2256 391 2281 Vi
418 2255 468 2281 ⁴64
488 2263 515 2282 v.
541 2256 574 2281 ⁴4
599 2270 635 2275 -
663 2256 775 2281 Gentiles

131 2302 260 2326 vocantur
278 2300 411 2333 nationes,
429 2300 493 2333 qnia
511 2308 564 2326 non
577 2300 668 2331 renati,
687 2300 733 2326 sed
748 2300 774 2325 in

130 2344 272 2370 nativitatis
285 2344 348 2370 vitio
362 2347 549 2376 permanentes
562 2344 622 2371 ibid.
634 2345 685 2370 208
700 2351 726 2370 v.
741 2345 773 2370 45

183 2389 320 2415 ΝΑτινιτΑε
337 2402 373 2408 -
391 2391 431 2415 est
449 2392 571 2420 naturae,
590 2389 698 2421 culpae,
717 2395 774 2420 gra-

131 2433 197 2466 tiae,
217 2433 316 2465 gloriae
336 2433 369 2459 Vi
388 2433 440 2459 279
461 2434 486 2458 8.
505 2433 557 2458 550
578 2433 587 2458 4
612 2447 647 2451 --
666 2435 774 2458 naturae

129 2479 171 2502 est
189 2477 351 2509 miseranda,
365 2477 486 2503 nativitas
504 2478 598 2509 culpae
612 2476 773 2510 detestanda,

131 2521 254 2547 nativitas
273 2522 373 2553 gratiae
391 2521 542 2547 veneranda
570 2520 622 2546 550
644 2522 653 2546 4
677 2534 713 2540 -
731 2527 773 2546 na-

129 2566 205 2590 turae
223 2568 263 2591 est
282 2565 450 2597 miserabilis,
470 2565 532 2598 quia
551 2565 636 2597 ipsam
656 2565 774 2598 sequitur

131 2610 275 2641 poenalitas
293 2610 377 2642 vitae,
397 2609 539 2635 necessitas
567 2609 659 2635 mortis
686 2612 712 2635 et
730 2610 774 2636 ad-

132 2654 243 2679 versitas
262 2660 370 2686 pugnae
389 2653 423 2680 ib.
442 2655 458 2679 2
477 2668 512 2672 -
531 2654 625 2686 culpae
644 2656 683 2680 est
701 2654 774 2680 dete·

130 2696 244 2729 stabilis,
264 2698 325 2731 quia
345 2700 384 2723 est
411 2698 601 2730 ignominiosa,
620 2699 772 2730 maledicta,

130 2742 276 2774 perniciosa
296 2741 342 2767 551
367 2742 382 2767 3
396 2756 431 2760 -
449 2742 548 2774 gratiae
561 2745 600 2768 est
612 2743 774 2775 veneranda,

130 2786 194 2818 quia
213 2786 251 2811 sic
275 2792 386 2811 nascens
413 2787 531 2812 succedit
549 2787 619 2813 Patri
636 2787 663 2813 in
683 2786 775 2813 nobili-

131 2832 197 2861 tate,
217 2829 242 2855 in
262 2829 427 2860 strenuitate,
446 2829 472 2855 in
491 2830 635 2856 hereditate
655 2830 689 2857 ib.
710 2831 725 2857 4

184 2887 220 2893 -
238 2876 347 2899 naturae
365 2876 405 2899 est
429 2874 540 2900 carnalis
568 2879 593 2900 et
621 2875 773 2908 manifesta,

131 2917 291 2943 sacramenti
310 2920 350 2943 est
367 2917 509 2950 spiritualis
521 2921 547 2944 et
559 2919 661 2945 occulta
674 2919 707 2945 Vl
721 2920 773 2946 280

132 2962 175 2993 40,
195 2962 223 2988 44
247 2975 283 2981 -
301 2962 453 2989 Peccatores
471 2966 614 2989 nascuntur
627 2971 657 2990 ex
676 2964 772 2990 carnali

130 3006 342 3039 concupiscentia
361 3006 407 3033 554
434 3006 449 3032 4
467 3020 502 3026 -
523 3007 617 3033 Natum
639 3015 670 3034 ex
694 3014 773 3034 carne

130 3050 239 3076 includit
257 3051 339 3076 vitam
358 3051 503 3083 carnalem,
522 3054 612 3077 natum
631 3058 662 3078 ex
680 3052 772 3084 spiritu

131 3094 213 3120 vitam
233 3095 395 3127 spiritualem
424 3095 487 3122 ibid.
505 3109 541 3114 -
559 3095 659 3127 gratiae
677 3096 706 3122 flt
724 3102 772 3128 per

132 3138 331 3165 Sacramentum
360 3140 411 3165 280
432 3140 474 3171 40,
494 3140 522 3165 44
555 3153 590 3158 -
609 3139 709 3171 gratiae
733 3142 773 3166 cst

131 3183 278 3208 necessaria
304 3183 339 3209 ad
366 3184 477 3209 salutem
496 3182 559 3210 ibid.
577 3197 613 3203 —
631 3183 772 3215 spiritualis

132 3228 171 3251 est
189 3233 221 3252 ex
239 3233 307 3260 aqua
326 3230 352 3253 et
370 3227 468 3259 Spiritu
486 3230 577 3253 sancto
596 3226 629 3253 ib.
650 3228 682 3252 40

817 179 855 212 ΙΝ
878 179 1171 214 COMMENTARIOS
1196 182 1225 214 S.
1251 181 1477 215 SCRIPTURAE

824 269 863 292 est
881 267 973 299 pulcra
991 269 1018 293 et
1044 270 1105 300 apta
1134 267 1195 295 ibid.
1221 269 1248 294 44
1273 268 1291 294 b
1310 283 1345 289 —
1364 270 1468 296 Mutatio

825 310 957 344 quaelibet
975 311 1001 336 in
1021 312 1146 338 universo
1170 320 1218 345 per
1247 320 1275 339 se
1295 316 1410 346 spectata
1430 317 1469 340 est

825 355 987 387 imperfectio
1007 355 1040 381 32
1060 363 1088 389 q.
1105 370 1142 375 —
1160 357 1266 383 Mutatio
1295 359 1381 384 omnis
1406 365 1468 384 non-

825 399 893 424 nulla
918 406 990 425 mors
1018 402 1058 426 est
1086 399 1136 425 249
1168 401 1195 425 41
1219 415 1254 420 --
1272 402 1378 427 Mutatio
1397 403 1466 428 nulla

824 445 864 468 est
881 442 907 468 in
927 442 1025 468 divinis
1037 442 1098 469 ibid.
1111 457 1147 463 —
1159 444 1252 470 Omnia
1266 447 1369 476 praeter
1382 446 1466 472 Deum

824 486 959 512 variantur
978 486 993 512 4
1013 486 1026 512 4

878 530 988 556 Murcum
1015 544 1051 550 —
1081 531 1228 557 Mutuantes
1256 533 1396 564 pecuniam
1425 540 1467 559 ne-

823 577 924 607 queunt
942 581 1037 600 usuras
1055 575 1174 607 recipere
1193 576 1237 601 Vll
1253 576 1303 602 457
1317 577 1346 602 84
1364 591 1399 595 ——
1413 578 1467 603 Mu-

823 621 897 643 tuare
915 621 1024 651 propter
1043 625 1119 651 spem
1139 619 1203 645 lucri
1223 626 1276 645 non
1290 627 1396 652 semper
1408 621 1467 647 licet

822 661 856 688 ib.
871 663 904 687 83
919 676 955 682 -
972 663 1091 688 Mutuare
1111 666 1219 695 propter
1239 671 1315 696 spem
1334 665 1368 691 ad
1382 665 1466 691 simile

823 705 982 739 obsequium
1002 707 1062 733 licet
1081 705 1143 733 ibid.

1109 855 1164 909 N

819 1016 875 1040 tum
895 1017 1015 1041 sanctum
1036 1015 1069 1042 Vl
1089 1015 1136 1041 554
1162 1016 1177 1042 4
1198 1031 1233 1035 —
1252 1017 1329 1050 Quod
1347 1018 1462 1045 nascitur

818 1059 853 1085 de
863 1059 961 1091 Spiritu
971 1063 1061 1086 sancto
1075 1061 1223 1087 necessario
1237 1064 1276 1088 est
1288 1064 1407 1088 sanctum
1420 1062 1461 1088 Vll

819 1103 853 1129 25
867 1103 900 1129 64
915 1118 949 1123 -
962 1105 1086 1137 Baptizati
1098 1108 1240 1131 nascuntur
1251 1106 1305 1132 Deo
1320 1107 1350 1132 Vl
1364 1107 1393 1132 34
1409 1114 1435 1132 v.
1447 1108 1461 1132 8

871 1161 907 1166 -
925 1148 1011 1174 Homo
1030 1149 1145 1175 nascitur
1163 1150 1269 1181 plorans
1288 1151 1321 1176 Vl
1344 1151 1392 1176 452
1406 1158 1432 1177 V.
1446 1152 1461 1177 3

818 1205 854 1211 —
872 1193 958 1218 Homo
977 1193 1020 1219 hic
1038 1193 1154 1220 nascitur
1174 1195 1209 1220 ad
1234 1194 1408 1221 laborandum
1428 1195 1461 1222 56

818 1243 844 1262 ν.
865 1238 889 1262 2.
909 1236 961 1263 550
981 1239 997 1263 2
1022 1252 1058 1256 -
1085 1238 1123 1264 De
1147 1239 1282 1265 nativitate
1304 1240 1409 1266 venitur
1428 1241 1460 1266 ad

819 1283 931 1306 mortem
951 1281 985 1307 29
1005 1289 1032 1307 ν.
1052 1283 1067 1308 2

873 1326 976 1352 NATunA
995 1340 1031 1345 —
1049 1330 1089 1353 est
1107 1327 1268 1360 principium
1294 1329 1461 1361 propagandi

819 1369 863 1395 Vll
883 1370 917 1395 87
937 1370 966 1396 64
990 1385 1025 1389 —
1044 1374 1084 1397 est
1101 1378 1181 1397 causa
1206 1372 1323 1404 legitima
1342 1373 1460 1399 omnium

820 1420 910 1440 rerum
930 1415 964 1440 Vl
983 1414 1016 1440 77
1037 1422 1064 1448 q.
1085 1416 1094 1441 4
1119 1429 1154 1435 -
1174 1423 1221 1448 per
1241 1423 1270 1442 se
1288 1417 1348 1443 facit
1368 1417 1407 1450 id,
1427 1417 1460 1442 ad

817 1459 890 1490 quod
919 1459 1018 1485 directe
1040 1460 1178 1486 ordinatur
1205 1459 1268 1487 ibid.
1287 1475 1323 1480 —
1342 1461 1460 1488 omnium

818 1503 993 1529 constantium
1019 1504 1148 1531 terminus
1172 1508 1212 1531 est
1228 1508 1255 1531 et
1272 1506 1338 1532 ratio
1358 1506 1460 1538 magni-

817 1547 916 1573 tudinis
935 1550 961 1574 et
978 1550 1117 1581 augmenti
1136 1550 1179 1575 Vll
1208 1550 1259 1575 320
1279 1550 1313 1575 37
1332 1564 1366 1568 -
1385 1550 1460 1576 Natu-

817 1599 862 1617 rae
881 1592 1009 1619 industria
1029 1596 1069 1619 est
1087 1601 1156 1626 opus
1175 1594 1221 1620 Dei
1236 1595 1282 1620 324
1301 1595 1334 1620 39
1348 1608 1383 1614 -
1396 1595 1459 1620 nihil

816 1639 903 1668 potest
930 1637 986 1663 sine
1013 1641 1127 1670 superna
1155 1639 1270 1670 potentia
1299 1639 1351 1664 240
1371 1640 1404 1664 80
1423 1653 1459 1658 -

816 1680 866 1707 Ubi
884 1684 977 1707 natura
996 1689 1050 1708 non
1063 1681 1195 1713 subvenit,
1214 1690 1257 1708 ars
1269 1690 1322 1709 non
1340 1684 1458 1716 proficit,

815 1726 863 1751 sed
882 1726 968 1758 magis
987 1730 1064 1753 nocet
1082 1726 1145 1753 ibid.

869 1784 904 1789 —
924 1771 1011 1797 Status
1024 1774 1132 1797 naturae
1144 1775 1183 1797 est
1196 1772 1237 1798 vel
1250 1772 1401 1803 destitutae,
1414 1774 1457 1799 vel

816 1814 947 1841 institutae
966 1816 998 1842 Vl
1019 1816 1052 1840 69
1071 1823 1099 1848 q.
1122 1816 1131 1840 4
1157 1815 1186 1840 4*
1208 1829 1243 1834 -
1262 1817 1365 1842 Manere
1383 1817 1410 1842 in
1429 1824 1458 1843 se

815 1862 854 1885 est
866 1863 976 1885 naturae
995 1854 1136 1892 institutae,
1156 1860 1316 1886 descendere
1330 1861 1370 1886 vel
1388 1861 1458 1888 incli-

815 1903 872 1929 nari
889 1904 956 1929 infra
975 1910 1003 1929 se
1022 1906 1061 1929 est
1082 1906 1190 1929 naturae
1203 1907 1357 1938 corruptae,
1376 1912 1456 1938 supra

814 1954 843 1973 se
861 1947 957 1973 elevari
977 1950 1015 1973 est
1028 1950 1136 1973 naturae
1149 1954 1196 1979 per
1209 1948 1321 1980 gratiam
1335 1949 1457 1976 sublima-

814 1994 856 2017 tae
874 1992 921 2017 331
945 1991 979 2016 79
1000 2006 1032 2010 --
1051 1992 1166 2017 Elevatio
1191 1995 1301 2018 naturae
1328 2000 1409 2025 supra
1428 2002 1456 2020 se

814 2039 922 2068 propter
941 2036 1134 2061 inclinationem
1162 2036 1197 2062 ad
1222 2038 1384 2063 contrarium
1403 2046 1456 2064 non

814 2080 899 2106 solum
918 2083 957 2105 est
975 2080 1099 2111 elevatio,
1113 2080 1160 2106 sed
1180 2081 1272 2107 tractio
1290 2081 1352 2108 ibid.
1368 2097 1402 2101 —
1415 2083 1457 2108 ali-

813 2124 920 2157 quando
939 2124 1035 2150 dicitur
1055 2125 1189 2157 corruptio
1202 2128 1313 2152 naturae
1326 2126 1377 2152 279
1392 2127 1407 2152 8
1421 2142 1456 2146 —

812 2171 936 2200 corrupta
955 2171 994 2194 est
1012 2171 1038 2194 et
1065 2169 1100 2194 ad
1123 2169 1221 2195 malum
1245 2177 1329 2202 prona
1349 2171 1396 2196 33⁴
1421 2172 1455 2197 79

813 2227 848 2231 —
866 2215 990 2244 corrupta
1010 2214 1096 2245 magis
1115 2214 1236 2247 inolevit,
1256 2218 1285 2241 ut
1303 2215 1401 2242 sanitas
1419 2217 1457 2242 lo-

812 2263 873 2282 cum
893 2264 945 2282 non
965 2256 1074 2283 haberet
1092 2258 1125 2283 29
1146 2265 1172 2284 v.
1192 2259 1208 2284 3

867 2315 901 2319 -
926 2302 1000 2334 Quae
1027 2309 1041 2327 a
1070 2305 1163 2328 natura
1191 2306 1252 2329 sunt
1280 2303 1385 2330 difficile
1412 2305 1455 2330 vel

811 2352 948 2378 nunquam
973 2347 1032 2372 exui
1061 2350 1172 2378 possunt
1197 2347 1230 2373 Vl
1251 2348 1301 2373 486
1321 2355 1348 2373 v.
1369 2349 1401 2374 ⁴0
1419 2363 1455 2367 —

812 2388 910 2422 Omne,
929 2390 1001 2423 quod
1022 2394 1063 2417 est
1080 2394 1170 2417 contra
1190 2394 1320 2423 naturam,
1339 2395 1378 2418 est
1396 2399 1454 2424 pec-

811 2434 953 2460 catum'69
972 2442 999 2467 q.
1020 2435 1029 2460 4
1054 2449 1090 2454 -
1108 2436 1136 2461 111
1149 2435 1286 2468 baptizatis
1298 2439 1338 2462 est
1351 2439 1454 2468 tempus

812 2478 921 2504 sanandi
940 2478 1064 2505 virtutem
1084 2482 1194 2506 naturae
1218 2480 1247 2505 3⁴
1271 2487 1298 2505 v.
1318 2480 1333 2505 8
1353 2494 1389 2498 —
1407 2480 1453 2506 Na-

812 2523 903 2548 turalia
932 2523 1020 2549 omnia
1049 2523 1147 2549 habent
1173 2524 1289 2556 aliquam
1317 2524 1451 2550 utilitatem

814 2567 864 2592 ⁴90
883 2575 910 2593 v.
930 2567 963 2593 24
988 2581 1023 2587 -
1047 2568 1158 2594 Naturae
1176 2575 1266 2594 rerum
1289 2567 1452 2594 sensibilium

811 2612 979 2644 superiorum
998 2615 1059 2638 sunt
1083 2612 1109 2637 in
1137 2615 1228 2644 aperto
1249 2611 1299 2637 470
1318 2619 1344 2637 v.
1366 2612 1398 2637 ⁴6
1417 2627 1452 2630 —

812 2656 941 2682 scientiae
959 2656 1138 2688 speculativae
1162 2656 1327 2682 considerant
1344 2662 1387 2682 res
1409 2663 1452 2682 na-

812 2701 908 2726 turales
928 2700 960 2726 ⁴7
979 2700 997 2726 b

866 2745 944 2771 Nnvns
962 2759 997 2763 —
1016 2744 1095 2770 habet
1114 2746 1228 2777 quatuor
1246 2746 1334 2775 partes
1347 2743 1380 2770 vl
1401 2744 1451 2770 440

812 2796 838 2815 v.
859 2789 891 2814 40
911 2803 946 2807 —
965 2788 1029 2815 Navi
1049 2788 1172 2814 transitur
1190 2794 1263 2813 mare
1283 2788 1334 2813 497
1347 2795 1374 2813 v.
1387 2788 1403 2814 5
1416 2802 1451 2808 -

811 2832 942 2865 significat
971 2832 1149 2858 obedientiam
1181 2835 1207 2857 et
1237 2832 1388 2864 patientiam
1408 2832 1452 2858 vlt

812 2877 863 2902 ⁴⁴6
893 2876 927 2902 45
945 2890 980 2895 -
999 2876 1128 2908 significat
1154 2875 1309 2907 religionem
1338 2876 1371 2902 Vl
1400 2877 1451 2902 625

811 2928 838 2946 v.
860 2920 891 2946 -17
910 2935 946 2940 -—
964 2920 1064 2952 Religio
1084 2922 1123 2945 est
1141 2920 1216 2945 navis
1234 2920 1304 2946 utilis
1316 2920 1350 2946 ad
1370 2923 1452 2946 trans-

811 2965 957 2991 fretandum
966 2983 973 2995 ‚
986 2964 1020 2990 ad
1033 2964 1234 2996 negotiandum,
1248 2964 1281 2990 ad
1295 2965 1451 2996 piscandum

810 3008 845 3035 ib.
866 3016 892 3034 v.
913 3009 946 3034 49
965 3022 1001 3028 --
1019 3009 1098 3034 Navis
1111 3008 1199 3034 ductio
1212 3009 1238 3034 in
1252 3009 1332 3034 altum
1350 3016 1452 3041 reprae-

810 3055 894 3079 sentat
906 3053 1091 3084 perfectionem
1104 3053 1174 3079 vitae
1187 3053 1230 3078 Vll
1245 3053 1296 3079 ⁴⁴7
1311 3053 1344 3078 ⁴7
1357 3067 1392 3072 —-
1404 3054 1451 3078 Per

810 3103 948 3123 ascensum
973 3097 1110 3123 naviculae
1134 3097 1284 3130 intelligitur
1313 3097 1452 3124 conversio

810 3141 914 3167 animae
923 3141 975 3167 200
987 3141 1020 3167 43
1030 3156 1065 3160 -
1073 3141 1227 3168 Periclitatio
1238 3142 1313 3168 navis
1322 3142 1451 3174 impulsae

810 3185 931 3217 designat
949 3185 1175 3218 perturbationem
1194 3186 1297 3212 animae
1316 3186 1363 3212 20⁴
1389 3185 1421 3210 44

863 3243 899 3248 -
917 3230 1040 3255 Navicula
1059 3231 1142 3262 Petri,
1162 3233 1201 3256 est
1220 3231 1304 3262 figura
1322 3229 1450 3255 Ecclesiae

184 3284 221 3291 ·—
238 3271 294 3297 Filii
313 3272 449 3298 hominum
470 3274 611 3298 nascuntur
624 3272 714 3304 polluti
728 3272 771 3298 Vll
812 3273 854 3299 Vll
873 3273 924 3299 552
946 3273 979 3300 43
999 3288 1032 3293 -
1051 3275 1132 3306 Petri,
1145 3274 1394 3304 licetconcutiatur,
1413 3276 1450 3298 ta-

132 3314 167 3340 25
186 3315 220 3341 64
239 3329 274 3334 -
293 3316 377 3342 Homo
402 3316 482 3343 debet
508 3316 611 3344 renasci
629 3323 677 3349 per
695 3317 773 3350 Spiri-
810 3324 872 3344 men
890 3324 942 3344 non
960 3319 1132 3351 naufragatur
1150 3317 1212 3345 ibid.

2082 191 2146 222 799

1800 231 1862 256 ΝΕῦ

1561 272 1669 298 MvnnnA
1689 287 1722 291 —
1743 276 1782 299 est
1801 275 1962 301 amarissima
1984 277 2026 302 Vll
2040 277 2090 303 578
2112 278 2146 304 44

1560 315 1709 342 ΜΥετεκιυΜ
1729 331 1764 336 -
1783 317 1877 349 Figura
1897 320 1983 345 omnis
2012 322 2148 352 mysterio·

1505 365 1564 384 rum
1585 362 1610 385 et
1629 360 1771 387 verborum
1786 362 1898 388 varietas
1912 369 2093 390 consummata
2107 369 2147 391 est

1506 402 1531 427 in
1552 402 1640 429 Verbo
1661 404 1792 431 incarnato
1822 406 1863 431 Vll
1892 407 1943 432 516
1964 408 1996 433 44
2017 422 2052 428 -
2070 416 2145 435 sacra

1505 447 1611 472 celanda
1632 451 1692 474 sunt
1712 450 1846 476 malevolis
1871 451 1921 476 503
1943 451 1958 476 9
1978 466 2013 470 -—
2032 453 2147 484 Scriptu-

1505 497 1594 516 rarum
1623 492 1708 518 nullus
1732 493 1850 526 intelligit
1873 495 1921 520 nisi
1947 502 1994 527 per
2013 496 2144 522 Christum

1504 535 1657 561 crucifixum
1683 540 1708 562 et
1736 538 1887 563 suscitatum
1913 542 1938 564 et
1957 540 2078 571 gentibus
2098 548 2145 573 per

1505 578 1631 610 Spiritum
1651 583 1769 606 sanctum
1799 582 1964 614 divulgatum
1985 584 2030 609 601
2055 585 2088 610 58
2109 599 2144 605 —-

1505 622 1698 654 Scripturarum
1727 625 1906 657 principaliter
1933 629 2080 654 referuntur
2109 629 2143 654 ad

1503 665 1634 692 Christum
1654 671 1782 700 quantum
1811 670 1845 695 ad
1874 674 1952 702 caput
1971 674 1996 697 et
2015 675 2144 704 quantum

1503 710 1537 736 ad
1556 717 1653 743 corpus
1673 711 1706 738 ib.
1726 713 1759 738 59

1557 1019 1697 1046 ΝΛΖΑηΑειε
1716 1034 1752 1039 -
1781 1022 1890 1047 vetitum
1914 1026 1968 1048 erat
1996 1023 2086 1049 vinum
2116 1027 2143 1050 et

1502 1070 1590 1096 omne,
1610 1064 1682 1096 quod
1702 1065 1833 1091 inebriare
1852 1069 1937 1098 potest
1957 1067 1998 1093 Vll
2015 1069 2045 1092 ⁴6
2061 1067 2093 1093 24
2107 1083 2143 1086 —

1501 1106 1619 1134 Christus
1639 1108 1734 1134 dicitur
1758 1110 1903 1136 Nazaraeus
1928 1118 1942 1136 a
1965 1111 2088 1137 Nazareth
2110 1112 2142 1138 Vi

1502 1151 1553 1177 352
1572 1152 1616 1178 70.
1635 1153 1678 1178 Vll
1699 1154 1749 1179 266
1770 1154 1803 1179 93

1553 1197 1689 1222 ΝΑΖΑΗΕΤΠ
1709 1211 1744 1217 -
1764 1199 1812 1224 flos
1837 1199 2019 1231 interpretatur
2045 1201 2087 1226 Vll
2108 1201 2136 1226 24

1502 1240 1534 1266 43
1554 1254 1590 1260 --
1607 1248 1622 1266 a
1642 1241 1767 1268 Nazareth
1787 1245 1826 1268 est
1845 1243 1893 1269 ilos
1906 1244 1991 1269 omnis
2004 1244 2066 1270 boni
2079 1244 2141 1271 ibid.

1501 1298 1536 1303 —-
1554 1285 1723 1317 competebat
1741 1285 1836 1312 Christi
1856 1288 2021 1319 conceptioni
2042 1289 2074 1314 45
2094 1290 2109 1314 6

1553 1330 1653 1355 Naeuii
1673 1344 1709 1349 —
1727 1333 1767 1356 est
1790 1332 1899 1364 reliquia
1928 1332 2007 1358 nubis
2031 1333 2062 1358 Vl
2093 1333 2140 1358 420

1500 1380 1527 1399 ν.
1547 1374 1561 1399 3
1581 1387 1616 1392 -
1635 1381 1667 1399 ex
1690 1381 1790 1406 vapore
1818 1376 1910 1401 rariori
1939 1377 2055 1402 consistit
2078 1376 2139 1403 ibid.

1500 1432 1534 1436 —
1548 1419 1653 1449 fugatur
1666 1419 1752 1444 calore
1765 1420 1919 1446 continentis
1928 1421 1996 1446 aeris
2009 1421 2140 1447 adunante

1499 1464 1524 1487 et
1543 1463 1651 1493 fugante
1675 1466 1762 1494 partes
1790 1464 1878 1495 frigidi
1898 1465 2004 1496 vaporis
2024 1464 2085 1491 ibid.
2105 1479 2140 1484 —

1499 1505 1598 1531 Nebula
1616 1507 1699 1532 levior
1728 1510 1767 1533 est
1794 1508 1879 1540 figura
1908 1509 2002 1534 mentis
2021 1510 2140 1535 elationis

1499 1549 1531 1576 ib.
1552 1557 1578 1576 v.
1597 1550 1613 1576 5
1633 1564 1668 1570 -
1687 1551 1842 1577 Humanitas
1861 1551 1954 1578 Christi
1973 1557 2089 1578 assumta
2109 1554 2140 1579 si-

1498 1595 1638 1626 gnificatur
1656 1602 1704 1627 per
1723 1595 1848 1622 nebulam
1868 1596 1918 1622 537
1939 1597 1954 1622 6

1550 1640 1702 1666 ΝεοεεειτΑε»
1719 1655 1753 1659 —-
1773 1641 1863 1673 triplex
1884 1641 1926 1666 Vll
1941 1642 1991 1667 402
2006 1642 2039 1667 52
2053 1656 2088 1660 -
2101 1645 2141 1667 est

1498 1684 1539 1709 vel
1558 1691 1723 1717 consequens
1742 1685 1913 1717 voluntatem,
1927 1686 1968 1711 vel
1982 1686 2141 1712 antecedens

1498 1728 1531 1754 Vi
1551 1729 1601 1753 229
1623 1736 1648 1754 ν.
1664 1729 1679 1754 4
1692 1742 1728 1748 -
1740 1730 1828 1755 Unum
1842 1731 2020 1756 necessarium
2034 1734 2074 1756 est
2086 1731 2140 1756 vita

1496 1774 1603 1797 aeterna
1623 1772 1673 1798 464
1694 1773 1726 1798 37
1747 1787 1782 1792 -
1801 1774 1889 1799 Unum
1909 1774 2087 1800 necessarium
2100 1777 2140 1800 est

1496 1823 1609 1848 regnum
1628 1817 1675 1842 Dei
1694 1816 1745 1843 274
1765 1817 1799 1843 72

1550 1861 1662 1887 Naeuio
1681 1875 1717 1880 —
1742 1861 1860 1888 Christus
1884 1865 1996 1894 negatur
2024 1869 2038 1888 a
2064 1863 2139 1888 malis

1496 1912 1544 1937 per
1562 1912 1679 1931 errorem
1708 1906 1881 1937 infidelitatis,
1909 1914 1956 1938 per
1984 1906 2137 1939 superbiam

1495 1950 1714 1982 praesumtionis,
1733 1957 1781 1982 per
1806 1951 1968 1976 insolentiam
1997 1958 2138 1977 conversa-

1496 1993 1572 2019 tionis
1592 1994 1625 2019 V1
1645 1994 1696 2019 6⁴3
1718 1995 1727 2019 4
1752 2009 1787 2012 -
1813 1995 1913 2027 Negare
1938 1994 2069 2020 Christum
2097 1998 2137 2020 est

1495 2045 1567 2064 mors
1585 2038 1689 2064 animae
1708 2038 1759 2064 434
1779 2039 1807 2064 54

1549 2083 1717 2108 ΝΕοιιῡεΝτιΑ
1730 2096 1765 2101 -
1778 2083 1909 2108 desidiosa
1922 2082 2078 2114 reprobatur
2092 2083 2136 2109 Vll

1496 2126 1547 2152 458
1567 2127 1599 2152 28
1619 2140 1654 2146 -
1679 2127 1845 2158 Negligentes
1870 2127 2011 2158 punientur
2031 2127 2082 2152 484
2102 2127 2136 2153 34

1495 2184 1529 2189 —-
1556 2164 1697 2202 Ne‘gligens
1724 2171 1888 2202 vituperatur
1919 2171 2053 2203 tripliciter
2085 2171 2136 2197 465

1496 2215 1555 2247 409,
1577 2215 1626 2240 440
1651 2229 1687 2234 -
1711 2215 1852 2247 Negligens
1871 2215 1999 2247 figuratur
2030 2216 2136 2241 homine

1493 2259 1647 2285 aedificante
1665 2259 1776 2285 domum
1804 2259 1859 2284 sine
1884 2259 2053 2285 fundamento
2073 2258 2135 2285 ibid.

1493 2317 1528 2322 —
1546 2303 1693 2335 Negligenti
1720 2303 1841 2328 imminet
1868 2303 2015 2335 periculum
2043 2304 2135 2329 ruinae

1493 2350 1601 2379 propter
1620 2347 1788 2373 tentationem
1810 2347 1860 2372 ⁴65
1881 2348 1931 2372 440

1546 2405 1581 2410 -
1599 2391 1706 2417 Timens
1726 2392 1810 2417 Deum
1829 2391 1892 2416 nihil
1917 2392 2026 2424 negligit
2044 2392 2077 2418 de
2096 2393 2134 2418 eis

1493 2442 1562 2468 quae
1580 2434 1650 2461 Deus
1669 2436 1726 2461 vult
1745 2435 1801 2460 sieri
1821 2436 1853 2461 Vl
1875 2436 1907 2460 60
1928 2443 1954 2461 v.
1968 2437 2001 2461 20
2016 2450 2050 2455 —
2063 2437 2134 2463 Deus

1492 2480 1635 2511 negligitur
1654 2479 1757 2505 bonum
1776 2479 1922 2506 omittendo
1943 2481 1994 2506 ⁴29
2013 2488 2038 2506 v.
2057 2482 2087 2506 10
2101 2496 2136 2500 -

1491 2524 1519 2549 in
1537 2523 1709 2549 absconsione
1737 2523 1868 2550 bonorum
1897 2525 2071 2556 spiritualium
2096 2532 2135 2551 re-

1491 2567 1618 2600 probatur
1638 2568 1682 2593 Vll
1706 2567 1757 2593 477
1778 2568 1811 2593 45
1830 2583 1865 2586 -
1893 2571 2014 2600 respectu
2034 2570 2134 2601 gratiae

1491 2612 1692 2644 cognoscendae
1709 2612 1879 2645 redarguitur
1899 2613 1949 2638 333
1971 2613 2004 2639 79
2025 2628 2059 2632 -
2085 2615 2134 2640 hu-

1491 2663 1567 2682 mana
1587 2656 1707 2688 arguitur
1726 2663 1774 2688 per
1793 2656 1906 2688 figuram
1920 2657 1960 2683 ilci
1978 2657 2133 2684 infructuosi

1490 2700 1574 2726 tribus
1593 2700 1627 2726 de
1645 2701 1732 2726 causis
1750 2701 1801 2726 340
1823 2701 1856 2726 47

1543 2758 1578 2764 -
1596 2744 1690 2770 Gravis
1708 2745 1807 2771 iactura
1826 2748 1878 2777 est,
1898 2751 1967 2777 quae
1986 2752 2033 2777 per
2052 2746 2132 2777 negli-

1490 2788 1605 2820 gentiam
1624 2788 1653 2814 fit
1671 2789 1704 2814 Vl
1726 2789 1776 2814 429
1796 2796 1822 2814 v.
1850 2789 1882 2814 40
1901 2803 1936 2807 -
1963 2792 2049 2821 potest
2072 2790 2132 2822 quis

1490 2833 1569 2859 alium
1594 2833 1655 2858 odio
1684 2832 1782 2858 habere
1810 2833 1862 2858 605
1881 2840 1906 2858 v.
1928 2833 1960 2857 ⁴8
1980 2847 2015 2852 —
2042 2834 2132 2866 Usque

1490 2877 1523 2903 ad
1543 2879 1704 2903 senectutem
1728 2878 1880 2909 frequenter
1906 2880 2070 2908 exspectatur
2088 2884 2131 2902 ne-

1490 2922 1592 2953 gligens
1611 2921 1663 2947 340
1684 2921 1717 2947 45

1544 2966 1694 2991 Νεοοτιᾼτιο
1712 2978 1748 2984 -·
1766 2964 1864 2996 optima
1878 2967 1930 2995 est,
1943 2971 1995 2996 qua
2011 2964 2130 2996 spiritua-

1490 3010 1522 3034 lia
1542 3009 1650 3041 dantur,
1679 3011 1707 3034 ut
1734 3008 1877 3040 spiritualia
1905 3008 2061 3039 colligantur
2085 3008 2130 3034 vu

1491 3053 1542 3079 479
1562 3053 1595 3078 20
1614 3066 1649 3072 -
1667 3051 1736 3078 bona
1756 3055 1795 3077 est
1819 3052 1872 3077 Deo
1897 3051 1991 3083 placita
2011 3051 2074 3078 ibid.
2092 3066 2128 3071 —

1489 3097 1638 3123 indifferens
1648 3098 1694 3128 est,
1704 3102 1757 3128 qua
1767 3095 1918 3127 temporalia
1933 3098 2129 3123 commutantur

1489 3141 1515 3166 in
1533 3140 1685 3172 temporalia
1705 3138 1767 3165 ibid.
1782 3153 1817 3158 —
1830 3139 1896 3165 mala
1911 3142 1962 3169 est,
1981 3146 2034 3172 qua
2053 3140 2131 3171 spiri-

1489 3184 1566 3210 tualia
1580 3186 1773 3209 commutantur
1787 3183 1812 3208 in
1826 3183 1978 3215 temporalia
1991 3190 2039 3215 per
2051 3184 2130 3209 simo·

1487 3228 1557 3254 niam
1566 3227 1667 3254 ibid—
1677 3227 1745 3253 mala
1752 3228 1863 3253 multum
1874 3227 1993 3259 displicet
2002 3228 2055 3253 Deo
2065 3226 2129 3254 ibid.

1541 3286 1576 3291 —
1606 3271 1740 3298 mundana
1771 3275 1880 3298 vocatur
1911 3278 1983 3298 mare
2020 3276 2129 3304 propter

1487 3316 1527 3342 sui
1546 3316 1766 3348 periculositatem
1791 3316 1826 3342 vl
1851 3316 1902 3342 566
1923 3317 1953 3347 2,
1982 3317 1998 3342 5
2017 3330 2052 3335 -
2072 3317 2126 3342 Deo
