2427 3872
378 335 443 362 HOS

146 395 182 399 —
200 380 249 407 Per
267 379 468 412 hospitalitatem
497 379 631 405 Zachaeus
656 378 737 404 salva-

93 427 135 451 tus
153 427 193 451 est
211 425 255 451 Vll
275 423 327 450 475
346 424 362 449 9
382 438 417 442 —-
436 425 483 450 Lot
511 422 636 449 liberatus
663 425 703 448 est.
721 429 735 447 a

93 468 217 495 Sodomis
248 475 296 501 per
326 468 440 500 Angelos
472 467 585 499 hospitio
616 469 737 498 receptos

93 512 156 540 ibid.
183 527 219 532 —
247 512 339 539 Mulier
361 511 504 538 sunamitis
531 518 579 544 per
607 511 736 542 eliseum,

93 563 174 590 quem
193 557 308 589 hospitio
336 556 450 589 recepit,
470 555 561 582 habuit
580 556 692 588 prolem,
711 557 737 580 et

93 601 163 627 filius
181 601 240 627 eius
258 607 273 626 a
294 603 378 627 morte
405 600 545 626 suscitatus
562 603 602 626 est
620 598 680 626 ibid.
700 613 736 617 —

93 645 184 671 Mulier
203 645 346 677 Sareptena
358 644 535 681 suscipiendo
563 644 644 669 Eliam
670 642 736 675 peri-

93 689 183 716 culum
203 689 280 715 famis
298 689 382 714 evasit
400 687 463 715 ibid.
481 702 517 707 —-
530 688 581 720 Qui
594 687 736 719 hospitales

95 734 199 759 fuerunt
217 733 336 759 divinam
355 732 467 765 gratiam
486 732 575 764 adepti
594 735 655 758 sunt
673 730 736 757 ibid.

96 795 98 797 -
148 791 183 797 —
202 777 308 803 Mutatio
328 776 436 809 hospitii
453 779 589 802 attestatur
601 775 736 808 impatien-

94 822 146 849 tiae
164 822 208 848 Vll
227 822 279 848 219
299 822 314 847 8

148 866 258 892 Hosrm:
294 880 330 884 -
366 865 522 892 dicebantur
557 867 663 891 sanctae
700 864 733 890 Vl

96 909 146 936 473
166 910 196 936 31

148 954 240 981 1105115
258 968 294 974 -
311 954 373 986 Agit
391 954 516 980 hostiliter
539 953 585 987 qui
614 953 737 986 spiritum

94 998 164 1025 vitae
183 999 209 1025 in
229 1000 300 1025 fonte
319 998 406 1025 cordis
425 998 565 1030 exstinguit
587 998 629 1024 th
649 998 700 1023 426
721 997 736 1023 4

95 1057 130 1063 —
149 1043 230 1069 nostri
249 1046 310 1069 sunt
327 1042 464 1074 diabolus,
484 1049 560 1074 caro,
574 1042 691 1068 mundus
704 1042 737 1068 Vl

96 1087 147 1114 175
167 1095 193 1113 v.
213 1087 246 1113 14
261 1101 294 1106 —-
306 1088 399 1113 Hostes
412 1087 517 1113 vincere
530 1094 582 1113 non
595 1093 738 1119 possumus

95 1131 142 1158 nisi
157 1139 204 1164 per
218 1131 318 1158 donum
332 1131 431 1164 gratiae
449 1131 556 1157 divinae
574 1131 617 1158 Vll
632 1131 683 1157 539
703 1131 736 1157 58

148 1176 269 1203 fluminum
288 1189 323 1195 —
342 1177 390 1202 Per
407 1176 616 1202 consumtionem
636 1175 738 1201 humidi

95 1220 221 1247 naturalis
234 1227 249 1246 a
262 1221 348 1247 calore
357 1227 454 1253 corpus
464 1221 628 1246 consumitur
641 1219 674 1246 Vl
687 1220 737 1245 120

95 1272 122 1292 v.
143 1265 159 1291 3
179 1279 214 1283 -
232 1265 333 1291 Humor
355 1264 547 1297 phlegmaticus
571 1263 690 1290 abundat
712 1264 738 1289 in

96 1316 222 1342 corpore,
241 1309 349 1342 quando
364 1308 452 1335 deficit
470 1309 540 1334 calor
559 1308 683 1341 digerens
702 1308 736 1334 94

95 1360 122 1380 v.
143 1354 159 1380 5
181 1368 212 1372 —
231 1353 333 1380 Humor
352 1353 471 1385 digestus
490 1353 626 1379 materiam
640 1352 738 1378 submi-

95 1397 186 1424 nistrat
213 1398 239 1424 in
267 1400 327 1424 actu
351 1397 527 1430 generationis
553 1396 614 1424 ibid.
634 1410 669 1416 —
688 1397 739 1423 Hu-

95 1449 154 1469 mor
173 1442 261 1469 deflcit
279 1442 307 1468 in
325 1444 459 1468 senectute
477 1440 538 1468 ibid.

149 1487 287 1513 111111111115
304 1500 341 1506 -
358 1486 476 1512 veritatis
494 1488 534 1512 est
551 1486 594 1511 illa
612 1492 665 1519 qua
678 1485 739 1518 quis

94 1538 178 1564 parva
196 1531 231 1557 de
249 1538 278 1557 se
296 1530 373 1557 sentit
393 1530 437 1556 Vll
458 1529 509 1556 457
529 1530 561 1556 26
575 1544 611 1548 —
625 1530 739 1556 caritatis

95 1577 135 1602 est
158 1567 199 1601 illa
221 1582 273 1608 qua
303 1575 449 1601 voluntarie
476 1574 537 1608 quis
564 1581 593 1600 se
620 1574 740 1600 humiliat

95 1618 158 1646 ibid.
169 1634 203 1638 —
213 1626 283 1653 quae
296 1622 380 1646 totum
394 1619 448 1645 Deo
463 1618 553 1645 tribuit
565 1621 591 1644 et
603 1618 666 1644 nihil
679 1618 739 1652 sibi,

95 1664 211 1696 perfecte
229 1663 278 1689 erit
296 1663 322 1688 in
342 1663 439 1696 patria,
459 1662 485 1688 in
504 1662 546 1688 via
560 1662 587 1688 in
599 1662 664 1688 viris
683 1669 739 1695 per-

95 1707 169 1734 fectis
188 1706 239 1733 433
260 1707 288 1733 21

147 1766 184 1771 -
202 1758 265 1778 vera
293 1754 333 1777 est
359 1751 403 1778 via
430 1751 514 1777 Deum
543 1750 679 1777 adducens
704 1751 736 1777 Vl

96 1796 148 1823 548
168 1798 183 1823 2
202 1811 238 1815 -
257 1799 297 1823 est
314 1796 387 1822 radix
406 1795 533 1822 virtutum
560 1796 604 1822 Vll
630 1795 682 1821 579
703 1795 737 1821 45

95 1855 131 1859 ——
143 1843 184 1867 est
195 1841 275 1878 totius
293 1840 405 1867 iustitiae
424 1840 624 1867 fundamentum
639 1839 689 1865 453
705 1839 738 1865 14

96 1899 130 1904 —-
144 1888 183 1912 est
201 1885 289 1918 prima
308 1885 392 1911 virtus
410 1884 616 1911 Christianorum
638 1883 688 1910 454
704 1884 737 1910 17

95 1943 130 1949 -
143 1929 265 1956 timorata
277 1932 317 1956 est
329 1929 401 1956 radix
414 1929 518 1961 pietatis
530 1928 673 1961 spiritualis
686 1928 737 1954 429

96 1975 129 2000 12
148 1988 183 1993 —
201 1977 348 2000 ceterarum
368 1974 495 1999 virtutum
508 1976 547 1999 est
567 1973 655 2004 radix,
674 1980 738 1999 con-

95 2018 209 2045 servatio
222 2021 248 2045 et
260 2018 380 2045 custodia
394 2017 445 2044 432
460 2017 493 2043 19
507 2032 541 2036 —
555 2017 666 2043 virtutes
678 2024 738 2043 con-

96 2065 184 2089 servat
203 2063 255 2090 453
276 2062 309 2089 14

147 2122 183 2127 -
201 2110 241 2134 ε5ι
259 2107 406 2133 necessaria
425 2106 460 2132 ad
486 2106 644 2132 imitandum
663 2106 737 2133 Chri-

96 2154 166 2179 stum
186 2152 229 2178 Vli
259 2152 310 2178 228
340 2151 374 2177 37
392 2165 429 2170 —
446 2153 486 2177 est
505 2151 586 2177 clavis
613 2151 736 2177 scientiae

96 2196 148 2222 264
167 2196 201 2222 37
219 2211 255 2215 —-
275 2196 377 2222 Veritas
405 2195 472 2227 fugit
498 2202 514 2221 a
542 2198 643 2229 mente,
668 2202 737 2229 quae

95 2247 149 2267 non
168 2243 207 2267 est
226 2240 331 2267 humilis
351 2240 384 2266 Vl
404 2239 455 2265 372
476 2239 518 2265 87.
539 2239 589 2266 453
610 2239 643 2265 14

148 2299 184 2304 -
202 2284 314 2311 Humilis
326 2291 380 2310 non
398 2283 478 2310 audet
490 2284 525 2310 ad
539 2284 622 2310 Deum
644 2291 738 2317 appro-

95 2329 234 2363 pinquare,
251 2331 281 2355 ut
299 2329 370 2355 Deus
393 2328 428 2355 ad
453 2335 514 2354 eum
543 2329 739 2362 appropinquet

97 2373 142 2400 Vll
167 2373 219 2399 455
246 2373 275 2399 21
299 2386 334 2392 -
352 2379 406 2399 11011
424 2373 531 2405 aspicit,
551 2376 579 2399 ut
598 2373 739 2405 aspiciatur

98 2416 161 2444 ibid.
180 2431 214 2436 —
232 2417 345 2443 Ilumilis
363 2424 415 2443 non
432 2416 573 2443 arbitratur
586 2424 614 2444 sc
627 2417 737 2449 dignum

98 2462 225 2488 accedere
243 2462 278 2488 ad
297 2462 381 2488 Deum
402 2462 453 2487 168
474 2462 501 2487 11

151 2520 186 2526 -
205 2506 290 2533 Vera'e
309 2506 461 2532 humilitatis
479 2509 519 2532 est
543 2506 639 2532 nullius
660 2505 739 2532 socie-

98 2553 177 2577 tatem
196 2557 332 2581 recusarc,
351 2557 399 2576 nec
418 2550 497 2577 ctiam
526 2550 567 2576 alii
596 2556 737 2576 onerosum

99 2602 158 2622 esse
177 2595 219 2621 Vll
248 2595 298 2621 219
328 2595 344 2620 9
372 2608 408 2614 -
432 2596 546 2627 perfecta
571 2594 689 2621 consistit
713 2594 739 2619 in

98 2639 261 2666 subiectione
279 2646 331 2665 non
351 2641 452 2665 tantum
471 2638 522 2665 sub
534 2639 679 2671 superiore,
692 2638 737 2664 sed

99 2683 177 2710 etiam
196 2682 247 2710 sub
265 2683 323 2716 pari
336 2686 360 2709 et
375 2683 496 2709 inferiore
513 2684 546 2709 82
561 2683 594 2709 49
607 2697 642 2702 -
654 2683 739 2708 Homo

99 2727 179 2754 debet
196 2734 254 2754 esse
270 2728 377 2754 humilis
390 2735 438 2760 per
450 2727 627 2754 obedientiam
641 2727 673 2753 Vl
687 2726 738 2752 583

101 2772 134 2797 12
153 2785 188 2791 -
207 2772 376 2804 perfectionis
401 2774 454 2805 est,
479 2779 532 2805 qua
552 2771 636 2798 maior
660 2771 740 2797 vadat

99 2815 135 2842 ad
153 2816 283 2842 minorem
303 2816 355 2842 260
375 2816 409 2842 64

152 2873 189 2880 -
207 2860 317 2886 11111111115
336 2860 361 2886 111
380 2862 473 2887 affectu
493 2867 540 2892 per
556 2859 738 2886 contritionem

98 2904 206 2937 spiritus
218 2907 258 2931 est
270 2904 381 2931 idoneus
399 2905 433 2931 ad
447 2902 603 2931 discendum
623 2902 737 2930 verbum

100 2948 203 2975 Domini
223 2948 267 2975 Vll
288 2948 303 2975 4
323 2949 339 2974 6
358 2963 393 2967 -
412 2952 451 2975 ε5ι
463 2951 612 2981 opportuna
626 2951 651 2974 et
664 2955 739 2980 prae-

100 2992 206 3019 ambula
243 2992 277 3019 ad
317 2992 513 3025 intelligentiam
554 2991 740 3024 mysteriorum

102 3037 152 3074 193
173 3037 207 3063 16

153 3094 190 3100 -
208 3080 257 3114 Qui
276 3080 363 3107 minor
381 3083 421 3107 est
433 3087 480 3113 per
493 3080 666 3106 humilitatem
688 3086 741 3106 ina·

101 3124 140 3151 ior
159 3128 198 3152 est
216 3125 362 3152 secundum
391 3125 508 3151 divinam
533 3124 741 3157 acceptationem

101 3172 127 3196 et
145 3169 282 3195 veritatem
302 3169 346 3195 Vll
366 3169 417 3195 244
437 3169 471 3195 89
490 3183 525 3188 -
544 3169 595 3202 Qui
614 3168 700 3201 magis
713 3176 742 3195 se

101 3213 220 3240 humiliat
243 3213 287 3240 ille
313 3214 398 3240 maior
426 3216 479 3247 est,
498 3216 524 3239 et
547 3212 593 3247 qui
612 3213 741 3245 maxime,

101 3260 141 3284 est
167 3257 298 3284 maximus
315 3257 378 3284 ibid.
396 3271 432 3277 —
451 3259 555 3291 Quanto
582 3264 675 3284 sumus
693 3258 742 3284 liu-

102 3301 231 3334 miliores,
259 3304 330 3328 tanto
357 3309 451 3329 sumus
478 3309 493 3328 a
521 3304 625 3328 tumore
652 3297 742 3334 super·

102 3345 162 3373 biae
180 3346 310 3373 inaniores
329 3345 391 3373 ibid.
410 3360 446 3366 —
465 3347 567 3380 Quanto
586 3346 646 3380 quis
658 3346 742 3373 humi-

100 3390 158 3423 lior,
177 3392 248 3417 tanto
275 3389 378 3417 Christo
406 3390 516 3417 similior
543 3393 569 3417 et
596 3390 742 3423 proximior

104 3433 166 3462 ibid.

209 3487 240 3516 S.
254 3488 358 3516 Bonav.
368 3501 404 3513 —.
415 3488 492 3515 Tom.
505 3488 558 3515 vll.

761 289 798 322 IN
822 286 1116 334 COMMENTARIQS
1139 287 1168 320 S.
1193 286 1419 320 SCRIPTURAE

2029 290 2088 321 761

1748 332 1813 358 HYP

826 390 861 396 -
880 376 1043 403 incentivum
1063 376 1217 402 humilitatis
1241 378 1280 402 est
1299 376 1415 402 conside·
1455 389 1488 394 —
1507 377 1624 402 Humiles
1643 376 1773 408 recipiunt
1785 377 1902 408 pluviam
1917 378 2095 409 compunctio-

773 421 839 447 ratio
866 415 988 447 melioris
1010 421 1053 446 Vll
1073 420 1125 446 454
1155 421 1187 445 18
1216 433 1252 439 -
1281 420 1414 452 Scriptura

773 465 923 498 praetendit
942 465 1115 491 humilitatem
1135 465 1168 490 Vl
1189 465 1217 489 11
1242 471 1268 490 ν.
1288 465 1303 489 2
1319 478 1352 482 -
1371 471 1416 490 ve-

772 510 855 536 ritatis
873 510 899 535 in
918 510 1048 535 intellectu
1078 512 1105 535 et
1131 508 1246 535 caritatis
1270 509 1296 534 in
1321 509 1415 535 affectu

772 557 812 581 fflt.
830 553 906 580 nobis
924 554 1072 580 necessaria
1092 553 1135 579 Vll
1156 552 1207 579 457
1233 553 1267 578 26
1287 566 1321 572 -—
1341 553 1415 579 Ratio

773 599 873 631 accepti
902 598 1001 630 obligat
1028 597 1063 623 ad
1088 597 1183 623 mentis
1207 597 1415 622 humiliationem

773 644 805 670 Vl
820 643 870 668 539
884 642 900 668 7
913 656 949 662 -·
962 641 1096 668 Debemus
1109 648 1167 667 esse
1181 642 1326 667 humilitate
1339 641 1416 673 parvi

773 687 824 713 553
845 688 855 712 1
879 700 914 706 -
933 687 1018 713 Homo
1038 686 1118 712 debet
1145 692 1251 718 semper
1278 686 1303 711 in
1322 692 1351 711 se
1370 687 1415 711 hu-

773 732 843 757 milia
862 737 1053 763 recognoscere
1070 733 1097 756 et
1109 730 1198 756 dicere
1211 730 1333 762 exemplo
1346 729 1416 756 Chri-

773 776 804 801 sti
824 775 875 801 268
897 775 947 801 103
960 788 996 794 -
1009 775 1103 806 Magna
1115 777 1225 806 propter
1244 774 1415 800 humilitatem

773 827 788 846 a
801 819 878 846 nobis
895 826 1035 845 removere
1048 818 1179 845 debemus
1192 819 1220 844 11
1241 826 1267 844 v.
1280 820 1296 844 2
1309 833 1344 837 —-
1357 819 1416 844 Pro-

774 867 832 897 pter
860 864 1032 890 humilitatem
1055 871 1106 889 non
1127 866 1166 890 est
1184 863 1354 896 relinquenda
1374 870 1417 889 ve-

773 909 836 935 ritas
855 908 907 934 370
925 908 960 934 79
973 922 1008 927 -
1021 909 1106 934 Homo
1125 906 1205 934 debet
1224 908 1291 933 mori
1311 915 1359 940 per
1372 909 1418 933 hu-

774 954 908 980 militatem
928 952 1133 979 conversationis
1147 952 1199 978 590
1213 952 1245 977 13
1261 966 1294 970 -
1308 952 1356 977 Ρει·
1372 953 1418 977 hu-

775 998 908 1024 militatem
919 996 1029 1031 quilibet
1038 996 1118 1023 debet
1127 996 1200 1022 alteri
1210 996 1305 1022 subiici
1321 995 1371 1022 429
1382 996 1416 1022 25

827 1057 862 1061 -
880 1042 974 1068 Christi
986 1041 1131 1067 humiliatio
1144 1041 1272 1067 illuminat
1284 1040 1317 1067 ad
1331 1040 1417 1066 humi-

773 1087 870 1113 litatem
891 1087 924 1112 Vl
950 1086 996 1112 301
1028 1086 1060 1111 83
1082 1085 1138 1119 (82)
1158 1100 1193 1103 -
1216 1084 1311 1111 Christi
1339 1084 1417 1111 docet

774 1139 823 1158 nos
841 1131 956 1158 ordinari
982 1130 1015 1156 ad
1042 1130 1125 1155 Deum
1154 1130 1207 1155 595
1232 1129 1247 1155 4
1267 1143 1301 1148 —·
1329 1130 1417 1155 Exem-

774 1177 847 1208 plum
876 1175 1029 1201 humilitatis
1057 1181 1071 1199 a
1098 1173 1201 1200 Christo
1230 1174 1415 1206 accipiendum

774 1223 814 1246 est
841 1219 904 1247 ibid.
931 1233 967 1239 —
986 1220 1025 1246 Ad
1045 1219 1217 1245 humilitatem
1247 1218 1340 1244 invitat
1367 1225 1416 1244 nos

774 1264 892 1291 Christus
911 1265 953 1290 Vll
974 1264 1025 1290 363
1045 1264 1079 1289 19
1098 1277 1133 1283 -
1153 1264 1179 1289 111
1198 1263 1280 1289 corde
1298 1266 1324 1289 et
1337 1263 1363 1288 in
1376 1269 1416 1289 ex-

774 1309 862 1335 teriori
882 1308 1083 1334 conversatione
1101 1308 1245 1334 inculcatur
1270 1314 1285 1332 a
1313 1306 1416 1333 Christo

775 1354 827 1380 550
847 1353 881 1379 37
900 1367 936 1372 —
954 1353 1151 1379 demonstratur
1169 1352 1289 1384 exemplo
1309 1351 1356 1378 551
1381 1352 1419 1378 38»

773 1411 809 1417 -
827 1397 1029 1424 commendatur
1047 1404 1062 1422 a
1087 1396 1190 1423 Christo
1214 1396 1335 1429 exemplo
1359 1403 1417 1429 par-

774 1442 830 1468 vuli
848 1441 900 1467 244
920 1442 954 1467 88

829 1500 863 1504 —
881 1485 967 1518 Opera
987 1485 1095 1511 humilia
1109 1485 1203 1512 Christi
1217 1488 1279 1512 sunt
1291 1486 1416 1512 imitanda

775 1531 808 1556 Vl
830 1530 881 1556 427
902 1530 934 1555 18
954 1544 989 1549 -
1008 1530 1136 1556 Dominus
1163 1531 1192 1556 in
1218 1530 1346 1563 operibus
1371 1532 1417 1556 hu-

775 1574 889 1601 militatis
907 1577 946 1601 est
964 1575 1109 1601 imitandus
1123 1574 1173 1600 428
1189 1575 1237 1606 19,
1252 1575 1285 1601 20
1300 1589 1333 1594 -
1346 1574 1417 1601 Chri-

774 1622 830 1646 stus
857 1619 981 1646 inclinato
1009 1619 1095 1652 capite
1125 1619 1212 1645 emisit
1241 1619 1364 1652 spiritum
1392 1620 1417 1645 in

774 1665 925 1696 exemplum
949 1663 1101 1690 humilitatis
1124 1664 1176 1690 618
1196 1664 1212 1689 3
1236 1677 1272 1683 -
1290 1664 1351 1690 Post
1369 1665 1418 1690 hu-

774 1708 910 1735 militatem
930 1716 944 1734 a
964 1708 1067 1735 Christo
1086 1700 1219 1735 ostensam
1238 1708 1416 1741 periculosum

774 1756 814 1779 est
832 1753 900 1786 erigi
918 1753 943 1779 in
963 1752 1116 1786 superbiam
1136 1754 1179 1780 Vll
1199 1753 1246 1779 55!
1265 1753 1299 1778 38

829 1813 863 1818 -
882 1798 963 1824 Amor
982 1798 1106 1831 propriae
1134 1797 1301 1824 excellentiae
1322 1803 1418 1829 suppe-

774 1842 899 1869 ditandus
923 1849 972 1875 per
998 1843 1170 1868 humilitatem
1193 1842 1238 1868 Vll
1258 1842 1309 1868 550
1329 1841 1363 1867 37
1381 1855 1416 1860 —

774 1894 886 1920 regnare
904 1887 1018 1913 maxime
1034 1886 1114 1913 debet
1133 1887 1158 1912 in
1178 1885 1305 1918 operibus
1318 1885 1368 1911 453
1385 1884 1416 1911 14

774 1946 810 1952 -
828 1932 974 1958 insinuatur
996 1934 1124 1964 quantum
1144 1927 1319 1962 ad'gestum‚
1337 1936 1418 1962 quan-

774 1978 831 2003 tum
850 1976 885 2002 ad
908 1979 1010 2002 motum
1038 1978 1063 2001 et
1087 1977 1217 2008 quantum
1241 1974 1275 2000 ad
1305 1973 1416 1999 verbum

776 2020 827 2047 455
847 2021 875 2046 21

828 2079 862 2083 -
881 2064 960 2090 etiam
980 2064 1014 2090 ad
1033 2066 1171 2089 extraneos
1190 2069 1218 2088 se
1237 2061 1353 2088 extendit
1372 2061 1414 2087 Vll

775 2109 828 2135 245
848 2109 882 2134 90
900 2122 936 2128 —-
955 2108 1065 2140 Signum
1085 2106 1237 2133 humilitatis
1255 2109 1295 2132 est
1310 2106 1415 2138 impen-

774 2153 838 2180 dere
856 2152 1015 2186 obsequium
1035 2151 1101 2184 patri
1121 2154 1226 2177 mortuo
1247 2151 1298 2176 250
1317 2151 1367 2176 106
1381 2164 1416 2170 -

774 2206 810 2219 -’-
829 2197 946 2223 Humiles
965 2196 1121 2222 comitantur
1140 2201 1221 2228 quem
1240 2194 1348 2227 superbi
1374 2194 1417 2221 de-

775 2242 890 2274 spiciunt
908 2241 960 2267 375
980 2240 1009 2265 51
1033 2253 1068 2258 —
1087 2238 1166 2265 debet
1179 2246 1237 2265 esse
1255 2239 1283 2264 in
1303 2242 1415 2265 contem·

776 2286 879 2320 plativis
898 2285 949 2311 273
970 2284 1004 2310 67

829 2344 863 2349 ——-
883 2330 908 2355 ln
928 2328 1184 2355 commendationem
1204 2328 1356 2355 humilitatis
1375 2335 1416 2355 se-

775 2375 823 2402 des
841 2379 1013 2406 personarum
1032 2372 1243 2398 excellentiorum
1262 2373 1417 2399 remotiores

775 2421 836 2445 sunt
854 2417 888 2444 ab
907 2417 980 2443 altari
1000 2418 1042 2444 vn
1061 2417 1112 2442 363
1134 2417 1167 2442 19
1187 2431 1222 2438 -
1241 2410 1298 2443 Non
1317 2420 1356 2444 est
1369 2424 1416 2450 pe-

775 2463 886 2490 riculum
912 2462 1051 2488 humiliare
1079 2468 1108 2488 se
1133 2465 1159 2487 et
1182 2461 1331 2488 inferiorem
1360 2462 1417 2488 aliis

776 2514 805 2534 se
822 2509 946 2539 reputare
965 2506 1017 2532 364
1037 2507 1070 2532 20
1095 2519 1130 2525 -
1149 2506 1315 2539 Quantalibet
1334 2506 1417 2532 humi-

776 2552 846 2578 liatio
864 2551 891 2577 in
910 2551 996 2576 anima
1017 2557 1068 2576 non
1087 2553 1126 2577 est
1145 2550 1260 2576 timenda
1278 2549 1340 2577 ibid.

829 2609 864 2615 —
875 2595 992 2621 Humiles
1002 2598 1062 2621 sunt
1072 2595 1148 2621 amici
1158 2594 1252 2621 Christi
1263 2595 1306 2621 Vll
1320 2594 1372 2620 364
1383 2595 1411 2620 21

776 2654 811 2660 -
823 2640 941 2666 Humiles
954 2640 1097 2666 exaltantur
1116 2647 1131 2665 a
1149 2639 1239 2666 divina
1253 2638 1348 2665 iustitia
1369 2645 1416 2670 per

776 2685 894 2711 divinam
914 2684 1132 2717 glorificationem
1152 2684 1204 2710 365
1224 2684 1267 2709 23.
1287 2683 1338 2709 366
1359 2682 1392 2708 25

829 2744 865 2748 -
884 2729 910 2754 111
929 2729 1074 2755 humilitate
1087 2731 1126 2755 est
1138 2728 1194 2754 laus
1206 2727 1313 2754 divinae
1325 2729 1418 2759 poten-

777 2773 827 2800 tiae
846 2774 888 2800 Vll
908 2774 941 2800 33
961 2774 996 2799 97
1014 2787 1050 2793 -
1069 2780 1132 2799 vera
1145 2773 1230 2799 Deum
1243 2773 1353 2798 honorat
1368 2771 1417 2796 168

778 2818 819 2844 11.
834 2819 885 2845 365
899 2818 933 2844 25
946 2832 982 2837 -
994 2818 1043 2851 Qui
1057 2824 1085 2843 se
1099 2817 1217 2844 humiliat
1229 2816 1296 2842 redit
1309 2816 1342 2842 ad
1356 2816 1418 2841 inte-

776 2863 859 2895 riora,
872 2865 898 2889 et
910 2863 994 2889 virtus
1012 2863 1069 2888 eius
1088 2861 1172 2888 maior
1185 2861 1296 2887 efficitur
1308 2859 1371 2886 ibid.
1384 2873 1418 2877 —

777 2907 827 2940 Qui
847 2914 875 2933 se
894 2907 1014 2933 humiliat
1042 2910 1171 2933 terrenam
1200 2905 1311 2938 gloriam
1337 2904 1419 2930 calcat

777 2954 802 2978 et
820 2952 1007 2984 superponitur
1025 2948 1337 2977 omnibus-inferioribus
1356 2947 1418 2974 ibid.

777 3010 812 3014 —
831 2996 881 3029 Qui
907 3003 936 3022 se
964 2995 1083 3022 humiliat
1110 2993 1306 3026 appropinquat
1325 2992 1359 3018 ad
1378 2999 1418 3018 su-

778 3040 881 3073 periora
901 3043 927 3066 et
945 3041 1026 3066 calcat
1044 3039 1166 3065 inferiora
1185 3037 1236 3063 366
1257 3037 1291 3063 25

831 3099 866 3103 -
885 3084 936 3118 Qui
955 3091 983 3110 se
1002 3083 1122 3110 humiliat
1134 3089 1162 3109 se
1174 3081 1291 3114 disponit
1309 3081 1342 3107 ad
1362 3088 1418 3113 per-

778 3129 872 3155 fectam
891 3129 1003 3161 gloriam
1025 3130 1051 3154 et
1078 3129 1211 3153 aeternam
1237 3125 1280 3152 Vll
1307 3125 1358 3151 433
1384 3125 1413 3151 21

777 3185 813 3192 -
843 3173 917 3199 Salus
945 3175 1032 3199 ortum
1062 3171 1141 3197 habet
1159 3170 1193 3196 ab
1212 3169 1357 3196 humilitate
1385 3169 1417 3195 Vl

779 3216 830 3242 429
850 3216 885 3242 25
902 3230 939 3236 -
957 3216 1086 3243 inclinans
1113 3221 1142 3241 se
1169 3221 1217 3246 per
1244 3213 1418 3240 humilitatem

779 3260 923 3287 salvabitur
948 3260 1000 3286 508
1030 3260 1061 3285 19
1081 3273 1118 3279 -
1136 3258 1187 3292 Qui
1213 3260 1318 3284 recusat
1336 3258 1419 3284 humi-

778 3304 835 3330 liari
853 3307 962 3337 propter
980 3302 1132 3336 superbiam
1151 3302 1239 3329 cordis
1257 3302 1297 3329 sui
1319 3309 1371 3328 non
1384 3302 1419 3328 in-

779 3347 868 3375 troibit
886 3348 911 3374 in
930 3354 1042 3380 regnum
1062 3347 1193 3373 caelorum
1214 3346 1257 3372 Vll
1278 3346 1329 3372 460
1349 3346 1383 3372 32

832 3406 868 3411 --
881 3392 1029 3420 Deusaeltus
1041 3391 1114 3417 venit
1132 3390 1167 3417 ad
1186 3390 1298 3417 humiles
1311 3390 1354 3416 Vll
1369 3389 1419 3415 170

780 3436 813 3462 19
827 3450 862 3456 -
875 3436 965 3463 Mentis
979 3435 1122 3462 humiliatio
1136 3437 1276 3461 conservat
1292 3434 1325 3460 vl
1339 3434 1389 3460 539
1402 3432 1419 3458 7

1453 421 1494 446 nis
1514 420 1566 446 304
1587 421 1619 446 12
1639 435 1674 439 -
1693 421 1860 453 spiritualiter
1888 421 1981 453 sepelit
2008 425 2033 447 et
2058 429 2095 448 re-

1453 464 1543 490 condit
1562 464 1613 490 590
1634 465 1667 490 13

1506 521 1542 528 --
1561 509 1710 535 Humilibus
1723 510 1884 541 promittitur
1905 510 2025 536 exaltatio
2049 510 2091 536 Vll

1454 552 1501 578 551
1535 553 1569 578 40
1593 566 1629 572 —-
1657 554 1788 579 perfectae
1817 554 1954 580 humilitati
1984 554 2095 580 debetur

1454 597 1549 622 solium
1570 597 1677 623 honoris
1696 598 1747 623 552
1769 597 1801 622 40
1820 610 1856 617 ——
1875 598 1923 630 Qui
1944 605 1991 630 per
2011 599 2095 624 humi-

1454 641 1552 666 litatem
1572 641 1681 667 vincunt
1701 641 1843 673 superbiae
1857 643 1951 668 fastum
1966 643 2096 669 sedebunt

1454 685 1480 710 in
1499 686 1594 711 throno
1607 692 1668 711 cum
1683 686 1757 711 Patre
1770 685 1832 712 ibid.
1847 700 1883 705 —
1901 687 2018 713 Humiles
2031 689 2096 713 exal·

1454 732 1540 755 tantur
1559 729 1593 755 73
1614 730 1655 755 12.
1675 729 1709 755 94
1730 730 1762 755 19
1775 743 1811 749 —
1825 730 1936 757 Humilis
1949 733 2095 763 praefertur

1453 773 1570 806 superbo
1591 773 1642 799 457
1661 774 1696 800 25

1507 832 1541 836 -
1561 818 1631 844 Deus
1643 819 1771 850 plantavit
1783 819 1895 845 humiles
1908 820 1951 846 Vll
1966 821 1999 846 33
2014 821 2047 846 97
2060 835 2096 840 -

1454 862 1524 888 Deus
1543 865 1623 888 tentat
1643 862 1835 894 imperfectum,
1854 868 1882 889 ut
1902 864 2030 896 probatus
2043 865 2093 891 sibi

1454 906 1502 938 ipsi
1522 906 1667 932 innotescat
1685 907 1719 933 ad
1744 908 1897 934 humilitatis
1917 909 2040 934 meritum
2062 910 2093 935 Vl

1454 951 1506 976 320
1528 951 1559 976 14
1573 966 1608 969 -
1621 951 1671 984 Qui
1685 951 1719 977 ad
1733 952 1888 977 memoriam
1905 953 2007 979 reducit
2020 960 2096 979 suam

1455 995 1619 1027 fragilitatem
1639 998 1664 1021 et
1683 996 1847 1029 iniquitatem
1867 1003 1896 1022 se
1916 998 2034 1023 humiliat
2053 998 2095 1024 Vll

1455 1039 1506 1064 339
1527 1039 1559 1064 13
1579 1053 1614 1058 -
1631 1040 1775 1066 intellectus
1794 1041 1945 1067 humiliatur
1964 1042 2096 1068 credendo

1454 1090 1482 1109 se
1493 1083 1644 1116 incapacem
1658 1084 1692 1110 ad
1706 1085 1794 1110 omnia
1807 1085 1944 1111 sciendum
1955 1086 1989 1112 Vl
2000 1086 2050 1112 529
2062 1086 2095 1112 56

1507 1144 1541 1147 -
1561 1130 1640 1156 Aliter
1660 1129 1808 1155 humiliavit
1820 1136 1848 1155 se
1861 1130 2004 1163 Zachaeus,
2023 1131 2096 1157 aliter

1454 1174 1572 1200 centurio
1593 1174 1638 1200 Vll
1658 1174 1710 1200 170
1731 1174 1763 1199 19

1507 1234 1542 1237 -
1574 1219 1644 1245 Oves
1678 1221 1738 1245 sunt
1773 1219 1897 1250 humiles,
1926 1220 1971 1252 qui
2007 1220 2097 1246 nolunt

1453 1270 1577 1296 praeesse
1596 1264 1629 1289 Vl
1649 1263 1700 1289 384
1721 1264 1737 1289 5
1750 1277 1786 1281 —-—
1799 1263 1961 1295 significatur
1980 1271 2027 1296 per
2046 1271 2097 1290 ser-

1454 1315 1503 1334 vos
1528 1311 1553 1334 et
1575 1308 1680 1334 ancillas
1700 1309 1733 1333 22
1754 1315 1780 1333 v.
1799 1308 1816 1333 7
1836 1322 1870 1326 -
1889 1309 2005 1334 Humiles
2030 1309 2097 1341 figu-

1454 1355 1545 1379 rantur
1563 1359 1611 1385 per
1629 1359 1709 1385 poma
1728 1354 1886 1380 convallium
1913 1354 1956 1379 Vll
1983 1354 2016 1378 68
2046 1354 2096 1378 108

1454 1411 1489 1416 -
1508 1397 1626 1423 Humiles
1644 1397 1767 1424 dicuntur
1787 1398 1867 1424 valles
1885 1397 1919 1423 73
1941 1398 1974 1423 12

1507 1455 1544 1461 -
1562 1445 1699 1468 recusatur
1718 1441 1752 1468 ab
1772 1442 1860 1468 animo
1874 1442 1987 1468 hominis
2001 1441 2096 1467 infirmi

1455 1486 1498 1512 Vll
1519 1486 1571 1512 405
1590 1486 1606 1511 5

1507 1531 1605 1556 1111111111
1625 1543 1661 1549 -
1679 1533 1718 1556 est
1738 1537 1785 1556 vas
1813 1537 1897 1563 aquae
1917 1530 1950 1555 Vl
1971 1530 2004 1556 94
2025 1537 2050 1555 v.
2071 1531 2096 1556 6.

1455 1575 1506 1600 269
1527 1575 1552 1600 6.
1572 1574 1619 1600 271
1646 1575 1678 1600 13
1703 1588 1738 1593 -
1763 1575 1893 1606 significat
1920 1574 2097 1600 curiositatem

1455 1619 1488 1645 97
1508 1626 1535 1645 v.
1554 1619 1570 1645 7
1589 1633 1626 1638 —
1644 1619 1774 1651 significat
1792 1619 2029 1645 considerationem
2043 1619 2090 1644 271

1456 1664 1488 1689 13
1507 1678 1543 1682 -
1562 1670 1607 1689 sex
1625 1663 1776 1696 implendae
1794 1669 1880 1696 aquae
1898 1666 1959 1689 sunt
1978 1663 2098 1689 conside-

1454 1708 1568 1734 rationes
1586 1714 1632 1733 sex
1651 1707 1802 1733 defectuum
1822 1706 1884 1733 ibid.
1898 1721 1933 1726 —
1952 1707 2096 1739 implentur

1453 1752 1576 1784 lacrymis
1594 1752 1769 1784 poenitentiae
1788 1750 1851 1777 ibid.

1507 1797 1667 1822 Hvonoricus
1685 1809 1720 1815 —
1739 1798 1838 1829 quanto
1858 1796 1917 1827 plus
1931 1795 2012 1828 bibit,
2025 1799 2096 1822 tanto

1454 1841 1514 1873 plus
1533 1840 1586 1866 sitit
1605 1840 1647 1865 Vll
1668 1840 1714 1865 361
1741 1840 1769 1865 11

1507 1899 1542 1904 -
1561 1891 1609 1910 sua
1629 1884 1779 1910 infirmitate
1798 1884 1869 1910 viam
1895 1884 2042 1917 praebebat
2060 1885 2095 1910 ad

1454 1928 1640 1954 confutandam
1651 1931 1677 1954 et
1687 1929 1861 1961 detegendam
1873 1929 2028 1955 ludaeorum
2040 1936 2096 1961 per-

1455 1973 1545 1999 fidiam
1565 1973 1607 1999 Vll
1628 1973 1679 1998 359
1701 1973 1716 1999 4
1736 1987 1770 1992 —
1799 1973 1856 1999 eius
1880 1974 2018 2005 aegritudo
2038 1981 2095 2000 cor-

1454 2018 1552 2050 poralis
1570 2017 1674 2044 valebat
1686 2017 1720 2044 ad
1734 2018 1944 2050 impugnandam
1959 2021 1984 2043 et
2002 2025 2094 2050 expur-

1454 2062 1570 2094 gandam
1607 2062 1800 2094 aegritudinem
1834 2062 1995 2094 spiritualem
2033 2061 2094 2087 ibid.

1453 2121 1489 2125 —
1507 2109 1563 2132 erat
1580 2109 1640 2132 ante
1659 2107 1744 2132 lesum
1764 2106 1795 2132 ad
1817 2105 2025 2131 misericordiam
2050 2106 2095 2131 im-

1454 2150 1611 2183 plorandam
1630 2149 1693 2176 ibid.
1711 2164 1747 2169 —
1765 2149 1923 2182 implorabat
1948 2149 2096 2175 misericor-

1454 2195 1534 2228 diam,
1553 2195 1616 2229 quia
1635 2196 1714 2221 homo
1733 2195 1853 2220 infirmus
1869 2193 1931 2220 ibid.
1949 2207 1985 2213 ——
2007 2194 2095 2219 dimis-

1454 2247 1499 2266 sus
1518 2239 1565 2265 fuit.
1583 2246 1598 2264 a
1617 2239 1719 2265 Christo
1739 2238 1909 2270 corporaliter
1922 2240 2028 2264 sanatus
2042 2238 2094 2263 360

1453 2284 1470 2309 7
1490 2297 1527 2303 -
1545 2284 1571 2309 111
1590 2283 1647 2309 cius
1660 2283 1793 2309 sanatione
1806 2283 1937 2308 confutata
1952 2285 1991 2308 est
2007 2282 2096 2308 ludae-

1454 2335 1531 2354 orum
1552 2327 1676 2360 superbia
1693 2326 1756 2353 ibid.

1506 2373 1656 2398 vanortffls
1674 2384 1709 2390 —
1727 2374 1767 2396 est
1779 2370 1916 2396 infirmitas
1935 2369 2094 2402 incurabilis,

1453 2423 1533 2449 quam
1553 2415 1680 2441 Dominus
1698 2415 1801 2440 sanavit
1829 2414 1862 2440 Vl
1882 2414 1934 2440 587
1953 2414 1969 2439 7
1988 2427 2024 2433 -
2043 2415 2091 2441 Per

1453 2460 1618 2492 hydropisim
1637 2459 1789 2491 intelligitur
1808 2459 1870 2490 gula
1888 2457 1952 2485 ibid.

1506 2518 1542 2523 —
1569 2504 1690 2535 designat
1717 2510 1824 2529 omnem
1853 2503 2094 2535 concupiscentiam

1454 2552 1479 2575 et
1498 2548 1611 2574 maxime
1629 2548 1766 2574 avaritiam
1797 2548 1839 2573 Vll
1870 2548 1916 2573 361
1943 2548 1970 2573 11
1994 2562 2030 2567 -
2050 2549 2095 2575 Se-

1454 2596 1525 2625 ptem
1538 2595 1599 2618 sunt
1611 2592 1754 2617 accidentia
1769 2592 1927 2624 hydropisis,
1941 2599 2094 2625 correspon-

1454 2637 1541 2663 dentia
1560 2636 1593 2662 ad
1612 2638 1713 2668 septem
1734 2636 1796 2661 vitia
1815 2636 1936 2668 capitalia
1954 2636 2016 2663 ibid.

1508 2681 1657 2706 HYPERBOLE
1675 2695 1710 2699 —
1735 2681 1875 2714 aliquando
1900 2680 2040 2707 adhibetur
2068 2681 2095 2707 in

1455 2732 1529 2751 sacra
1548 2725 1683 2756 Scriptura
1703 2725 1736 2751 Vl
1756 2725 1808 2751 530
1829 2725 1862 2751 57

1509 2770 1651 2795 llvrocarrx
1676 2783 1710 2788 -—
1737 2769 1832 2795 dicitur
1859 2769 1906 2803 qui
1932 2770 1956 2795 in
1981 2769 2096 2795 iudican-

1456 2814 1490 2840 do
1510 2813 1576 2839 alios
1601 2814 1748 2845 praetendit
1767 2814 1850 2840 zelum
1880 2813 1992 2839 iustitiae
2018 2816 2043 2839 et
2068 2820 2096 2839 se

1454 2859 1541 2891 ipsum
1561 2865 1614 2884 non
1643 2858 1783 2884 iudicando
1812 2857 1891 2883 habet
1910 2858 2004 2883 vitium
2023 2858 2092 2883 intus

1455 2903 1536 2928 latens
1556 2903 1597 2928 Vll
1618 2903 1668 2928 162
1688 2903 1721 2927 98
1741 2915 1776 2921 -
1800 2904 1900 2927 ceteros
1919 2901 2094 2933 reprehendit,

1455 2950 1484 2973 ut
1502 2947 1527 2972 in
1547 2947 1658 2973 aliorum
1683 2946 1878 2978 comparatione
1906 2945 1962 2977 ipse
1981 2945 2094 2971 sanctior

1455 2991 1576 3017 videatur
1595 2990 1656 3017 ibid.
1675 3004 1711 3010 —
1723 2997 1785 3016 cum
1799 2991 1863 3015 intra
1876 2989 1927 3015 sint
1940 2989 2010 3019 mali,
2023 2993 2093 3014 extra

1456 3035 1578 3061 videntur
1596 3034 1706 3067 perfecti
1725 3033 1776 3059 305
1797 3034 1829 3058 88

1509 3093 1544 3097 -
1562 3084 1643 3110 opera
1662 3084 1709 3103 sua
1728 3075 1893 3101 manifestare
1906 3078 2037 3108 quaerunt
2051 3077 2095 3101 ho-

1456 3122 1570 3149 minibus
1599 3122 1631 3147 Vl
1660 3121 1711 3146 340
1741 3120 1757 3145 5
1777 3134 1811 3138 --
1830 3120 1916 3152 placet
1943 3119 2095 3146 hominibus

1456 3167 1489 3193 27
1508 3174 1535 3192 v.
1555 3166 1587 3192 26
1607 3179 1642 3185 —
1662 3172 1713 3190 non
1733 3164 1788 3190 vult
1806 3170 1864 3189 esse
1883 3164 1955 3197 quod
1976 3164 2032 3190 vult
2051 3171 2095 3196 ap·

1455 3218 1549 3244 parere
1568 3210 1610 3235 vu
1639 3209 1689 3234 306
1710 3209 1742 3233 88
1762 3221 1798 3227 -
1816 3208 1968 3240 ilypocrisis
1987 3212 2026 3234 est
2050 3208 2094 3235 do—

1455 3261 1550 3281 norum
1570 3253 1681 3285 Spiritus
1708 3252 1790 3278 sancti
1814 3252 1957 3279 simulatrix
1985 3253 2037 3278 295
2061 3252 2094 3278 56

1455 3313 1490 3319 -
1509 3298 1614 3325 simulat
1641 3297 1726 3323 zelum
1751 3297 1829 3329 Legis
1858 3296 1909 3323 344
1930 3297 1963 3323 30
1983 3310 2018 3316 -
2037 3303 2095 3329 pro·

1455 3343 1513 3376 prie
1531 3342 1607 3368 fletus
1626 3344 1665 3367 est.
1685 3341 1717 3366 Vl
1739 3341 1788 3366 113
1808 3348 1835 3366 v.
1855 3341 1871 3367 5

1509 3400 1544 3407 —
1562 3385 1713 3418 Hypocrisis
1732 3392 1785 3411 non
1813 3389 1853 3412 est
1871 3388 2008 3418 peccatum
2027 3385 2096 3417 capi-

1457 3432 1521 3463 tale,
1540 3430 1602 3464 quia
1622 3430 1678 3456 eius
1697 3430 1830 3462 corruptio
1849 3429 1955 3456 aliunde
1974 3432 2095 3455 causatur

1954 3483 1987 3508 96
