2476 3921
312 275 375 308 536

311 372 368 401 ea;
400 365 431 394 et
466 364 541 393 tunc
574 358 756 401 implebitur
790 356 868 389 illud
904 354 1072 388 Ezechielis
1106 353 1268 396 trigesimo

312 414 485 455 septim01:
514 424 529 440 α
548 411 640 449 Ecce,
666 418 722 451 ego
756 408 896 450 aperiam
920 407 1061 440 tumulos
1084 409 1207 439 vestros
1237 409 1269 438 et

312 467 441 499 educam
470 473 525 497 vos
551 464 591 496 de
606 461 761 504 sepulcris
784 460 912 499 vestris,
928 460 1044 502 popule
1068 468 1188 492 meus»
1208 462 1267 492 etc.

157 528 354 551 Duodecimos—
381 517 571 550 Duodecimo
593 515 701 548 stellae
724 514 836 546 cadent
856 513 895 545 de
918 512 1021 551 caelo;
1053 511 1199 544 Matthaei
1223 511 1268 543 vi-

310 571 427 613 gesimo
455 572 590 611 quarto:
620 581 636 596 «
653 567 764 600 Stellae
787 566 899 599 cadent
921 566 960 598 de
983 565 1085 605 caelo,
1109 568 1141 598 et
1169 565 1269 598 virtu-

163 633 291 655 Tertiodeci-
310 627 357 656 tes
380 623 536 656 caelorum
553 621 766 653 movebuntur
782 633 813 651 ιι.
831 637 873 643 -
890 618 1117 652 Tertiodecimo
1132 618 1269 651 morien-

204 665 245 680 ’Μ’
310 679 363 708 tur
387 674 543 712 homines,
560 676 596 706 ut
611 681 683 705 cum
706 671 841 704 mortuis
863 674 1047 713 resurgant,
1071 670 1164 713 quia,
1188 670 1270 703 sicut

310 728 384 761 dicit
407 727 570 769 Apostolus
593 725 714 767 primae
734 725 773 757 ad
796 724 975 757 Corinthios
995 723 1116 757 decimo
1135 723 1269 765 quinto²

310 780 482 813 secundum
506 779 598 811 aliam
615 777 867 816 translationem,
896 785 1033 809 «omnes
1057 776 1186 818 quidem
1202 785 1270 809 mo-

309 833 447 871 riemur,
472 831 525 864 sed
549 840 611 863 non
634 839 743 863 omnes
762 829 1011 863 immutabimur.
1037 829 1069 862 ln
1095 832 1269 869 momento,

154 896 292 923 Quartodeei-
311 886 342 918 in
367 885 430 918 ictu
454 884 534 917 oculi
553 897 567 912 n
597 886 655 916 etc.
680 901 721 907 —
738 882 979 925 Quartodecimo
1002 882 1125 915 ardebit
1147 883 1269 915 caelum

200 929 242 943 Μ’
311 943 341 972 et
365 941 467 977 terra,
491 937 522 970 id
546 940 593 970 est
609 936 792 978 superficies
816 939 919 969 terrae
935 939 967 969 et
990 936 1090 975 aeris3
1114 935 1270 969 secundae

310 991 390 1023 Petri
417 990 507 1023 tertio
520 990 550 1021 ⁸:
581 1003 596 1018 «
612 989 761 1022 Adveniet
777 989 844 1022 dies
867 989 990 1021 Domini
1007 992 1044 1022 ut
1066 988 1134 1028 fur,
1158 989 1189 1021 in
1206 997 1270 1031 quo

305 1043 384 1076 caeli
408 1052 520 1085 magno
543 1042 664 1084 impetu
688 1042 856 1081 transient,
881 1042 1036 1075 elementa
1059 1050 1135 1074 vero
1166 1041 1270 1075 calore

309 1096 488 1136 solventur,
513 1099 599 1129 terra
621 1099 728 1128 autem
751 1099 782 1128 et
798 1104 880 1138 quae
904 1095 936 1128 in
960 1095 1027 1137 ipsa
1050 1098 1125 1128 sunt
1155 1104 1269 1137 opera,

154 1159 290 1206 Quinimieei-
309 1152 487 1181 exurentur
504 1162 534 1180 i>
563 1167 607 1172 -
634 1148 871 1189 Quintodecimo
901 1147 952 1180 die
982 1147 1037 1180 fiet
1069 1147 1191 1180 caelum
1215 1157 1270 1180 no-

310 1211 384 1234 vum
413 1205 443 1234 et
477 1204 563 1234 terra
585 1210 683 1241 nova,
715 1205 746 1234 et
773 1204 941 1243 resurgent
972 1201 1130 1240 homines,
1162 1204 1194 1234 et
1216 1201 1271 1234 fiet

308 1254 480 1294 iudicium
506 1254 544 1287 de
578 1255 639 1287 hoc
662 1255 791 1287 loannes
825 1254 857 1286 in
893 1254 1092 1296 Apocalypsis
1120 1253 1270 1296 vigesimo

307 1307 456 1348 primo4:
486 1320 502 1335 «
529 1307 595 1339 Vidi
627 1307 749 1340 caelum
780 1315 898 1339 novum
932 1309 964 1339 et
987 1310 1104 1339 terram
1137 1315 1268 1346 novam;

308 1360 447 1401 primum
471 1360 555 1392 enim
580 1360 702 1393 caelum
726 1362 757 1392 et
780 1359 883 1401 prima
907 1363 993 1392 terra
1016 1359 1103 1399 abiit,
1127 1363 1158 1393 et
1182 1368 1270 1393 mare

308 1412 369 1449 iam
392 1421 455 1444 non
479 1416 572 1445 est».

397 1465 449 1497 48.
482 1465 583 1507 (Vers.
617 1465 695 1506 28).
732 1465 795 1498 His
829 1469 941 1498 autem
974 1465 1051 1507 sieri
1084 1465 1269 1507 incipienti-

157 1528 180 1548 ιη
195 1528 288 1549 seeundo
309 1519 369 1551 bus
393 1522 451 1552 etc.
477 1519 645 1561 Postquam
676 1518 847 1560 discipulos
870 1518 1008 1552 erudivit
1039 1519 1078 1552 ad
1101 1519 1269 1561 providen—
1296 1556 1298 1558 ,

143 1555 290 1602 ἓῖἒὲἶζᾶἳῖιὲῖ
308 1572 401 1611 tiam,
428 1572 477 1605 hic
500 1571 662 1605 secundo⁵
687 1571 785 1613 erz‘yit
808 1571 854 1604 ad
878 1571 1130 1613 confidentiam,
1155 1575 1186 1604 et
1209 1572 1269 1604 hoc

143 1607 259 1629 fidentiam.
355 1625 360 1630 .
509 1626 513 1630 .
588 1625 593 1630 .
632 1625 638 1630 .
662 1624 667 1629 .
799 1624 804 1629 .
822 1624 827 1630 .
1066 1624 1071 1630 .

308 1625 434 1667 quidem
459 1625 531 1658 facit
555 1625 739 1667 tripliciter,
763 1625 881 1657 scilicet
904 1623 1269 1657 exhortatione-conso-

309 1678 428 1716 lativa,
452 1678 670 1711 similitudine
692 1678 937 1710 manuductiva
953 1681 984 1710 et
1003 1678 1185 1710 assertione
1200 1687 1269 1710 cer-

308 1730 478 1773 tisicativa.

398 1784 500 1816 Primo
525 1784 620 1826 igitur
652 1787 806 1826 quantum
835 1784 873 1817 ad
901 1783 1162 1817 exhortationem
1192 1793 1269 1817 con-

143 1845 294 1893 {55⁰3th
307 1837 503 1869 colatorium
531 1837 625 1870 dicit:
664 1837 725 1869 His
760 1841 873 1870 autem
906 1837 983 1880 fieri
1017 1837 1268 1880 incipientibus,

152 1898 281 1919 suanorum.
307 1890 458 1932 respicite
481 1894 510 1922 et
533 1890 633 1922 levate
656 1890 769 1932 capita
784 1894 915 1928 vestrm
939 1890 1153 1932 Gregorius⁶z
1181 1903 1196 1919 «
1212 1891 1269 1923 Le-

308 1947 382 1975 vate
405 1943 533 1984 capita,
569 1943 746 1975 exhilarate
778 1942 890 1982 corda,
919 1942 1011 1984 quia,
1046 1942 1122 1974 dum
1158 1942 1269 1975 finitur

308 1995 464 2034 mundus,
488 1995 579 2028 cuius
595 1995 684 2027 amici
704 2004 767 2027 non
783 1995 873 2034 estis,
897 2004 996 2037 prope
1013 1999 1060 2027 est
1084 1995 1269 2037 redemptio,

309 2057 404 2089 quam
428 2048 606 2089 quaesiistis
622 2061 652 2079 n.
672 2048 830 2090 Respicite
846 2048 942 2090 igitur
959 2056 1016 2089 per
1032 2057 1139 2081 veram
1156 2048 1248 2081 fidem
1262 2073 1270 2087 ,

309 2100 483 2133 secundum
499 2100 575 2132 illud
594 2109 691 2142 supra
706 2100 827 2133 decimo
839 2104 949 2133 octavo
962 2100 989 2132 ⁷:
1008 2113 1024 2129 cz
1037 2101 1175 2142 Respice,
1194 2100 1270 2134 fides

311 2155 420 2184 tuate
451 2152 571 2184 salvum
596 2152 669 2185 fecit
693 2165 722 2183 ».
754 2152 931 2194 Respicite,
963 2152 1110 2195 inquam,
1143 2152 1269 2192 futura,

309 2214 392 2246 quae
416 2214 477 2237 non
501 2205 663 2244 videntur,
688 2205 861 2238 secundum
886 2205 964 2238 illud
981 2206 1136 2239 secundae
1158 2206 1197 2238 ad
1213 2205 1270 2239 Co-

311 2257 445 2290 rinthios
469 2261 600 2300 quarto:
629 2271 645 2287 α
661 2258 727 2291 Non
759 2259 1043 2301 contemplantibus
1075 2258 1165 2292 nobis
1188 2268 1270 2302 quae

311 2310 472 2349 videntur,
496 2310 550 2343 sed
573 2320 654 2353 quae
677 2320 740 2344 non
763 2311 919 2344 videntur.
945 2312 1031 2354 Quae
1054 2312 1138 2345 enim
1162 2312 1270 2346 viden-

310 2366 364 2395 tur
381 2376 397 2392 ι)
425 2366 483 2396 etc.
509 2363 544 2395 Et
568 2363 628 2396 hoc
651 2363 779 2406 quidem
803 2364 839 2396 fit
861 2373 918 2406 per
941 2364 1058 2407 fidem,
1082 2365 1121 2398 de
1144 2375 1208 2408 qua
1230 2365 1269 2399 ad

310 2416 465 2448 Hebraeos
498 2416 681 2449 undecimo:
712 2430 727 2445 α
750 2417 838 2450 Fides
872 2421 920 2451 est
951 2418 1127 2451 substantia
1157 2427 1268 2452 rerum

311 2468 556 2510 sperandarum,
587 2472 811 2510 argumentum
842 2479 904 2502 non
935 2470 1155 2512 apparentium
1171 2484 1203 2503 n.
1226 2490 1268 2496 —

207 2529 290 2555 inape.
310 2521 425 2553 Levate
448 2524 553 2555 autem
577 2529 634 2563 per
657 2531 768 2563 Spem,-
791 2525 822 2555 et
845 2522 999 2556 rationem
1024 2523 1120 2556 huius
1144 2524 1267 2557 subdit:

312 2570 479 2613 Quoniam
495 2573 746 2616 appropinquat
765 2574 944 2616 redemptio
968 2579 1093 2615 vestra,
1117 2576 1156 2609 ad
1172 2585 1268 2619 quam

311 2633 382 2667 spes
413 2628 518 2658 vestra
552 2620 699 2667 suspirat.
732 2625 818 2659 Unde
848 2627 887 2659 ad
922 2627 1075 2661 Romanos
1106 2631 1216 2662 octavo
1231 2628 1267 2661 ⁶:

315 2690 330 2706 ι
348 2677 500 2710 Creatura
522 2678 698 2720 ingemiscit
728 2681 759 2711 et
786 2679 923 2720 parturit
946 2688 1048 2722 usque
1070 2680 1184 2714 adhuc.
1201 2682 1267 2714 Non

311 2730 412 2763 solum
437 2734 541 2763 autem
566 2730 635 2770 illa,
660 2730 713 2764 sed
738 2734 769 2763 et
792 2740 848 2764 nos
872 2731 930 2773 ipsi
955 2732 1109 2774 primitias
1136 2733 1267 2775 spiritus

203 2056 224 2076 ln
240 2056 288 2077 lide.

382 2920 389 2934 ¹
411 2921 486 2947 Vers.
513 2922 551 2946 12.
570 2935 605 2940 —
624 2921 747 2954 Sequitur
766 2922 852 2947 Matth.
873 2922 920 2954 24,
941 2923 983 2948 29.

381 2963 392 2978 2
411 2964 485 2989 Vers.
505 2964 548 2989 5¹.
569 2968 594 2989 et
610 2964 643 2989 52
653 2984 659 2994 ,
672 2964 719 2990 ubi
732 2968 784 2991 tres
797 2965 918 2991 diversae
933 2966 1056 2992 lectiones
1065 2976 1072 2997 ;
1086 2968 1131 2992 cfr.
1146 2967 1267 2999 Hieron,

310 3007 388 3039 Epist.
413 3008 469 3032 119.
491 3007 562 3039 (alias
586 3007 653 3039 ¹52.)
673 3015 699 3032 n.
719 3008 752 3040 6;
772 3008 896 3041 August.,
921 3009 1000 3040 Epist.
1020 3009 1080 3034 205.
1101 3009 1175 3041 (alias
1198 3009 1266 3042 146.)

309 3058 332 3076 c.
346 3052 370 3076 2.
384 3058 409 3076 n.
424 3050 471 3083 ⁴43
485 3050 544 3076 XX.
558 3050 591 3076 de
604 3050 660 3076 Civ.
673 3051 734 3082 Dei,
749 3058 772 3077 c.
786 3053 828 3077 20.
841 3055 868 3077 n.
883 3053 908 3077 3.
1111 3052 1121 3066 ⁵
1137 3054 1209 3078 vers.
1225 3053 1267 3078 10.

380 3094 390 3108 ⁴
411 3095 484 3120 Vers.
505 3095 528 3120 1.
550 3095 597 3120 Pro
617 3097 641 3120 et
656 3095 750 3128 prima
768 3097 844 3122 terra
863 3095 942 3128 abiit,
956 3098 980 3122 et
992 3103 1069 3123 mare
1088 3097 1176 3128 plures
1189 3097 1268 3123 codd.

309 3140 334 3165 et
352 3145 426 3165 mors
445 3138 526 3170 abiit,
547 3139 604 3164 Vat.
624 3140 717 3171 allegat
736 3147 761 3165 V.
782 3139 810 3165 4:
830 3139 864 3166 Et
882 3146 956 3166 mors
980 3140 1055 3166 ultra
1073 3147 1128 3166 ‘non
1147 3140 1205 3166 erit.

381 3182 391 3196 ⁶
409 3182 460 3209 Csr.
480 3190 558 3214 supra
578 3190 604 3208 n.
624 3183 665 3208 41.

380 3226 391 3241 ‘³
410 3226 480 3252 Libr.
499 3227 515 3252 l.
536 3227 630 3253 llomil.
649 3227 674 3252 in
700 3228 798 3259 Evang.
823 3228 911 3253 homil.
936 3228 961 3253 1.
982 3235 1009 3254 n.
1029 3229 1052 3254 3.
1073 3229 1144 3260 Vat.,
1168 3229 1266 3255 omisso

311 3270 477 3304 Greqorius:
497 3271 591 3298 Levate
609 3271 712 3305 capita,
733 3279 782 3304 pro
801 3270 953 3298 exhilarate
977 3271 1061 3298 corda
1079 3272 1212 3299 substituit
1230 3280 1265 3300 ex

309 3313 445 3341 hilaritate
464 3315 552 3341 cordis
572 3314 672 3348 (plures
692 3316 769 3341 ctiam
789 3315 867 3342 codd.
886 3315 983 3342 habent
1000 3323 1035 3342 θα·
1054 3315 1212 3349 hilaritate).

380 3355 389 3371 ⁷
411 3358 485 3383 Vers.
512 3358 552 3384 42.
577 3373 609 3377 —
632 3359 689 3384 Duo
715 3366 788 3392 scqq.
814 3359 863 3385 loci
894 3362 955 3386 sunt
980 3360 1006 3386 ll.
1031 3360 1091 3386 Cor.
1117 3360 1147 3391 t,
1173 3361 1214 3386 18.
1240 3363 1266 3386 et

309 3400 388 3427 llebr.
412 3402 450 3434 li,
472 3402 495 3427 1.

892 267 1086 300 COMMENT.
1111 267 1147 299 ΙΝ
1173 266 1411 301 EVANGELIUM
1434 265 1551 299 LUCAE
1575 265 1607 298 C.
1632 265 1706 298 XXI.

1332 354 1497 393 habentes,
1529 357 1561 386 et
1592 353 1651 396 ipsi
1682 354 1765 386 intra
1799 362 1856 386 nos
1887 353 2060 396 gemimus,
2095 353 2292 396 adoptionem

1332 406 1470 439 filiorum
1506 406 1561 439 Dei
1597 409 1834 448 exspectantes,
1870 406 2118 448 redemptionem
2153 406 2295 449 corporis

1331 453 1442 491 nostri.
1475 459 1535 500 Spe
1565 458 1648 491 enim
1680 458 1757 491 salvi
1788 458 1860 491 facti
1892 467 2003 492 sumus
2022 472 2053 491 n.
2086 459 2165 492 Haec
2188 461 2294 492 autem

1333 520 1405 553 spes
1429 511 1517 551 facit,
1542 511 1761 544 tribulationes
1780 511 1935 554 patienter
1958 512 2050 552 ferri;
2079 511 2118 544 ad
2141 512 2295 545 Romanos

1332 564 1560 597 duodecimo⁹:
1599 577 1614 593 α
1631 565 1690 606 Spe
1721 564 1911 606 gaudentes,
1942 564 1974 597 in
2006 564 2210 597 tribulatione
2240 573 2295 607 pa-

1334 617 1494 656 tientes»;
1518 621 1549 650 et
1572 618 1652 650 ratio
1675 618 1788 657 huius,
1816 617 1854 650 ad
1879 618 2033 651 Romanos
2055 621 2180 657 octavo,
2210 617 2296 660 quod

1338 683 1354 699 α
1371 679 1434 703 non
1458 674 1533 703 sunt
1565 670 1737 713 condignae
1760 670 1920 713 passiones
1944 671 2041 703 huius
2075 670 2226 713 temporis
2256 670 2295 703 ad

1334 723 1475 756 futuram
1499 723 1647 766 gloriam,
1682 732 1764 766 quae
1800 723 1993 757 revelabitur
2028 723 2060 756 in
2083 723 2183 756 nobis.
2219 723 2294 756 Nam

1334 776 1528 818 exspectatio
1551 780 1716 809 creaturae
1748 776 1970 809 revelationem
1994 776 2132 809 filiorum
2159 776 2215 809 Dei
2238 784 2296 809 ex-

1333 831 1454 871 spectat
1469 842 1499 861 ».
2442 870 2444 874 ,

1423 882 1476 914 li9.
1502 882 1623 915 Debent
1646 882 1743 924 igitur
1767 882 1828 915 viri
1851 882 2032 924 spirituales
2056 882 2164 915 levare
2183 882 2297 925 capita
2310 889 2438 913 coronaria„

1334 944 1391 977 per
1407 935 1531 968 firmam
1547 936 1829 977 exspectationem;
1853 935 1968 968 debent
1984 935 2078 969 etiam
2095 935 2203 969 levare
2219 945 2296 969 ocu-

1335 987 1382 1020 los
1401 980 1462 1030 pe?
1482 988 1599 1021 claram
1616 988 1912 1028 considerationem,
1929 988 2102 1021 secundum
2120 988 2197 1021 illud
2214 988 2296 1022 Psal-

1334 1041 1378 1074 mi
1394 1041 1434 1072 ¹⁰:
1465 1054 1481 1070 «
1497 1041 1540 1074 Ad
1559 1044 1590 1074 te
1613 1041 1714 1074 levavi
1741 1042 1851 1075 oculos
1874 1050 1960 1075 meos
1975 1054 1991 1071 ι)
2017 1044 2095 1080 etc.;
2116 1044 2147 1074 et
2169 1041 2296 1075 Genesis

1333 1094 1455 1127 decimo
1488 1094 1598 1127 tertio:
1629 1107 1644 1123 α
1661 1095 1746 1127 Leva
1774 1095 1883 1127 oculos
1913 1097 1986 1127 tuos
2021 1094 2052 1127 in
2087 1094 2244 1127 directum
2263 1107 2294 1127 x».

1339 1161 1355 1177 α
1371 1148 1503 1181 Omnem
1535 1151 1670 1187 terram,
1694 1157 1789 1190 quam
1813 1148 1984 1190 conspicis,
2009 1148 2065 1181 tibi
2096 1148 2176 1181 dabo
2192 1161 2208 1177 1>
2236 1151 2295 1182 etc.

1334 1201 1455 1234 Debent
1477 1201 1586 1234 levare
1605 1210 1715 1234 vocem
1738 1210 1795 1243 per
1812 1200 1994 1243 Scripturae
2018 1200 2296 1243 praedicationem;

1334 1254 1429 1287 Isaiae
1445 1254 1707 1296 quinquagesimo
1724 1254 1862 1287 secundo
1875 1255 1920 1286 1¹:
1944 1267 1959 1282 «
1976 1254 2046 1287 Vox
2062 1253 2297 1296 speculatorum

1334 1310 1483 1346 tuorum,
1509 1307 1695 1340 levaverunt
1718 1315 1845 1346 vocem,
1870 1307 1964 1340 simul
1995 1306 2169 1340 laudabunt
2191 1319 2208 1335 ι)
2237 1309 2295 1339 etc.

1333 1360 1454 1393 Debent
1488 1360 1596 1392 levare
1631 1370 1754 1393 manus
1785 1360 1824 1392 ad
1859 1359 2030 1402 perfectam
2061 1360 2296 1402 operationem;

1334 1413 1475 1446 Psalmus
1489 1413 1532 1445 ¹²:
1563 1426 1578 1441 α
1595 1413 1645 1446 Sic
1668 1413 1849 1446 benedicam
1874 1416 1905 1445 te
1925 1413 1957 1446 in
1980 1413 2045 1445 vita
2060 1421 2131 1446 mea
2147 1415 2178 1446 et
2193 1412 2226 1450 in
2241 1422 2297 1445 no-
2346 1409 2349 1410 ⁷

1334 1466 1418 1498 mine
1441 1469 1497 1498 tuo
1532 1465 1642 1498 levabo
1665 1474 1778 1498 manus
1813 1474 1899 1499 ineas
1915 1479 1945 1497 ».
1971 1465 2008 1498 Et
2041 1465 2101 1498 hoc
2136 1468 2185 1498 est
2211 1465 2296 1508 quod

1333 1518 1471 1551 maxime
1495 1527 1552 1551 nos
1576 1527 1704 1551 sursum
1728 1518 1838 1561 erigit,
1861 1522 1992 1561 propter
2008 1518 2093 1561 quod
2116 1518 2236 1561 primae
2258 1518 2297 1551 ad

1333 1572 1533 1605 Timotheum
1558 1572 1712 1605 secundo:
1743 1585 1758 1601 «
1774 1572 1866 1611 Volo,
1883 1581 1939 1605 vos
1955 1580 2047 1605 orare
2063 1571 2095 1604 in
2111 1571 2196 1605 omni
2212 1572 2295 1610 loco,

1333 1626 1473 1658 levantes
1490 1634 1587 1667 puras
1603 1634 1717 1658 manus
1733 1625 1799 1658 sine
1815 1625 1898 1658 omni
1916 1624 1964 1658 ira
1979 1627 2011 1658 et
2025 1624 2249 1667 disceptatione
2266 1637 2295 1656 n.

1423 1679 1475 1710 50.
1501 1678 1603 1720 (Vers.
1628 1679 1680 1711 29.
1703 1678 1780 1719 30).
1805 1678 1948 1711 Secundo
1972 1680 2128 1720 quantum
2143 1677 2182 1710 ad
2204 1677 2297 1710 simi·
2302 1685 2433 1734 dissgffissl

1334 1730 1507 1764 titudinem
1535 1731 1814 1764 manuductivam
1846 1730 2011 1764 subditur.
2042 1731 2082 1763 Et
2113 1729 2199 1763 dixit
2230 1712 2414 1763 illiSductivam.

1332 1783 1605 1826 similitudinem.-
1629 1784 1735 1817 Videte
1749 1783 1929 1826 ficulneam
1952 1787 1981 1816 et
2004 1793 2116 1816 omnes
2139 1782 2295 1816 arbores.-

1333 1846 1410 1869 cum
1430 1837 1624 1879 producunt
1655 1837 1726 1870 iam
1753 1847 1793 1870 ea:
1824 1847 1858 1870 se
1879 1836 2051 1880 fructum,
2075 1837 2186 1876 scitis,
2217 1847 2297 1881 quo-

1332 1890 1428 1923 niam
1442 1890 1467 1910 ¹³
1488 1900 1593 1933 prope
1621 1894 1669 1923 est
1691 1894 1811 1924 aestas.
1835 1890 2004 1932 comparat
2028 1894 2133 1924 autem
2157 1890 2295 1924 arbores

1334 1943 1473 1976 humano
1507 1944 1632 1985 generi,
1668 1947 1700 1977 et
1727 1944 1866 1976 maxime
1900 1943 2087 1985 ficulneam.
2124 1943 2296 1977 Arboribus
2315 1951 2436 1999 11Αιεεῑιπῑιειιι]

1334 1995 1417 2028 enim
1441 1995 1623 2028 huiusmodi
1654 1996 1750 2029 homo
1784 1996 1977 2029 assimilatur
2008 1999 2040 2029 et
2070 1999 2224 2038 quantum
2258 1996 2297 2029 ad
2316 1983 2378 2053 ἓξὲξ
2394 1983 2434 2032 ιῗῖρ

1334 2051 1444 2080 ortum
1477 2051 1508 2081 et
1543 2051 1698 2091 quantum
1733 2048 1773 2081 ad
1808 2058 1963 2081 occasum
2006 2052 2037 2082 et
2072 2051 2226 2091 quantum
2258 2049 2296 2082 ad

1333 2099 1495 2142 fructum.
1521 2101 1682 2142 Quantum
1705 2101 1744 2134 ad
1760 2105 1887 2140 ortum,
1912 2105 2043 2143 propter
2058 2101 2142 2144 quod
2166 2101 2199 2134 in
2215 2101 2295 2135 Psal-

1334 2154 1445 2186 mo14:
1476 2166 1492 2182 «
1508 2154 1574 2186 Erit
1597 2156 1748 2196 tanquam
1776 2154 1915 2196 lignum,
1938 2154 2024 2196 quod
2047 2154 2223 2196 plantatum
2247 2157 2295 2188 est

1334 2214 1425 2239 secus
1452 2205 1607 2239 decursus
1637 2215 1793 2248 aquarum
1810 2220 1826 2235 ι)
1855 2209 1913 2240 etc.
1946 2207 2106 2248 Quantum
2138 2207 2177 2240 ad
2200 2216 2295 2240 occa-

1333 2268 1428 2298 sum,
1454 2262 1584 2301 propter
1616 2259 1700 2301 quod
1728 2259 1781 2292 lob
1812 2259 1933 2292 decimo
1961 2263 2093 2301 quarto:
2122 2272 2138 2289 «
2162 2260 2294 2302 Lignum

1333 2312 1428 2346 habet
1452 2321 1558 2355 spem;
1583 2312 1608 2345 si
1641 2312 1818 2355 praecisum
1841 2312 1955 2352 fuerit,
1987 2321 2118 2346 rursum
2149 2313 2294 2353 virescit,

1333 2368 1365 2399 et
1387 2365 1466 2398 rami
1489 2365 1558 2398 eius
1573 2365 1730 2408 pullulant
1742 2377 1778 2404 »;
1800 2365 1845 2399 sic
1868 2369 1899 2399 et
1916 2366 2025 2405 horno,
2049 2374 2123 2399 cum
2146 2366 2292 2406 moritur,

1333 2427 1421 2460 spem
1444 2418 1540 2451 habet
1555 2417 1751 2460 resurgendi.
1776 2418 1937 2460 Quantum
1952 2417 1991 2450 ad
2014 2417 2183 2460 fructum,
2207 2418 2292 2461 quia,

1333 2471 1414 2505 sicut
1437 2471 1533 2505 arbor
1556 2471 1753 2504 infructuosa
1769 2470 1933 2511 inciditur,
1957 2470 2002 2504 sic
2024 2474 2056 2504 et
2071 2471 2183 2511 homo;
2207 2472 2292 2506 unde

1332 2524 1478 2558 Matthaei
1501 2524 1595 2558 tertio
1608 2524 1649 2557 ²⁶:
1680 2537 1696 2554 α
1720 2524 1829 2558 Omnis
1863 2524 1974 2563 arbor,
2009 2533 2091 2567 quae
2125 2534 2188 2558 non
2221 2525 2294 2558 facit

1331 2577 1474 2611 fructum
1496 2578 1633 2617 bonum,
1666 2577 1832 2611 excidetur
1853 2590 1869 2606 2>
1899 2580 1976 2617 etc.;
2001 2577 2085 2611 unde
2113 2586 2211 2620 supra
2240 2577 2294 2611 de—

1332 2629 1414 2663 cimo
1437 2630 1530 2663 tertio
1546 2630 1662 2663 dicitur
1685 2630 1724 2663 de
1747 2630 1811 2663 ficu
1834 2629 2048 2663 infructuosa:
2079 2643 2095 2659 α
2110 2630 2241 2664 Succide
2257 2630 2293 2663 il-

1332 2682 1394 2714 lam
1411 2695 1426 2711 »
1455 2686 1522 2727 etc„
1539 2682 1626 2715 Sicut
1648 2682 1732 2715 enim
1755 2683 1851 2716 arbor
1875 2692 1966 2716 secus
1989 2683 2072 2716 viam
2096 2693 2159 2716 non
2183 2683 2293 2717 fructi-

1332 2734 1422 2772 ficat,
1447 2735 1490 2767 sic
1514 2737 1545 2767 et
1568 2735 1663 2767 homo
1694 2739 1866 2777 occupatus
1889 2735 1974 2769 circa
1996 2736 2113 2776 multa;
2146 2736 2292 2770 Matthaei

1405 2923 1415 2938 Β
1435 2924 1510 2950 Vers.
1536 2925 1626 2951 22-24.

1403 2966 1414 2982 ⁹
1434 2969 1508 2995 Vers.
1531 2970 1577 3001 12,
1597 2973 1656 3001 post
1680 2977 1760 3003 quem
1781 2971 1809 3001 8,
1831 2971 1873 2995 [18.
1893 2977 1947 3004 seq.
1967 2984 2002 2990 -—
2022 2971 2149 3003 Superius
2175 2978 2223 3003 pro
2242 2970 2291 2998 tri-

1332 3010 1479 3038 bulationes
1490 3012 1624 3046 patienter
1636 3012 1706 3046 ferri
1722 3012 1741 3039 C
1753 3014 1773 3039 D
1784 3014 1804 3039 G
1824 3013 2009 3041 tribulationes
2019 3014 2144 3048 portari,
2164 3015 2185 3040 Η
2205 3013 2289 3041 tribu-

1333 3054 1460 3082 lationem
1478 3056 1568 3082 venire
1586 3063 1649 3083 cum
1668 3057 1778 3090 aaudio.

1403 3098 1426 3113 ¹⁰
1444 3100 1538 3125 Psalm.
1558 3101 1622 3132 422,
1644 3101 1667 3126 1.
1686 3104 1712 3127 et
1730 3102 1825 3128 deinde
1844 3103 1908 3128 Gen.
1929 3103 1976 3135 13,
1996 3102 2036 3128 14.
2051 3106 2077 3129 et
2091 3103 2132 3129 15.
2151 3103 2209 3129 Vnt.
2229 3110 2289 3128 cum

1332 3142 1444 3174 Vulgata
1464 3147 1489 3168 et
1508 3144 1637 3170 nonnullis
1656 3145 1734 3170 codd.
1753 3146 1847 3171 omittit
1866 3146 1894 3172 in
1917 3145 2067 3179 directum;
2086 3148 2131 3173 cfr.
2146 3147 2192 3173 ler.
2204 3147 2233 3178 3,
2256 3147 2289 3172 2:

1332 3186 1400 3212 Leva
1420 3187 1510 3216 oculos
1529 3190 1588 3213 tuos
1608 3187 1633 3213 in
1653 3188 1790 3214 directum.

1404 3228 1424 3243 ¹¹
1445 3231 1518 3256 Vers.
1540 3232 1563 3256 8.

1403 3272 1424 3287 ¹²
1444 3274 1538 3300 Psalm.
1557 3275 1604 3307 62,
1622 3276 1648 3301 ὅ.
1668 3289 1702 3295 -
1722 3276 1845 3308 Sequitur
1864 3277 1882 3302 1.
1902 3277 1970 3303 Tim.
1990 3278 2019 3309 2,
2040 3278 2064 3302 8.

1402 3315 1424 3331 ¹⁸
1443 3317 1526 3344 Codd.
1545 3318 1564 3345 C
1576 3319 1596 3344 D
1615 3319 1688 3353 quia.

1401 3360 1423 3377 ¹¹
1442 3362 1535 3388 Psalm.
1555 3363 1584 3393 1,
1604 3363 1628 3388 3.
1647 3376 1682 3382 -
1701 3363 1818 3390 Subinde
1836 3364 1961 3396 allegatur
1983 3364 2028 3390 lob
2049 3365 2095 3396 14,
2114 3365 2139 3390 7.

1400 3405 1423 3420 ¹⁶
1443 3406 1516 3431 Vers.
1539 3406 1583 3439 10,
1603 3406 1644 3432 cui
1664 3406 1831 3439 subiungitur
1851 3407 1913 3433 Luc.
1936 3408 1981 3439 13,
2000 3408 2026 3434 7.
