2476 3921
306 258 370 292 330

897 252 1091 284 COMMENT.
1116 251 1152 284 IN
1176 250 1415 284 EVANGELIUM
1439 249 1557 283 LUCAE
1580 249 1613 282 C.
1637 250 1698 282 ΧΠ.

302 346 408 388 (119110.
428 344 557 387 playis,
582 353 638 385 per
661 341 910 376 commissionem
934 326 1062 382 culpae,
1086 338 1263 381 vapulabit
1325 341 1393 371 tum
1416 341 1531 371 tuum?
1554 337 1636 379 Quid
1658 337 1758 376 dices,
1775 346 1848 370 cum
1864 337 2038 370 visitaverit
2061 340 2116 370 te?
2140 338 2189 370 Tu
2204 337 2288 370 enim

298 398 439 440 pauca,
463 406 520 439 per
544 395 766 438 mitigationem
790 394 913 426 divinae
937 392 1117 425 sententiae.

390 451 426 483 Et
449 453 537 489 nota,
561 449 645 491 quod
669 452 716 481 est
740 446 917 490 ignorantia
938 445 1096 488 simplex,
1128 448 1160 477 et
1183 445 1260 477 haec

156 519 188 550 pa
202 518 282 545 duplici
301 507 451 542 excusat,
477 502 649 536 secundum
675 501 753 534 illud
776 500 896 543 primae
919 499 957 532 ad
974 498 1173 531 Timotheum
1195 497 1261 540 pri-

155 546 281 572 ¹g⁰⁰‘³”‘³³'
301 567 353 590 mo
367 558 393 589 ¹:
411 557 481 589 Ideo
502 569 518 584 «
536 554 782 588 misericordiam
799 553 854 586 Dei
879 555 1067 586 consecutus
1083 560 1168 590 sum,
1186 551 1261 593 quia

301 611 448 653 ignorans
479 608 536 642 feci
555 620 590 647 »;
624 611 654 640 et
686 607 768 640 infra
799 606 949 648 vigesimo
981 604 1089 638 tertio:
1127 617 1142 633 α
1160 604 1260 642 Pater,

300 664 425 705 ignosce
456 662 519 701 eis,
554 661 628 704 quia
659 660 818 699 nesciunt,
849 659 925 702 quid
950 658 1122 691 faciunt».
1148 657 1199 690 Est
1230 661 1261 690 01

299 717 359 749 alia
384 714 574 758 ignorantia,
599 713 770 757 affectata,
787 713 825 745 de
841 712 952 754 quain
977 712 1096 744 Psalmo
1109 711 1139 743 2:
1169 723 1184 739 α
1202 710 1261 743 No-

300 770 359 802 luit
382 769 570 811 intelligere‚
595 771 632 800 ut
654 768 733 800 bene
756 769 863 809 ageret
880 780 911 797 ».-
935 765 1025 798 Tales
1047 765 1185 807 graviter
1202 773 1260 806 pu-

300 824 445 861 nientur;
469 822 553 855 unde
577 822 696 864 primae
720 820 759 853 ad
779 819 957 852 Corinthios
980 818 1101 851 decimo
1127 821 1259 860 quarto:

305 890 321 905 «
337 876 396 918 Qui
421 876 543 918 ignorat
572 874 770 917 ignorabitur
786 885 822 912 »ς
846 876 877 906 01
908 872 987 905 0500
1011 874 1142 914 quarto:
1172 883 1188 899 <x
1204 871 1261 903 Po-

299 930 394 971 pulus
417 938 478 961 non
504 928 680 970 intelligens
703 926 863 969 vapulabit
884 939 913 958 ».
941 926 976 957 Et
1000 925 1059 958 hoc
1082 924 1157 957 dicit
1180 924 1261 957 Beda

300 984 331 1016 in
347 983 454 1015 Glossa
466 982 490 1021 ³,
507 982 582 1024 quia
599 981 840 1014 proverbiorum
858 979 1008 1021 'vigesimo
1024 981 1149 1011 octavo:
1172 991 1188 1007 «
1200 978 1260 1020 Qui

299 1038 420 1068 avertet
440 1044 549 1067 aurem
568 1043 673 1072 suam,
694 1042 733 1066 ne
749 1032 855 1065 audiat
876 1032 990 1074 legem,
1005 1031 1106 1064 oratio
1126 1040 1184 1063 sua
1200 1031 1261 1064 erit

299 1088 502 1122 exsecrabilis
517 1101 552 1127 »;
585 1090 616 1120 et
647 1087 804 1119 psalmus:
834 1098 850 1114 «τ
868 1086 966 1117 Furor
990 1084 1052 1117 illis
1084 1084 1260 1118 secundum

299 1142 533 1175 similitudinem
552 1140 721 1183 serpentis,
746 1140 828 1173 510111
845 1139 960 1181 aspidis
983 1138 1098 1171 surdae
1114 1141 1145 1171 et
1168 1137 1261 1170 obtu-

300 1196 398 1228 rantis
421 1204 515 1228 aures
539 1203 644 1227 suas»
673 1198 731 1227 etc.

390 1250 441 1281 69.
467 1248 609 1281 Secundo
625 1251 779 1290 quantum
804 1246 843 1279 ad
867 1245 1143 1288 aggravationem
1159 1244 1261 1287 neoti-

135 1317 166 1340 ne
182 1317 283 1339 secundo.
298 1303 427 1346 gennae
450 1302 570 1335 ratione
595 1300 807 1334 auctoritatis
831 1299 1025 1332 commissae
1047 1299 1140 1331 dicit:
1160 1298 1263 1334 ¹Omni

299 1361 429 1395 autem,
454 1356 511 1388 cai
533 1355 675 1388 maltam
692 1355 809 1387 datam
834 1357 898 1392 est,
924 1353 1041 1386 scilicet
1064 1352 1094 1385 in
1113 1360 1260 1390 munere,

300 1409 442 1442 maltam
465 1412 645 1452 quaeretur
669 1407 710 1440 ab
735 1417 789 1446 eo,
814 1407 845 1439 in
877 1407 1008 1439 ratione.
1035 1405 1121 1438 Unde
1145 1405 1261 1447 Grego-

300 1463 368 1495 rius
379 1463 410 1494 4:
434 1475 449 1490 «
465 1461 543 1494 Cum
561 1464 718 1503 augentur
734 1460 815 1493 dona
826 1486 833 1498 ‚
851 1460 988 1492 rationes
1004 1458 1098 1491 etiam
1115 1461 1262 1491 crescunt

300 1517 465 1548 donorum.
489 1515 587 1547 Tanto
611 1524 687 1557 ergo
710 1514 862 1546 humilior
878 1517 974 1555 atque
998 1512 1036 1544 ad
1061 1512 1261 1544 serviendum

302 1570 363 1602 Dec
380 1568 555 1610 promptior
572 1568 706 1610 quisque
722 1567 814 1600 debet
830 1575 898 1599 esse
915 1575 956 1599 ex
980 1574 1126 1604 munere,
1144 1569 1262 1607 quanto

302 1631 335 1655 se
358 1622 573 1663 obligatiorem
589 1630 656 1654 esse
680 1620 831 1662 conspicit
850 1620 882 1652 in
907 1618 1064 1652 reddenda
1088 1619 1208 1651 ratione
1226 1631 1261 1657 »;

303 1675 384 1708 infra
415 1674 534 1707 decimo
566 1678 674 1707 sexto:
705 1686 721 1702 «
746 1672 848 1706 Redde
880 1672 1032 1704 rationem
1066 1671 1262 1704 villicationis

303 1733 375 1761 tuae
394 1742 422 1760 ».
451 1746 495 1751 ——
523 1728 609 1760 Unde
640 1726 764 1760 subdit:
799 1727 837 1758 Et
862 1725 919 1758 cai
948 1725 1263 1757 commendaverant

302 1781 460 1819 multam,
490 1794 506 1809 «
522 1781 638 1813 scilicet
654 1780 759 1812 divina
779 1779 892 1811 iudicia
905 1779 917 1798 ⁵
934 1792 965 1817 »‚
991 1779 1039 1811 vel
1063 1779 1153 1811 Pater
1169 1782 1199 1811 et
1215 1778 1262 1810 Fi-

302 1835 363 1867 lius
387 1838 417 1867 et
441 1833 576 1875 Spiritus
599 1836 744 1871 sanctus;
765 1832 844 1874 plus
864 1836 973 1874 petent
996 1831 1037 1863 ab
1061 1841 1112 1870 eo,
1145 1831 1262 1864 scilicet

302 1887 333 1919 in
365 1886 473 1918 futuro
508 1886 623 1918 iudicio
654 1885 898 1923 universorum;
932 1884 1077 1917 Matthaei
1112 1884 1262 1926 vigesimo

301 1939 429 1981 quinto:
460 1951 475 1967 c<
493 1939 562 1971 Post
594 1938 728 1970 multum
761 1947 836 1970 vero
868 1938 1017 1979 temporis
1048 1938 1134 1970 venit
1163 1937 1263 1970 domi-

301 2001 362 2025 nus
385 2001 551 2025 servorum
575 1991 702 2024 illorum
727 1995 758 2024 et
782 1991 885 2033 posuit
902 1991 1054 2023 rationem
1079 2000 1151 2023 cum
1173 1991 1261 2023 eis».

151 2058 280 2082 Notandum.
302 2046 386 2079 Unde
410 2055 428 2078 a
452 2045 617 2088 praelatis,
639 2045 756 2088 quibus
779 2054 857 2077 cura
874 2044 1074 2077 subditorum
1098 2044 1263 2077 commissa

302 2104 365 2138 est,
391 2100 533 2142 requiret
556 2099 709 2131 Dominus
733 2108 794 2131 non
812 2101 933 2130 tantum
958 2097 1079 2130 animas
1102 2098 1262 2140 proprias,

302 2162 413 2186 verum
439 2153 531 2185 etiam
556 2152 677 2184 animas
701 2152 901 2189 commissas;
926 2154 1056 2193 propter
1079 2151 1164 2193 quod
1187 2151 1263 2183 dici-

302 2210 355 2239 tur
372 2206 410 2238 ad
427 2206 582 2239 Hebraeos
598 2206 709 2238 ultimo
722 2205 750 2237 ⁶:
773 2218 789 2233 «
801 2204 931 2238 Obedite
948 2204 1134 2246 praepositis
1151 2204 1264 2237 vestris

302 2264 333 2293 et
361 2259 519 2293 subiacete
543 2260 603 2298 eis;
630 2259 687 2301 ipsi
712 2259 795 2291 enim
819 2258 1020 2300 pervigilant,
1054 2258 1153 2300 quasi
1168 2258 1263 2290 ratio-

302 2323 373 2346 nem
397 2313 551 2346 reddituri
576 2322 633 2355 pro
657 2312 821 2345 animabus
845 2312 958 2344 vestris
974 2326 1005 2343 n.
1030 2312 1106 2344 Nam
1139 2312 1263 2345 unicui-

302 2376 363 2408 que
395 2376 504 2399 eorum
535 2366 651 2399 dicitur
684 2365 761 2398 illud
798 2365 879 2398 tertii
916 2366 1033 2407 Regum
1065 2365 1262 2407 vigesimo⁷:

307 2420 465 2453 «Custodi
496 2420 601 2452 virum
633 2419 746 2456 istum:
776 2419 830 2461 qui
862 2419 887 2451 si
921 2419 1028 2461 lapsus
1059 2419 1172 2458 fuerit,
1204 2418 1264 2451 erit

301 2474 403 2506 anima
427 2477 482 2506 tua
498 2483 556 2516 pro
571 2473 674 2506 anima
697 2473 782 2505 illius
795 2485 826 2512 »;
850 2476 881 2505 et
898 2472 1044 2505 Ieremiae
1067 2472 1188 2505 decimo
1204 2476 1265 2505 ter-

302 2527 361 2559 tio:
391 2540 408 2555 c‹
423 2527 478 2560 Ubi
503 2530 550 2560 est
574 2536 669 2569 grex,
694 2526 748 2569 qui
774 2526 866 2559 datus
882 2530 929 2558 est
954 2526 1027 2565 tibi,
1053 2535 1150 2568 pecus
1170 2526 1264 2567 incly-

1324 391 1457 424 docuisti
1475 400 1528 423 eos
1543 390 1713 423 adversum
1738 394 1769 423 te
1784 393 1816 423 et
1839 390 1970 423 erudisti
1987 390 2019 423 in
2040 393 2135 433 caput
2151 394 2243 424 tuum
2256 404 2288 423 ».

1326 444 1361 476 Ε1
1377 444 1446 476 ideo
1469 444 1603 476 Actuum
1620 443 1770 485 vigesimo
1782 443 1795 462 ³
1811 443 1935 476 dicebat
1959 443 2075 476 Paulus
2090 443 2130 476 ad
2153 444 2289 478 maiores

1325 499 1401 529 natu
1427 496 1597 529 Ecclesiae:
1628 509 1643 525 (ε
1660 496 1813 529 Attendite
1838 496 1927 529 vobis
1950 500 1982 529 01
2010 497 2160 530 universo
2183 498 2289 540 gregi,

1324 549 1355 582 in
1381 559 1445 592 quo
1469 558 1524 582 vos
1548 549 1684 591 Spiritus
1708 552 1835 582 sanctus
1866 549 1971 591 posuit
1994 550 2156 592 episcopos
2179 559 2290 593 regere

1325 602 1492 636 Ecclesiam
1518 602 1591 642 Dei,
1623 612 1719 645 quam
1742 602 1910 645 acquisivit
1941 602 2093 645 sanguine
2120 612 2179 636 suo
2199 615 2235 642 »;
2260 606 2292 636 01

1325 656 1495 689 Ezechielis
1520 655 1681 698 trigesimo
1703 660 1836 698 quarto:
1866 669 1881 685 a
1899 657 1993 695 Ecce,
2018 665 2076 698 ego
2099 656 2166 699 ipse
2193 666 2290 699 super

1325 712 1467 752 pastores
1491 709 1651 752 requiram
1674 718 1801 752 gregem
1826 718 1933 742 meum
1949 709 1988 742 de
2011 718 2108 742 manu
2132 718 2243 743 eorum
2259 713 2291 743 et

1325 771 1449 796 cessare
1478 771 1532 795 eos
1562 762 1694 802 faciam,
1727 765 1764 795 111
1794 763 1878 795 ultra
1902 772 1963 795 non
1988 766 2117 805 pascant
2147 772 2290 806 gregem,

1325 825 1382 849 nec
1407 819 1538 858 pascant
1558 813 1695 858 amplius
1717 819 1860 858 pastores
1883 816 2110 858 semetipsos».

1440 931 1555 959 Secundo
1574 931 1709 959 invitatur
1728 931 1761 958 ad
1778 930 1948 965 vigilantiam
1967 930 2172 958 consideratione

1690 976 1767 1011 primi
1786 976 1925 1003 adventus.

1417 1086 1468 1117 70.
1498 1084 1600 1126 (Vers.
1625 1084 1703 1124 49).
1744 1085 1854 1126 Ignem
1888 1084 1964 1116 veni
1997 1084 2123 1117 mittere
2156 1083 2193 1116 in
2228 1088 2289 1116 ter-

1325 1148 1404 1171 ram
1427 1141 1486 1171 etc.
1512 1138 1679 1180 Postquam
1704 1135 1854 1170 excitavit
1877 1136 1916 1169 ad
1940 1137 2132 1179 vigilantiam
2156 1146 2198 1170 ex
2222 1146 2293 1170 con-

1326 1191 1515 1224 sideratione
1543 1190 1670 1224 secundi
1703 1190 1875 1229 adventus,
1900 1190 1951 1222 1110
1975 1190 2094 1222 excitat
2124 1189 2163 1222 ad
2186 1190 2293 1223 consi-

1326 1244 1528 1277 derationem
1560 1243 1668 1286 primi
1701 1244 1873 1276 adventas.
1906 1243 1942 1275 Et
1977 1243 2055 1276 haec
2089 1252 2164 1285 pars
2198 1243 2294 1276 habet
2313 1250 2404 1272 Divisio.

1326 1297 1422 1330 duas:
1447 1297 1479 1329 in
1503 1306 1641 1339 quarum
1674 1296 1777 1338 prima
1799 1296 1992 1330 ostendendo
2015 1296 2108 1338 primi
2139 1296 2293 1330 adventus

1326 1350 1497 1383 efficaciam
1522 1350 1645 1382 excitat
1674 1350 1721 1382 ad
1750 1349 1984 1392 viyilantiam:
2017 1349 2048 1382 in
2080 1350 2218 1391 secunda
2241 1360 2292 1382 re-

1323 1402 1499 1445 prehendit
1522 1403 1729 1435 Indaeoram
1746 1403 1976 1445 desipientiam
1993 1407 2022 1436 et
2044 1403 2291 1446 neyliyentiam,

1327 1457 1414 1489 ibi9:
1440 1457 1573 1489 Dicebat
1596 1461 1708 1489 antem
1732 1460 1761 1489 et
1785 1457 1830 1489 ad
1854 1456 1972 1489 turbas
1997 1462 2054 1490 etc.

1417 1510 1448 1542 ln
1466 1509 1675 1552 exprimendo
1695 1509 1791 1551 igitur
1807 1508 1992 1552 efficaciam
2000 1509 2114 1552 ‚primi
2130 1509 2293 1542 adventas
2325 1517 2366 1538 Pro
2381 1517 2456 1539 excita-

1326 1564 1372 1596 atl
1394 1563 1642 1596 sollicitandam
1666 1563 1711 1595 ad
1735 1563 1948 1605 vigilantia-m
1962 1563 1999 1602 ¹⁰,
2023 1563 2173 1602 ostendit,
2190 1571 2223 1596 se
2239 1571 2292 1595 ve·
2310 1544 2456 1597 ἓῑῗέιῗιὶῖἶῖἶ

1326 1617 1409 1650 111550
1437 1616 1475 1649 ad
1508 1616 1586 1655 tria,
1618 1616 1735 1649 seilicet
1766 1616 1804 1649 ad
1836 1616 2079 1649 immittendam
2110 1616 2293 1649 dilectionis
2304 1597 2454 1619 &mmmm

1328 1671 1537 1709 incendium,
1567 1670 1604 1703 ad
1637 1670 1879 1712 perficiendam
1908 1670 2078 1712 passionis
2109 1670 2294 1702 remedium

1327 1728 1358 1757 et
1381 1724 1419 1757 ad
1444 1724 1721 1757 introducendam
1746 1723 1884 1767 affectas
1907 1723 2060 1756 carnalis
2075 1723 2269 1756 divortium.

1417 1778 1520 1810 Primo
1544 1777 1641 1819 igitur
1658 1781 1813 1820 quantum
1830 1777 1869 1809 ad
1886 1776 2125 1809 immissionem
2149 1775 2296 1808 incendii
2313 1783 2402 1814 primo.
2418 1783 2443 1805 de

1327 1831 1455 1863 amoris
1479 1840 1536 1873 per
1568 1831 1737 1863 efficaciam
1762 1830 1916 1863 adventus
1945 1829 2037 1871 primi
2062 1829 2155 1862 dicit:
2180 1829 2293 1872 19710711
2313 1815 2444 1867 'ni'nmc‘e'iiffi'im

1326 1885 1402 1917 veni
1424 1884 1550 1916 mittere
1574 1884 1609 1916 in
1634 1888 1778 1922 terram,
1804 1883 1909 1925 ignem
1933 1882 2051 1915 scilieet
2078 1882 2188 1915 divini
2209 1891 2295 1915 amo-
2335 1869 2421 1885 3ωοῐί

1327 1938 1386 1977 ris,
1403 1939 1457 1980 qui
1476 1938 1538 1980 igni
1563 1941 1765 1979 comparatur
1786 1936 1987 1969 Canticorum
2004 1936 2116 1968 ultimo
2130 1937 2170 1968 ¹¹:
2193 1949 2208 1965 α
2221 1937 2294 1969 For-

1327 1992 1367 2024 tis
1390 1995 1438 2024 est
1460 1994 1497 2023 ut
1521 2000 1607 2024 mors
1623 1990 1761 2029 dilectio,
1786 1989 1868 2022 dura
1885 1989 1966 2022 sicut
1990 1989 2133 2022 infernus
2156 1990 2295 2023 aemula-

1328 2045 1388 2083 ti0;
1413 2044 1571 2086 lampades
1587 2044 1671 2082 eius,
1694 2042 1852 2084 lampades
1869 2042 1949 2084 ignis
1966 2056 1981 2071 n
2011 2045 2069 2075 etc.
2087 2043 2146 2076 Sed
2169 2043 2294 2076 dilectio

1328 2097 1480 2130 carnalis
1512 2100 1560 2130 est
1591 2097 1672 2129 sicut
1704 2096 1785 2138 ignis
1818 2094 2017 2137 infernalis;
2049 2096 2101 2129 lob
2132 2096 2293 2139 trigesimo

1329 2151 1432 2194 primo
1449 2150 1497 2183 ¹²:
1528 2163 1543 2179 <c
1568 2150 1650 2192 Ignis
1673 2153 1720 2182 est
1743 2158 1846 2191 usque
1869 2148 1908 2181 ad
1932 2149 2181 2182 consumtionem
2201 2150 2295 2183 devo-

1329 2213 1403 2237 rans
1420 2216 1454 2242 »;
1472 2199 1502 2236 et
1524 2203 1728 2236 Ecclesiastici
1747 2202 1857 2235 tertio:
1887 2215 1903 2231 «
1919 2202 2007 2235 Sicut
2022 2212 2105 2245 aqua
2121 2203 2295 2246 exstinguit

1329 2258 1431 2300 ignem
1450 2271 1465 2286 υ
1487 2260 1545 2289 etc.
1563 2256 1693 2289 Dilectio
1709 2260 1815 2289 autem
1839 2255 2031 2298 spiritualis
2046 2260 2094 2289 est
2117 2257 2199 2290 sicut
2214 2257 2294 2299 ignis

1328 2310 1495 2347 caelestis:
1518 2310 1719 2342 Tbrenorum
1744 2309 1845 2351 primo
1860 2309 1903 2341 ¹³:
1939 2322 1954 2337 «
1977 2309 2021 2342 De
2052 2310 2178 2343 excelso
2209 2309 2295 2343 misit

1328 2364 1431 2406 ignem
1456 2363 1486 2395 in
1512 2363 1636 2396 ossibus
1665 2363 1742 2395 meis
1762 2376 1777 2391 »
1807 2366 1865 2396 etc.
1899 2363 1986 2395 Hunc
2017 2362 2118 2395 mittit
2141 2363 2294 2396 Dominus
2306 2370 2456 2418 d'rriqumg:

1329 2417 1605 2450 communicando
1630 2416 1835 2454 doctrinam;
1857 2416 2016 2449 Psalmus:
2048 2430 2063 2445 «ι
2079 2416 2213 2459 Ignitum
2230 2399 2456 2450 010-111ιῖῗει1ῗῖ-ἠ8111

1329 2470 1440 2513 quium
1459 2472 1550 2502 tuum
1574 2469 1778 2502 vehementer
1795 2481 1830 2508 »;
1848 2473 1878 2502 et
1896 2469 2043 2502 Ieremiae
2064 2469 2214 2511 vigesimo
2231 2473 2294 2502 ter-

1330 2524 1387 2557 tio:
1417 2537 1432 2552 «
1446 2524 1553 2556 Nonne
1577 2523 1674 2556 verba
1698 2532 1768 2556 mea
1784 2523 1865 2556 sicut
1888 2523 1983 2566 ignis,
2008 2526 2039 2556 et
2055 2523 2138 2556 sicut
2160 2523 2293 2556 malleus

375 2746 384 2761 ¹
406 2748 480 2773 vers.
501 2748 548 2779 13,
567 2748 608 2773 0111
628 2747 792 2773 subnectitur
811 2748 872 2772 Luc.
893 2748 942 2777 23,
963 2746 1006 2772 34.

373 2790 384 2805 ²
403 2792 496 2817 Psalm.
516 2793 562 2824 35,
583 2792 608 2817 4.
626 2806 661 2811 —
681 2792 738 2817 Duo
756 2799 831 2824 seqq.
849 2791 898 2816 loci
918 2794 978 2817 sunt
997 2792 1014 2816 l.
1034 2790 1093 2816 Cor.
1114 2791 1161 2822 114,
1180 2791 1223 2816 38.
1239 2793 1265 2816 et

303 2835 368 2861 Osee
388 2836 417 2868 4,
439 2836 480 2861 lt.

374 2878 384 2893 ⁸
404 2880 506 2905 Scilicet
525 2879 668 2906 ordinaria
694 2880 718 2905 in
746 2881 808 2906 Luc.
829 2880 874 2911 12,
895 2879 948 2905 48:
968 2889 981 2902 α
995 2878 1174 2906 Ambrosius:
1194 2879 1265 2905 Multi

303 2924 490 2954 existimantes,
500 2931 537 2959 ¹se
550 2924 637 2949 minus
650 2924 832 2955 vapulaturos,
845 2924 867 2949 si
881 2923 1012 2955 nesciant,
1025 2923 1090 2956 quid
1104 2923 1207 2955 operari
1221 2923 1265 2949 de-

304 2961 396 2999 beant,
410 2975 500 2993 aurem
514 2971 648 2999 avertunt,
667 2975 701 2993 ne
719 2968 826 2993 audiant
839 2968 984 2994 veritatem.
1005 2968 1056 2994 Sed
1076 2975 1136 2994 cum
1157 2971 1265 3000 possent

304 3012 384 3042 scire,
397 3012 418 3037 si
438 3012 532 3037 vellent
549 3013 665 3038 studium
685 3012 825 3043 adhibere,
837 3019 890 3038 non
904 3012 1063 3043 nescientes,
1083 3012 1131 3038 sed
1150 3015 1264 3038 contem-

304 3059 393 3086 ptores
411 3055 558 3081 iudicantur
572 3065 596 3081 n.
615 3056 685 3081 Haec
703 3046 793 3082 G'lossa
812 3056 889 3082 etiam
909 3064 924 3082 a
944 3056 1021 3083 Card.
1046 3057 1115 3089 Hug.
1141 3056 1264 3083 tribuitur

304 3099 391 3126 Bedae
404 3099 460 3132 (cfr.
480 3101 520 3125 lV.
540 3100 566 3125 in
586 3101 647 3126 Luc.
662 3101 694 3125 12
703 3120 710 3132 ,
724 3100 777 3134 48.)
786 3120 793 3132 ,
806 3101 920 3126 occurrit
933 3104 1019 3126 tamen
1032 3102 1085 3127 iam
1099 3102 1125 3126 in
1138 3101 1248 3133 Gregor.
1257 3121 1263 3133 ‚

304 3145 363 3171 XV.
384 3145 470 3170 Moral.
498 3152 521 3170 0.
550 3145 591 3171 45.
612 3153 637 3171 11.
656 3145 700 3171 51.
717 3159 754 3165 —-
772 3145 890 3172 Subinde
908 3147 1054 3178 allegantur
1073 3147 1153 3172 Prov.
1170 3146 1219 3176 28,
1238 3145 1262 3171 9.

303 3192 329 3214 et
348 3189 388 3215 Ps.
408 3189 455 3221 57,
475 3190 498 3215 5.
526 3206 528 3208 -

374 3232 385 3247 ⁴
404 3233 474 3260 Libr.
493 3235 511 3260 l.
530 3234 623 3260 Homil.
644 3235 667 3260 in
690 3236 789 3267 Evang.
815 3236 904 3262 homil.
929 3236 953 3261 9.
978 3243 1004 3261 n.
1031 3236 1055 3260 1.
1079 3249 1114 3255 -
1140 3234 1264 3268 Sequitur

304 3278 365 3303 Luc.
386 3278 433 3311 16,
453 3279 478 3304 2.

374 3321 386 3336 ⁸
405 3323 438 3348 lta
458 3323 547 3349 Glossa
566 3323 748 3351 interlinearis
761 3331 791 3350 ex
805 3324 883 3349 Beda.
897 3338 932 3344 —
945 3323 1064 3350 Subinde
1077 3322 1188 3350 vocibus
1197 3322 1263 3356 plus

301 3367 390 3399 petent
409 3366 491 3392 CGH
510 3368 659 3400 praefigunt
677 3368 809 3400 multum,
828 3372 854 3394 et
873 3368 933 3394 dein
951 3369 1080 3400 allegatur
1104 3368 1192 3394 Matth.
1214 3367 1262 3399 25,

307 3410 347 3435 19.
366 3410 417 3436 Ct‘r.
437 3412 560 3442 Gregor.,
580 3412 659 3437 XXll.
678 3413 766 3438 Moral.
785 3420 808 3438 c.
827 3412 854 3438 5.
873 3420 896 3438 n.
917 3414 942 3438 8.
961 3419 1035 3445 seqq.

1400 2743 1412 2758 ‘³
1432 2746 1505 2771 Vei-s.
1527 2745 1574 2777 47,
1594 2744 1638 2771 ubi
1657 2748 1718 2776 post
1733 2744 1896 2778 praepositis
1914 2743 2011 2771 vestris
2030 2744 2109 2770 codd.
2128 2744 2231 2770 addunt
2239 2750 2291 2778 per

1329 2790 1421 2816 omnia
1442 2790 1498 2823 (cfr.
1517 2789 1570 2816 Col.
1591 2791 1619 2822 3,
1640 2791 1682 2816 20.
1702 2793 1728 2815 et
1747 2790 1811 2823 22).
1829 2803 1865 2809 —-
1884 2789 1968 2820 Beda,
1990 2789 2030 2814 lV.
2051 2789 2077 2814 in
2096 2790 2159 2815 Luc.
2181 2790 2227 2821 12,
2245 2789 2293 2815 48:

1328 2834 1447 2862 Mallum
1467 2837 1554 2860 autem
1574 2835 1775 2861 commendatur
1803 2834 1827 2859 ei
1852 2834 1895 2860 0111
1913 2840 1974 2859 cum
1994 2840 2041 2859 sua
2061 2833 2144 2859 salute
2167 2833 2292 2860 dominici

1328 2886 1436 2912 quoque
1456 2879 1545 2911 gregis
1564 2879 1690 2911 pascendi
1709 2886 1771 2905 cura
1790 2878 1971 2905 committitur.

1400 2921 1409 2937 ⁷
1430 2923 1505 2949 Vers.
1526 2924 1574 2955 39,
1595 2926 1654 2955 post
1673 2930 1754 2956 quem
1773 2924 1819 2948 101·-
1841 2923 1889 2953 13,
1908 2923 1951 2947 20.
1970 2929 2025 2956 seq.

1400 2965 1410 2981 ⁸
1431 2966 1505 2993 Vers.
1520 2968 1562 2993 28.
1577 2967 1665 3000 (codd.
1679 2968 1803 2993 omittunt
1816 2966 1920 2992 Paulus
1933 2969 1959 2991 et
1971 2966 1992 2991 A
2003 2966 2022 2993 C
2032 2967 2054 2992 D
2072 2966 2235 3000 episcopos),
2249 2967 2291 2993 cui

1328 3011 1497 3043 subiungitur
1517 3012 1608 3037 Ezech.
1622 3011 1670 3042 34,
1686 3012 1733 3042 to,
1746 3011 1773 3036 in
1787 3011 1862 3037 cuius
1875 3011 1927 3036 nne
1940 3017 1989 3042 pro
2001 3010 2121 3044 amplius
2137 3010 2156 3037 C
2168 3011 2189 3036 D
2207 3010 2292 3037 ultra.

1398 3053 1410 3069 ⁹
1430 3056 1504 3081 vers.
1524 3055 1567 3082 54.
1585 3069 1621 3075 --
1640 3056 1689 3083 Pro
1709 3053 1893 3088 desipientiam
1913 3054 1971 3080 Vat.
1991 3057 2017 3079 et
2034 3054 2056 3079 Η
2076 3053 2215 3081 desidiam.

1400 3098 1422 3114 ¹⁰
1441 3100 1499 3126 Vat.
1518 3099 1555 3126 ud
1572 3099 1716 3127 sollicitam
1735 3098 1914 3133 vigilantiam.

1400 3143 1421 3158 ¹¹
1442 3145 1517 3170 Vers.
1537 3145 1562 3170 6.
1581 3144 1633 3170 Ct‘r.
1653 3143 1789 3174 Ambros.‚
1811 3143 1863 3169 Vll.
1875 3143 1903 3168 in
1916 3143 1979 3168 Luc.
1993 3143 2035 3168 42.
2049 3150 2074 3168 11.
2089 3144 2154 3176 132;
2168 3144 2292 3175 Gregor.,

1328 3188 1461 3214 1.1{omil.
1483 3188 1508 3214 in
1527 3189 1620 3214 Ezech.
1639 3188 1729 3214 homil.
1757 3188 1782 3213 5.
1811 3194 1837 3212 n.
1866 3187 1889 3212 8.
1918 3189 1944 3212 et
1972 3187 1998 3212 ll.
2025 3187 2119 3213 Homil.
2142 3188 2168 3213 in
2190 3188 2292 3219 Evang.
2335 3202 2340 3207 ·

1328 3232 1418 3258 homil.
1438 3232 1481 3258 30.
1500 3239 1526 3257 n.
1547 3232 1572 3258 5.

1400 3274 1421 3290 ¹²
1443 3277 1516 3302 Vers.
1539 3278 1580 3302 12.
1602 3275 1665 3311 (pro
1685 3274 1898 3303 consumtionem
1917 3275 2030 3307 Vulgata
2049 3278 2075 3301 et
2092 3276 2151 3302 Vat.
2167 3274 2292 3309 perditio-

1327 3324 1413 3353 nem),
1434 3324 1493 3353 post
1511 3328 1591 3354 quem
1612 3321 1689 3347 Eccli.
1709 3321 1739 3352 3,
1760 3320 1802 3346 33.

1399 3363 1422 3379 ²³
1442 3365 1518 3391 Vers.
1535 3366 1576 3391 13.
1589 3379 1625 3385 -
1639 3365 1695 3391 Duo
1708 3371 1784 3397 seqq.
1797 3363 1846 3389 loci
1860 3366 1920 3389 sunt
1933 3364 1973 3389 Ps.
1990 3364 2053 3395 118,
2068 3363 2127 3390 tto.
2141 3367 2167 3389 et
2181 3364 2226 3389 ler.
2241 3364 2288 3394 23,

1328 3410 1377 3442 29,
1397 3409 1422 3434 in
1441 3409 1516 3434 euius
1534 3409 1587 3434 ssne
1605 3416 1654 3441 pro
1670 3410 1779 3442 peti-am
1797 3407 1816 3434 C
1828 3408 1880 3433 DG
1895 3409 2012 3441 petrus.-
