2476 3921
122 1544 155 1565 De
160 1544 201 1565 hoc
207 1540 277 1565 exem-

137 1571 172 1597 plo
188 1571 277 1597 tangun-

137 1601 171 1618 tur
177 1600 276 1624 quatuor.

124 1810 201 1832 Munus
209 1810 279 1831 multi-

134 1837 216 1858 tudinis
225 1843 277 1864 opu·

133 1864 212 1885 lentae.

124 2077 220 2103 Qnatuor
229 2081 277 2098 sen·

124 2109 162 2124 sus
171 2103 277 2131 gazophy-

171 2130 231 2152 lacti.

293 274 358 307 5⁶20

290 363 360 396 eius
390 362 445 395 fiat
474 361 507 394 in
538 363 751 403 peccatum»,
775 359 868 402 quia,
898 358 1046 391 Ieremiae
1077 356 1252 400 quadrage-

290 416 369 449 simo
392 418 521 453 octavo,
551 427 566 442 a
581 412 768 446 maledictus
792 412 846 455 qui
870 411 1048 453 facitvopus
1070 410 1126 443 Dei
1155 409 1253 451 negli-

289 472 400 512 genter
416 482 447 501 ».
472 487 516 492 -
539 468 576 500 Ε1
599 467 669 500 ideo
697 466 822 499 subdit:
846 465 894 498 Hi
916 465 1079 507 accipient
1109 464 1253 496 (lamna-

290 523 410 556 tionem
432 522 616 560 maiorcm,
641 520 726 563 quia,
751 519 833 553 sicut
867 518 984 552 dicitur
1015 517 1068 550 lob
1091 516 1253 559 trigesimo

289 580 381 610 sexto
394 566 417 615 ¹,
439 589 454 605 α
467 575 669 609 simulatores
685 576 717 607 et
732 572 834 606 callidi
852 574 1024 614 provocant
1048 571 1128 603 iram
1152 569 1252 603 Dei».

289 630 360 663 Ideo
394 628 600 662 Ecclesiastici
635 627 754 670 primo:
785 626 860 659 «Ne
888 625 987 658 fueris
1022 623 1187 666 hypocrita
1220 623 1252 655 10

289 686 460 725 conspectu
492 681 656 715 hominum
674 693 705 719 »‚
736 693 751 708 «
767 688 807 712 ne
838 678 957 711 revelet
987 677 1072 710 Deus
1102 676 1254 709 absconsa

289 741 345 769 tua
367 739 399 769 et
421 735 454 768 in
478 734 582 767 medio
606 741 781 775 synagogae
797 731 891 765 elidat
907 734 937 763 te
950 744 981 762 ».
1000 730 1035 762 Et
1051 729 1120 762 ideo
1141 729 1255 762 scribis

289 795 439 833 tanquam
463 787 637 831 hypocritis
660 787 855 828 imprecatur
879 784 994 827 septies
1017 792 1090 822 vae,
1106 782 1253 815 Matthaei

875 269 1069 302 COMMENT.
1095 268 1133 301 ΙΝ
1158 266 1396 301 EVANGELIUM
1420 265 1538 299 LUCAE
1561 265 1593 297 C.
1617 265 1693 297 xxl.

1317 355 1469 398 vigesimo
1486 354 1579 387 tertio
1591 354 1622 386 ²:
1644 366 1659 382 α
1673 353 1737 386 Vae
1749 352 1849 392 vobis,
1866 351 1988 385 scribae
2003 354 2034 385 et
2050 351 2207 384 Pharisaei
2224 351 2282 393 hy-

1316 408 1456 450 pocritae
1468 410 1499 440 n!
1516 410 1647 449 propter
1664 406 1880 448 septiformem
1897 405 2283 447 simulationem,propter

1317 471 1413 504 quam
1437 461 1523 503 digni
1547 463 1656 500 erant,
1680 469 1754 493 cum
1771 459 1839 493 suis
1854 459 2044 502 sequacibus
2066 458 2099 491 in
2122 461 2283 492 aeternam

1316 514 1518 558 praecipitari
1534 513 1781 553 damnationem,
1799 513 1973 546 secundum
1990 512 2068 545 illud
2084 512 2284 555 Apocalypsis

1317 568 1438 601 decimo
1454 577 1555 609 nono:
1574 580 1590 596 <r
1602 567 1806 609 Apprehensa
1822 569 1869 599 est
1885 565 1985 599 hestia
2001 568 2033 599 et
2048 574 2120 598 cum
2137 574 2175 598 ea
2190 574 2284 607 pseu-

1317 621 1531 664 dopropheta,
1555 620 1611 662 qui
1634 620 1709 653 fecit
1732 619 1821 662 signa
1836 627 1942 652 coram
1960 618 2038 661 ipso,
2056 618 2175 661 quibus
2190 617 2284 651 sedu-

1317 675 1367 708 xit
1393 683 1446 708 eos
1469 674 1524 717 qui
1548 676 1741 716 acceperunt
1764 673 1981 706 characterem
2005 671 2141 711 bestiae;
2166 675 2198 704 et
2220 671 2284 705 vivi

1318 728 1406 761 missi
1423 731 1498 760 sunt
1513 727 1546 760 hi
1558 726 1622 760 dno
1638 727 1671 759 in
1687 729 1834 769 stagnum
1852 725 1934 768 ignis
1948 724 2088 758 ardentis
2103 727 2138 768 et
2151 725 2285 767 sulphu-

1318 781 1372 814 ris.
1398 781 1435 814 Et
1457 789 1567 814 omnes
1590 788 1664 813 aves
1688 782 1848 813 saturatae
1868 781 1943 812 sunt
1959 778 2109 811 carnibus
2124 786 2235 811 eorum
2252 790 2283 810 n.

1157 942 1342 975 Carnutum
1367 942 1441 974 XXI.

332 1108 484 1136 informatio
502 1107 535 1134 311
553 1105 706 1141 eligentium
724 1104 858 1132 meliorum
876 1111 921 1139 per
940 1102 1085 1138 exemplum
1103 1102 1208 1130 viduae.

380 1217 407 1248 1.
437 1214 539 1256 (Vers.
561 1213 613 1255 1.).
638 1211 826 1254 Respiciens
849 1215 960 1243 autem
984 1209 1070 1242 vidit
1091 1212 1150 1242 etc.
1167 1209 1254 1242 Post-

287 1279 384 1313 quam
408 1267 589 1302 informavit
619 1266 790 1308 discipulos
820 1264 860 1297 ad
892 1264 1047 1297 cautelam
1075 1264 1253 1302 malorum,

286 1324 339 1357 1110
363 1321 501 1356 secundo
514 1321 527 1340 ³
551 1319 715 1363 informat
731 1328 784 1351 eos
800 1318 847 1351 acl
861 1317 1048 1361 eliqentiam
1064 1316 1253 1356 meliorum,

288 1380 320 1410 et
342 1377 402 1409 hoc
433 1375 582 1417 exemplo
614 1373 826 1416 pauperculae
854 1371 985 1410 viduae,
1021 1371 1182 1404 offerentis
1206 1374 1253 1403 to-

288 1435 356 1463 tum
382 1429 500 1462 victum
525 1436 638 1466 51111111,
663 1435 745 1469 quae
768 1425 949 1468 praefertur
972 1424 1059 1463 aliis,
1095 1424 1150 1466 qui
1178 1432 1253 1465 par-

288 1489 352 1517 tem
376 1483 542 1516 dederunt.
566 1482 600 1514 10
624 1482 683 1514 1130
706 1480 803 1523 igitur
834 1482 924 1523 parte
951 1478 1094 1521 procedit
1118 1479 1178 1511 hoc
1200 1487 1253 1510 or-

289 1537 371 1570 dine.
408 1535 623 1569 introducitur
657 1534 741 1567 enim
778 1533 829 1566 1110
864 1542 990 1565 munus
1025 1531 1252 1565 multitudinis

289 1590 480 1633 opulentae,
504 1588 625 1621 oblatio
648 1588 771 1620 viduae
790 1586 1037 1630 pauperculae.
1063 1585 1140 1618 laus
1164 1584 1254 1618 obla-

289 1644 388 1679 tionis
423 1652 446 1675 a
480 1642 587 1675 vidua
621 1638 733 1683 factae
764 1644 795 1673 et
830 1639 1019 1682 assiynatio
1050 1638 1195 1671 rationis
1226 1642 1254 1670 et

290 1706 424 1730 causae.

378 1749 483 1782 Primo
495 1758 571 1790 ergo
583 1750 738 1790 quantum
752 1746 791 1779 ad
803 1756 929 1779 munus
936 1745 1163 1778 multitudinis
1172 1755 1254 1787 opu-

293 1804 396 1836 lentae
420 1801 511 1834 dicit:
537 1800 725 1842 Respiciens
749 1803 860 1831 autem
883 1798 966 1831 vidit
990 1808 1042 1830 cos
1066 1798 1126 1842 qui
1147 1798 1253 1831 mitte—

293 1856 373 1889 bant
395 1864 538 1887 munera
561 1863 628 1886 sua
651 1853 688 1885 in
701 1851 1005 1895 yakopltylacittm,
1024 1852 1149 1884 divites.
1167 1852 1254 1891 Nota,

290 1909 376 1952 quod
397 1906 682 1951 yazopliylacium
705 1906 821 1939 dicitur
844 1915 863 1938 3
885 1906 984 1948 gazis,
1002 1905 1033 1938 id
1049 1908 1097 1939 est
1119 1905 1254 1945 divitiis,

290 1966 321 1996 et
344 1962 508 2005 phylasse,
524 1961 610 2003 quod
634 1963 681 1993 est
698 1969 842 1998 servare;
860 1959 932 1992 inde
946 1958 1254 2003 yazoplzylacium,

289 2015 396 2055 10005,
427 2014 483 2047 0111
515 2017 583 2047 erat
618 2012 842 2055 repositorium
874 2012 1028 2054 pecuniae
1039 2012 1062 2044 4.
1096 2011 1255 2053 Accipitur

289 2071 397 2102 autem
427 2065 715 2110 9azophytacium
742 2065 912 2108 aliquando
934 2074 993 2107 pro
1017 2064 1104 2104 loco,
1133 2064 1166 2097 in
1190 2073 1255 2107 quo

290 2121 521 2165 reponebatur,
546 2120 628 2153 sicut
651 2119 818 2152 Nehemiae
841 2118 1001 2152 decimo⁵:
1031 2131 1046 2147 «
1063 2118 1188 2151 Levitae
1209 2117 1255 2151 of-

289 2175 392 2209 ferent
414 2175 568 2208 decimam
592 2176 715 2216 partem
738 2172 876 2206 decimae
900 2172 932 2205 in
948 2172 1040 2205 domo
1060 2172 1115 2205 Dei
1139 2172 1178 2205 ad
1202 2181 1256 2214 ga-

264 2237 267 2238 ’
290 2228 509 2271 zophylacium
530 2227 560 2260 in
578 2227 671 2260 domo
687 2226 829 2259 thesauri
846 2239 877 2258 11.
894 2226 1067 2268 Aliquando
1083 2235 1142 2268 pro
1158 2226 1255 2258 domo

291 2282 469 2315 levitarum
492 2285 521 2314 et
551 2281 784 2318 sacerdotum·
813 2279 983 2312 Ezechielis
1014 2278 1256 2321 quadragesimo

291 2335 466 2369 secundo‘i:
496 2334 643 2367 «Eduxit
666 2342 717 2366 me
740 2333 772 2365 in
796 2333 912 2365 atrium
938 2332 1082 2365 exterius
1106 2335 1138 2365 et
1162 2332 1255 2365 indu-

291 2390 340 2422 xit
363 2389 395 2422 in
419 2388 694 2431 gazophylacium,
726 2386 811 2429 quod
839 2389 908 2420 erat
938 2389 1049 2419 contra
1075 2385 1255 2418 aediticium

291 2445 471 2484 separatum
488 2453 520 2481 »;
534 2444 565 2474 et
577 2442 665 2482 post:
684 2452 699 2468 «
712 2440 792 2474 Haec
809 2442 883 2472 sunt
898 2438 1121 2481 gazophylacia
1137 2441 1254 2477 sancta,

291 2495 324 2528 in
349 2495 466 2537 quibus
494 2496 669 2527 vescuntur
698 2492 919 2526 sacerdotes».
944 2491 1117 2534 Aliquando
1141 2491 1255 2534 accipi-

291 2551 346 2580 tur
370 2557 429 2590 pro
460 2547 615 2589 porticu,
639 2546 671 2579 in
706 2555 771 2588 quo
802 2545 919 2578 fiebant
950 2545 1140 2583 oblationes,
1174 2544 1256 2577 sicut

292 2600 415 2633 Ioannis
438 2600 592 2633 octavo⁷z
622 2612 637 2627 α
655 2599 734 2631 11300
758 2598 856 2631 verba
883 2598 1009 2630 locutus
1043 2600 1091 2630 est
1114 2597 1200 2630 lesus
1223 2597 1255 2629 in

366 2778 374 2793 ¹
395 2778 471 2804 Vers.
493 2778 539 2808 ta,
558 2777 600 2803 cui
620 2776 809 2803 subnectuntur
830 2776 907 2802 Eccli.
924 2777 952 2806 1,
967 2776 1009 2802 37.
1022 2779 1047 2801 01
1061 2776 1103 2801 39.
1119 2790 1152 2794 -
1166 2776 1256 2802 (110553

292 2820 437 2849 ¹ordinaria
457 2822 498 2855 (ex
517 2821 613 2855 Beda),
633 2827 765 2853 exponens
778 2820 840 2846 illud
853 2819 1014 2846 simulantes
1028 2819 1140 2853 longam
1159 2819 1258 2846 oratio-

294 2874 370 2898 nem,
390 2867 466 2893 dicit:
487 2867 605 2899 Quorum
624 2865 707 2891 oratio
728 2865 755 2890 fit
774 2865 800 2890 in
825 2867 964 2897 peccatum
984 2862 1045 2897 [cfr.
1064 2864 1104 2889 Ps.
1126 2864 1192 2894 108,
1211 2863 1258 2897 7.],

295 2914 323 2937 01
341 2918 393 2937 000
412 2911 498 2936 solum
517 2917 566 2942 pro
586 2910 642 2935 aliis
660 2916 714 2935 non
743 2909 844 2941 possint
872 2908 1049 2939 intercedere,
1073 2908 1120 2934 sed
1140 2915 1188 2934 000
1207 2907 1257 2933 51111

294 2955 328 2981 ad
347 2956 457 2981 salutem
478 2954 620 2987 proficere,
640 2954 721 2979 immo
735 2961 784 2985 pro
797 2953 861 2985 ipsis
873 2952 1035 2979 orationibus
1050 2952 1135 2984 magis
1148 2952 1259 2978 damna-

294 2999 402 3025 buntur.
421 2998 457 3025 Hi
474 2998 604 3032 accipient
628 2997 829 3024 damnationem
853 2997 994 3024 maiorem.
1014 2998 1040 3023 ln
1061 2998 1111 3023 1100
1130 2997 1257 3029 insinuat,

294 3044 352 3070 illos
370 3044 462 3075 etiam,
482 3043 529 3076 qui
547 3042 576 3070 in
595 3042 705 3076 annulis
723 3044 824 3070 stantes
838 3044 929 3073 orant,
948 3044 979 3069 ut
996 3041 1140 3069 videantur
1159 3040 1193 3068 ab
1212 3040 1256 3068 ho-

294 3087 412 3115 minibus
431 3087 533 3122 [Mattu.
554 3088 584 3120 6,
605 3086 650 3121 5.]‚
669 3087 865 3113 damnanonem
884 3086 994 3120 quidem
1012 3086 1121 3117 mereri,
1134 3086 1182 3112 sed
1196 3086 1259 3112 istos

294 3133 431 3159 maiorem.

366 3176 376 3192 ²
396 3177 472 3203 Vers.
492 3176 585 3209 ⁴3·29;
604 3177 652 3202 ct'r.
673 3183 754 3209 supra
773 3183 836 3208 pag.
858 3176 925 3209 295,
944 3178 1005 3202 nota
1026 3175 1068 3201 10.
1081 3177 1107 3201 01
1120 3182 1182 3207 pag.
1196 3175 1258 3206 304,

295 3225 355 3248 nota
376 3222 419 3248 13.
436 3235 472 3241 -
492 3221 610 3247 Subinde
634 3221 780 3253 allegantur
798 3222 881 3253 Apoc.
901 3221 948 3252 49,
968 3220 1012 3246 20.
1030 3223 1057 3246 et
1075 3220 1124 3251 21,
1144 3218 1190 3245 ubi
1209 3226 1258 3252 pro

295 3273 390 3293 coram
409 3266 466 3300 ipso
485 3266 504 3293 C
515 3266 568 3292 DG
587 3272 681 3292 coram
700 3265 768 3299 ipsa.

367 3310 378 3325 ⁹
397 3310 448 3337 Csr.
467 3317 547 3342 supra
566 3316 589 3336 c.
608 3310 650 3336 20.
670 3317 697 3336 n.
716 3309 760 3336 5-2.

367 3354 378 3369 ⁴
397 3354 480 3386 Beda,
499 3354 532 3380 V.
552 3354 577 3380 in
596 3354 658 3380 Luc.
678 3354 727 3385 21,
749 3354 858 3387 tzQuia
872 3360 993 3380 sermone
1006 3353 1106 3379 Graeco
1120 3349 1259 3387 φυλάσσειν

294 3405 406 3426 servare
424 3398 533 3431 dicitur,
545 3401 571 3424 et
583 3404 655 3432 yaza
673 3398 762 3430 lingua
781 3398 883 3425 Persica
896 3398 1004 3424 divitiae
1017 3399 1160 3430 vocantur,
1179 3402 1259 3430 qazo-

291 3437 453 3477 phytacium
472 3443 545 3469 loeus
563 3443 689 3475 appellari
708 3443 787 3475 solet,
806 3449 861 3475 quo
879 3442 987 3468 divitiae
1006 3444 1154 3468 servantur.

1317 1101 1550 1144 gazophylacio,
1567 1100 1683 1134 docens
1699 1100 1732 1133 in
1748 1100 1867 1143 templo
1880 1114 1910 1132 ».
1935 1100 2109 1143 Aliquando
2130 1099 2285 1142 accipitur

1318 1164 1378 1197 pro
1401 1155 1478 1197 ipsa
1501 1164 1608 1194 arca,
1640 1163 1722 1196 quae
1754 1154 1901 1187 servabat
1932 1153 2124 1193 oblationes,
2148 1153 2286 1196 desuper

1318 1208 1439 1242 habens
1461 1208 1620 1247 foramen,
1644 1207 1727 1240 sicut
1758 1207 1827 1247 hic;
1860 1207 1945 1240 unde
1972 1207 2124 1240 Glossa⁵⁵2
2162 1207 2287 1240 «Gazo-

1318 1262 1500 1305 phylacium
1524 1264 1572 1295 est
1586 1270 1677 1301 arca,
1703 1261 1823 1294 habens
1844 1261 1986 1294 foramen
2002 1260 2157 1303 desuper,
2174 1261 2205 1294 in
2223 1270 2288 1304 qua

1318 1316 1484 1349 mittebant
1497 1315 1675 1348 sacerdotes
1687 1315 1848 1357 pecunias,
1861 1323 1943 1357 quae
1959 1314 2234 1357 congregabantur
2247 1314 2286 1347 ad

1318 1369 1513 1403 necessarios
1537 1378 1616 1402 usus
1640 1368 1748 1411 templi
1767 1382 1797 1401 n.
1824 1368 1859 1401 Et
1883 1369 1961 1401 haec
1984 1377 2059 1401 arca
2082 1368 2143 1401 3110
2159 1368 2287 1401 nomine
2326 1362 2329 1364 ’

1318 1423 1483 1457 dicebatur
1506 1422 1668 1462 musach,
1693 1423 1776 1456 sicut
1806 1422 1923 1455 dicitur
1955 1422 2060 1464 quarti
2086 1423 2206 1464 Regum
2233 1422 2287 1455 de-

1318 1477 1399 1510 cimo
1423 1476 1556 1510 sext092
1586 1489 1602 1505 α
1619 1476 1747 1509 Musach
1772 1484 1901 1518 quoque
1925 1475 2050 1508 Sabbati
2075 1470 2231 1508 convertit
2254 1474 2287 1507 in

1318 1531 1471 1573 templum
1496 1529 1618 1563 Domini
1637 1532 1767 1572 propter
1784 1538 1891 1572 regem
1908 1528 2108 1571 Assyriorum
2126 1542 2156 1561 n.
2176 1529 2211 1562 Et
2227 1529 2287 1562 hoc

1317 1584 1379 1617 alio
1402 1584 1530 1617 nomine
1553 1583 1719 1617 dicebatur
1743 1582 1908 1621 corbona,
1932 1582 2014 1615 sicut
2037 1582 2183 1616 Matthaei
2202 1582 2287 1624 vige-

1318 1637 1399 1671 simo
1423 1637 1575 1680 septimo:
1604 1650 1621 1665 «
1638 1637 1703 1682 Non
1729 1636 1801 1669 licet
1816 1645 1870 1669 eos
1893 1635 2020 1668 mittere
2044 1635 2076 1668 in
2100 1635 2286 1675 corbonam,

1318 1691 1393 1733 quia
1417 1691 1558 1733 pretium
1583 1690 1746 1733 sanguinis
1770 1692 1865 1723 est».

1409 1746 1439 1778 2.
1466 1744 1498 1777 10
1522 1744 1583 1777 hoc
1606 1748 1713 1777 autem
1737 1743 1946 1776 mittebantur
1970 1743 2144 1776 oblationes
2167 1742 2284 1785 duplici
2297 1745 2417 1800 agbffiffig

1319 1808 1361 1832 ex
1385 1807 1498 1832 causa:
1524 1798 1573 1831 vel
1589 1798 1629 1830 ad
1645 1797 1814 1830 luminaria
1834 1796 2064 1836 concinnanda,
2081 1797 2131 1830 vel
2147 1797 2185 1829 ad
2202 1800 2288 1830 sarta
2334 1799 2404 1822 finem·

1319 1854 1402 1884 tecta
1425 1851 1535 1893 templi
1567 1850 1761 1893 reparanda,
1785 1850 1959 1883 secundum
1992 1850 2071 1883 illud
2099 1850 2205 1892 quarti
2230 1851 2288 1883 Re-

1319 1914 1396 1947 gum
1427 1904 1614 1937 duodecimo
1627 1904 1671 1936 1⁰:
1702 1916 1717 1932 «
1734 1903 1867 1936 Omnem
1896 1903 2062 1945 pecuniam
2087 1907 2286 1943 sanctorum,

1320 1967 1401 2000 quae
1425 1957 1511 1990 illata
1534 1957 1631 1990 fuerit
1654 1957 1686 1990 in
1704 1957 1858 1999 templum
1874 1956 2015 1995 Domini,
2032 1956 2186 1999 accipiant
2202 1957 2287 1990 illam

1320 2010 1517 2050 sacerdotes;
1533 2013 1566 2043 et
1581 2010 1759 2043 instaurent
1775 2013 1861 2043 sarta
1876 2012 1958 2042 tecta
1973 2009 2086 2042 domus
2098 2022 2130 2049 »;
2154 2012 2186 2043 et
2202 2013 2286 2052 post:

1325 2063 1443 2096 «Tulit
1466 2063 1568 2096 loiada
1599 2062 1856 2105 gazophylacium
1892 2072 1993 2096 unum
2024 2062 2288 2105 aperuitques07

1320 2125 1431 2150 ramen
1455 2116 1592 2158 desuper
1616 2118 1647 2149 01
1663 2115 1769 2158 posuit
1784 2115 1863 2148 illud
1878 2115 1971 2148 iuxta
1986 2115 2103 2155 altare,
2120 2115 2159 2149 ad
2176 2115 2288 2149 dexte-

1320 2179 1389 2203 ram
1416 2169 1678 2212 ingredientium,
1713 2169 1943 2212 mittebantque
1974 2169 2005 2202 in
2038 2178 2075 2202 eo
2107 2169 2285 2203 sacerdotes

1319 2233 1445 2257 omnem
1470 2223 1651 2266 pecuniam,
1676 2232 1758 2265 quae
1782 2222 1984 2256 deserebatur
2000 2222 2039 2255 ad
2056 2223 2210 2266 templum
2226 2223 2287 2256 Do-

1320 2277 1445 2310 mini».
1470 2277 1655 2310 Huiusmodi
1678 2280 1785 2310 autem
1809 2276 1982 2310 oblationes
1999 2276 2115 2319 triplici
2132 2285 2174 2310 ex
2190 2285 2287 2310 causa
2305 2282 2414 2332 natiuis»

1319 2331 1451 2371 fiebant,
1476 2331 1594 2365 scilicet
1618 2331 1657 2364 ad
1681 2330 1901 2363 reverentiam
1924 2330 2034 2363 cultus
2057 2330 2183 2369 divini,
2213 2340 2287 2373 pro-

1319 2387 1390 2427 pter
1407 2384 1491 2427 quod
1508 2384 1636 2417 secundi
1654 2384 1917 2416 Machabaeorum
1940 2383 2034 2416 tertio
2047 2385 2092 2416 ¹¹:
2115 2396 2131 2413 «
2147 2384 2226 2417 Cum
2244 2384 2287 2417 01-

1320 2438 1400 2471 vitas
1423 2437 1623 2470 habitaretur
1646 2437 1678 2470 10
1702 2436 1788 2470 omni
1813 2446 1907 2479 pace,
1929 2437 2041 2476 tiebat,
2058 2440 2095 2470 ut
2118 2437 2178 2479 ipsi
2195 2446 2286 2479 reges

1319 2494 1351 2524 et
1372 2490 1532 2533 principes
1556 2490 1660 2523 locum
1684 2499 1809 2523 summo
1833 2490 1954 2523 honore
1977 2490 2109 2532 dignum
2131 2490 2287 2523 ducerent

1319 2547 1351 2577 et
1387 2543 1539 2586 templum
1573 2544 1722 2577 maximis
1753 2543 1943 2577 muneribus
1972 2543 2170 2577 illustrarent
2186 2557 2216 2575 n.
2251 2543 2295 2578 Et

1318 2600 1450 2639 propter
1473 2597 1717 2640 inautyentiam
1731 2597 1878 2640 peccati;
1894 2597 1919 2630 N
1923 2606 2109 2630 umerorum
2124 2587 2296 2639 trigesimo

1394 2775 1405 2790 ⁵
1424 2776 1500 2802 Vers.
1524 2776 1567 2801 38.
1589 2775 1665 2808 (liber
1693 2775 1836 2802 Nehcmiae
1855 2776 1926 2802 idem
1956 2779 1995 2802 est
2020 2783 2082 2802 cuin
2107 2777 2136 2803 11.
2156 2776 2240 2810 Ε5(11“.)
2262 2776 2287 2802 111

1323 2820 1399 2846 cuius
1418 2820 1471 2845 flne
1491 2820 1603 2852 Vulgata
1622 2819 1651 2846 in
1670 2819 1782 2846 domum
1802 2819 1933 2846 thesauri.
2258 2822 2261 2825 ⁴

1394 2863 1405 2879 θ
1418 2865 1493 2890 Vers.
1509 2865 1532 2890 ¹1.‘
1546 2867 1572 2890 et
1590 2865 1634 2896 13;
1656 2865 1715 2890 Vat.
1734 2868 1760 2891 et
1778 2865 1858 2891 codd.
1880 2864 2032 2891 vestiuntur
2052 2872 2100 2897 pro
2120 2867 2276 2892 vescuntur.

1394 2907 1405 2923 ⁷
1425 2909 1499 2935 Vers.
1519 2909 1562 2935 20.
1582 2908 1634 2935 Ctr.
1663 2909 1689 2935 S.
1718 2909 1827 2942 Bonav„
1856 2908 2003 2936 Comment.
2032 2909 2058 2935 in
2088 2911 2159 2935 hunc
2184 2910 2233 2935 100.
2262 2912 2288 2935 et

1322 2953 1412 2979 Glossa
1431 2951 1575 2979 ordinaria
1594 2953 1621 2978 in
1648 2953 1711 2979 Luc.
1730 2954 1779 2985 21,
1801 2954 1824 2979 l.
1843 2953 1916 2985 apud
1944 2954 2091 2985 Lyranum,
2111 2960 2180 2986 quae
2199 2955 2286 2979 sumta

1322 3000 1362 3022 est
1381 3003 1411 3022 ex
1430 2997 1515 3028 Beda,
1535 2997 1573 3022 111.
1593 2997 1618 3022 10
1639 2997 1716 3023 Marc.
1737 2998 1786 3029 12,
1806 2997 1854 3029 41,
1874 2997 1920 3023 ubi
1948 2998 2027 3023 etiam
2054 3004 2068 3023 a
2089 2996 2174 3023 Strab.
2194 2996 2287 3023 similis

1323 3040 1414 3067 Glossa
1435 3040 1578 3067 ordinaria
1605 3041 1757 3073 exhibetur,
1777 3042 1802 3067 in
1822 3049 1875 3075 qua
1905 3045 1957 3068 tres
1985 3041 2190 3074 significationes
2209 3048 2288 3073 gazo-

1323 3085 1436 3117 phylacii
1456 3084 1519 3118 (scil.
1539 3092 1588 3116 pro
1608 3084 1665 3112 loco
1685 3086 1854 3117 divitiarum,
1872 3092 1940 3112 arca
1965 3086 2135 3114 donariorum
2154 3085 2187 3111 ad
2208 3092 2286 3111 usum

1327 3129 1418 3161 templi
1438 3131 1463 3154 et
1481 3135 1530 3161 pro
1544 3128 1668 3162 porticu)
1688 3132 1839 3155 occurrunt.

1394 3172 1405 3187 Β
1425 3173 1527 3199 Scilicet
1545 3172 1688 3200 ordinaria
1706 3174 1780 3206 apud
1798 3174 1930 3206 Lyranum
1952 3173 2009 3207 (cfr.
2028 3176 2089 3200 nota
2103 3173 2286 3205 praecedens),

1323 3217 1349 3243 in
1369 3224 1422 3251 qua
1441 3216 1522 3243 CDG
1541 3218 1665 3244 omittunt
1679 3217 1827 3251 pecunias,
1847 3225 1895 3250 pro
1914 3225 1969 3251 quo
1987 3218 2010 3243 11
2038 3224 2100 3244 cum
2120 3220 2189 3243 textu
2209 3217 2286 3249 origi-

1323 3262 1374 3288 nali
1393 3261 1510 3289 donaria
1524 3262 1630 3296 populi.
1964 3262 1967 3263 ⁷

1395 3305 1406 3321 ⁹
1425 3307 1500 3333 Vers.
1524 3307 1566 3333 18.
1583 3320 1618 3326 -
1631 3307 1755 3340 Sequitur
1773 3308 1861 3333 matth.
1881 3308 1930 3339 27,
1950 3307 1975 3333 6.
1994 3306 2045 3334 Ctr.
2064 3313 2133 3341 quae
2153 3306 2287 3333 attulimus

1324 3351 1357 3377 de
1375 3350 1490 3378 musach
1508 3353 1534 3377 et
1552 3350 1671 3378 corbona
1691 3354 1753 3377 tom.
1774 3351 1816 3377 Vt.
1837 3358 1898 3384 pag.
1919 3351 1984 3384 359,
2004 3354 2064 3378 nota
2084 3352 2110 3377 6.

1395 3394 1418 3410 ¹⁰
1437 3395 1513 3421 Vers.
1533 3395 1556 3421 t.
1575 3401 1632 3428 seq.
1650 3398 1676 3421 et
1695 3395 1758 3421 dein
1777 3395 1804 3421 v.¹
1823 3396 1850 3422 9.

1395 3439 1416 3454 ¹¹
1438 3439 1513 3465 Vers.
1532 3439 1557 3465 t.
1575 3445 1644 3472 seq.;
1663 3446 1713 3472 pro
1732 3439 1905 3467 illustrarent
1923 3439 2006 3466 CDG
2025 3439 2202 3467 honorarent.
