2476 3921
741 255 934 288 COMMENT.
962 256 998 288 IN
1022 254 1260 288 EVANGELIUM
1286 256 1402 288 LUCAE
1427 257 1458 289 C.
1484 257 1555 289 Vlll.
2084 262 2144 293 197

254 347 306 378 27.
332 345 433 387 (Vers.
462 345 536 386 18.).
569 344 675 377 Videte
705 353 799 386 erqo,
831 344 992 388 quomodo
1025 343 1122 376 audi-

17 406 144 437 neupjlitate
163 399 229 432 tis1
252 402 310 432 etc.
336 398 389 431 Hic
412 397 506 430 tertio
529 397 703 430 invitantur
726 396 859 439 Apostoli
885 396 923 429 ad
948 396 1028 429 idem
1058 396 1122 428 uti—

4 437 146 509 Ξέρῖἰῖυῐῗῖῗῖ
164 453 253 486 litate
273 451 408 495 proprii
429 451 541 484 meriti
547 463 559 490 ,·
583 454 615 483 et
639 451 712 489 hoc,
729 450 804 492 quia
827 450 895 483 eius
919 449 1053 482 liabitas
1068 448 1123 491 fa-

37 502 43 508 “
164 505 206 538 cit
237 505 448 547 opulentum,
477 504 626 546 privatio
660 512 735 536 vero
766 503 873 535 reddit
904 511 1050 544 cycnum.
1080 519 1124 524 —

65 564 143 586 Primo·
164 558 371 591 Praedicanda
405 561 452 590 est
484 566 559 599 ergo
589 556 692 589 divina
724 555 867 588 doctrina
902 555 1024 596 primo,
1049 554 1124 596 quia

1186 347 1381 376 sacramenta
1413 344 1519 376 Dei».
1550 358 1564 374 α
1583 347 1689 388 Neque
1720 357 1790 380 cum
1824 349 1938 381 invidia
1970 350 2145 383 tabescente

1187 396 1247 428 iter
1272 396 1407 435 habebo;
1434 398 1581 439 quoniam
1608 400 1677 432 talis
1703 400 1795 433 homo
1820 411 1880 434 non
1905 403 1965 434 erit
1989 404 2145 445 particeps

1187 450 1357 491 sapientiae
1375 463 1390 478 »
1412 451 1476 483 Dei.

1277 504 1328 535 29.
1355 503 1455 541 (Vers.
1484 505 1558 545 ia).
1588 505 1748 538 Venerunt
1772 511 1882 539 autem
1899 509 1944 540 ad
1965 509 2058 540 ittam
2076 510 2144 541 Ma-
2165 514 2195 535 De
2211 515 2309 535 “nimm-

1187 558 1235 587 ter
1259 558 1317 587 etc.
1351 556 1403 588 Hic
1427 560 1541 598 quarto
1566 557 1676 590 invitat
1709 559 1868 599 Apostolos
1900 561 1936 592 ad
1969 561 2142 594 doctrinam
2173 541 2309 593 ἓῖυῧῗῖἷιεῗ-ῐι

164 609 297 643 habitus
313 609 500 642 documenti
512 609 667 651 perducit
689 609 735 641 ad
751 607 970 650 opulentiam·
994 610 1123 649 propter

164 663 247 705 quod
271 663 362 695 dicit:
396 662 499 694 Videte
522 671 615 704 erqo,
640 661 801 705 quomodo
825 661 972 698 auditis;
998 660 1121 692 Beda‘2:

168 729 184 745 α
200 716 238 749 Ut
261 716 291 748 in
316 718 422 748 vestro
446 718 571 757 pectore
595 714 772 756 suscipiatis
794 717 825 747 et
848 713 997 746 continuo
1022 712 1123 745 rumi-

163 769 243 803 netis
273 771 305 802 et
334 769 436 801 alieno
466 768 586 801 auditui
616 771 762 801 eructare
791 767 954 800 sufficiatis
971 778 1001 806 »ς
1033 766 1123 808 quasi

162 822 260 855 dicat:
285 831 347 855 non
379 821 512 854 audiatis
536 821 633 854 verba
663 820 849 854 eruditionis
871 820 994 853 divinae
1026 819 1123 861 negli-

162 879 282 918 genter,
305 878 341 908 ut
364 884 425 908 non
458 875 589 914 curetis,
614 874 669 907 sed
691 874 867 916 diligenter,
892 877 928 906 ut
958 873 1124 906 abundetis

163 932 194 962 et
215 929 284 962 aliis
307 928 462 961 tribuatis.
487 928 573 961 Unde
597 931 628 961 et
652 928 775 960 subdit:
803 927 869 968 Qui
891 927 977 960 enim
1009 926 1122 965 habet,

161 981 299 1015 dabitur
321 982 352 1015 ei
367 982 399 1021 ξ’;
423 982 476 1024 qui
509 982 592 1015 enim
618 981 712 1014 hahet
742 981 887 1014 affectum
917 984 948 1014 et
980 981 1123 1013 volunta-

163 1038 226 1068 tem
249 1035 449 1077 proficiendi,
473 1034 559 1067 dabit
574 1034 601 1067 ei
629 1035 711 1067 Deus
735 1034 928 1067 intellectum
945 1037 976 1066 et
993 1033 1123 1067 faculta-

163 1091 225 1121 tem
249 1088 388 1122 docendi.
413 1088 499 1121 Unde
523 1087 697 1130 Sapientiae
721 1087 871 1129 septimo:
901 1100 916 1115 «
938 1086 1068 1129 Optavi,
1094 1090 1124 1120 et

162 1141 254 1175 datus
277 1145 324 1175 est
349 1141 424 1174 mihi
450 1150 578 1180 sensns;
603 1144 634 1173 et
663 1140 822 1180 invocavi,
848 1144 879 1173 et
904 1141 987 1173 venit
1012 1140 1042 1173 in
1074 1149 1124 1173 me

163 1195 293 1237 spiritus
310 1195 479 1237 sapientiae
495 1207 530 1233 »;
548 1198 581 1227 et
602 1198 688 1236 post:
712 1207 728 1223 α
740 1194 902 1227 Venerunt
926 1194 1003 1226 mihi
1020 1194 1124 1227 omnia

162 1248 244 1281 bona
267 1248 384 1291 pariter
401 1257 473 1281 cum
499 1248 551 1280 illa
565 1262 593 1280 n.
619 1248 704 1281 Unde
721 1248 745 1280 si
770 1248 842 1289 quis
863 1248 945 1286 vult,
969 1247 1054 1289 quod
1070 1247 1123 1280 de-

163 1305 216 1335 tur
240 1302 298 1335 sibi
322 1301 530 1340 abundanter,
553 1301 646 1334 debet
669 1304 700 1334 et
724 1302 790 1343 ipse
813 1301 889 1334 dare
912 1301 950 1333 de
974 1310 1011 1333 eo
1038 1301 1123 1343 quod

163 1355 257 1388 habet
281 1355 427 1393 libenter;
453 1363 550 1396 supra
574 1355 705 1387 sexto4:
729 1354 848 1392 «Date,
872 1357 903 1386 et
926 1354 1053 1386 dabitur
1073 1363 1123 1386 vo-

163 1408 211 1441 bis
227 1422 258 1447 »,
283 1408 400 1441 scilicet
423 1407 540 1440 donum
565 1407 749 1449 sapientiae,
774 1400 948 1439 secundum
973 1407 1049 1439 illud
1077 1407 1122 1439 la-

163 1462 231 1495 cohi
255 1462 374 1504 primo:
405 1474 420 1490 «
436 1461 465 1493 Si
491 1461 563 1503 quis
580 1464 719 1493 vestrum
746 1460 863 1502 indiget
886 1460 1054 1501 sapientia,
1070 1469 1122 1501 po-

164 1515 259 1549 stulet
282 1525 300 1548 a
324 1515 401 1554 Deo,
426 1515 479 1557 qni
497 1514 550 1547 dat
573 1514 720 1547 omnibus
735 1514 902 1546 affluenter
916 1527 931 1542 υ
960 1517 1018 1546 etc.
1036 1513 1122 1546 Unde

163 1569 240 1602 nulli
276 1568 369 1601 datur
400 1567 569 1609 sapientiae
599 1567 735 1605 donum,
767 1566 825 1599 nisi
858 1567 971 1599 haheat
1001 1566 1121 1599 deside—

163 1623 264 1661 rium;
290 1622 383 1654 Isaiae
407 1621 669 1663 quinquagesimo
692 1620 820 1662 quinto:
850 1633 865 1649 «ι
882 1620 998 1653 Omnes
1015 1620 1122 1653 sitien—

164 1679 210 1709 tes
234 1675 336 1709 venite
359 1674 397 1707 ad
421 1683 536 1716 aquas,
566 1677 598 1706 et
626 1674 678 1715 qui
713 1683 774 1706 non
808 1674 928 1707 hahetis
956 1676 1121 1716 argentum

164 1733 331 1771 properate
348 1742 363 1757 υ
392 1731 450 1761 etc.

252 1783 304 1815 28.
326 1781 468 1814 Secundo
492 1790 582 1819 vero,
598 1790 657 1822 per
680 1781 905 1819 contrarium,
923 1781 999 1823 quia
1023 1781 1123 1822 ipsius

39 1841 143 1863 Secundo·
160 1836 308 1878 privatio
331 1835 422 1867 ducit
438 1835 484 1867 ad
500 1834 668 1876 inopiam,
693 1834 851 1876 adiungit:
873 1835 909 1866 Et
925 1834 1124 1878 quicumque

163 1899 229 1922 nort
264 1887 376 1926 habet,
412 1888 557 1920 affectum
594 1887 711 1920 scilicet
745 1887 867 1919 divinae
899 1886 1060 1919 doctrinae
1091 1886 1122 1918 in

164 1942 271 1980 corde,
295 1941 394 1973 etiam
426 1941 512 1983 quod
533 1944 632 1982 putat
662 1950 696 1972 se
719 1938 852 1978 habere,
877 1948 934 1981 per
966 1943 1124 1972 tumorem

164 1994 344 2036 superbiae,
373 1992 549 2035 auferetur
580 1992 621 2025 ab
653 2002 688 2026 eo
701 1993 726 2031 ⁵,
759 1992 876 2026 scilicet
908 2001 963 2034 per
988 1992 1123 2034 rigorem

164 2048 285 2081 divinae
309 2047 499 2086 sententiae;
520 2047 602 2079 infra
617 2046 739 2079 decimo
759 2055 856 2079 nono:
878 2059 894 2074 «
907 2046 1016 2078 Tollite
1032 2045 1071 2078 ab
1087 2054 1124 2077 eo

163 2110 267 2134 mnam
291 2105 323 2134 et
345 2101 416 2133 date
433 2101 475 2133 illi
500 2101 554 2143 qui
581 2101 675 2133 habet
697 2100 803 2133 decem
829 2108 918 2132 mnas
933 2111 969 2137 »;
994 2102 1025 2131 et
1049 2099 1124 2130 Mat-

165 2155 246 2188 thaei
272 2155 422 2197 vigesimo
446 2155 563 2196 primo:
585 2167 601 2183 ε(
615 2154 781 2187 Auferetur
797 2163 815 2185 a
835 2153 923 2185 vobis
947 2160 1079 2193 regnum
1093 2164 1123 2190 ι»,

165 2208 281 2241 scilicet
305 2217 413 2241 sacrae
436 2208 632 2249 scripturae,
662 2220 677 2235 «
695 2211 725 2239 et
748 2206 875 2238 dabitur
898 2205 982 2247 genti
1000 2204 1124 2237 facienti

164 2260 288 2294 fructus
311 2261 379 2294 eins
396 2275 425 2292 ».
453 2260 497 2292 Ex
519 2269 582 2302 quo
606 2259 774 2301 colligitur,
791 2258 875 2299 quod
899 2254 1006 2290 nullus
1023 2261 1125 2299 potest

165 2314 330 2356 pervenire
366 2314 402 2346 ad
435 2312 661 2355 plenitudinem
692 2311 815 2343 divinae
846 2311 1033 2352 sapientiae,
1067 2311 1125 2343 nisi

167 2367 281 2400 habeat
315 2366 594 2408 promptitudinem
629 2364 789 2397 doctrinae
824 2364 1124 2404 communicandae;

166 2420 249 2452 unde
281 2419 454 2460 Sapientiae
487 2417 621 2451 sextoss:
652 2430 667 2446 «
694 2417 775 2458 Quid
807 2417 958 2459 sapientia
986 2421 1017 2450 et
1048 2427 1126 2459 quo-

167 2471 258 2505 modo
281 2471 361 2504 facta
384 2471 438 2510 sit,
463 2471 615 2509 reseram,
639 2474 671 2503 et
694 2479 754 2503 non
780 2470 966 2503 abscondam
991 2480 1009 2503 a
1038 2471 1126 2503 vobis

238 2672 246 2687 ¹
269 2673 378 2706 Vulgata
399 2672 530 2705 audiatis,
552 2674 604 2698 GH
618 2673 731 2705 auditas,
754 2674 795 2699 cui
816 2674 918 2699 lectioni
931 2674 972 2699 alii
993 2674 1084 2704 codd„
1099 2677 1126 2699 ut

166 2718 185 2744 C
196 2719 230 2750 D,
250 2718 295 2751 qui
309 2718 349 2743 hic
370 2722 469 2749 ponunt
480 2717 607 2749 audistis,
630 2725 709 2749 snpra
725 2725 786 2750 pag.
801 2718 866 2748 495,
881 2721 938 2743 nota
954 2718 994 2742 40.
1009 2721 1034 2743 et
1045 2718 1125 2749 paulo

167 2763 273 2788 inferius
291 2763 475 2794 suffragantur.

237 2805 247 2819 ²
268 2806 335 2832 Libr.
356 2807 392 2831 ΙΙΙ.
413 2807 438 2831 in
451 2807 512 2831 Luc.
533 2807 562 2837 8,
580 2806 625 2830 18:
648 2815 660 2828 α
680 2805 765 2831 Videte
777 2812 851 2838 erqo,
865 2805 997 2838 quomodo
1017 2805 1126 2831 auditis.

168 2851 292 2876 instanter
311 2857 358 2876 nos
377 2851 453 2876 docet
473 2850 555 2875 verbo
580 2850 739 2880 auscultare,
757 2853 885 2882 quatenus
910 2854 935 2875 et
955 2853 1044 2875 nostro
1063 2849 1125 2875 illud

167 2897 272 2926 pectore
291 2895 412 2920 continue
437 2894 569 2919 ruminare
588 2897 613 2918 et
631 2893 715 2919 alieno
741 2897 843 2918 ructare
869 2894 1031 2919 sufficiamus
1055 2893 1126 2919 audi-

167 2938 241 2963 tui».
261 2938 351 2963 Glossa
370 2937 552 2963 interlinearis
573 2937 643 2968 apud
663 2938 809 2968 Lyranum:
832 2947 843 2959 κ
863 2936 948 2963 Videte
967 2944 1039 2970 erqo,
1063 2936 1127 2971 quid

167 2981 297 3013 audiatis,
318 2985 345 3006 ut
364 2985 389 3006 et
408 2981 432 3006 in
453 2985 539 3006 vestro
559 2984 664 3012 pectore
688 2981 810 3006 continue
835 2982 972 3007 ruminetis
994 2985 1020 3007 et
1043 2982 1125 3006 aliena

167 3029 288 3051 ructuare
307 3013 478 3050 sufficiatis».
502 3024 584 3051 Codd.
605 3026 624 3052 Α
638 3024 657 3051 C
671 3026 692 3050 D
715 3025 805 3051 aliem
829 3027 967 3057 eructare,
993 3026 1014 3051 G
1039 3025 1127 3052 alic‘no

167 3071 290 3100 ructare,
320 3069 340 3094 ii
360 3068 448 3095 alieno
470 3069 575 3102 pectori
598 3071 730 3096 eructare.
750 3070 858 3095 inferius
882 3077 931 3102 pro
959 3069 1082 3096 tribuatis
1110 3071 1127 3095 E

167 3113 304 3139 nuntietis.

238 3155 249 3171 ⁸
271 3158 380 3188 Vulgata
399 3160 425 3183 et
445 3158 501 3183 Vat.
521 3157 579 3190 itta,
597 3159 643 3183 cir.
671 3159 754 3184 Matth.
777 3159 819 3188 ⁴3,
844 3158 884 3183 42.
905 3172 940 3177 —
959 3158 1077 3184 Subinde
1095 3159 1129 3184 al-

169 3202 288 3233 legantur
308 3202 370 3233 Snp.
388 3201 414 3232 7,
429 3201 455 3226 7.
471 3205 496 3227 et
516 3202 557 3227 ii.
629 3231 636 3238 ·

239 3244 250 3258 ⁴
270 3245 344 3271 Vers.
365 3246 408 3271 38.
426 3260 461 3265 -
482 3247 537 3272 Duo
556 3253 631 3279 seqq.
653 3246 701 3272 loci
720 3250 780 3272 sunt
804 3247 851 3272 iac.
873 3247 897 3277 i,
916 3247 941 3272 5.
960 3250 985 3271 et
1006 3247 1060 3272 lsai.
1081 3246 1128 3278 55,

170 3290 195 3315 i.
212 3303 248 3309 -
267 3291 394 3322 Superius
411 3290 523 3316 vocibus
542 3290 614 3324 quod
631 3290 709 3316 habet
726 3290 745 3316 C
766 3290 895 3316 interserit
913 3290 976 3323 ipse.

240 3331 254 3348 ‘¹
273 3335 381 3367 Vulgata
401 3338 427 3361 et
452 3336 509 3361 Vat.
528 3334 693 3361 illc-Codd.
712 3335 794 3361 ACD
818 3335 939 3367 superius
964 3336 1071 3367 legunt:
1096 3335 1130 3363 Ei

170 3383 270 3413 autem,
290 3381 338 3415 qui
348 3388 404 3408 non
416 3381 506 3414 habet,
520 3384 544 3408 et
563 3381 635 3415 quod
644 3383 725 3415 putat
742 3388 770 3408 se
788 3381 885 3408 habere
898 3385 961 3412 etc.;
982 3383 1027 3407 etr.
1042 3381 1128 3407 Mattn.

174 3427 220 3457 13,
240 3427 287 3451 ⁴2:
307 3426 357 3458 Qui
376 3429 463 3452 autem
483 3433 534 3452 non
549 3425 639 3458 habet,
659 3429 684 3451 et
702 3426 775 3458 quod
789 3425 867 3451 habet
886 3426 1017 3451 auferetur
1035 3425 1070 3451 ab
1087 3419 1128 3452 eo.

1187 608 1478 641 communicandam
1503 619 1542 642 ex
1558 610 1767 643 imitatione⁷
1793 613 1948 654 Mayistri
1968 615 2039 653 sui,
2065 616 2145 647 scili-

1187 664 1236 693 cet
1262 660 1396 700 Christi,
1429 662 1482 704 qui
1512 664 1661 704 praetulit
1691 664 1836 697 affectum
1868 666 1995 699 docendi
2021 668 2144 700 affectui

1187 714 1350 755 parentali.
1375 715 1461 748 Unde
1487 715 1551 747 dno
1575 716 1625 749 hic
1653 717 1914 751 introducuntur:
1939 720 2075 761 primum
2101 726 2147 754 est

1186 767 1359 810 requisitio
1389 768 1682 811 propinquorum5
1714 771 1886 804 secundum
1920 781 2013 811 vero,
2047 784 2146 815 prae-

1187 819 1294 852 electio
1314 820 1566 863 discipulorum.

1279 873 1382 906 Primo
1407 875 1503 916 igitur
1526 879 1680 917 quantum
1705 877 1743 909 ad
1757 883 1938 919 parentum
1962 880 2147 922 requisitio-

1188 936 1262 959 nem
1292 927 1425 960 dicitur:
1460 929 1619 961 Venerunt
1649 934 1761 962 autem
1789 932 1835 963 ad
1866 932 1959 964 illum
1984 933 2088 965 Mater
2120 938 2147 966 et

1187 978 1315 1022 fratres
1338 981 1428 1019 eius,
1461 981 1499 1014 ad
1523 991 1603 1024 quos
1634 983 1727 1016 debet
1758 985 1899 1026 specialis
1931 986 2060 1018 affectus
2093 987 2147 1019 ha-

1188 1032 1273 1072 beri,
1298 1034 1336 1066 ad
1352 1039 1493 1067 matrem
1517 1035 1661 1077 quidem,
1679 1037 1826 1078 quoniam
1851 1037 1967 1071 dicitur
1988 1039 2083 1071 Exodi
2104 1040 2146 1071 vi-

1187 1087 1306 1128 gesimo
1319 1087 1350 1119 ⁸:
1380 1101 1395 1116 α
1412 1089 1535 1121 Honora
1553 1094 1674 1131 patrem
1699 1094 1791 1123 tuum
1806 1096 1836 1124 et
1853 1096 1984 1125 matrem
2007 1097 2091 1125 tuam
2111 1106 2144 1131 »ς

1187 1144 1219 1173 et
1253 1141 1366 1173 Tobiae
1401 1146 1533 1183 quarto:
1563 1143 1749 1176 «Honorem
1786 1145 1914 1177 habebis
1949 1147 2039 1177 matri
2074 1150 2144 1179 tuae

1186 1193 1333 1226 omnibus
1356 1194 1467 1227 diebus
1485 1195 1564 1228 vitae
1581 1196 1649 1228 eius
1662 1208 1692 1234 »;
1717 1197 1754 1228 ad
1774 1196 1920 1238 fratres,
1941 1199 2058 1231 scilicet
2075 1209 2139 1240 pro-

1186 1246 1321 1288 pinquos
1344 1251 1375 1280 et
1398 1252 1562 1289 cognatos;
1588 1249 1712 1281 Levitici
1737 1249 1856 1282 decimo
1881 1260 1961 1283 nono
1976 1251 2004 1283 ⁹:
2036 1265 2050 1280 «
2073 1252 2146 1284 Dili-

1186 1308 1239 1340 ges
1262 1299 1392 1332 fratrem
1425 1305 1514 1333 tuum
1540 1301 1621 1334 sicut
1653 1306 1682 1334 te
1706 1302 1808 1343 ipsum
1835 1316 1864 1334 υ.
1890 1304 2006 1335 Horum
2040 1305 2145 1346 igitur,

1186 1352 1303 1394 quibus
1325 1353 1459 1385 debetur
1491 1355 1661 1396 praecipua
1684 1355 1822 1393 affectio,
1853 1356 2064 1389 introducitur
2097 1367 2146 1390 re-

1185 1406 1327 1447 quisitio,
1353 1406 1406 1439 sed
1437 1416 1498 1439 non
1524 1411 1668 1448 poterant
1692 1417 1748 1449 per
1772 1418 1805 1441 se
1829 1409 1928 1450 ipsos;
1954 1411 2037 1443 unde
2061 1411 2146 1444 addi-

1186 1463 1256 1491 tur:
1286 1460 1323 1491 Et
1338 1469 1405 1491 non
1417 1464 1572 1501 poterant
1589 1460 1684 1492 adire
1700 1471 1773 1492 eam
1788 1471 1873 1503 prae
1897 1463 2014 1500 turba;
2031 1468 2061 1496 et
2078 1464 2146 1496 ideo

1186 1513 1392 1554 requirebant
1414 1522 1470 1554 per
1495 1514 1652 1546 nuntium.

1275 1566 1327 1599 30.
1353 1567 1454 1607 (Vers.
1485 1568 1562 1606 20).
1581 1567 1711 1609 Propter
1736 1569 1819 1610 quod
1836 1570 1980 1602 additur:
2010 1572 2045 1602 Et
2061 1581 2147 1603 nuu-

1186 1619 1307 1652 tiatum
1330 1622 1376 1651 est
1406 1619 1469 1651 itti:
1505 1620 1607 1652 Mater
1640 1625 1696 1652 tua
1723 1625 1750 1653 et
1779 1620 1907 1663 fratres
1938 1623 2005 1661 tui,
2031 1624 2147 1665 quibus

1187 1673 1316 1705 multam
1341 1672 1436 1705 debes
1455 1673 1650 1706 affectionem
1676 1674 1795 1707 ratione
1813 1676 2073 1722 propinquitatis,
2098 1676 2147 1718 fo-

1186 1725 1236 1758 ris
1260 1729 1366 1763 stant,
1391 1725 1527 1757 volentes
1552 1730 1579 1757 te
1604 1726 1722 1764 videre,
1748 1736 1803 1768 per
1827 1728 1973 1760 affectum
1998 1730 2146 1762 caritatis.

1188 1779 1223 1811 Et
1246 1779 1290 1811 sio
1314 1778 1482 1811 efficaciter
1499 1779 1684 1820 requiritur,
1711 1783 1746 1812 nt
1769 1780 1806 1812 ad
1831 1782 2025 1823 propinquos
2047 1787 2148 1815 trans-

1186 1828 1237 1865 eat
1265 1832 1313 1864 vel
1345 1836 1438 1864 exeat
1470 1836 1536 1863 tum
1563 1836 1691 1873 propter
1725 1837 1870 1865 naturam
1901 1836 2146 1876 agnoscendam,

1188 1889 1254 1917 tum
1273 1889 1401 1926 propter
1422 1884 1583 1917 caritatem
1608 1885 1848 1926 rependendam.
1867 1887 1952 1919 Unde
1976 1897 2071 1929 snper
2089 1889 2147 1921 hoc

1186 1938 1261 1970 dicit
1284 1937 1392 1969 Glossa
1407 1937 1442 1975 1⁰,
1468 1937 1611 1969 Matthaei
1637 1937 1837 1977 duodecimo,
1863 1940 1946 1981 quod
1976 1953 1991 1968 a
2009 1941 2067 1973 hoc
2085 1945 2147 1974 ter-

1187 1991 1372 2033 giversando
1407 1991 1586 2023 nuntiatum
1622 1995 1668 2023 est
1692 1991 1829 2030 Christo,
1867 1996 1902 2025 ut
1937 1994 2086 2033 sciretur,
2121 1995 2146 2027 si

1186 2044 1360 2076 doctrinam
1394 2043 1640 2085 relinqueret».
1675 2044 1818 2077 Sciebant
1850 2045 1947 2084 enim,
1973 2046 2048 2079 illud
2080 2056 2147 2080 esse

1188 2106 1299 2130 verum
1314 2097 1398 2138 quod
1409 2096 1525 2129 dicitur
1542 2097 1580 2129 ad
1601 2097 1749 2138 Ephesios
1766 2098 1876 2140 quinto
1890 2100 1930 2130 ¹¹:
1951 2112 1965 2127 α
1979 2100 2073 2132 Nemo
2090 2110 2149 2132 un-

1188 2159 1283 2192 quam
1307 2159 1433 2183 carnem
1467 2159 1555 2182 suam
1588 2150 1658 2183 odio
1682 2151 1792 2184 habuit
1816 2164 1850 2189 »ς
1883 2156 1913 2185 et
1937 2153 1980 2185 sic
2004 2153 2150 2186 volebant

1188 2204 1344 2246 experiri,
1369 2203 1445 2246 quid
1461 2204 1597 2245 amplius
1612 2208 1803 2246 acceptaret,
1820 2209 1929 2238 utrum
1954 2206 2149 2240 affectionem

1189 2261 1374 2299 parentum,
1398 2267 1437 2290 an
1462 2257 1671 2290 eruditionem
1694 2258 1932 2300 discipulorum.

1280 2310 1331 2343 31.
1357 2310 1459 2350 (Vers.
1485 2312 1562 2350 21).
1588 2311 1730 2350 Secundo
1754 2320 1829 2344 vero
1853 2317 2007 2353 quantum
2030 2313 2068 2345 ad
2099 2313 2148 2345 di-

1188 2364 1398 2406 scipulorum
1410 2364 1678 2406 praeelectionem
1694 2364 1838 2397 additur:
1865 2365 1930 2405 Qui
1951 2366 2149 2407 respondens

1190 2417 1275 2449 dixit
1298 2417 1344 2449 ad
1374 2426 1448 2449 eos:
1474 2417 1580 2449 Mater
1606 2427 1680 2449 mea
1704 2421 1732 2449 et
1754 2416 1881 2459 fratres
1905 2418 1971 2450 mei
1993 2417 2028 2450 ln·
2049 2423 2148 2456 sum,

1190 2470 1249 2513 qui
1270 2469 1406 2502 verbum
1428 2470 1485 2501 Dei
1500 2470 1646 2502 audiunt
1662 2474 1691 2502 et
1706 2469 1847 2512 faciunt.
1866 2471 1896 2503 ln
1914 2480 1977 2512 quo
2000 2471 2148 2509 ostendit,

1188 2686 1223 2691 —-
1243 2673 1392 2704 Sequuntur
1412 2671 1473 2696 Luc.
1493 2671 1536 2700 ¹9,
1557 2671 1590 2695 24
1619 2675 1644 2696 ct
1664 2671 1749 2696 Metili.
1765 2672 1812 2702 2¹,
1835 2671 1882 2701 43,
1898 2672 1940 2696 nbi
1962 2677 2020 2703 post
2035 2680 2148 2705 reynum

1191 2717 1301 2748 Vulgata
1321 2720 1346 2741 et
1367 2716 1386 2740 Η
1407 2715 1507 2741 addunt
1526 2714 1581 2740 Dei.
1632 2744 1634 2746 ¹

1260 2759 1270 2774 ὅ
1292 2761 1365 2785 Vers.
1389 2760 1432 2785 24.
1452 2764 1476 2785 et
1497 2760 1545 2790 25,
1566 2760 1589 2784 in
1610 2767 1663 2792 quo
1685 2766 1731 2790 pro
1751 2759 1801 2785 iter
1815 2759 1913 2785 habebo
1934 2759 2015 2788 ΑΕΓ)
2035 2768 2151 2786 eorumn-

1189 2805 1262 2837 nico,
1281 2809 1306 2830 et
1327 2812 1374 2837 pro
1387 2804 1439 2831 erit
1456 2804 1475 2830 C
1488 2805 1507 2829 D
1526 2806 1573 2830 est.
1586 2819 1618 2822 —
1633 2804 1685 2830 Csr.
1704 2805 1792 2829 Glossa
1808 2803 1949 2830 ordinaria
1970 2805 2010 2836 (ex
2031 2805 2111 2837 Beda)
2125 2806 2150 2830 in

1189 2850 1252 2876 Luc.
1272 2851 1301 2880 8,
1329 2850 1368 2875 ¹8.

1261 2893 1270 2908 ⁷
1289 2894 1373 2920 Codd.
1393 2896 1412 2920 Α
1425 2894 1475 2919 (31)
1486 2894 1506 2919 Η
1520 2893 1718 2925 insinuatione,·
1733 2894 1778 2919 cfr.
1793 2901 1870 2925 supra
1887 2900 1947 2925 pag.
1967 2894 2022 2924 195,
2038 2899 2095 2919 nota
2113 2895 2152 2919 10.

1261 2937 1272 2952 ⁸
1292 2939 1367 2964 Vers.
1391 2940 1434 2969 12,
1455 2942 1514 2970 post
1532 2945 1611 2971 quem
1634 2937 1700 2963 Tob.
1721 2937 1751 2968 4,
1773 2939 1795 2963 3.

1206 2976 1213 2982 '
1261 2982 1273 2997 ⁹
1294 2983 1367 3009 Vers.
1389 2983 1435 3008 ⁴8:
1462 2982 1561 3016 Diliyes
1586 2982 1706 3009 amicum
1729 2984 1806 3008 tuum
1832 2981 2034 3016 [Septuagintaz
2058 2982 2151 3016 prousi-

1190 3028 1277 3061 mum]
1298 3031 1345 3053 etc.
1366 3041 1400 3046 —
1420 3028 1525 3053 iuferius
1547 3028 1565 3052 D
1589 3027 1654 3061 quia
1677 3027 1717 3052 ire
1736 3034 1789 3052 non
1802 3029 1941 3060 poterant,
1962 3027 2020 3052 Vat.
2038 3026 2150 3053 sednon

1190 3074 1315 3105 poterant
1331 3071 1485 3105 pertingere
1495 3081 1505 3103 ,·
1525 3072 1617 3097 meiius
1635 3072 1729 3103 supple
1748 3070 1894 3104 requirere.
1922 3071 1926 3074 ’

1262 3115 1284 3130 ¹⁰
1304 3116 1405 3141 Scilicet
1423 3115 1564 3142 ordinaria
1590 3116 1630 3147 (ex
1651 3115 1766 3147 Hieron.)
1791 3115 1814 3140 in
1840 3115 1924 3140 Matth.
1948 3116 1992 3146 ⁴2,
2007 3115 2057 3140 47:
2078 3114 2153 3141 Dia-it

1190 3161 1281 3185 autem
1293 3159 1318 3185 ei
1335 3159 1459 3193 quidam,
1477 3159 1613 3189 insidiose,
1628 3163 1714 3184 utrum
1729 3159 1857 3190 spirituali
1870 3159 1942 3189 operi
1957 3165 2062 3184 carnem
2081 3165 2153 3190 prae-

1192 3205 1266 3235 ferat3
1287 3207 1313 3229 et
1331 3204 1391 3229 ideo
1411 3211 1438 3229 se
1458 3210 1534 3229 nosse
1553 3203 1699 3229 dissimulat
1720 3204 1824 3228 Mau-em
1845 3206 1870 3227 et
1889 3203 2023 3234 proximos
2043 3210 2089 3234 per
2108 3209 2152 3228 co-

1191 3249 1355 3280 gnationem,
1375 3248 1422 3273 sed
1442 3255 1489 3279 per
1507 3248 1716 3273 coniunctionem
1741 3247 1847 3278 spiritus
1866 3254 1924 3272 esse
1942 3247 1993 3272 sibi
2020 3248 2152 3279 proximos

1191 3293 1261 3318 dicit.
1282 3291 1332 3318 Csr.
1352 3291 1416 3318 ibid.
1435 3292 1524 3317 Glossa
1545 3292 1569 3317 in
1589 3299 1615 3316 v.
1630 3291 1675 3321 46,
1695 3297 1763 3324 quae
1781 3291 1858 3316 etiam
1880 3290 1989 3316 habetur
2003 3291 2027 3316 in
2048 3292 2109 3316 Luc.
2124 3292 2151 3321 8,

1193 3338 1234 3362 20.
1250 3351 1284 3355 -—
1297 3337 1346 3361 Pro
1366 3335 1568 3369 twyiversmzdo
1582 3336 1602 3361 Η
1617 3334 1706 3361 dolose.
1725 3336 1750 3361 ec
1767 3333 1899 3361 insidiose.
1917 3336 1977 3360 Post
1989 3335 2152 3368 relinqueret

1194 3381 1251 3406 vat.
1270 3380 1343 3406 addit
1358 3382 1470 3414 prepter
1490 3379 1655 3410 humanum,
1681 3385 1759 3412 quem
1778 3385 1845 3412 crya
1869 3379 1984 3405 Matrem
2003 3380 2029 3405 et
2051 3379 2152 3412 fratres

1193 3424 1303 3451 haberet
1320 3424 1455 3458 affectum.
1973 3423 1993 3437 ¹¹
2015 3423 2088 3448 Vers.
2109 3423 2150 3447 ΞΘ.

2167 884 2245 905 Ρτῐωο,

2167 2315 2273 2337 Secundo.
