2476 3921
6 1312 64 1335 canis
76 1311 141 1340 spiri-

6 1339 68 1362 tuali-
81 1345 140 1361 man-

6 1366 93 1388 ducatur
102 1366 140 1388 du-

8 1393 96 1421 pliciter.

4 2003 134 2027 ‘Notandum-

8 2329 34 2355 ex
42 2330 107 2352 panes
117 2324 139 2347 ln

8 2352 140 2399 ateme-

741 204 935 240 COMMENT.
961 205 997 238 lN
1022 204 1261 238 EVANGELIUM
1286 206 1403 239 LUCAE
1427 206 1459 239 C.
1484 207 1557 240 XlV.

159 296 300 340 quidam
330 296 369 329 de
399 295 503 328 simul
531 293 835 332 discumbentibus,-
870 293 1038 333 audisset,
1074 294 1121 326 in-

158 358 269 392 quam,
293 358 356 382 non
373 351 495 382 tantum
518 357 597 381 aure
620 347 780 389 corporis,
804 355 916 380 verum
932 347 1026 380 etiam
1042 355 1121 380 aure

159 402 280 442 cordis,
304 401 480 436 secundum
503 400 581 434 illud
597 400 797 443 Apocalypsis
820 400 959 433 secundo
973 401 998 432 ¹:
1028 413 1043 429 α
1060 400 1120 442 Qui

157 457 253 491 habet
274 465 386 490 aurem
409 454 533 493 audiat,
557 454 634 496 quid
657 454 793 496 Spiritus
815 453 899 487 dicat
923 454 1065 487 Ecclesiis
1089 467 1119 486 n.

157 511 195 544 Et
217 510 365 554 quoniam
390 508 445 551 qui
463 508 507 541 sic
530 507 619 541 audit
643 507 760 547 credit,
785 506 959 540 secundum
981 507 1059 540 illud
1081 507 1120 540 ad

157 564 311 597 Romanos
325 562 447 596 decimo
459 561 489 594 ²:
518 574 535 590 α
551 560 640 594 Fides
662 569 705 593 ex
721 560 847 598 auditu,
871 560 999 592 auditus
1014 563 1120 593 autern

156 627 214 660 per
237 616 370 650 verbum
398 614 514 647 Christi
537 627 569 653 »,
601 613 632 646 id
654 615 719 652 est,
751 612 807 656 qui
843 612 942 646 credit
965 612 1121 646 audiendo

156 669 370 704 testimonium
394 667 497 701 reddit
526 665 683 709 loquendo
706 669 738 699 et
768 665 945 699 confitendo
959 677 977 706 ;,
999 665 1051 698 lob
1074 665 1120 698 vi-

155 722 275 765 gesimo
302 730 406 754 nono:
435 733 451 749 «¹
476 719 568 752 Auris
598 718 731 753 audiens
761 718 958 752 beatificabat
989 727 1057 758 me,
1089 722 1121 752 et

155 775 267 808 oculus
302 773 411 806 videns
446 771 668 815 testimonium,
696 771 847 804 reddebat
881 771 958 804 mihi
975 783 1014 811 »;
1051 771 1120 804 ideo

156 816 283 862 subdit:
308 827 449 865 Beatus,
473 825 534 870 qui
547 824 766 858 manducabit
786 824 935 867 panem³
959 824 996 857 in
1019 834 1120 867 reqno

156 880 235 920 Dei,
259 879 349 922 quasi
372 879 473 912 dicat:
497 878 608 912 melior
627 880 675 911 est
699 877 881 917 retributio,
905 877 988 920 quae
1011 878 1072 911 erit
1088 878 1119 911 in

155 933 388 968 resurrectione
418 935 641 971 mortuorum,
671 940 766 974 quam
799 932 858 964 ista
883 940 970 974 quae
1001 929 1049 965 est
1088 931 1120 964 in

155 986 329 1030 praesenti,
363 985 438 1028 quia
468 985 528 1018 ista
559 987 610 1017 est
645 985 777 1024 misera,
813 985 865 1017 illa
900 993 976 1018 vero
1010 985 1118 1024 beata;

154 1040 346 1074 Psalmus4:
384 1052 400 1068 α
425 1039 506 1081 Quia
541 1038 653 1076 melior
688 1042 736 1071 est
770 1039 837 1072 dies
869 1048 933 1071 una
967 1038 998 1071 in
1030 1038 1120 1072 atriis

155 1094 219 1127 tuis
242 1102 338 1136 super
368 1092 466 1125 millia
482 1105 512 1124 ι».
542 1092 628 1125 Unde
651 1092 850 1134 Apocalypsis
872 1092 993 1125 decimo
1021 1101 1118 1125 nono:

159 1161 175 1177 «
199 1147 305 1187 Beati,
344 1146 399 1189 qui
425 1146 477 1179 ..ad
512 1155 645 1179 coenam
680 1146 865 1188 nuptiarum
904 1146 979 1188 Agni
1018 1146 1119 1179 vocati

155 1205 230 1235 sunt
250 1214 280 1233 n.

244 1253 295 1287 33.
323 1253 358 1286 Et
381 1256 472 1292 nota,
496 1252 581 1295 quod
605 1252 695 1286 cibus
718 1252 785 1293 ille,
803 1252 857 1295 qui
882 1252 943 1286 erit
966 1253 997 1286 in
1021 1262 1119 1295 regno

153 1307 227 1347 Dei,
252 1316 312 1340 non
337 1306 398 1339 erit
421 1305 512 1339 cibus
534 1306 686 1345 carnalis,
711 1306 765 1339 sed
793 1305 975 1348 spiritualis.
1001 1306 1036 1338 Et
1060 1306 1119 1340 iste

154 1359 243 1403 panis
266 1363 314 1393 est
329 1359 469 1392 Verbum
493 1358 668 1392 increatum
685 1361 717 1391 et
740 1358 879 1403 Verbum
904 1358 1117 1397 incarnatum;

154 1421 248 1455 quem
265 1412 393 1455 quidem
418 1420 529 1454 panem
547 1411 775 1444 manducamus
798 1411 829 1444 in
851 1411 902 1444 via
924 1408 1118 1444 sacramen-

154 1466 283 1505 taliter,
306 1465 481 1499 seeundum
508 1464 587 1497 illud
612 1464 731 1506 primae
754 1464 793 1497 ad
817 1464 996 1497 Corinthios
1018 1465 1118 1498 unde-

154 1519 278 1553 cimo-¹³:
309 1532 324 1547 «
341 1518 454 1551 Probet
485 1521 592 1550 autem
616 1526 649 1550 se
681 1517 785 1559 ipsum
810 1518 923 1557 homo,
948 1521 980 1551 et
1002 1518 1047 1551 sic
1078 1519 1117 1552 de
1136 1554 1144 1560 κ

153 1581 234 1615 pane
257 1571 310 1604 illo
340 1571 412 1605 edat
443 1570 536 1604 etde
567 1570 662 1604 calice
680 1570 820 1610 ¹bibat»;
853 1571 885 1603 in
908 1571 1010 1613 patria
1041 1581 1117 1605 vero

152 1625 414 1659 manducabimus
429 1624 663 1667 spiritualiter,
681 1624 814 1657 videndo
838 1624 916 1657 facie
931 1624 970 1657 ad
990 1624 1115 1665 saciem;

153 1679 275 1713 loannis
298 1682 406 1712 sexto:
436 1691 451 1707 α
468 1678 499 1711 Si
523 1678 595 1720 quis
615 1677 852 1710 manducaverit
876 1686 915 1710 ex
935 1677 996 1710 hoc
1020 1687 1115 1720 pane,

153 1733 238 1767 vivet
260 1733 293 1765 in
315 1736 480 1765 aeternum
497 1743 532 1771 »3
558 1731 646 1774 quia,
671 1731 792 1764 decimo
823 1731 971 1773 septimo,
1002 1745 1017 1761 «
1036 1732 1116 1765 ‘haec

153 1790 201 1820 est
223 1786 288 1819 vita
310 1790 455 1825 aeterna,
480 1788 517 1818 ut
540 1788 727 1827 cognoscant
751 1788 782 1817 te
806 1784 907 1818 solum
938 1784 1039 1817 Deum
1058 1794 1117 1819 ,νε-

154 1848 244 1878 rum,
268 1841 300 1872 et
322 1847 416 1881 quem
448 1838 558 1871 misisti
583 1838 684 1871 lesum
709 1833 869 1870 Christum
887 1851 917 1870 n.
943 1838 996 1871 Hic
1028 1838 1118 1880 panis

153 1892 350 1935 promittitur
365 1891 456 1924 nobis
478 1891 619 1925 edendus
635 1894 705 1933 post
728 1900 891 1933 egressum
907 1891 1022 1924 dehac
1038 1891 1116 1931 vita3

159 1959 175 1975 (t
190 1955 263 1979 cuin
286 1940 407 1978 dederit
430 1944 551 1977 dilectis
574 1944 641 1978 suis
664 1953 830 1983 somnum,
854 1953 941 1984 ecce,
959 1944 1118 1978 hereditas

153 1999 291 2038 Domini,
316 1998 388 2038 filii3
413 1998 697 2038 mercessfrnctus
720 1999 865 2032 ventris⁶
883 2012 913 2032 ».
931 1999 1018 2032 Sicut
1034 1999 1117 2033 enim

153 2061 246 2087 nemo
268 2052 354 2085 venit
381 2051 421 2085 ad
452 2061 598 2085 somnum
630 2051 747 2094 quietis
770 2052 829 2086 nisi
861 2062 918 2095 per
942 2053 1119 2095 senarium

154 2105 298 2145 laboriti,
330 2105 375 2139 sic
409 2105 501 2144 istius
532 2105 621 2148 panis
655 2105 928 2139 manducationem
960 2107 1118 2149 praecedit

152 2159 311 2192 senarias
338 2169 488 2202 panum,
513 2159 568 2202 qui
600 2162 675 2192 sunt
699 2160 926 2202 praeparatorii
957 2159 996 2192 ad
1028 2160 1117 2193 illum

153 2212 259 2246 cibum
283 2215 466 2252 aeternum,
491 2221 586 2255 quem
610 2211 870 2245 manducabimus
893 2212 924 2247 in
948 2213 1059 2255 patria,

243 2266 296 2299 34.
322 2265 445 2299 Primus
464 2265 554 2308 panis
576 2268 624 2298 est
639 2264 765 2298 doloris
784 2265 1018 2307 poenitentia&
1035 2266 1118 2299 Psal-

153 2319 269 2352 mus':
299 2331 314 2348 α
331 2319 472 2352 Fuerunt
496 2319 572 2351 mihi
596 2319 753 2360 lacrymae
776 2327 864 2354 meae
888 2327 984 2361 panes
1007 2319 1057 2352 die
1081 2328 1118 2353 ac

154 2375 245 2405 nocte
261 2384 296 2411 »;
312 2376 346 2405 et
367 2372 483 2405 iterum
500 2372 658 2405 Psalmus:
689 2385 705 2401 «
721 2372 861 2415 Surgite,
886 2375 1118 2415 postquamsse-

153 2424 276 2464 deritis,
293 2425 348 2467 qni
373 2425 567 2458 manducatis
583 2434 695 2468 panem
719 2425 836 2459 doloris
853 2439 883 2458 n.
900 2426 945 2459 De
961 2426 1021 2459 hoc
1037 2435 1118 2469 pane

225 2618 235 2633 ¹
255 2619 331 2645 Vers.
349 2619 375 2645 7.
394 2619 477 2646 Codd.
498 2619 595 2646 ACD:
615 2619 670 2652 Qui
687 2619 766 2647 habet
782 2627 864 2646 aures
880 2619 1010 2647 audiendi
1020 2624 1069 2646 etc.
1083 2634 1118 2640 —

153 2664 244 2691 Glossa
258 2663 456 2691 interlinearis:
474 2664 544 2691 Haec
557 2671 621 2691 cum
632 2663 767 2696 audisset,
786 2665 859 2697 quod
879 2665 907 2690 in
926 2665 1118 2691 resurrectione

153 2711 240 2737 essent
259 2707 424 2733 beatificandi
443 2714 592 2740 pauperum
612 2711 786 2740 susceptores.
805 2721 842 2727 —
861 2708 987 2740 Superius
1006 2708 1118 2735 vocibus

153 2759 222 2779 aure
240 2751 329 2779 cordis
349 2752 406 2778 νει,
426 2752 556 2778 interserit
575 2752 671 2778 mentis
690 2751 739 2779 vel.

225 2795 235 2810 ²
256 2797 330 2823 Vers.
352 2797 394 2823 17.
412 2799 438 2822 et
457 2796 571 2823 subinde
591 2796 635 2823 lob
655 2797 703 2829 29,
726 2797 767 2823 11.
786 2811 822 2816 -
841 2797 948 2823 lnserius
973 2805 1022 2830 pro
1045 2797 1118 2824 testi-

154 2840 277 2867 monium
296 2840 382 2868 reddit
401 2841 453 2867 DG
472 2840 655 2868 testimonium
673 2840 777 2868 reddat.

226 2883 237 2898 ⁸
257 2885 375 2913 Nonnulli
389 2885 468 2912 codd.
480 2885 604 2911 omittunt
612 2893 727 2919 panem,
740 2886 786 2912 sed
801 2886 863 2912 vide
876 2887 942 2913 infra
953 2894 977 2913 n.
989 2887 1031 2913 33.
1042 2894 1117 2921 seqq.

225 2927 236 2943 ⁴
255 2929 350 2955 Psalm.
369 2930 418 2961 83,
440 2929 466 2955 11
479 2949 486 2961 ,
505 2930 549 2956 cui
564 2930 734 2962 subiungitur
747 2931 827 2963 Apoc.
843 2932 875 2957 19
885 2951 891 2963 ,
905 2932 929 2957 9.
942 2945 978 2951 -
991 2932 1100 2964 August.
1110 2951 1116 2963 ,

155 2975 238 3000 Serm.
260 2974 319 2999 112.
340 2973 413 3008 (alias
439 2974 481 3000 33.
507 2974 549 3007 (ἰεχἱ
564 2974 660 3001 Verbis
684 2976 800 3009 Domini)
826 2983 848 3002 c.
871 2976 895 3002 5.
914 2984 940 3002 n.
960 2976 993 3002 5:
1013 2976 1117 3002 Dixerat

153 3025 222 3044 unus
240 3018 275 3044 de
293 3017 546 3044 discumbentibus...
566 3018 654 3052 Beati,
670 3019 717 3054 qui
728 3019 898 3048 manducant
911 3028 1012 3058 panem
1031 3021 1060 3047 in
1077 3027 1117 3048 re-

154 3069 207 3096 yno
226 3061 276 3089 Dei
283 3072 294 3095 ,·
313 3062 388 3096 quasi
409 3062 434 3088 in
453 3062 596 3096 longinqua
615 3063 664 3089 iste
682 3063 845 3096 suspirabat,
858 3068 883 3091 et
898 3065 956 3097 ipse
969 3066 1045 3098 panis
1058 3069 1118 3092 ante

155 3107 227 3133 illum
246 3106 439 3133 discumbebat.
459 3106 523 3140 Quis
541 3110 580 3133 est
600 3107 674 3139 panis
692 3109 727 3134 de
745 3115 828 3141 regno
848 3109 908 3141 Dei,
922 3110 971 3135 nisi
989 3110 1036 3143 qui
1054 3110 1118 3136 dicit

155 3150 234 3184 [loan.
254 3152 285 3183 6,
306 3150 377 3185 41.];
398 3150 454 3185 Eyo
473 3158 535 3178 sum
551 3151 633 3185 panis
652 3151 743 3184 vivus,
763 3153 811 3187 qui
829 3152 861 3180 de
880 3154 953 3184 caelo
972 3151 1117 3182 descendi?

226 3193 238 3209 ⁶
257 3195 332 3221 Vers.
352 3196 395 3221 28.
413 3209 449 3215 —
470 3195 526 3221 Duo
544 3202 618 3229 seqq.
632 3196 681 3222 loci
694 3199 756 3222 sunt
769 3198 837 3224 loun.
851 3198 882 3229 6,
895 3199 939 3224 52.
951 3201 977 3224 et
989 3199 1059 3225 loan.
1076 3198 1116 3232 17,

154 3239 180 3265 3.
192 3252 228 3259 —-
241 3239 326 3271 Beda,
345 3240 387 3265 lV.
407 3240 432 3266 in
451 3241 512 3266 Luc.
533 3239 581 3271 M,
602 3240 653 3266 ⁴5:
673 3241 761 3272 Panis,
773 3242 819 3275 qui
839 3243 1014 3269 manducatur
1032 3244 1058 3270 in
1077 3250 1118 3270 re-

155 3290 207 3315 gno
225 3283 288 3315 Dei,
306 3290 358 3309 non
370 3283 448 3313 ,iuxta
467 3283 619 3310 Cerinthurn
638 3286 758 3317 corporis
775 3286 960 3319 intelligendus
975 3290 1015 3313 est
1025 3287 1117 3320 cibus,

154 3327 202 3353 sed
215 3327 256 3353 ille
269 3327 372 3361 utique,
392 3327 437 3361 qui
457 3328 492 3354 ait
510 3328 594 3363 [loen.
614 3329 645 3360 6,
664 3328 708 3356 51.
729 3329 817 3364 seq.]:
837 3331 895 3365 Eyo
913 3337 976 3358 sum
988 3331 1070 3366 panis
1083 3331 1118 3359 vi-

154 3377 205 3397 vus
225 3373 273 3396 etc.
294 3384 328 3389 —-
348 3371 474 3404 Superius
493 3379 524 3407 ex
543 3372 563 3397 B
581 3372 764 3405 supplevimus
783 3373 812 3400 in
830 3374 884 3401 via.

261 3423 292 3451 S.
307 3424 409 3451 Bonav.
421 3435 456 3444 —-
469 3425 545 3452 Tom.
559 3425 611 3452 Vll.

2081 210 2142 243 369

1184 293 1300 326 dicitur
1326 294 1356 326 in
1375 294 1476 336 figura
1491 294 1619 329 Genesis
1641 296 1788 338 vigesimo
1812 298 1928 339 primo:
1947 298 2036 331 Dedit
2051 299 2144 331 Abra-

1185 346 1258 378 ham
1281 346 1361 389 Agar
1390 360 1406 375 «
1423 356 1533 389 panem
1554 351 1585 380 et
1608 352 1711 381 utrem
1729 358 1828 391 aquae
1845 364 1876 389 ι,
1893 354 1924 383 et
1948 351 1999 383 illa
2022 351 2098 384 abiit
2114 352 2144 384 in

1184 398 1354 432 desertum.
1382 419 1427 423 ——-
1454 401 1617 434 Secundus
1640 406 1687 434 est
1711 403 1799 444 panis
1831 403 1954 436 laboris
1979 405 2144 441 iustitiae,-

1184 451 1313 485 Genesis
1337 453 1429 486 tertio
1442 453 1469 485 ⁸:
1499 466 1514 482 α
1532 454 1563 486 ln
1581 454 1696 488 sudore
1722 456 1829 488 vultus
1846 456 1890 493 tui
1915 458 2050 490 vesceris
2067 467 2144 499 panc

1185 509 1240 538 tuo
1263 518 1298 545 »;
1336 506 1497 540 Psalmus:
1528 520 1543 536 «
1569 508 1703 541 Labores
1738 518 1889 542 manuum
1920 513 2046 543 tuarum
2071 511 2145 553 quia

1184 558 1405 598 manducabis;
1424 559 1534 593 beatus
1550 569 1598 598 es,
1615 564 1646 593 et
1667 560 1745 593 bene
1763 561 1816 594 tibi
1842 562 1901 594 crit
1914 576 1944 594 υ.
1962 582 2006 586 -
2022 564 2146 597 Tertius

1184 614 1232 644 est
1255 611 1345 653 panis
1362 612 1593 645 instructionis·
1615 613 1803 652 doctrinae;
1821 615 1964 648 Matthaei
1990 617 2144 658 quarto⁹z

1189 677 1204 694 α
1222 665 1288 698 Non
1311 665 1342 698 in
1367 666 1433 698 solo
1457 675 1537 708 pane
1560 666 1638 699 vivit
1662 667 1769 706 hoino,
1795 668 1848 700 sed
1870 668 1900 700 in
1924 669 2008 701 omni
2035 670 2145 708 verbo,

1184 718 1268 761 quod
1293 718 1434 761 procedit
1457 719 1496 752 de
1515 728 1571 752 ore
1595 720 1649 752 Dei
1667 733 1696 752 ιο.
1723 720 1767 753 De
1792 721 1849 754 hoc
1865 721 1981 754 dicitur
2006 723 2145 755 Threno-

1184 780 1258 804 rum
1281 775 1412 815 quarto:
1442 785 1457 801 α
1475 772 1598 805 Parvuli
1618 773 1775 815 petierunt
1800 783 1927 816 panem,
1945 778 1977 807 et
2001 784 2061 807 non
2078 781 2146 808 erat

1184 824 1237 867 qui
1255 824 1414 867 frangeret
1437 825 1482 858 eis
1497 839 1528 858 ι).
1541 844 1585 849 —
1598 826 1738 867 Quartus
1761 831 1808 860 est
1825 827 1913 869 panis
1937 827 2148 861 Sacramenta*

1184 877 1425 917 eucharistiae,
1448 879 1488 915 de
1505 888 1569 922 quo
1587 879 1707 914 loannis
1724 884 1815 913 sexto
1830 881 1872 913 ¹⁰:
1895 894 1910 909 «ι
1930 881 2033 920 Panis,
2050 891 2143 924 quem

1184 941 1242 974 ego
1264 932 1359 972 dabo,
1384 942 1457 966 caro
1481 942 1550 966 mea
1573 936 1621 966 est
1637 947 1652 963 n
1674 937 1747 973 etc.;
1772 938 1807 967 et
1827 935 1971 968 Matthaei
1998 936 2146 978 vigesimo

1184 989 1296 1019 sexto:
1330 999 1345 1015 α
1369 986 1579 1020 Coenantibus
1610 990 1715 1020 autem
1747 988 1809 1027 eis,
1834 989 1952 1030 accepit
1978 989 2062 1022 lesus
2093 999 2145 1032 pa-

1184 1047 1256 1077 nem
1274 1052 1304 1071 n.
1323 1057 1364 1063 -—
1382 1039 1518 1081 Quintus
1542 1043 1589 1073 est
1613 1041 1702 1082 panis
1725 1041 1958 1074 consolationis
1978 1042 2145 1079 internae,-

1185 1092 1278 1135 primi
1297 1086 1414 1135 Regum
1432 1093 1592 1136 trigesimo
1608 1095 1649 1126 ¹¹:
1672 1107 1687 1122 α
1707 1094 1867 1128 Dederunt
1883 1105 1982 1137 puero
1999 1097 2145 1138 ¹&egyptio

1183 1155 1294 1189 panem
1309 1159 1339 1186 x·;
1359 1160 1375 1176 <z
1387 1156 1482 1188 quem
1496 1156 1568 1180 cum
1578 1148 1780 1188 comedisset,
1798 1158 1945 1183 reversus
1958 1154 2004 1183 est
2016 1151 2146 1192 spiritus

1183 1200 1266 1239 eius,
1283 1203 1314 1233 et
1330 1199 1522 1233 refocillatus
1543 1204 1593 1233 est
1609 1213 1644 1239 »3
1661 1204 1692 1234 et
1714 1201 1888 1243 Sapientiae
1903 1202 2023 1235 decimo
2040 1207 2143 1236 sexto:

1188 1265 1204 1282 α
1221 1253 1333 1285 Panem
1357 1252 1395 1286 de
1420 1253 1505 1286 caelo
1529 1254 1710 1296 praestitisti
1734 1255 1779 1288 eis
1805 1255 1968 1288 habentem
1987 1271 2002 1285 ι»
2031 1261 2088 1289 etc.
2104 1277 2144 1281 —

1184 1306 1302 1339 Sextus
1325 1309 1372 1339 est
1396 1307 1484 1349 panis
1508 1307 1791 1350 contemplationis
1811 1318 1997 1351 supernae,
2021 1310 2059 1343 dc
2083 1320 2145 1352 quo

1182 1358 1309 1392 Genesis
1325 1359 1565 1401 quadragesimo
1589 1369 1671 1393 nono
1688 1361 1731 1393 ¹²:
1763 1375 1778 1390 α
1794 1362 1884 1401 Aser,
1909 1363 2033 1405 pinguis
2057 1364 2145 1405 panis

1182 1411 1268 1450 eius,
1292 1415 1323 1444 et
1348 1412 1510 1454 praebebit
1539 1412 1666 1446 delicias
1690 1414 1818 1456 regibus
1841 1427 1877 1454 ”3
1903 1415 2143 1449 Proverbiorum

1181 1465 1281 1497 nono':
1310 1477 1326 1493 «
1343 1465 1452 1498 Venite
1476 1469 1507 1498 et
1531 1466 1683 1499 comedite
1713 1476 1825 1509 panem
1849 1477 1955 1501 meum
1988 1473 2018 1501 et
2050 1468 2145 1502 bibite

1181 1518 1308 1557 Vinum,
1339 1518 1424 1560 quod
1459 1519 1569 1552 miscui
1603 1519 1690 1552 vobis
1714 1532 1749 1559 »;
1787 1521 1988 1554 Ecclesiastici
2024 1522 2145 1555 decimo

1180 1571 1312 1613 quinto:
1342 1584 1359 1600 α
1375 1571 1496 1604 Cibabit
1519 1572 1607 1605 illum
1633 1582 1711 1615 pane
1741 1574 1821 1606 vitae
1845 1578 1876 1607 et
1900 1575 2091 1615 intellectus,
2115 1582 2145 1609 et

1179 1633 1263 1666 aqua
1286 1624 1455 1666 sapientiae
1479 1625 1626 1659 salutaris
1645 1626 1764 1668 potabit
1787 1627 1876 1660 illum
1895 1642 1923 1660 ».

1270 1677 1322 1711 35.
1349 1678 1405 1712 Per
1438 1679 1495 1712 hos
1523 1688 1581 1712 sex
1606 1689 1701 1721 panes
1733 1681 1859 1714 venitur
1890 1682 1929 1714 ad
1958 1683 2264 1724 septimum.Ser11÷1¹0⁵
2275 1694 2310 1714 βε·

1180 1731 1218 1764 de
1242 1740 1306 1773 quo
1329 1731 1398 1764 hic:
1417 1732 1559 1771 Beatus,
1583 1733 1643 1776 qui
1666 1734 1883 1767 manducabit
1896 1745 2018 1777 panem
2044 1737 2078 1768 in
2096 1747 2145 1769 re·
2171 1720 2291 1761 ⁰¹⁵13i⁰³f³³‘

1178 1794 1245 1828 qno
1272 1784 1338 1817 Dei.
1364 1785 1422 1818 Sed
1446 1786 1536 1818 multi
1561 1786 1604 1819 ita
1627 1791 1701 1820 sunt
1726 1787 1849 1827 miseri,
1875 1789 1958 1831 quod
1984 1799 2045 1822 non
2076 1799 2145 1832 pos-

1181 1840 1256 1871 sunt
1279 1838 1387 1871 venire
1410 1838 1448 1871 de
1481 1848 1561 1881 pane
1592 1839 1630 1872 ad
1658 1845 1769 1882 panem
1786 1841 1828 1880 18;
1863 1842 1946 1875 unde
1969 1842 2007 1876 ad
2033 1853 2143 1885 panem

1182 1892 1266 1925 illius
1289 1892 1431 1925 caelestis
1452 1893 1585 1926 convivii
1612 1903 1673 1926 non
1691 1895 1835 1934 veniunt,
1860 1896 1934 1938 quia
1959 1906 2053 1938 panes
2069 1897 2145 1930 alios

1182 1945 1403 1988 praeambulos
1427 1946 1617 1979 manducare
1641 1947 1762 1980 nolunt.
1780 1949 1873 1981 -In
1896 1949 1999 1991 figura
2030 1950 2143 1983 horum

1182 2002 1301 2042 septem
1326 2009 1444 2042 panum
1466 2001 1610 2033 Matthaei
1628 2001 1748 2034 decimo
1764 2002 1874 2044 quinto
1889 2004 1928 2035 ¹⁴:
1959 2004 2144 2045 «Accipiens

1182 2053 1268 2086 Iesus
1292 2056 1411 2095 septem
1435 2063 1531 2096 panes
1563 2054 1724 2098 benedixit
1744 2050 1977 2098 ».'lneipiendo
2008 2066 2143 2099 namque

1182 2115 1200 2139 a
1221 2115 1300 2149 pane
1324 2106 1448 2139 doloris
1461 2107 1690 2149 poenitentiae,
1709 2109 1892 2150 pervenitur
1909 2108 1947 2142 ad
1965 2119 2076 2152 panem
2094 2121 2144 2143 re-

1181 2158 1334 2202 fectioni-s·
1357 2164 1529 2199 aeternae,
1553 2170 1648 2203 quem
1672 2162 1727 2204 qui
1752 2162 1987 2196 manducaverit
2010 2173 2070 2196 non
2089 2165 2143 2197 lia-

1181 2213 1268 2246 bebit
1291 2213 1427 2247 ulterius
1449 2213 1623 2253 defectum;
1649 2214 1770 2248 loannis
1794 2219 1885 2248 sexto
1899 2216 1940 2248 ¹⁵:
1962 2229 1977 2244 «
1995 2217 2056 2259 Ego
2073 2226 2142 2250 sum

1182 2266 1272 2309 panis
1294 2266 1394 2306 vitae3
1419 2267 1444 2299 si
1461 2267 1533 2316 quis
1549 2267 1634 2300 venit
1657 2267 1696 2300 ad
1713 2277 1780 2307 me,
1798 2278 1859 2301 non
1883 2270 2001 2302 esuriet
2016 2283 2051 2308 »;
2069 2271 2141 2312 quia

1182 2329 1240 2354 nec
1264 2320 1391 2353 habebit
1422 2320 1598 2359 fastidium,
1628 2321 1800 2354 secundum
1833 2322 1909 2355 illud
1939 2323 2140 2356 Ecclesiastici

1182 2374 1333 2417 vigesimo
1357 2377 1488 2417 quarto:
1518 2387 1534 2403 «
1551 2374 1609 2416 Qui
1627 2375 1724 2408 edunt
1747 2384 1797 2408 me
1812 2375 1915 2409 adhuc
1939 2377 2095 2415 esurient,
2112 2382 2142 2410 et

1184 2427 1240 2470 qui
1269 2427 1389 2460 bibunt
1420 2436 1471 2461 me
1503 2428 1606 2461 adhuc
1638 2428 1763 2468 sitient;
1796 2429 1849 2471 qui
1881 2429 1968 2462 audit
1998 2438 2048 2462 me
2079 2439 2140 2462 non

2165 1954 2248 1980 Figura.

1254 2619 1266 2634 ⁶
1285 2622 1379 2647 psalm.
1403 2621 1465 2653 126,
1486 2622 1509 2647 2.
1531 2624 1555 2646 et
1575 2622 1598 2647 3.
2054 2651 2056 2653 ¹

1254 2663 1264 2679 ⁷
1285 2666 1379 2691 Psalm.
1399 2665 1447 2696 41,
1468 2666 1497 2698 4,
1517 2669 1577 2697 post
1595 2672 1674 2698 quem
1696 2666 1734 2691 Ps.
1759 2666 1820 2697 126,
1841 2667 1865 2691 2.
1885 2670 1910 2691 et
1929 2667 1992 2691 Gen.
2015 2667 2061 2698 2¹,
2085 2667 2122 2692 14.

1255 2707 1266 2723 ⁸
1284 2710 1358 2736 Vers.
1381 2710 1422 2735 19.
1442 2713 1467 2735 et
1485 2710 1590 2735 deinde
1602 2710 1640 2735 Ρε,
1665 2709 1726 2740 «27,
1747 2711 1769 2734 2.
1791 2723 1826 2729 —
1845 2711 1902 2735 Vat.
1916 2710 2026 2736 vocibus
2041 2710 2140 2737 laboris

1183 2753 1299 2780 iustitiae
1319 2754 1448 2780 interserit
1466 2755 1510 2786 et,·
1530 2754 1598 2779 idem
1619 2754 1728 2779 recurrit
1748 2754 1772 2779 in
1792 2761 1847 2787 seq.
1867 2753 1994 2779 membro.

1254 2796 1265 2811 ⁹
1284 2798 1360 2824 Vers.
1381 2798 1409 2828 4,
1429 2798 1470 2824 cui
1490 2797 1658 2830 subiungitur
1679 2799 1774 2823 Thr-en.
1796 2798 1824 2829 -1,
1846 2798 1868 2823 4.

1254 2840 1276 2855 ¹⁰
1295 2842 1371 2868 Vers.
1390 2843 1438 2874 52,
1458 2845 1518 2875 post
1536 2849 1615 2876 quem
1636 2843 1722 2868 Matth.
1743 2842 1790 2874 26,
1810 2843 1852 2867 26.

1254 2886 1274 2901 ¹¹
1295 2887 1369 2913 Vers.
1391 2888 1433 2913 11.
1452 2891 1477 2912 et
1498 2888 1542 2919 12,
1563 2878 1630 2920 quos
1648 2888 1765 2920 sequitur
1785 2888 1845 2919 Sap.
1870 2888 1913 2917 16,
1934 2888 1976 2912 -20,

1254 2929 1275 2945 ¹²
1296 2931 1370 2957 Vers.
1390 2931 1431 2956 20.
1446 2946 1476 2950 —
1494 2931 1551 2957 Duo
1571 2938 1644 2964 seqq.
1659 2931 1707 2956 loci
1723 2934 1783 2956 sunt
1796 2931 1872 2956 Prov.
1887 2931 1917 2961 9,
1932 2931 1995 2956 5201
2009 2932 2084 2957 Eccli.
2102 2932 2140 2961 15,

1183 2976 1208 3001 3.
1227 2989 1262 2995 —
1281 2975 1407 3008 Superius
1425 2975 1503 3001 codd.
1524 2982 1580 3001 non>
1594 2975 1661 3000 benc
1680 2974 1840 3001 substituunt
1854 2974 2084 3008 contemplationis
2097 2982 2140 3001 ac-

1182 3022 1274 3047 lemae
1292 3027 1341 3052 pro
1360 3019 1590 3053 contemplationis
1608 3026 1750 3053 supernae:

1254 3063 1276 3079 ¹⁸
1295 3066 1329 3090 lta
1349 3065 1427 3090 etiam
1446 3064 1523 3090 Card.
1543 3065 1628 3096 Ilugo.
1641 3063 1692 3089 Csr.
1707 3064 1842 3094 Bernard.,
1855 3063 1940 3089 Serui.
1957 3064 1978 3088 1.
1992 3070 2040 3095 pro
2055 3064 2139 3089 Domi-

1182 3109 1238 3134 nica
1259 3109 1283 3134 6.
1303 3112 1362 3140 post
1381 3109 1481 3134 Pentec.
1511 3116 1535 3133 n.
1566 3108 1590 3133 4.
1617 3111 1642 3132 et
1670 3108 1751 3133 Sei-m.
1772 3108 1796 3132 3.
1822 3107 1847 3132 in
1868 3107 1981 3132 Dedicat.
2001 3107 2139 3138 ecclesiae,

1182 3161 1208 3179 n.
1228 3155 1259 3185 2,
1278 3152 1324 3179 ubi
1343 3153 1465 3180 diversae
1483 3153 1558 3185 panis
1577 3153 1720 3178 afferuntur
1738 3152 1949 3184 significationes,

1254 3196 1276 3211 ¹⁴
1295 3197 1369 3222 Ver-s.
1389 3197 1442 3222 36:
1461 3197 1495 3223 Et
1512 3195 1644 3229 accipiens
1663 3197 1761 3229 septem
1774 3202 1887 3229 panes...
1900 3197 1926 3221 et
1937 3194 2042 3228 arucias
2055 3202 2138 3228 aqens

1182 3241 1265 3277 fregit
1281 3245 1331 3267 etc.
1350 3241 1400 3268 Cir.
1420 3241 1469 3272 26,
1489 3241 1540 3267 26;
1559 3240 1666 3272 Accepit
1690 3240 1760 3266 lesus
1785 3246 1878 3272 panem
1904 3240 1928 3265 el
1953 3238 2087 3266 benedi-tit
2109 3246 2138 3264 ac

1183 3286 1259 3318 n-egit
1278 3289 1328 3312 etc.

1254 3328 1276 3344 ¹⁵
1296 3330 1370 3356 Ver-s.
1390 3330 1433 3356 35.
1452 3333 1477 3355 et
1496 3329 1591 3356 deinde
1610 3329 1685 3355 Eccli.
1706 3328 1752 3360 2⁴,
1779 3328 1865 3354 29-31.
1885 3341 1920 3347 —-
1939 3328 2065 3360 Superius
2090 3334 2138 3360 pro

1182 3373 1297 3401 ulterius
1317 3373 1448 3408 defectum
1468 3374 1524 3400 Vnt.
1544 3373 1658 3400 ulterius
1679 3372 1764 3399 ullam
1779 3372 1934 3407 penuriam.

1999 3425 2031 3450 47
