2476 3921
11 395 116 419 nubilatio
123 400 157 417 eo·

16 429 60 446 mm
73 422 100 444 de
114 427 151 443 au-

55 449 109 471 dita.

6 494 8 511 l

743 242 938 276 COMMENT.
963 243 1001 276 IN
1025 242 1265 277 EVANGELIUM
1288 243 1406 277 LUCAE
1430 244 1462 277 C.
1487 245 1588 278 XXIV.

171 332 259 366 sicut
281 332 539 366 deliramentum
561 331 663 365 verba
686 332 769 372 ista,
785 336 814 365 et
837 341 904 365 non
920 332 1133 365 crediderunt

170 385 245 418 illis.
270 385 357 419 Unde
381 385 518 424 auditui
539 394 601 418 non
626 385 813 425 credebant,
838 389 907 418 tum
937 385 1013 428 quia
1036 385 1132 418 mira-

168 439 230 473 bile
253 443 321 472 erat
345 439 430 482 quod
453 439 614 479 dicebant,
641 441 708 472 tum
731 438 807 481 quia
830 438 890 472 boc
906 438 1012 472 divina
1027 439 1132 481 dispo-

167 493 279 539 sitione
302 493 470 535 agebatur,
493 495 531 526 ut
552 492 653 525 maior
677 495 708 525 et
731 491 848 525 certior
872 492 1014 525 veritatis
1030 500 1132 525 asser-

167 546 211 579 tio
233 546 440 580 obtineretur.
465 546 552 579 Unde
583 543 798 588 Gregorius1:
833 558 849 575 α
865 545 956 587 Quod
986 545 1131 588 discipuli

167 599 256 633 tarde
271 599 484 639 crediderunt,
501 608 564 632 non
577 602 640 632 tam
657 599 786 632 illorum
803 599 1018 639 incredulitas,
1035 608 1131 642 quam

167 656 292 693 nostra,
315 656 352 686 ut
375 652 419 685 ita
441 653 560 693 dicam,
584 652 694 686 futura
718 643 851 685 firmitas
874 652 944 685 suit.
970 653 1046 685 Nam
1070 652 1132 686 illis

166 706 385 740 dubitantibus
408 705 602 740 resurrectio
618 706 728 741 multis
743 705 940 748 argumentis
957 708 1133 739 monstrata

167 762 233 799 est,
268 768 367 802 quae,
398 759 476 793 dum
511 759 650 802 legentes
684 759 903 801 agnoscimus,
936 759 1014 801 quid
1045 758 1133 792 aliud

166 822 261 855 quam
286 812 325 846 de
348 821 460 846 eorum
484 812 680 845 dubitatione
704 812 877 845 solidamur
890 815 929 845 »?

257 867 307 899 15.
332 866 434 908 (Vers.
463 866 539 908 12.).
564 866 734 908 Propterea
757 866 913 899 dubitatio
935 866 975 899 de
1009 866 1132 899 auditu

2 928 112 960 *inquisitio
121 919 305 956 perincitavit
328 919 368 952 ad
391 913 612 962 inquirendam
629 919 851 952 certitudinem
868 928 926 962 per
941 923 1132 962 aspectum;

42 961 117 978 sssum.

18 1461 144 1484 Notandum.

16 1942 93 1965 Sensus
106 1948 152 1971 my-

45 1969 118 1992 alicus.

164 976 295 1016 propter
317 973 402 1016 quod
426 973 550 1006 subdit:
575 973 699 1005 Petrus
715 976 828 1005 autem
849 982 993 1015 suryens
1010 982 1132 1005 cucur-

164 1027 211 1060 rit
234 1027 280 1060 ad
302 1030 552 1060 monumentum
587 1030 616 1059 et
648 1025 870 1069 procumbens
905 1026 990 1059 vidit
1014 1026 1130 1059 lintea-

164 1080 263 1113 mina
292 1079 365 1113 sola
396 1080 528 1123 posita,
552 1083 580 1112 et
607 1079 713 1119 abiit,
737 1089 849 1112 secum
878 1079 1012 1112 mirans
1043 1079 1132 1123 quod

163 1133 294 1177 factum
317 1132 442 1176 fuerat.
468 1134 581 1167 Narrat
603 1136 709 1166 autem
735 1133 813 1166 haec
837 1133 1014 1175 specialiter
1031 1133 1131 1166 Lucas

163 1186 203 1220 de
226 1187 335 1226 Petro,
359 1190 395 1220 ut
418 1186 579 1226 ostendat,
603 1186 688 1229 quod
712 1186 779 1228 ipse
803 1195 821 1219 a
844 1186 969 1219 fervore
993 1194 1052 1219 suo
1068 1195 1131 1218 non

165 1239 337 1273 destiterat.
362 1239 422 1273 Sed
457 1234 601 1273 Ioannes
617 1240 677 1272 hoc
701 1239 887 1281 expressius
910 1242 1020 1272 narrat
1044 1238 1130 1280 vige-

165 1293 244 1327 simo
253 1294 277 1333 2,
301 1293 384 1336 quod
402 1302 465 1326 non
482 1293 569 1326 solus
584 1293 697 1326 Petrus
713 1292 783 1331 ivit,
801 1301 914 1325 verum
930 1291 1024 1324 etiam
1041 1291 1128 1324 loan-

164 1355 234 1386 nes;
257 1350 289 1380 et
312 1346 398 1389 quod
427 1359 443 1376 α
459 1346 554 1379 simul
578 1345 798 1384 currebant»,
815 1349 846 1378 et
862 1344 947 1388 quod
969 1358 984 1374 α
998 1345 1127 1378 loannes

164 1400 386 1443 praecucurrit
420 1400 514 1433 citius
545 1400 652 1439 Petro,
677 1399 730 1432 sed
766 1408 828 1431 non
865 1398 953 1440 prior
989 1398 1131 1431 introivit

163 1453 196 1486 in
221 1457 463 1486 monumentum
480 1466 511 1485 n.
536 1453 651 1486 Narrat
681 1452 779 1495 igitur
811 1452 927 1491 Lucas,
952 1451 1037 1494 quod
1069 1451 1130 1483 Pe-

164 1512 239 1541 trus
257 1507 481 1550 procumbens
504 1506 702 1540 linteamina
722 1506 807 1539 vidit
818 1506 951 1548 posita,·
976 1505 1130 1538 Ioannes³

163 1570 240 1595 vero
263 1561 449 1603 expressius
480 1560 704 1603 prosequitur,
728 1559 813 1602 quod
837 1569 899 1592 non
924 1559 1027 1592 solum
1052 1559 1131 1591 baec

164 1614 258 1654 vidit,
291 1614 346 1647 sed
376 1615 471 1647 etiam
508 1614 683 1647 «introivit
714 1614 747 1646 in
778 1617 1018 1646 monumentum
1037 1625 1067 1652 »;
1100 1615 1132 1645 et

165 1672 287 1708 tamen,
312 1668 395 1702 sicut
418 1668 470 1701 hic
493 1668 629 1707 dicitur,
654 1667 738 1701 abiit
759 1676 871 1700 secum
895 1667 1047 1705 miram,
1067 1675 1130 1698 non

164 1721 269 1755 adhuc
293 1721 442 1762 credens,
467 1722 543 1765 quia
558 1721 675 1754 dicitur
693 1721 815 1754 loannis
831 1720 998 1763 vigesimo:
1022 1733 1037 1748 a
1051 1720 1133 1752 Non-

163 1774 240 1808 dum
264 1775 348 1808 enim
371 1775 512 1808 sciebant
535 1769 752 1817 scripturam,
770 1774 845 1817 quia
862 1777 1041 1816 oporteret,
1058 1781 1132 1806 eum

164 1838 183 1861 a
204 1829 341 1862 mortuis
365 1838 534 1872 resurgere
551 1842 581 1861 ι».

258 1883 308 1915 16.
335 1883 370 1915 Et
393 1882 638 1922 attendendum,
663 1882 748 1928 quod
772 1890 828 1924 per
854 1880 1052 1914 linteamina
1073 1890 1132 1922 po-

164 1936 231 1969 sita
246 1936 468 1979 intelliguntur
483 1939 700 1969 sacramenta
717 1934 959 1974 humanitatis,
977 1943 1059 1977 quae
1076 1943 1132 1966 no-

164 1989 213 2023 bis
235 1989 380 2031 exposita
403 1993 479 2022 sunt
501 1989 540 2022 ad
564 1988 758 2022 credendum
774 1992 806 2022 et
822 1987 1058 2030 intelligendum
1075 1996 1133 2029 per

165 2043 408 2076 resurrectionis
421 2045 670 2082 sacramentum;
681 2042 764 2075 unde
773 2042 973 2084 Apocalypsis
982 2041 1093 2083 quinto
1103 2041 1131 2073 4;

171 2109 188 2125 «
203 2096 290 2135 Ecce,
314 2096 389 2129 vicit
412 2096 461 2129 leo
494 2096 534 2129 de
557 2095 645 2142 tribu
681 2095 770 2135 luda,
794 2095 920 2137 aperire
956 2095 1074 2127 librum
1099 2098 1131 2127 et

167 2150 289 2184 solvere
313 2153 432 2192 septem
455 2149 617 2191 signacula
651 2148 720 2182 eius
735 2162 766 2181 ι».
792 2148 849 2181 Sed
875 2148 950 2191 quia
973 2157 1035 2181 non
1060 2157 1132 2190 pos-

167 2206 242 2237 sunt
265 2203 370 2236 omnia
402 2201 627 2245 comprehendi
660 2201 781 2234 ratione
805 2201 984 2239 Divinitatis
1007 2200 1132 2239 unitae,

167 2257 237 2290 ideo
271 2256 406 2294 dicitur,
431 2255 516 2298 quod
551 2254 634 2288 abiit
666 2254 809 2287 mirans.
847 2254 924 2287 Nam
959 2253 1076 2286 dicitur
1100 2253 1133 2285 in

168 2309 332 2342 Psalmo⁶:
362 2322 377 2338 α
394 2308 544 2342 Mirabilis
567 2308 648 2341 facta
671 2310 719 2341 est
743 2307 873 2340 scientia
897 2310 951 2339 tua
974 2315 1016 2339 ex
1033 2314 1084 2339 me
1102 2319 1132 2337 ».

168 2362 205 2395 Et
228 2365 396 2405 propterea
419 2362 451 2395 in
476 2362 573 2395 buius
595 2361 844 2404 designationem
867 2360 984 2393 dicitur
1012 2359 1134 2392 Ioannis

167 2415 317 2458 vigesimo
329 2416 353 2455 ⁶,
377 2416 462 2459 quod
492 2429 508 2445 α
524 2416 707 2455 sudarium,
724 2415 808 2458 quod
833 2418 901 2448 erat
925 2423 1022 2457 super
1039 2416 1134 2456 caput

169 2468 255 2508 lesu,
280 2469 357 2502 vidit
380 2479 443 2502 non
467 2479 540 2502 cum
564 2469 802 2502 linteaminibus
825 2467 980 2510 positum,
1005 2467 1059 2500 sed
1084 2475 1133 2500 se-

168 2521 303 2564 paratim
337 2522 517 2555 involutum
549 2522 580 2555 in
613 2532 713 2555 unum
750 2512 854 2555 locum
871 2535 901 2554 ».
936 2521 978 2554 lbi
1007 2521 1132 2553 Glossa:

241 2704 250 2720 ¹
270 2704 340 2731 Libr.
360 2705 388 2731 ll.
407 2704 501 2731 Homil.
521 2705 548 2730 in
568 2705 669 2737 Evang.
698 2705 788 2731 homil.
818 2706 860 2732 29.
881 2713 907 2732 n.
928 2707 952 2737 t,
972 2705 1018 2732 ubi
1038 2713 1086 2738 pro
1106 2705 1136 2732 il-

170 2748 261 2776 lorum
279 2748 457 2776 incredulitas
476 2749 498 2774 Η
516 2756 578 2775 cum
598 2752 668 2775 textu
689 2749 808 2781 originali
828 2749 942 2776 illorum
961 2749 1116 2785 infirmitas.

240 2792 251 2808 ²
272 2794 346 2820 Vers.
366 2794 389 2819 3.
410 2797 436 2819 et
456 2793 480 2819 t.

241 2837 252 2852 ³
271 2838 335 2870 Cap.
354 2838 402 2870 20,
423 2839 448 2863 6.
473 2840 499 2863 et
526 2836 640 2863 subinde
659 2845 684 2863 v.
705 2838 730 2863 9.
750 2851 785 2857 —
804 2838 893 2864 Glossa
920 2838 1065 2865 ordinaria
1093 2838 1136 2870 (ex

171 2882 251 2914 Beda,
269 2883 315 2915 qui
335 2883 453 2915 sequitur
471 2882 599 2914 August„
620 2882 658 2908 ΙΙΙ.
670 2882 704 2908 de
717 2881 852 2908 Consensu
871 2883 1030 2914 Evangelist.
1049 2890 1071 2908 c.
1092 2882 1135 2908 25.

170 2934 196 2952 n.
215 2927 270 2960 70.)
284 2927 311 2953 in
324 2928 386 2953 Luc.
406 2927 454 2959 24,
476 2927 526 2958 42,
545 2927 657 2953 eandem
677 2926 852 2954 obiectionem
871 2927 950 2953 solvit
962 2927 999 2952 sic
1011 2936 1017 2952 :
1030 2927 1081 2952 Sed
1097 2927 1136 2952 in-

171 2971 341 3004 telligendum
361 2975 413 3004 est,
438 2973 543 2998 Petrum
571 2972 659 3004 primo
687 2971 907 3004 procumbentem
936 2971 1037 2997 vidisse
1062 2969 1136 3004 quod

171 3016 255 3041 Lucas
279 3019 488 3048 commemorat,
508 3017 615 3042 loannes
633 3019 715 3047 tacet;
735 3018 795 3048 post
813 3018 901 3041 nutem
923 3015 1087 3047 ingressum,
1107 3019 1136 3040 ut

171 3059 323 3091 diligentius
340 3059 464 3086 interiora
488 3051 683 3093 dignosceret,'
697 3060 846 3092 ingressum
868 3062 969 3091 tamen,
992 3061 1134 3091 antequam

172 3103 280 3129 loannes
298 3103 413 3130 intraret.
432 3104 483 3130 Cir.
503 3105 529 3130 S.
549 3105 663 3136 Bonam,
683 3103 830 3131 Commeat.
850 3103 876 3129 in
895 3104 964 3129 loan.
994 3110 1017 3129 c.
1046 3103 1088 3128 20.
1108 3109 1135 3128 n.

172 3147 198 3173 5.
217 3154 290 3180 seqq.
311 3151 336 3173 et
355 3155 381 3174 n.
401 3148 492 3174 ⁴6.—
505 3149 614 3175 lnserius
633 3152 693 3181 post
705 3147 778 3183 quod
790 3154 844 3175 non
857 3146 948 3174 solum
967 3146 1033 3173 haec
1051 3146 1070 3173 C
1082 3146 1135 3172 DG

171 3191 294 3222 omittunt
311 3190 385 3219 vidit.

244 3235 256 3250 ⁴
276 3237 350 3262 vers.
370 3237 395 3262 5.
414 3236 467 3263 Ct'r.
494 3236 619 3270 Gregor„
649 3238 678 3264 ll.
696 3237 790 3264 llomil.
811 3237 838 3263 in
857 3237 957 3269 Evang.
977 3236 1067 3262 homil.
1092 3236 1135 3261 22.

173 3288 200 3307 n.
220 3280 251 3312 l,
270 3279 316 3306 ubi
334 3281 426 3312 docet,
446 3288 493 3313 per
511 3281 658 3309 sudarium
686 3282 779 3314 capitis
806 3281 916 3314 exprimi
946 3281 989 3307 vel
1017 3279 1135 3306 laborem

174 3325 219 3351 Dei
238 3325 265 3350 in
284 3324 419 3357 portandis
438 3325 576 3352 hominum
595 3326 786 3358 pravitatibus,
805 3326 847 3352 vel
866 3324 984 3351 laborem
1004 3324 1097 3351 Christi
1111 3324 1136 3350 in

174 3368 309 3401 passione,
329 3369 405 3395 culus
424 3374 586 3396 sacramenta
607 3370 757 3397 infidelibus
776 3372 837 3397 sunt
855 3370 967 3396 occulta.
980 3368 1049 3395 Vide
1062 3368 1136 3394 Glos-

174 3420 230 3439 sam
249 3412 421 3440 ordinariam
442 3414 468 3439 in
488 3414 555 3440 loan.
576 3415 625 3446 20,
644 3415 670 3441 7.
1115 3419 1118 3422 ’

2097 247 2157 279 591

1201 345 1218 361 α
1234 333 1434 366 Sacramenta
1457 333 1634 367 Divinitatis
1655 334 1983 377 incomprehensibilia
1999 345 2018 368 a
2033 338 2161 368 nostrae

1196 385 1389 419 infirmitatis
1412 387 1587 429 cognitione
1612 392 1731 421 remota
1748 392 1839 428 sunt;
1862 389 1894 421 in
1911 389 2053 422 involuto
2076 389 2160 422 enim

1195 447 1253 472 nec
1278 439 1402 472 initium
1426 449 1483 473 nec
1506 440 1578 474 finis
1601 441 1770 483 aspicitur,
1795 442 1840 474 sic
1863 442 2016 475 celsitudo
2040 442 2161 475 Divini-

1197 492 1269 525 tatis
1293 501 1350 526 nec
1374 494 1476 536 coepit
1499 503 1566 528 esse
1601 503 1658 528 nec
1689 494 1780 528 desiit
1803 504 1871 528 esse
1889 509 1918 527 ».
1952 495 1987 528 Et
2012 495 2082 528 ideo
2105 496 2162 529 Pe-

1196 547 1267 578 trus
1290 545 1374 578 abiit
1396 546 1549 585 mirans,-
1573 547 1713 580 Psalmus
1726 548 1756 579 ⁷:
1779 560 1794 576 «ι
1812 548 1965 581 Mirabilia
1980 557 2077 590 opera
2094 552 2160 588 tua,

1195 601 1227 631 et
1250 599 1355 633 anima
1377 609 1447 633 mea
1470 601 1629 642 cognoscit
1652 601 1744 634 nimis
1760 615 1806 633 ι».-

1266 705 1428 745 Secundo,
1453 706 1492 739 de
1515 707 1727 748 apparitione
1748 708 1954 750 resur-yemis
1978 708 2095 751 agitur

1587 760 1769 802 tripliciter.

1291 867 1341 898 17.
1369 866 1408 899 Et
1431 876 1518 905 ecce,
1544 866 1610 899 cluo
1639 877 1678 900 em
1702 867 1768 900 illis
1803 867 1895 900 ibant
1919 871 1976 901 etc.
2010 868 2080 901 Post
2104 868 2158 901 de-

1196 919 1348 961 scriptam
1384 920 1606 953 revelationem
1647 921 1889 954 resurrectionis
1924 921 2073 960 describit
2109 922 2160 955 hic

1197 973 1393 1015 Evangelista
1416 973 1662 1015 apparitionem
1686 974 1890 1017 resuryena‘s
1903 974 1928 1014 ⁸,
1953 984 2016 1016 qua
2032 975 2159 1017 quidem

1195 1025 1344 1067 apparuit
1365 1025 1491 1058 duobus
1514 1025 1676 1068 discipulis
1700 1030 1850 1068 tanquam
1875 1027 2007 1060 testibus
2030 1027 2159 1060 idoneis.

1196 1079 1386 1121 Progressus
1409 1082 1515 1112 autem
1539 1082 1570 1112 et
1594 1079 1672 1112 ordo
1696 1080 1793 1112 huius
1816 1081 2021 1122 apparitionis
2044 1081 2104 1114 fuit
2128 1081 2160 1113 in

1197 1132 1278 1171 hoc‚·
1299 1132 1384 1174 quod
1408 1132 1554 1165 Christus
1578 1141 1611 1165 se
1634 1132 1797 1175 discipulis
1821 1134 1950 1166 sociavit
1974 1134 2158 1176 tripliciter:

1195 1185 1299 1227 primo
1322 1185 1452 1227 quidem
1477 1186 1513 1218 in
1536 1186 1652 1218 itinere
1660 1197 1671 1224 ;
1696 1186 1834 1219 secundo
1858 1195 1952 1226 vero,
1969 1187 2005 1220 in
2022 1187 2160 1220 collocu-

1196 1237 1297 1276 tione,
1321 1238 1360 1270 de
1385 1246 1449 1280 qua
1472 1237 1558 1270 ihi⁹:
1594 1239 1634 1270 Et
1667 1238 1717 1271 ait
1748 1239 1793 1271 ad
1818 1239 1909 1272 illos:
1936 1240 2002 1280 Qui
2024 1245 2101 1272 sunt
2127 1239 2162 1272 lii

1194 1300 1361 1323 sermones
1385 1294 1463 1331 etc.;
1487 1294 1519 1324 et
1543 1291 1636 1324 tertio
1661 1292 1695 1324 in
1720 1293 1931 1330 comestione,
1961 1293 1999 1326 de
2023 1302 2086 1335 qua
2099 1293 2159 1326 ibi:

1199 1345 1236 1377 Et
1259 1345 1620 1389 appropinquaverunt
1644 1345 1794 1384 castello,
1819 1356 1884 1389 quo
1908 1346 2010 1379 ibant.
2038 1347 2070 1379 In
2094 1347 2161 1388 pri-

1195 1397 1255 1430 mis
1278 1397 1404 1430 duobus
1429 1398 1538 1440 latuit,
1559 1398 1613 1431 sed
1637 1398 1668 1430 in
1694 1398 1787 1431 tertio
1810 1399 1966 1441 apparuit.

1270 1503 1441 1538 Associatio
1464 1503 1499 1538 in
1522 1503 1640 1538 itinere
1663 1503 1853 1539 describitur
1877 1505 1978 1549 quoad
2002 1505 2080 1539 tria.

1286 1611 1376 1645 Circa
1411 1612 1664 1645 associationem
1701 1613 1735 1645 in
1771 1613 1887 1645 itinere
1921 1613 2158 1646 describendam

1198 1665 1259 1698 tria
1282 1665 1531 1698 introducuntur
1554 1666 1594 1699 ab
1630 1666 1841 1708 Evangelista,
1871 1667 1987 1699 scilicet
2022 1676 2159 1699 concors

1197 1719 1259 1752 iter
1283 1719 1546 1762 discipulorum,
1575 1723 1732 1752 mutuum
1768 1719 1964 1763 colloquium
2000 1720 2160 1752 itineran-

1198 1773 1281 1805 tium
1306 1777 1337 1806 et
1363 1772 1489 1806 Christi
1511 1773 1716 1806 consortium
1740 1773 1959 1816 diynativum.

1290 1827 1340 1859 18.
1366 1827 1467 1868 (Vers.
1496 1826 1570 1867 13.).
1597 1827 1699 1859 Primo
1723 1827 1824 1869 igitur.
1843 1830 1996 1869 quantum
2026 1826 2064 1859 ad
2084 1836 2159 1859 con-

1198 1890 1273 1913 cors
1296 1880 1357 1912 iter
1381 1880 1625 1922 discipulorum
1648 1880 1736 1913 dicit:
1766 1881 1804 1912 Et
1826 1889 1913 1918 ecce,
1939 1880 2006 1911 duo
2029 1889 2067 1912 ex
2093 1879 2159 1912 illis

1198 1933 1292 1966 ibant
1315 1933 1392 1975 ipsa
1414 1932 1467 1965 die
1496 1933 1532 1965 in
1563 1932 1749 1972 castellum,
1774 1933 1861 1976 quod
1896 1936 1968 1965 erat
1992 1933 2027 1965 in
2050 1933 2159 1975 spatio

1197 1987 1387 2020 stadiorum
1409 1987 1587 2029 sexaginta
1619 1986 1660 2018 ab
1698 1986 1901 2025 Ierusalem,
1923 1986 2055 2018 nomine
2085 1987 2160 2018 Em-

1198 2047 1307 2073 maus.
1326 2040 1356 2072 ln
1375 2049 1438 2082 quo
1454 2039 1606 2081 exprimit
1618 2039 1717 2072 Lucas
1733 2039 1876 2072 euntium
1894 2049 2083 2078 numeru-m,
2101 2040 2160 2072 sci-

1179 2093 1270 2126 .licet
1293 2093 1379 2135 quod
1402 2096 1493 2125 erant
1515 2093 1601 2131 duo,
1626 2096 1662 2125 ut
1685 2092 1737 2125 det
1761 2092 1889 2134 intelligi
1915 2092 2056 2133 ipsorum
2085 2101 2159 2124 con-

1198 2147 1348 2180 cordiam.
1363 2146 1438 2178 Nam
1455 2145 1655 2178 Ecclesiastae
1672 2148 1786 2187 quarto
1801 2145 1840 2177 ¹⁰:
1860 2158 1876 2173 «ι
1888 2145 1997 2178 Melius
2010 2148 2067 2184 est,
2079 2145 2160 2178 duos

1198 2208 1266 2232 esse
1290 2199 1384 2232 simul
1418 2207 1514 2241 quam
1549 2203 1649 2230 unum
1665 2211 1696 2229 ».
1727 2192 1789 2230 ixSi
1814 2206 1898 2230 unus
1930 2197 2095 2236 ceciderit,
2120 2198 2159 2230 ab

1197 2252 1259 2284 alio
1282 2252 1431 2285 fulcietur
1447 2264 1463 2280 n
1492 2254 1570 2290 etc.;
1594 2254 1625 2284 et
1648 2250 1717 2283 ideo
1749 2259 1846 2292 supra
1875 2250 1995 2283 decimo
2025 2251 2158 2287 dicitur,

1198 2305 1283 2348 quod
1311 2318 1327 2334 ux
1344 2305 1428 2338 misit
1451 2313 1505 2337 eos
1528 2304 1617 2337 binos
1640 2307 1713 2337 ante
1736 2303 1846 2336 faciem
1869 2313 1960 2338 suam
1988 2317 2003 2332 n
2032 2307 2090 2337 etc.
2117 2322 2158 2326 —

1199 2359 1355 2401 Exprimit
1378 2358 1470 2397 etiam
1487 2358 1652 2400 spatium,
1674 2361 1804 2400 propter
1821 2357 1959 2398 mysterii
1984 2357 2159 2399 intelligen-

1199 2413 1283 2445 tiam.
1310 2413 1404 2451 Nam,
1421 2412 1503 2445 sicut
1519 2411 1594 2444 dicit
1617 2410 1698 2444 Beda
1712 2412 1748 2450 ¹¹,
1779 2410 1954 2443 «stadium
1978 2414 2025 2443 est
2048 2414 2158 2443 octava

1200 2475 1273 2509 pars
1296 2465 1452 2504 milliarii,
1476 2468 1507 2498 et
1531 2465 1600 2498 ideo
1631 2464 1794 2507 sexaginta
1818 2463 1916 2497 stadia
1947 2467 2065 2505 septem
2090 2463 2160 2496 mil-

1199 2520 1240 2552 lia
1263 2527 1415 2561 passuum
1439 2521 1470 2551 et
1493 2518 1681 2560 quingentos
1705 2517 1864 2550 continent
1881 2530 1911 2555 υ,
1929 2516 1959 2549 id
1976 2520 2022 2549 est
2039 2520 2159 2558 septem

1271 2703 1282 2718 ⁵
1302 2704 1396 2730 Psalm.
1417 2703 1483 2734 438,
1503 2703 1528 2728 6.

1271 2748 1283 2763 θ
1303 2749 1377 2774 Vers.
1397 2748 1422 2774 7.
1441 2748 1532 2773 Glossa
1552 2746 1578 2772 iu
1597 2747 1667 2772 huuc
1685 2745 1734 2771 loc.
1753 2747 1792 2771 est
1811 2743 1963 2770 ordinaria.
1993 2744 2049 2776 lpsa
2073 2747 2160 2769 sumta

1200 2796 1240 2820 est
1259 2801 1289 2819 ex
1309 2794 1433 2824 Gregor.,
1454 2792 1480 2817 ll.
1500 2791 1595 2817 Homil.
1616 2790 1639 2817 in
1654 2791 1752 2821 Evang.
1767 2789 1855 2814 homil.
1871 2789 1914 2814 22.
1927 2795 1952 2813 n.
1967 2788 1996 2813 3:
2014 2797 2026 2811 ‹
2038 2788 2160 2813 Linteum

1199 2838 1313 2870 quippe,
1333 2837 1406 2870 quod
1426 2836 1583 2866 involvitur,
1608 2835 1665 2860 eius
1683 2840 1731 2859 nec
1750 2833 1854 2858 initium
1878 2839 1926 2858 nec
1946 2833 2004 2858 tinis
2023 2832 2157 2864 aspicitur.

1198 2883 1279 2908 Recte
1298 2888 1362 2913 ergo
1381 2880 1517 2906 sudarium
1537 2879 1628 2911 capitis
1647 2877 1799 2904 involutum
1818 2877 1956 2902 inventum
1970 2880 2024 2907 est,
2037 2876 2098 2909 quia
2112 2876 2161 2901 cel-

1199 2926 1286 2952 situdo
1306 2924 1453 2951 Divinitatis
1472 2931 1523 2949 non
1553 2923 1641 2954 coepit
1667 2929 1724 2947 esse
1753 2928 1802 2947 nec
1830 2921 1925 2946 desinit
1940 2931 1952 2943 υ
1974 2924 2024 2946 etc.
2053 2921 2102 2946 Pro
2122 2919 2160 2946 in-

1198 2969 1289 2996 voluto
1308 2972 1334 2994 et
1352 2968 1391 2995 sic
1410 2969 1468 2994 Vat.
1489 2966 1630 2993 involucro
1649 2970 1674 2992 et
1692 2965 1770 2992 sicut.

1270 3012 1280 3027 ⁷
1301 3013 1396 3038 Psalm.
1416 3012 1480 3042 1138,
1502 3011 1544 3036 tt.

1270 3056 1281 3071 ⁸
1301 3057 1352 3083 Cir.
1370 3063 1451 3088 supra
1471 3062 1495 3080 n.
1518 3056 1542 3080 t.

1270 3099 1282 3115 ⁰
1301 3101 1376 3125 Vers.
1398 3099 1447 3130 ⁴7,
1468 3099 1572 3124 tertium
1592 3097 1704 3124 babetur
1723 3104 1750 3122 v.
1769 3097 1812 3122 28.
1831 3110 1866 3116 -
1886 3096 2014 3128 Superius
2033 3103 2082 3128 pro
2107 3095 2160 3123 col-

1200 3144 1333 3172 locutione
1351 3143 1370 3170 C
1382 3144 1432 3169 DG
1444 3144 1465 3169 ll
1485 3141 1669 3173 collationem,
1689 3142 1736 3167 sed
1756 3141 1863 3167 inferius
1882 3141 1924 3166 isti
1944 3141 2021 3166 codd.
2042 3140 2093 3166 sibi
2106 3148 2159 3166 non

1199 3192 1333 3220 constant,
1352 3188 1515 3221 quandoque
1534 3190 1662 3219 ponentes
1681 3185 1901 3217 collocutionem,
1921 3185 2085 3218 quandoque
2104 3184 2159 3212 col-

1200 3234 1337 3261 lationem.

1271 3277 1294 3292 ¹⁰
1313 3278 1387 3303 Vers.
1407 3277 1433 3302 9.
1452 3279 1478 3302 et
1500 3276 1545 3308 ¹0,
1565 3278 1624 3308 post
1642 3282 1711 3308 quos
1729 3275 1792 3300 Luc.
1814 3275 1861 3305 to,
1886 3275 1906 3299 l.

1271 3321 1292 3336 ¹¹
1313 3321 1383 3347 Libr.
1404 3321 1446 3346 Vl.
1465 3320 1490 3346 in
1509 3321 1571 3346 Luc.
1590 3319 1637 3352 24,
1658 3319 1699 3344 ⁴3.
1720 3319 1789 3345 ldem
1819 3318 1881 3345 dicit
1906 3319 1996 3345 Glossa
2016 3318 2157 3346 ordinaria

1201 3366 1284 3400 (apud
1302 3364 1445 3398 Lyranuin)
1466 3364 1492 3390 in
1512 3365 1581 3390 bunc
1600 3364 1696 3390 locum.

2180 1141 2269 1162 Divisio.

2177 1832 2269 1853 Concors
2285 1833 2326 1853 iter

2193 1859 2306 1886 discipulo-

2220 1892 2274 1907 rum.

2181 2045 2294 2067 Numerus.

2179 2363 2283 2391 Spatium.
