2427 3872
398 214 464 241 ΕΗΒ
474 213 540 248 ’.(19)

154 268 203 287 nos
230 260 290 293 plus
306 266 387 294 quam
406 261 491 285 mater
508 259 606 290 fllium,
624 261 706 292 quam
725 264 791 284 uxor

152 306 355 338 virum,·quam
374 304 462 330 anima
473 309 578 336 ‘corpus
596 302 631 329 ib.
650 303 683 329 20

191 361 239 369 ·-
257 349 342 381 diligit
360 356 466 380 omnes,
484 348 531 381 qui
544 352 606 374 eum
625 347 717 374 volunt
734 347 792 373 dili-

141 401 214 426 ,gere
233 393 286 420 625
300 393 316 419 5
328 408 364 412 -
377 392 568 419 amantibusse
580 391 709 426 promittit
720 398 792 418 amo—

147 445 207 464 rem
226 444 305 464 suum
323 440 350 463 et
368 437 451 463 Patris
463 436 526 463 ibid.
539 447 574 456 ·—-
585 436 671 468 diligit
684 435 792 468 diligen·

146 485 190 508 tes
206 488 235 508 se
254 482 287 509 Vi
308 481 359 508 442
375 481 422 507 30.
441 481 484 507 Vll
505 480 556 507 167
575 481 601 506 6.
620 480 672 507 395
692 480 718 506 6.
738 480 790 506 399

150 527 193 552 30.
214 525 264 552 403
285 525 318 552 49

192 581 239 589 ·-
257 570 411 597 mandatum
431 569 576 596 dilectionis
603 569 648 595 dat
661 568 791 600 exemplo

149 621 200 641 suo
219 614 252 640 Vl
272 614 318 641 451
343 613 378 641 24
396 629 432 633 -
450 613 499 640 Ubi
523 613 643 640 Christus
660 612 792 646 approbat

148 660 286 692 affectum,
312 658 427 685 caritatis
449 658 516 685 ordo
535 665 587 684 non
607 656 790 690 perturbatur,

149 704 232 729 immo
248 703 398 736 ‘completur
417 703 461 729 Vll
480 703 532 729 522
552 703 568 728 6

203 757 239 767 ’-
258 748 329 774 misit
343 748 374 773 .in
394 750 490 773 terram
511 747 600 779 ignem
620 746 792 773 divini·amo-

148 792 185 818 ris
204 792 247 818 Vll
266 792 317 818 330
330 791 365 817 70
378 805 414 811 -
427 791 560 818 desiderat
572 791 697 817 unitatem
711 795 793 816 mem-

150 836 259 863 brorum
273 837 300 862 in
313 836 570 869 corporisunitatem
584 842 633 867 per
644 835 744 861 amoris
753 835 792 860 in-

147 881 354 907 flammationem
374 880 426 906 545
446 881 475 906 21

148 944 150 947 -
203 939 239 945 -
258 926 292 952 Ex
311 925 410 951 amoris
437 926 530 951 affeetu
556 923 793 951 omnes'volebant

147 970 302 1003 contingere
320 970 408 1002 ipsum
428 969 472 995 Vll
488 970 540 996 210
552 969 587 995 77
595 980 635 988 ·——-
648 970 676 995 ln
688 968 791 995 Christo

149 1014 312 1042 manendum
324 1021 373 1047 per
385 1014 551 1040 dilectionem
560 1033 568 1045 ,
577 1014 639 1047 quia
649 1014 706 1046 ipse
718 1014 792 1047 prior

148 1059 239 1086 dilexit
265 1066 314 1085 nos
344 1059 376 1085 Vl
402 1058 452 1084 448
475 1059 507 1084 10
525 1073 561 1077 —-
580 1058 697 1090 Diligens
721 1058 792 1085 Chri-

148 1108 219 1132 stum
245 1108 334 1131 manet
352 1105 380 1131 in
399 1111 431 1130 eo
452 1104 502 1130 447
522 1105 539 1130 5
556 1114 593 1124 -ι-
611 1105 736 1131 venit-*ad
754 1105 792 1131 di-

150 1150 260 1182 ligentes
277 1156 306 1176 se
324 1153 351 1176 et
368 1149 513 1176 concordes
532 1149 574 1175 Vll
588 1150 639 1175 592
654 1150 696 1182 20,
709 1149 738 1175 21
757 1163 791 1168 ——

150 1195 227 1220 offert
244 1194 386 1221 amicitiam
404 1200 480 1220 suam
500 1194 541 1220 his
559 1194 732 1227 quivdiligunt
744 1195 792 1220 ira-

146 1242 203 1265 tres
222 1239 255 1265 Vl
275 1238 321 1265 451
347 1239 375 1265 21

148 1300 151 1303 -
204 1297 239 1302 -
272 1283 414 1316 Diligentes
444 1283 576 1310 Christum
608 1282 706 1310 debent
734 1283 792 1309 eius

140 1327 298 1354 >exaltationi
316 1327 491 1360 congratulari
511 1328 544 1354 Vl
564 1327 615 1354 444
636 1327 669 1354 42
688 1341 724 1347 -
736 1328 792 1354 Glo-

150 1372 188 1398 ria
207 1371 301 1399 Christi
320 1372 455 1405 regnantis
474 1375 564 1398 movet
581 1372 615 1398 ad
628 1372 791 1399 laudandum

150 1419 312 1443 revertentes
331 1423 346 1442 a
365 1417 586 1449 contemplatione
605 1417 652 1443 631
678 1417 721 1448 15,
741 1417 774 1443 16

204 1474 240 1481 -—
258 1464 298 1487 est
316 1468 396 1487 verus
413 1464 502 1488 noster
513 1461 614 1487 amicus
628 1461 671 1487 vii
684 1462 735 1487 283
749 1461 792 1487 23.

151 1504 204 1531 364
223 1506 252 1531 21
275 1520 312 1524 -
330 1506 430 1532 amicos
448 1509 527 1532 vocat
545 1506 671 1538 humiles,
696 1505 743 1539 qui
769 1506 793 1531 ei

150 1549 280 1576 obediunt
307 1550 359 1576 364
388 1551 417 1576 21
440 1564 476 1570 -
495 1550 593 1576 inimici
619 1553 694 1576 erant
712 1550 792 1576 amici

151 1594 270 1626 Domini,
289 1595 414 1628 quoniam
429 1595 557 1621 Dominus
575 1594 747 1621 eos-amabat
760 1595 793 1620 Vl

151 1638 204 1665 452
230 1639 264 1665 27
284 1639 442 1665 ——intravit
469 1640 494 1665 in
523 1640 634 1666 domum
661 1639 793 1666 Pharisaei

151 1690 199 1716 per
217 1684 350 1710 caritatem
371 1684 420 1710 Vlf
434 1684 486 1710 358
505 1685 521 1710 2

205 1741 241 1748 -·
260 1732 300 1754 est
318 1731 406 1755 noster
425 1729 468 1755 Vll
490 1729 523 1754 10
544 1729 560 1754 9
579 1743 614 1747 -
633 1731 722 1755 noster
740 1731 793 1760 est,

148 1772 214 1806 quia
233 1772 286 1799 vita
305 1776 393 1799 nostra
413 1773 463 1799 410
484 1774 518 1799 20

204 1831 240 1836 —
258 1817 354 1843 dicitur
372 1818 558 1850 paterfamilias
574 1820 696 1850 respectu
716 1817 794 1844 iusto-

151 1867 211 1887 rum
230 1862 349 1888 omnittm
370 1862 478 1889 vlt-351
504 1862 538 1889 55

206 1909 290 1932 —est
300 1906 341 1932 vir
350 1906 485 1939 legitimus
494 1906 692 1933 animae'ssdelis
699 1906 733 1932 Vl
743 1906 794 1932 557

150 1957 180 1976 v.
200 1950 232 1975 18
251 1964 287 1970 -
300 1954 340 1977 est
352 1952 479 1983 Sponsus,
491 1951 538 1984 qui
557 1951 661 1984 quaerit
678 1951 794 1977 animam

152 1994 180 2020 in
199 1995 340 2021 solitudine
355 1995 402 2022 :vu
417 1996 468 2021 122
489 1995 522 2021 35
536 2004 571 2015 a-
584 1996 686 2028 Sponsa
700 1995 794 2022 Christi

152 2038 234 2066 debet
252 2040 341 2066 vestiri
360 2040 473 2072 puritate
491 2040 657 2066 innocentiali
676 2039 727 2066 584
748 2039 782 2065 64

208 2098 242 2103 -
261 2086 300 2110 est
318 2083 407 2110 eustos
427 2085 459 2110 Vl
479 2084 531 2110 369
544 2083 579 2110 74
592 2084 736 2110 —‘dicitur
749 2084 795 2109 Sa-

153 2128 297 2155 maritanus
315 2128 547 2155 custodiens-suos
567 2129 609 2154 Vll
628 2128 676 2154 271
699 2128 734 2154 64

206 2186 243 2192 -
261 2172 351 2205 dirigit
370 2173 453 2199 malos
470 2172 515 2199 -ad
543 2173 662 2204 regulam
682 2172 795 2198 iustitiae

154 2217 197 2243 Vll
217 2217 251 2243 73
266 2217 299 2243 12
312 2231 347 2236 -
360 2219 502 2250 promovet
519 2217 546 2243 in
565 2217 661 2243 iustitia
674 2216 795 2243 docendo

153 2261 328 2292 intellectum,
346 2261 483 2288 excitando
502 2262 635 2288 affectum
662 2264 689 2287 et
712 2261 796 2288 dedu-

153 2306 239 2332 cendo
258 2306 390 2332 >effectum
420 2306 452 2332 Vl
478 2305 566 2332 5745
586 2320 620 2324 -
639 2306 743 2332 instruit
767 2308 796 2332 ut

155 2349 241 2376 bonus
260 2350 379 2376 medicus
398 2350 575 2383 poenitentem
593 2350 734 2377 recolendo
746 2348 806 2376 lber

154 2394 293 2426 nennium,
318 2394 498 2421 dissuadendo
518 2399 671 2427 peecatum,
690 2395 797 2421 commi·

153 2439 243 2466 nando
263 2439 408 2471 periculum
429 2439 481 2465 307
500 2440 534 2465 26
589 2450 592 2454 ·

210 2497 246 2503 -
258 2484 387 2509 illuminat
401 2484 435 2510 de
448 2484 563 2510 vanitate
576 2487 740 2510 terrenorum
754 2484 797 2510 Vll

157 2528 208 2554 130
228 2528 262 2553 69
281 2539 317 2547 -—
335 2528 477 2554 introducit
498 2528 691 2560 separationem
711 2527 745 2554 ab
763 2529 797 2554 af-

156 2573 223 2598 feetu
243 2572 341 2598 carnali
359 2573 410 2598 332
429 2572 464 2598 75
477 2586 513 2592 -
526 2572 634 2605 corrigit
650 2576 676 2599 et
694 2572 798 2599 ordinat

155 2616 303 2643 inordinate
321 2620 477 2650 quaerentes
496 2617 528 2643 Vl
549 2617 601 2643 325
621 2617 654 2643 42

194 2661 226 2686 19
246 2674 282 2680 -
300 2661 510 2693 persecutionem
538 2661 636 2694 patitur
663 2661 798 2687 amando

156 2707 183 2731 et
202 2705 314 2731 maxime
341 2712 355 2731 a
384 2705 547 2738 principibus
574 2706 618 2731 Vll
638 2706 690 2732 500
709 2705 743 2731 74
763 2720 798 2724 —-

157 2749 270 2782 Quidam
297 2753 492 2783 persequuntur
516 2749 648 2777 Christum
660 2750 798 2776 veritatem

157 2800 190 2819 ex
209 2794 366 2826 cupiditate,
393 2794 502 2827 quidam
531 2801 562 2820 ex
590 2794 751 2826 malignitate
774 2797 800 2820 ct

157 2838 271 2869 invidia,
291 2838 400 2871 quidam
419 2845 451 2864 ex
469 2838 589 2870 populari
610 2839 693 2871 gratia
707 2839 750 2864 vel
764 2839 800 2864 fa-

159 2888 224 2908 vore
243 2882 275 2908 Vl
295 2882 347 2907 615
368 2882 392 2907 1.
412 2882 464 2907 616
484 2882 500 2907 5
513 2894 548 2902 -
562 2882 650 2908 ludaei
669 2882 799 2915 persecuti

157 2929 221 2951 sunt
238 2925 371 2952 Christum
390 2928 516 2959 tanquam
528 2926 624 2952 'virum
642 2933 757 2960 nequam
775 2929 800 2953 et

161 2972 246 2996 morte
264 2970 376 3002 dignum
398 2969 449 2996 454
470 2970 503 2995 39

216 3028 250 3033 -
267 3014 336 3040 Finis
348 3014 537 3046 persecutionis
550 3014 644 3041 Christi
657 3017 726 3046 erat,
738 3015 801 3048 quia

159 3058 247 3086 ludaei
266 3059 301 3085 de
319 3058 377 3091 ipso
395 3058 533 3084 veritatem
546 3058 613 3084 scire
630 3057 755 3084 volebant
768 3059 800 3085 Vl

162 3102 213 3128 123
232 3110 260 3128 v.
279 3103 311 3128 16
331 3115 366 3121 -
385 3102 517 3129 Christum
542 3105 740 3135 persequuntur
764 3110 802 3129 rc-

161 3147 282 3172 sistentes
305 3146 424 3179 religioni
453 3146 496 3173 Vll
521 3146 627 3172 35466
646 3158 682 3166 -
699 3145 802 3173 Christo

162 3191 310 3222 repugnant
327 3197 434 3222 omnes,
462 3190 509 3224 qui
536 3197 588 3216 non
610 3195 672 3216 sunt
690 3197 751 3216 cum
770 3197 802 3216 eo

163 3234 214 3260 293
235 3234 263 3260 51
287 3249 322 3253 -
341 3234 472 3261 Christum
486 3237 682 3268 persequuntur
694 3234 802 3267 superbi

162 3281 189 3304 et
207 3278 383 3310 vanegloriosi
411 3278 462 3305 354
482 3279 516 3304 66
536 3292 570 3297 -
589 3278 685 3305 Odium
709 3277 802 3305 Christi

163 3325 203 3348 est
221 3329 252 3349 cx
270 3322 394 3355 superbia
412 3323 446 3349 Vi
467 3322 517 3349 454
539 3323 571 3349 36

822 168 860 201 ΙΝ
883 167 1178 201 COMMENTARIOS
1201 169 1230 201 S.
1254 168 1481 204 SCRiPTURAE

881 271 918 277 —
944 256 1110 289 Conspiratio
1142 256 1299 283 ludaeorum
1332 244 1479 283 occasione*

829 301 1043 335 manifestationis
1062 301 1157 327 Christi
1172 301 1204 327 Vl
1227 300 1278 326 407
1298 301 1333 326 65
1350 314 1386 320 -
1404 300 1472 327 Con-

827 346 915 372 silium
934 346 1026 372 mortis
1045 345 1139 372 Christi
1158 345 1287 378 processit
1304 352 1319 370 a
1333 345 1471 372 sacerdoti·

829 389 881 416 bus
899 389 934 417 ib.
953 390 986 416 68

881 449 917 453 -
935 435 1111 461 calumniatus
1134 441 1150 460 a
1179 434 1325 460 Pharisaeis
1348 432 1471 466 superbis

829 487 860 506 ex
880 479 979 506 invidia
999 479 1149 505 17115012
1174 486 1211 498 ’-
1236 478 1339 505 occisus
1364 481 1472 510 propter

826 524 920 550 odium
939 523 1057 550 veritatis
1082 523 1133 549 309
1165 523 1225 549 102.
1245 523 1291 549 541
1317 523 1332 549 3
1351 536 1388 542 -
1405 523 1472 549 occi-

829 575 875 595 sus
893 575 925 595 ex
943 568 1043 594 invidia
1063 568 1114 594 506
1136 568 1169 593 19

871 623 918 633 ·-
935 612 1038 640 Christo
1057 615 1096 639 est
1114 619 1186 638 mors
1206 612 1329 638 intentata
1352 618 1400 644 per
1419 612 1471 644 gla-

828 658 917 691 dium,
937 664 985 690 pcr
1004 657 1201 690 praecipitium,
1222 664 1269 689 per
1282 656 1470 689 lapidationem

829 706 855 729 et
871 701 1068 729 crucifixionem
1087 701 1130 727 Vll
1148 701 1255 726 ’104-63
1274 703 1471 733 -·ρθπεεουῑο-

828 746 903 773 ribus
921 746 1027 773 exhibet
1044 745 1196 778 patientiam
1211 748 1246 771 :et
1269 744 1469 771 beneficentiam

830 791 881 817 560
901 790 935 816 64
953 804 989 810 -
1007 789 1185 823 quaerebatur
1202 789 1246 815 ‘ad
1275 789 1468 820 mortem,·sed

830 835 887 868 ipse
904 834 1049 869 quaerebat
1072 841 1122 861 nos
1145 834 1287 871 gnoriendo
1307 834 1340 860 Vl
1360 833 1411 859 479
1436 834 1464 859 11

824 893 864 899 --
882 879 976 907 Christi
995 880 1125 906 adventus
1143 886 1196 905 non
1215 878 1307 905 habuit
1325 878 1468 904 efficaciam

824 932 861 951 ex
890 924 1047 951 ludaeorum
1075 924 1283 956 conspiratione,
1312 923 1374 957 quia
1392 923 1470 948 ⁴alius

829 969 926 996 modus
938 968 1178 995 satisfaciendierat
1188 967 1321 1000 possibilis
1334 967 1385 993 409
1396 967 1431 993 75
1442 966 1470 993 3*

882 1028 917 1032 -
935 1013 1031 1039 latebat
1049 1012 1258 1044 causa⁴exempli
1268 1033 1274 1044 ,
1287 1012 1375 1044 palam
1389 1011 1470 1045 loqui-

829 1061 871 1085 tur
889 1061 915 1084 et
933 1062 985 1084 non
1004 1060 1105 1083 tenetur
1129 1056 1315 1083 adiudieium
1335 1056 1470 1089 potestatis

831 1103 862 1129 Vl
882 1103 934 1129 343
953 1103 987 1129 24
1007 1116 1041 1122 -
1059 1102 1172 1129 declinat
1195 1108 1210 1127 a
1235 1101 1469 1134 persequentibus,

829 1155 881 1174 non
900 1148 994 1174 timore
1013 1154 1061 1174 nec
1080 1151 1108 1173 ut
1126 1149 1239 1172 mortem
1260 1146 1355 1178 fugiat,
1374 1145 1422 1171 sed
1435 1145 1469 1172 ad

829 1195 945 1219 nostram
964 1191 1177 1224 instructionem,
1195 1194 1221 1217 et
1240 1194 1268 1217 ut
1287 1193 1393 1222 tempus
1411 1197 1470 1216 eon-

830 1244 927 1270 gruum
945 1236 1034 1263 vffltiat
1053 1236 1104 1262 408
1123 1236 1158 1262 72
1170 1246 1213 1255 Ᾰ-
1227 1235 1301 1267 fugit,
1313 1235 1368 1261 ioca
1388 1241 1470 1261 secre-

830 1282 894 1308 tiora
913 1288 1043 1315 quaerens
1061 1279 1172 1307 ibid.·—
1184 1280 1293 1306 ludaeos
1312 1286 1471 1313 persequen-

830 1330 869 1353 tes
896 1325 1013 1358 fugiebat
1031 1329 1063 1351 'et
1090 1332 1151 1352 cum
1180 1324 1316 1357 discipulis
1347 1323 1471 1350 manebat

830 1370 892 1398 ibid.
910 1384 946 1390 —
960 1368 1109 1397 ‘Abscondit
1128 1376 1156 1396 se
1169 1376 1183 1395 a
1198 1369 1300 1395 ludaeis
1312 1375 1471 1402 persequen-

831 1415 901 1442 tibus
920 1415 1090 1448 corporaliter
1108 1417 1135 1440 et
1162 1414 1329 1446 spiritualiter
1359 1413 1404 1439 421
1436 1413 1470 1439 55

829 1474 866 1481 -
884 1460 956 1486 dedit
974 1459 1122 1492 exemplum
1142 1460 1221 1491 fugae
1239 1458 1266 1483 in
1288 1457 1470 1491 persecutione

831 1506 877 1531 291
904 1504 1016 1531 123342
1032 1504 1074 1529 16.
1094 1504 1144 1530 372
1165 1503 1199 1529 87
1217 1516 1253 1522 -
1278 1510 1307 1528 se
1331 1502 1471 1528 occultavit

831 1552 939 1582 propter
966 1549 1123 1575 ludaeorum
1142 1547 1353 1580 persecutionem
1373 1547 1425 1573 339
1446 1547 1471 1578 1,

832 1596 856 1621 2.
877 1594 923 1620 341
958 1593 992 1619 15
1010 1592 1284 1619 —vcondescendens
1311 1592 1471 1624 imperfectis

831 1638 1011 1665 abscondebat
1028 1645 1056 1664 se
1075 1644 1089 1663 a
1110 1637 1212 1663 iudaeis
1231 1636 1274 1663 Vll
1294 1636 1340 1661 531
1366 1636 1399 1661 32

884 1697 920 1703 -
938 1681 1038 1709 vitabat
1056 1683 1171 1708 furorem
1201 1680 1417 1714 persequentium
1437 1680 1470 1706 Vl

832 1729 883 1754 339
904 1729 919 1754 2
938 1741 974 1747 —-
986 1726 1127 1753 declinavit
1139 1733 1153 1752 a
1168 1724 1397 1758 persequentibus,
1410 1725 1471 1758 quia

832 1773 949 1799 nondum
968 1772 1160 1798 venerathora
1178 1769 1295 1803 patiendi
1314 1770 1366 1796 392
1386 1770 1419 1796 50
1437 1783 1473 1789 -

831 1817 936 1844 nolebat
953 1823 983 1843 se
1001 1816 1104 1842 tradere
1116 1814 1240 1841 manibus
1257 1814 1472 1848 persequentium

832 1864 1015 1894 ante·tempus
1040 1860 1170 1893 passionis
1194 1860 1341 1892 praefixum
1366 1858 1413 1885 341
1439 1858 1472 1884 15

831 1921 867 1925 -
885 1913 940 1932 non
965 1905 1012 1931 fuit
1035 1907 1131 1937 ‘captus
1157 1911 1175 1930 a
1193 1903 1310 1936 ludaeis,
1329 1906 1471 1936 antequam

833 1951 935 1977 veniret
954 1951 1027 1982 hora,
1045 1956 1098 1982 qua
1118 1948 1172 1981 pati
1190 1948 1345 1980 dignaretur
1364 1947 1414 1973 347
1424 1946 1473 1972 -41,

833 1994 883 2021 348
904 1995 948 2020 38.
967 1994 1014 2020 351
1039 1994 1073 2020 62

884 2053 920 2058 -
939 2038 1050 2065 declinat
1067 2040 1267 2071 persequentes,
1287 2037 1333 2070 qui
1352 2043 1405 2063 non
1418 2039 1474 2068 pot-

832 2086 907 2110 erant
924 2083 948 2109 ei
967 2082 1119 2109 violentiam
1139 2083 1224 2108 facere
1244 2081 1288 2107 Vll
1309 2081 1358 2107 103
1385 2081 1418 2106 60
1437 2094 1474 2100 -

831 2135 885 2154 non
915 2130 1017 2160 poterat
1044 2127 1127 2153 teneri
1157 2133 1205 2159 per
1231 2125 1397 2157 violentiam,
1419 2125 1474 2151 ‘sed

831 2172 939 2206 quando
957 2171 1064 2198 volebat
1082 2170 1145 2198 ibid.
1164 2185 1199 2189 —
1212 2172 1306 2197 frustra
1319 2172 1474 2202 persecutus

832 2220 893 2243 ante
912 2220 1017 2249 tempus
1037 2215 1089 2242 354
1108 2216 1143 2242 65

885 2277 921 2282 -
939 2261 1080 2288 declinavit
1099 2260 1222 2287 iudaeam
1235 2260 1269 2286 ad
1282 2262 1397 2292 tempus,
1409 2259 1471 2293 quia

833 2306 951 2333 nondum
969 2308 1078 2332 venerat
1097 2306 1161 2331 hora
1180 2305 1237 2331 eius
1255 2304 1300 2330 Vll
1320 2303 1371 2330 487
1392 2304 1426 2330 42
1440 2317 1473 2323 -

829 2358 862 2377 ⁴se
880 2350 1032 2381 abscondit,
1052 2354 1080 2376 ut
1105 2356 1134 2376 se
1161 2349 1312 2375 ostenderet
1339 2348 1473 2375 hominem

830 2402 928 2421 vverum
947 2395 981 2421 Vl
1001 2394 1052 2421 372
1073 2394 1107 2420 87
1120 2405 1162 2414 ·-
1189 2394 1303 2420 ostendit
1330 2400 1406 2419 suam
1426 2394 1476 2419 hu-

834 2440 968 2466 militatem
988 2439 1127 2472 fugicndo,
1147 2445 1208 2464 cum
1232 2440 1321 2470 posset
1348 2444 1476 2470 superare

834 2487 953 2516 potenter
972 2483 1019 2510 371
1045 2483 1078 2509 83
1097 2496 1134 2503 -
1151 2482 1295 2516 aliquando
1314 2482 1377 2508 vicit
1389 2489 1476 2515 perse-

834 2531 946 2562 quentes
965 2534 1012 2560 per
1024 2527 1182 2560 potentiam,
1196 2527 1338 2560 aliquando
1352 2533 1400 2559 per
1413 2533 1476 2558 pru-

835 2573 951 2599 dentiam
977 2571 1023 2598 311
1056 2572 1087 2597 16
1112 2584 1148 2591 —-
1170 2571 1285 2597 ostendit
1309 2571 1476 2603 patientiam,

836 2623 897 2643 cum
917 2616 994 2642 cessit
1012 2619 1038 2642 et
1056 2622 1108 2642 non
1120 2615 1201 2642 laesit
1225 2618 1414 2648 persequentes
1433 2615 1475 2641 Vll

837 2661 888 2687 104
907 2661 941 2687 62
960 2674 996 2679 -
1015 2660 1162 2686 ostenditur
1180 2660 1237 2686 eius
1265 2660 1395 2692 potentia,
1414 2659 1476 2693 quia

835 2708 1024 2739 persequentes
1042 2712 1094 2731 non
1113 2707 1255 2737 potuerunt
1278 2704 1353 2730 illum
1372 2704 1476 2730 laedere

835 2749 897 2777 ibid.
916 2764 951 2768 —
971 2749 1123 2776 tradiditse
1142 2749 1259 2780 ludaeis,
1272 2752 1413 2782 postquam
1427 2749 1477 2774 fru-

836 2797 889 2820 stra
907 2797 1079 2820 revocaverat
1097 2800 1143 2819 eos
1162 2800 1177 2819 a
1200 2793 1298 2819 malitia
1318 2793 1350 2818 Vl
1371 2792 1417 2818 481
1442 2792 1471 2817 21

835 2853 871 2857 -
890 2845 919 2864 se
937 2837 1090 2869 abscondit,
1109 2838 1157 2864 sed
1175 2837 1284 2870 quando
1303 2840 1359 2863 erat
1372 2839 1477 2868 tempus

836 2886 1034 2915 opportunum,
1072 2889 1100 2908 se
1135 2881 1349 2914 persecutoribus
1375 2880 1477 2906 «obtulit

837 2927 889 2953 372
909 2926 942 2952 87

890 2984 926 2991 --
956 2973 1068 2997 tentatus
1097 2970 1247 3003 respondit,
1279 2969 1477 3001 blasphematus

838 3015 959 3041 sustinuit
976 3018 1002 3041 ct
1021 3014 1151 3047 lapidatus
1164 3014 1244 3040 exivit
1257 3013 1367 3039 iniuriae
1380 3013 1478 3038 cedens

839 3059 872 3085 Vl
892 3058 943 3084 578
962 3059 979 3085 7
998 3069 1033 3077 -·
1052 3057 1198 3084 sustinebat
1216 3057 1323 3089 propria
1343 3057 1477 3088 imprope-

838 3103 890 3134 ria,
909 3102 956 3129 sed
984 3109 1036 3128 non
1061 3102 1150 3128 divina
1173 3102 1223 3127 369
1242 3100 1277 3126 74
1296 3114 1331 3119 -
1350 3100 1478 3132 patienter

839 3152 891 3172 non
910 3146 1052 3178 respondet
1070 3145 1105 3171 ad
1123 3145 1210 3171 omnia
1226 3144 1360 3175 convicia,
1378 3144 1426 3170 sed
1444 3144 1477 3170 ad

839 3193 942 3223 partem
962 3189 1012 3215 367
1032 3190 1065 3215 66
1083 3201 1121 3209 -
1138 3188 1410 3215 sustinuitvhumiiiter
1422 3195 1480 3220 pas·

837 3234 974 3260 sionem-a
995 3232 1121 3260 membris
1139 3232 1237 3259 diaboli
1256 3232 1300 3258 Vll
1319 3232 1348 3257 91
1375 3232 1402 3258 11

893 3278 989 3304 -Ῥοῐ-
1002 3277 1085 3303 verba
1104 3277 1187 3309 ipsius
1205 3276 1315 3302 e'videns
1328 3279 1393 3308 erat,
1406 3276 1479 3310 quod

840 3327 892 3348 non
912 3321 1071 3355 prohibebat
1082 3321 1187 3348 'caesari
1215 3321 1291 3348 reddi
1315 3320 1411 3347 tributa
1435 3321 1479 3347 vlt

1752 213 1823 240 cna
1843 214 1899 247 (ts)
2085 172 2148 204 ⁷⁰⁹

1508 257 1561 283 566
1581 258 1606 289 3,
1627 257 1642 284 4
1661 271 1696 277 -
1708 265 1760 284 non
1774 258 1960 284 commovebat
1973 259 2101 291 populum
2115 260 2150 286 ad

1508 301 1664 328 seditionem
1683 309 1732 328 nec
1755 303 1788 329 ad
1808 303 2041 334 transgressionem
2056 304 2114 329 Ἰ567
2132 305 2148 329 6

1510 359 1543 364 -
1563 347 1708 372 commovit
1727 347 1856 378 populum
1870 347 1904 372 ad
1917 348 2148 379 compunctionem

1503 389 1587 415 *etad
1605 391 1804 416 exsultationem
1823 390 1886 417 ibid.
1905 405 1939 410 —
1965 391 2078 417 docebat
2096 398 2149 418 non

1509 434 1673 465 seductoria,
1692 434 1738 460 sed
1757 435 1879 460 salutaria
1899 434 1962 461 ibid.

1563 490 1598 498 -—
1628 479 1758 504 mundum
1795 479 1994 505 conversatione
2030 480 2148 512 reliquit,

1509 523 1633 554 passione
1661 523 1809 555 superavit,
1838 524 2033 556 praedicatione
2063 530 2151 556 repre-

1510 566 1601 592 hendit
1619 567 1653 592 Vl
1671 567 1718 592 611
1752 574 1778 593 v.
1804 568 1837 593 33
1858 582 1891 586 -—-
1911 571 1967 593 emt
1987 575 2100 599 magnus
2123 569 2150 593 in

1510 611 1622 644 mundo,
1651 612 1796 638 contrarius
1825 612 1925 638 mundo
1949 615 1974 637 et
2002 613 2101 638 alienus
2133 619 2147 637 a

1510 655 1609 682 mundo
1629 656 1681 682 570
1701 657 1716 682 2
1736 670 1772 674 -
1790 659 1846 682 erat
1864 660 2020 688 segregatus
2038 663 2052 681 a
2076 663 2151 682 mun·

1508 700 1576 726 dana
1595 701 1794 726 conversatione
1814 700 1865 726 472
1884 701 1927 726 26.
1948 700 1998 726 473
2018 701 2052 726 28
2065 714 2101 719 —
2113 707 2152 726 re-

1505 744 1750 778 linquitmundum
1770 745 1817 770 361
1842 745 1875 770 33
1890 758 1925 764 ——
1938 745 2000 770 vicit
2019 745 2150 770 mundum

1510 788 1561 814 465
1581 788 1614 815 47
1634 803 1668 808 -
1688 789 1800 815 Mundus
1824 789 1880 815 odit
1907 788 2039 815 Christum
2064 789 2150 815 lucem

1510 833 1559 859 453
1580 834 1608 859 31

1560 892 1596 897 ——
1616 878 1728 904 Mundus
1741 878 1797 904 odit
1809 877 1941 904 Christum
1956 881 1983 903 ut
1996 878 2103 904 invidus
2117 878 2150 904 Vl

1508 922 1560 949 570
1579 930 1607 948 v.
1625 922 1642 948 7
1661 937 1696 941 -
1709 923 1797 948 Passio
1816 922 1909 949 Christi
1924 923 2021 954 incepit
2038 929 2051 947 a
2066 922 2151 954 capite

1507 970 1533 993 et
1550 967 1687 993 descendit
1704 967 1731 993 in
1750 967 1839 993 omnia
1859 966 1978 992 membra
1992 967 2035 992 vlt
2050 966 2100 992 439
2116 966 2149 992 43

1508 1026 1543 1030 -
1561 1012 1680 1045 quotidie
1698 1012 1724 1037 in
1749 1018 1799 1037 suo
1825 1018 1937 1043 corpore
1962 1011 2060 1043 patitur
2078 1018 2093 1036 a
2113 1018 2151 1036 re·

1507 1055 1599 1088 probis
1619 1056 1670 1082 440
1691 1056 1724 1082 44
1743 1070 1778 1074 --
1797 1054 1913 1081 Membra
1938 1055 2033 1087 Christi
2052 1054 2151 1081 debent

1507 1100 1637 1127 sustinere
1655 1100 1747 1126 odium
1768 1100 1860 1126 mundi
1878 1100 1946 1126 sicut
1959 1102 2038 1132 caput
2053 1099 2083 1125 Vl
2098 1099 2148 1125 453

1508 1146 1541 1171 33
1554 1160 1590 1164 --
1602 1145 1705 1177 Corpus
1724 1144 1819 1171 Christi
1832 1145 1973 1176 mysticum
1986 1151 2039 1170 non
2052 1143 2150 1176 patitur

1508 1190 1542 1216 ab
1561 1191 1712 1222 haereticis,
1731 1190 1780 1216 nisi
1805 1183 1953 1216 secundum
1982 1190 2055 1223 quod
2079 1190 2150 1216 Deus

1508 1235 1624 1267 disponit
1642 1235 1686 1261 Vll
1705 1235 1757 1266 355
1783 1235 1817 1260 67
1836 1248 1872 1253 -
1890 1237 2072 1260 consummata
2092 1241 2150 1266 pas·

1508 1281 1580 1307 sione
1600 1280 1625 1306 in
1643 1286 1755 1312 corpore
1773 1278 1942 1310 Christi‚·erit
1955 1278 2109 1311 glorificatio
2122 1282 2148 1304 et

1507 1324 1644 1351 retributio
1664 1325 1739 1357 plena
1759 1323 1811 1349 440
1831 1323 1864 1349 44
1877 1338 1913 1342 -
1925 1323 1951 1349 in
1963 1323 2149 1355 persecutione

1508 1374 1597 1396 contra
1610 1369 1743 1396 Christum
1756 1368 1920 1395 consentiunt
1938 1367 2027 1394 ludaei
2045 1370 2071 1393 et
2090 1374 2152 1399 gen-

1509 1415 1566 1440 tiles
1585 1414 1637 1439 569
1659 1413 1692 1439 15

1561 1473 1597 1477 -
1614 1458 1713 1484 ‚Passio
1737 1460 1763 1483 et
1787 1457 1943 1483 resurrectio
1972 1456 2066 1483 Christi
2095 1459 2151 1482 erat

1507 1506 1639 1529 secretum
1658 1502 1796 1528 consilium
1807 1502 1863 1536 ‘Dei
1882 1502 1915 1527 Vl
1931 1501 1981 1527 124
1996 1501 2029 1527 22
2042 1515 2078 1519 -
2090 1501 2151 1526 Pas-

1509 1548 1548 1574 sio
1567 1547 1660 1574 Christi
1685 1551 1741 1572 erat
1764 1547 1897 1572 occultum
1926 1546 2081 1578 mysterium
2107 1545 2151 1571 Vll

1510 1592 1561 1619 242
1587 1591 1621 1617 84
1639 1604 1676 1611 -
1699 1590 1787 1616 Passio
1806 1589 1900 1616 Christi
1924 1590 2078 1616 occultanda
2096 1593 2152 1615 erat

1509 1640 1569 1663 ante
1584 1634 1849 1662 'consummationem
1875 1634 1928 1660 227
1954 1634 1988 1660 35
2007 1649 2041 1653 -
2061 1634 2152 1666 Myste-

1510 1681 1579 1707 rium
1598 1679 1788 1712 redemptionis
1807 1685 1859 1704 non
1873 1678 2041 1710 cognoscitur
2055 1678 2103 1704 nisi
2117 1678 2151 1704 ab

1511 1725 1661 1752 illuminatis
1678 1731 1693 1750 a
1706 1723 1809 1751 Christo
1823 1722 1874 1748 470
1888 1722 1922 1748 57
1940 1732 1976 1741 ’-
1994 1717 2158 1755 mysterium

1510 1770 1642 1803 passionis
1659 1775 1723 1795 suae
1742 1767 1870 1800 praedicit
1889 1769 1917 1793 ut
1944 1770 2075 1793 secretum
2101 1773 2150 1792 nec

1510 1815 1644 1847 explanat,
1663 1816 1692 1840 ut
1709 1813 1839 1846 relinquat
1856 1812 1943 1837 locum
1963 1810 2107 1837 meditandi
2126 1814 2153 1836 et

1511 1862 1539 1885 ut
1557 1858 1644 1885 cat-ius
1664 1857 1791 1884 habeatur
1809 1857 1842 1882 Vl
1862 1856 1913 1881 283
1934 1855 1967 1881 28

1565 1917 1600 1922 -
1617 1902 1749 1935 Apostolis
1766 1899 1900 1936 praedixit
1927 1899 2091 1932 passionem,
2119 1906 2152 1925 ne

1511 1948 1653 1975 deficerent
1670 1948 1697 1973 in
1716 1946 1768 1972 flde
1788 1945 1821 1971 Vl
1841 1944 1891 1971 444
1913 1944 1955 1970 43.
1975 1943 2025 1970 446
2046 1943 2090 1969 48.
2109 1943 2153 1969 Vll

1512 1992 1562 2018 467
1582 1992 1626 2018 53.
1645 1991 1697 2017 555
1717 1990 1750 2016 49
1772 2004 1807 2008 -
1832 1988 1960 2022 praedixit
1987 1994 2063 2013 suam
2091 1994 2153 2020 pas-

1510 2037 1611 2064 sionem
1630 2039 1656 2062 et
1667 2034 1884 2062 resurrectionem
1897 2033 1931 2059 ad
1944 2032 2025 2059 fidem
2038 2035 2154 2058 astruen-

1510 2082 1573 2108 dam
1596 2081 1639 2107 Vll
1659 2080 1710 2107 589
1731 2079 1773 2110 10,
1793 2079 1821 2104 11
1846 2092 1880 2096 -
1899 2077 2028 2110 praedixit
2054 2076 2153 2109 paaeio-

1511 2133 1572 2152 nem
1592 2129 1618 2152 et
1636 2123 1870 2154 resurrectionem,
1889 2125 1917 2148 ut
1935 2122 2012 2147 simul
2032 2127 2152 2147 moerore

1510 2170 1607 2196 afficiat
1625 2172 1651 2195 et
1669 2168 1761 2195 alliciat
1779 2167 1811 2194 ad
1837 2173 1955 2193 amorem
1970 2166 2032 2191 ι590
2059 2166 2087 2191 11
2117 2180 2153 2184 -

1512 2214 1640 2248 praedixit
1658 2213 1807 2246 passionem
1830 2218 1918 2243 suam,
1944 2213 1973 2237 ut
2000 2210 2153 2236 crederetur

1512 2260 1566 2293 pati
1585 2258 1732 2285 voluntarie
1760 2257 1793 2283 vt
1823 2256 1874 2282 398
1904 2256 1946 2281 18.
1967 2254 2017 2281 444
2031 2254 2079 2280 -43,
2101 2254 2152 2281 446

1513 2304 1556 2330 48.
1575 2303 1625 2330 548
1647 2303 1657 2329 1

1566 2362 1601 2368 -
1620 2346 1749 2380 praedicit
1771 2344 1905 2378 discipulis
1932 2344 2098 2376 passionem,
2126 2348 2155 2370 ut

1513 2396 1603 2426 postea
1622 2391 1794 2423 intelligerent
1807 2390 1849 2415 Vll
1864 2389 1916 2415 227
1929 2388 1963 2414 35
1977 2403 2011 2407 -
2023 2389 2155 2421 Apostolis

1514 2437 1661 2470 passionem
1672 2434 1809 2468 praedixit,
1821 2436 1850 2459 ut
1863 2436 1922 2466 post
1935 2434 2154 2460 resurrectionem

1514 2481 1651 2507 crederent
1663 2479 1714 2505 242
1729 2478 1763 2504 84
1775 2491 1811 2498 -—
1823 2478 1942 2504 sollicitat
1959 2478 2102 2511 discipulos
2121 2477 2155 2503 ad

1514 2525 1631 2552 veritatis
1649 2522 1847 2555 intelligentiam
1866 2522 2044 2555 praedicendo
2057 2522 2155 2555 passio-

1514 2576 1575 2596 nem
1594 2575 1670 2595 suam
1689 2566 1751 2594 ibid.
1770 2581 1806 2586 -
1832 2570 1892 2599 post
1910 2567 2088 2593 ostensionem
2107 2566 2157 2592 mi-

1508 2613 1596 2640 raculi
1614 2612 1742 2645 praedicit
1754 2611 1905 2644 passionem
1918 2618 1993 2638 suam
2002 2631 2010 2642 ,
2023 2618 2055 2637 ne
2068 2611 2155 2637 subito

1515 2658 1622 2684 veniens
1641 2656 1784 2689 discipulos
1807 2656 1916 2683 omnino
1944 2656 2075 2682 concutiat
2093 2654 2156 2681 ibid.

1513 2717 1548 2722 ——-
1569 2701 1698 2735 praedicit
1716 2701 1867 2733 pmionem
1895 2707 1970 2727 suam
1999 2699 2156 2732 exponendo

1514 2747 1627 2779 figuram
1646 2745 1848 2778 praecedentem
1868 2745 1997 2777 serpentis
2020 2744 2096 2770 aenei
2121 2743 2155 2769 Vi

1515 2792 1566 2818 282
1586 2790 1620 2817 25
1638 2805 1674 2809 -
1693 2790 1822 2822 praedicit
1845 2790 1999 2822 mysterium
2024 2787 2155 2820 passionis

1514 2842 1578 2862 suae
1597 2838 1625 2861 ut
1644 2835 1800 2865 honestum,
1820 2841 1853 2860 ne
1871 2835 1951 2860 homo
1980 2832 2090 2858 carnalis
2113 2831 2157 2857 de-

1514 2880 1626 2912 spiceret
1645 2882 1671 2905 et
1690 2880 1808 2905 horreret
1827 2878 1878 2904 283
1899 2878 1932 2903 28
1952 2891 1986 2896 -
2005 2877 2157 2907 interpreta-

1515 2923 1592 2950 batur
1610 2923 1746 2955 discipulis
1765 2922 1912 2954 Scripturas
1931 2923 2058 2953 quantum
2072 2919 2106 2944 ad
2116 2925 2155 2950 ea,

1515 2968 1542 2994 in
1551 2966 1649 3000 quibus
1661 2966 1811 2993 evidentius
1820 2968 1846 2991 et
1856 2964 2018 2990 manifestius
2030 2963 2088 2988 eius
2099 2970 2157 2995 pas-

1515 3012 1554 3038 sio
1573 3011 1773 3037 etresurrectio
1793 3010 1980 3042 prophetantur
1993 3007 2036 3032 vn
2056 3007 2107 3033 596
2121 3007 2156 3032 34

1517 3070 1550 3075 -
1564 3059 1689 3089 tanquam
1703 3060 1783 3080 verus
1797 3054 1925 3085 Propheta
1939 3051 2068 3083 praedixit
2080 3058 2157 3077 suam

1515 3100 1733 3126 resurrectionem
1752 3096 1887 3129 discipulis
1896 3098 1922 3121 et
1934 3096 2070 3128 praedixit,
2083 3095 2157 3128 quod

1511 3146 1567 3170 -hoc
1586 3143 1750 3176 praediceret
1770 3144 1822 3167 tota
1842 3140 2043 3172 Scripturafiot
2068 3140 2101 3165 56

1569 3200 1604 3207 -
1623 3187 1690 3213 iusto
1711 3185 1806 3212 iudicio
1833 3192 1862 3211 se
1891 3183 2071 3211 manifestabat
2089 3183 2158 3209 aeni-

1518 3232 1639 3264 gmatice,
1652 3233 1680 3256 ut
1695 3230 1798 3261 lateret,
1817 3236 1901 3262 usque
1912 3232 1973 3261 post
1987 3228 2156 3255 resurrectio-

1510 3282 1578 3302 ssnem
1597 3275 1630 3301 Vi
1650 3274 1701 3300 277
1722 3273 1750 3299 41
1774 3280 1856 3299 -·se
1869 3272 2007 3299 abscondit
2025 3279 2110 3305 usque
2123 3271 2157 3297 ad

1517 3319 1737 3346 resurrectionem
1750 3318 1794 3344 vlt
1808 3318 1818 3343 1
1830 3318 1854 3344 11
1879 3318 1912 3344 92
1926 3326 1961 3336 ·-
1974 3320 2033 3343 ante
2047 3320 2158 3348 *tempus
