2476 3921
85 1040 173 1062 Divisio.

38 1571 170 1594 Subdivisio.

46 1890 166 1912 confutatio

45 1917 163 1939 calumniae

4 1943 6 1968 l
37 1943 169 1966 describitur

4 1975 5 1991 l
27 1976 65 1998 pei·
81 1973 181 1998 quatuor.

3 2194 5 2231 1¹
44 2209 170 2233 Pharisaeo-

4 2263 5 2267 ,
32 2242 80 2259 rum
87 2240 177 2268 ,proter-

72 2267 133 2286 vitas.

787 202 982 236 COMMENT.
1008 204 1045 236 IN
1070 203 1308 238 EVANGELIUM
1333 206 1450 239 LUCAE
1474 207 1506 240 C.
1531 209 1593 241 XX.
2120 215 2179 247 501

194 290 334 334 quotidie
357 294 389 325 et
412 291 559 325 observat
582 291 621 324 ad
646 294 751 334 postes
773 291 844 325 ostii
861 291 934 324 mei.
951 291 1012 333 Qui
1036 301 1086 325 me
1110 292 1157 325 in-

195 344 316 378 venerit
343 345 480 378 inveniet
510 345 603 378 vitam
632 347 664 377 et
692 345 818 378 hauriet
845 345 978 378 salutem
1006 354 1024 377 a
1051 345 1156 378 Domi-

195 407 236 430 uo
255 409 290 437 »3
315 400 346 431 et
370 397 575 431 Ecclesiastici
607 397 759 439 vigesimo
789 400 922 439 quarto:
952 410 968 426 α
984 397 1043 439 Qui
1067 398 1156 431 audit

1221 302 1271 326 me
1299 303 1360 327 non
1385 295 1610 336 confundetur,
1636 301 1667 331 et
1700 299 1754 341 qui
1780 304 1953 342 operantur
1986 302 2015 334 in
2041 311 2091 335 me
2120 311 2181 335 non

1220 347 1404 432 peccabunt.
1436 349 1494 390 Qui
1519 350 1677 384 elucidant
1701 361 1750 385 me
1774 353 1868 386 vitam
1893 358 2053 387 aeternam
2087 355 2181 388 hahe-

1243 405 1300 433 unt
1317 414 1346 433 ».

1073 557 1258 592 CArrruwM
1282 560 1342 592 XX.

242 716 357 744 Secundo
375 716 497 744 confutet
515 716 666 751 iudaeorum
685 715 897 744 incredulitatem
915 725 960 752 per
979 718 1059 745 verbs
1077 719 1104 745 ot

390 760 542 788 documenta.
560 761 587 788 et
605 760 652 788 hoo
671 760 698 788 in
717 760 805 788 tribus
823 760 954 796 partibus.

286 873 313 909 i.
341 877 379 909 Et
394 875 524 919 facturn
544 880 591 909 est
606 877 642 909 in
658 886 730 909 una
754 877 886 910 dierum
902 881 961 910 etc.
987 878 1155 921 Postquam

193 930 365 963 confutavit
396 930 647 963 incredulitatem
680 930 867 964 ludaeorum
894 939 950 973 per
973 930 1071 970 facta,
1105 931 1156 964 hic

193 982 343 1026 confutat
363 992 426 1025 per
445 983 547 1016 verba
561 987 591 1016 et
610 984 809 1017 documenta
822 985 843 1016 ¹.
869 983 1026 1017 Dividitur
1049 987 1155 1017 autem

193 1037 270 1070 haec
294 1045 368 1079 pars
384 1036 416 1069 in
440 1039 514 1069 tres.
533 1036 565 1069 ln
589 1045 727 1079 quarum
744 1036 846 1079 prima
869 1036 1067 1070 documentis
1082 1045 1156 1070 con-

192 1091 272 1124 futat
297 1089 501 1123 Pharisaeos
532 1087 682 1123 errantes
714 1100 754 1123 ex
785 1090 928 1124 malitia.
962 1091 994 1124 ln
1017 1091 1156 1125 secunda

191 1143 331 1178 confutat
356 1143 569 1176 Sadducaeos
592 1148 744 1176 errantes
763 1154 803 1177 ex
827 1144 1042 1187 iynorantia,
1068 1144 1108 1177 ihi
1124 1145 1154 1177 ²:

193 1198 409 1230 Accesserant
432 1201 545 1230 autem
567 1196 708 1241 quidam
732 1197 1010 1230 Sadducaeorum
1034 1201 1092 1231 etc.
1122 1198 1154 1231 ln

191 1250 284 1284 tertia
307 1250 455 1283 informat
479 1249 661 1293 discipulos
684 1250 730 1283 ad
753 1251 973 1293 sapientiam,
999 1251 1059 1284 ibi:
1084 1252 1155 1284 Au-

191 1303 297 1337 diente
320 1307 432 1336 autem
455 1303 547 1336 omni
565 1303 689 1346 populo
713 1307 772 1337 etc.

244 1416 395 1444 Consultatio
415 1417 614 1445 Pharisaeorum
632 1418 779 1446 errantium
798 1426 830 1446 ex
849 1418 954 1446 malitie
973 1426 1017 1454 per
1035 1418 1099 1446 triu.

279 1515 383 1548 Prima
406 1524 495 1558 pars,
519 1515 551 1548 iu
576 1525 639 1558 qua
663 1515 867 1550 Pharisaeos
891 1515 1064 1560 confutat,
1090 1520 1154 1550 tres

191 1568 286 1601 habet
301 1572 416 1611 partes.
442 1569 475 1601 In
492 1578 630 1611 quarum
654 1569 758 1612 prima
775 1570 899 1613 repellit
923 1570 1083 1603 obiectam
1099 1579 1155 1603 ca-

191 1621 365 1655 lumniam.
391 1621 423 1655 In
455 1622 594 1655 secunda
624 1623 743 1666 arguit
764 1623 928 1657 occultam
956 1623 1153 1666 perfidiam,

190 1674 277 1708 ibi⁸:
304 1675 414 1718 Coepit
437 1680 549 1708 autem
571 1675 681 1714 dicere
704 1676 750 1709 ad
771 1676 895 1719 plebem
917 1680 977 1710 etc.
1004 1677 1036 1710 ln
1061 1677 1154 1710 tertia

191 1736 268 1761 vero
282 1728 448 1761 convincit
469 1729 654 1763 versutiam
671 1729 903 1768 adinventam,
920 1730 981 1763 ihi:
1000 1731 1039 1763 Et
1054 1740 1153 1774 quae-

189 1781 308 1815 rebant
327 1781 498 1825 principes
520 1783 733 1828 sacerdotum
756 1787 815 1816 etc.

282 1834 547 1878 Confutationem
564 1836 661 1878 igitur
677 1835 867 1871 calumniae
880 1836 1020 1869 obiectae
1036 1837 1153 1870 descri-

189 1886 235 1920 bit
257 1887 453 1929 Evangelista
476 1888 536 1920 hoc
559 1888 679 1921 ordine.
698 1888 801 1921 Primo
824 1889 1038 1922 introducitur
1063 1888 1153 1922 Pha-

188 1939 378 1973 risaeorum
399 1936 613 1982 ‚protervitas
648 1941 684 1973 in
719 1941 900 1984 impetendo
916 1942 953 1980 ⁴:
992 1942 1131 1975 secundo
1145 1968 1152 1982 ,

192 1991 318 2026 Christi
338 1992 510 2036 sayacitas
533 1993 570 2026 in
592 1993 792 2033 resistendo;
816 1995 925 2034 tertio,
949 1994 1152 2029 Pharisaeo-

189 2055 269 2078 rum
291 2045 450 2079 dolositas
470 2046 506 2079 in
528 2045 705 2090 fuyiendo;
728 2051 858 2090 quarto,
877 2047 1004 2081 Christi
1026 2049 1153 2082 veraci-

190 2103 242 2132 tas
265 2099 482 2132 adversarios
505 2099 690 2143 refellendo.

278 2153 308 2185 2.
335 2152 436 2195 (Vers.
465 2154 517 2194 1.).
544 2153 647 2186 Primo
671 2154 768 2196 igitur
783 2158 938 2197 quantum
955 2155 1001 2188 -ad
1022 2160 1153 2198 proter-

188 2206 321 2239 vitatem
354 2205 622 2240 Pharisaeorum
660 2207 697 2240 in
735 2208 917 2251 impetendo
956 2209 1151 2251 praemittit:

191 2260 232 2292 Et
253 2258 385 2303 factum
408 2264 456 2293 est
479 2259 515 2293 in
538 2270 610 2293 una
633 2261 781 2300 dierum,
805 2261 937 2295 docente
968 2261 1023 2295 illo
1044 2272 1151 2305 popu-

190 2313 259 2346 lum
283 2313 459 2356 intemplo
482 2317 511 2347 et
530 2314 795 2358 eva-repelizante,
820 2315 993 2351 secundum
1019 2324 1153 2359 evange-

190 2358 281 2400 licam
315 2367 493 2407 veritatem,
517 2376 599 2410 quae
630 2367 777 2401 omnihus
807 2368 994 2402 declaranda
1017 2372 1080 2408 est,
1105 2378 1152 2403 se-

190 2419 330 2453 cundum
354 2419 438 2463 quod
463 2420 529 2463 ipse
552 2420 714 2463 discipulis
738 2421 805 2454 suis
827 2421 910 2454 dixit
933 2422 1078 2465 Matthaei
1099 2422 1152 2456 de-

189 2472 271 2505 cimo
287 2473 318 2505 ⁶:
355 2486 371 2502 (τ
395 2473 485 2515 Quod
520 2473 552 2507 in
586 2483 665 2508 aure
698 2474 814 2507 auditis
845 2474 1024 2517 praedicate
1055 2484 1152 2518 super

189 2529 270 2559 tecta
286 2539 321 2566 »3
353 2531 384 2561 et
414 2527 509 2561 Marci
540 2528 668 2561 ultimo:
705 2541 722 2557 «
739 2528 916 2562 Praedicate
948 2528 1150 2572 Evangelium

188 2579 272 2612 omni
303 2583 468 2614 creaturae
491 2594 522 2614 ι».
555 2581 605 2614 Sic
635 2584 667 2615 et
698 2581 764 2624 ipse
795 2581 945 2621 faciebat,
977 2581 1151 2615 secundum

189 2631 267 2665 illud
284 2632 487 2667 Ecclesiastici
504 2633 655 2676 vigesimo
668 2638 803 2677 quarto:
826 2647 841 2663 ιι
859 2634 1040 2668 Doctrinam
1060 2635 1154 2678 quasi

187 2685 410 2719 antelucanum
445 2686 589 2720 illumino
627 2687 775 2721 omnibus
805 2691 837 2721 et
875 2687 1030 2722 enarrabo
1066 2687 1149 2721 illam

260 2875 268 2891 ¹
289 2876 341 2904 Cir.
359 2885 439 2911 supra
458 2886 480 2905 c.
500 2880 543 2906 ⁴9.
562 2887 588 2907 n.
609 2880 651 2907 43.

260 2918 271 2935 ²
291 2921 366 2948 Vers.
386 2922 433 2954 27;
452 2924 526 2950 tertia
545 2931 607 2957 pars
627 2925 718 2958 incipit
736 2932 763 2951 v.
783 2924 824 2952 45.

260 2963 271 2978 ¹³
291 2965 366 2991 Vers.
385 2966 415 2999 9;
434 2967 508 2993 tei-tiu
527 2971 567 2994 est
584 2975 612 2995 v.
634 2969 674 2994 l9.

260 3007 271 3022 ¹
291 3008 348 3035 Vnt.
368 3009 552 3045 impediendo;
571 3012 642 3039 idem
661 3013 772 3040 recurrit
791 3013 856 3040 inti-u
874 3020 901 3040 n.
919 3014 944 3040 2.

259 3049 271 3066 ⁰
291 3052 366 3079 Vers.
385 3053 434 3086 27,
454 3058 514 3087 post
531 3062 612 3089 quem
637 3057 717 3084 Marc.
746 3057 793 3091 ⁴6,
817 3058 867 3090 155
888 3058 966 3085 Eccli.
992 3057 1040 3090 24,
1065 3057 1107 3085 44.
1125 3062 1151 3084 et

192 3095 243 3128 47,
271 3096 297 3122 in
325 3097 401 3123 culus
427 3098 480 3125 tine
508 3106 556 3132 pro
582 3100 745 3135 sapientiam
773 3102 830 3129 Vnt.
854 3100 920 3129 cum'
944 3103 1054 3135 Vulgata
1082 3102 1151 3129 veri-

192 3141 281 3168 tatem.

260 3182 272 3199 θ
291 3184 366 3211 Vers.
387 3185 431 3211 20.

260 3227 270 3243 '¹
289 3228 384 3255 psalm.
402 3229 433 3261 2,
452 3229 483 3261 2,
502 3230 545 3257 cul
563 3230 731 3265 subiungitur
749 3233 795 3260 lob
813 3233 862 3266 26,
881 3234 925 3260 ⁴3.

260 3270 271 3287 ⁸
290 3273 353 3299 Gen.
378 3273 421 3305 37,
446 3274 489 3300 33.
508 3288 543 3295 -
562 3275 693 3302 Sententia
717 3276 897 3310 chrysostomi
919 3277 1031 3304 habetur
1053 3277 1149 3305 Homil-

190 3317 233 3356 39.
247 3317 271 3343 in
285 3317 375 3343 Mettus
391 3318 439 3349 21,
453 3318 496 3344 23.
515 3318 574 3352 (Op.
589 3318 752 3353 imperfect).
768 3321 818 3348 Pro
830 3328 880 3349 nos
891 3328 988 3354 sumu-5
1007 3321 1149 3349 columnae

191 3361 248 3387 Vnt.
267 3367 328 3387 cum
342 3362 363 3388 H
383 3365 408 3388 et
427 3365 495 3389 textu
515 3362 634 3395 originali
659 3370 710 3391 nos
727 3364 832 3398 fuimus
856 3364 1016 3398 columnae,·
1035 3365 1148 3392 subinde

1222 729 1324 763 usque
1347 722 1379 754 in
1402 723 1609 766 longinquum
1627 738 1662 764 »;
1687 729 1718 759 et
1735 730 1822 768 post:
1852 741 1868 756 α
1885 727 2008 767 Videte,
2033 729 2180 771 quoniam

1221 781 1283 806 non
1307 775 1409 820 solum
1427 776 1502 809 mihi
1525 777 1678 817 laboravi,
1696 779 1750 812 sed
1773 780 1921 813 omnibus
1937 782 2182 823 exquirentibus

1220 827 1403 869 sapientiam
1421 843 1450 861 n.
1468 849 1510 854 -
1529 831 1607 864 ilaec
1630 835 1735 865 autem
1752 832 1893 866 doctrina
1918 834 2058 868 veritatis
2074 835 2181 868 odiosa

1213 884 1268 914 ‘est
1291 882 1395 922 malis,
1420 883 1495 924 quia
1523 896 1538 912 α
1555 884 1609 926 qui
1636 879 1802 927 male'agit
1825 886 1890 919 odit
1913 887 2014 920 lucem
2032 901 2046 916 n
2061 914 2068 926 ,
2094 888 2180 920 loan-

1219 934 1268 967 nis
1292 935 1385 968 tertio
1401 935 1432 975 ι’;
1458 936 1527 969 ideo
1558 937 1722 971 subditur:
1757 939 1985 973 Convenerunt
2010 941 2180 983 principes

1218 987 1431 1020 sacerdotum
1454 992 1483 1021 et
1505 989 1635 1022 scribae
1658 999 1734 1023 cum
1758 992 1960 1031 senioribus,
1986 1002 2042 1035 per
2066 993 2180 1026 fastuo-

1219 1048 1286 1072 sam
1302 1041 1550 1081 protervitatem.
1578 1043 1609 1075 ln
1628 1043 1823 1086 principibus
1840 1054 1975 1088 namque
1996 1049 2064 1079 erat
2080 1046 2179 1080 fastus
2194 1055 2336 1103 *Zffim

1219 1096 1349 1135 propter
1371 1094 1588 1128 excellentiam
1619 1096 1868 1139 dimicatis-sin
1898 1099 2024 1138 scribis,
2049 1103 2179 1142 propter

1218 1146 1435 1179 excellentiam
1460 1148 1676 1190 coqnitionis;
1700 1150 1730 1182 in
1749 1151 1943 1191 senioribus,
1969 1157 2098 1194 propter
2123 1163 2178 1185 ca-

1217 1198 1332 1235 nitiem
1350 1201 1532 1233 senectutis.
1555 1201 1624 1235 Ideo
1640 1212 1703 1235 non
1724 1204 1950 1237 conveniebant
1967 1206 2049 1238 sicut
2072 1206 2178 1239 humi-

1219 1252 1264 1285 les
1298 1253 1337 1285 ad
1371 1253 1613 1295 addiscendum,
1649 1256 1703 1289 sed
1738 1257 1820 1290 sicut
1862 1259 1990 1300 superbi
2023 1259 2061 1292 ad
2093 1261 2178 1293 calu-

1218 1306 1416 1346 mniandum,
1440 1308 1612 1341 secundum
1630 1309 1714 1342 illud·
1724 1310 1835 1343 Psalmi
1849 1311 1876 1343 ⁷:
1899 1325 1915 1340 «
1929 1312 2086 1355 Principes
2110 1322 2180 1346 con-

1218 1364 1374 1392 venerunt
1398 1360 1428 1393 in
1453 1370 1552 1394 unum
1585 1362 1738 1396 adversus
1766 1364 1933 1398 Dominum
1964 1369 1996 1398 et
2026 1365 2179 1399 adversus

1219 1412 1379 1446 Christum
1403 1414 1471 1447 eins
1487 1428 1517 1446 ».
1543 1415 1628 1448 Unde
1652 1416 1683 1448 in
1708 1416 1757 1449 his
1781 1416 1930 1459 impletur
1956 1418 2032 1451 illud
2057 1419 2109 1452 lob
2134 1420 2179 1452 vi-

1219 1467 1336 1508 gesimo
1371 1472 1506 1510 quarto:
1536 1481 1551 1497 a
1577 1469 1635 1510 lpsi
1672 1469 1805 1503 rebelles
1839 1470 1969 1504 fuerunt
2002 1472 2111 1505 lumini
2148 1477 2179 1506 et

1219 1520 1445 1562 ignoraverunt
1469 1521 1534 1554 vias
1557 1522 1626 1555 eius
1641 1535 1672 1555 ».
1698 1523 1834 1556 Rebellio
1858 1527 1964 1557 autem
1994 1529 2101 1558 ortum
2125 1526 2179 1559 ha-

1219 1572 1288 1605 buit
1310 1582 1351 1606 ex
1376 1573 1506 1613 invidia,
1537 1583 1619 1616 quae
1642 1578 1690 1608 est
1721 1575 1784 1608 filia
1808 1576 1984 1618 superbiae.
2021 1578 2100 1611 Haec
2132 1582 2180 1611 est

1224 1626 1321 1659 «fera
1344 1627 1491 1669 pessima,
1515 1637 1596 1670 quae
1612 1628 1775 1662 devoravit
1799 1630 1977 1672 loseph⁸»;
2002 1635 2034 1664 et
2056 1631 2095 1664 de
2121 1633 2179 1665 hac

1217 1679 1477 1721 Chrysostomus:
1506 1694 1522 1709 «ι
1539 1681 1689 1714 Dicebant
1720 1683 1898 1716 sacerdotes
1929 1683 2012 1726 apud
2041 1693 2092 1717 se:
2118 1685 2179 1718 Nos

1217 1740 1329 1765 sumus
1353 1733 1517 1767 columnae
1549 1735 1674 1777 templi;
1699 1739 1730 1768 et
1759 1745 1847 1775 ecce,
1872 1745 1969 1779 super
2001 1737 2089 1771 illum
2116 1742 2179 1771 tota

1217 1785 1389 1818 reclinatur
1414 1787 1556 1820 Ecclesia.
1583 1788 1643 1821 Nos
1666 1788 1784 1822 fuimus
1808 1790 1977 1823 tacentium
2001 1791 2179 1833 Scriptura-

1219 1846 1292 1870 rum
1317 1839 1406 1880 quasi
1433 1839 1538 1881 lingua
1563 1841 1710 1880 visibilis;
1734 1845 1766 1874 et
1789 1850 1878 1881 ecce,
1908 1842 1959 1876 ille
1988 1847 2115 1876 resonat
2145 1844 2176 1876 in

1218 1890 1320 1923 medio
1345 1892 1468 1933 templi,
1493 1896 1524 1924 et
1548 1902 1604 1926 nos
1628 1894 1796 1936 contempti
1821 1896 1911 1937 quasi
1935 1896 2057 1928 cithara
2088 1896 2177 1929 dissi-

1217 1946 1289 1985 pata
1312 1946 1462 1977 tacemus.
1487 1945 1547 1978 Nos
1571 1945 1690 1978 suimus
1710 1950 1829 1987 patres,
1853 1947 1905 1980 ille
1928 1952 2057 1990 generat
2081 1948 2175 1988 filios,

1217 1999 1248 2029 et
1265 2005 1320 2029 nos
1344 1996 1466 2030 steriles
1482 2006 1593 2030 sumus
1610 2011 1639 2030 n.
1665 1999 1843 2040 Quod‘dicit
1859 2004 2013 2041 quantum
2030 2001 2068 2034 ad
2085 2010 2180 2043 prae-1

1216 2049 1299 2082 dicta
1334 2049 1394 2082 tria
1422 2059 1537 2092 genera
1567 2059 1792 2093 personarum,
1824 2061 1906 2094 quae
1938 2062 1994 2094 per
2026 2053 2174 2088 invidiam

1215 2106 1384 2136 excaecata
1407 2107 1495 2143 sunt,
1520 2107 1551 2137 et
1575 2107 1703 2147 propter
1727 2104 1787 2138 hoc
1810 2105 1973 2139 manifesta
1995 2106 2175 2140 dederunt⁹

1216 2156 1249 2190 in
1272 2156 1404 2190 dubium
1428 2161 1459 2190 et
1482 2157 1725 2190 calumniantur.

1309 2209 1339 2243 3.
1375 2211 1476 2251 (Vers.
1512 2210 1567 2252 2.).
1608 2211 1738 2253 Propter
1772 2211 1856 2253 quod
1895 2210 2099 2254 adiungitur:
2136 2213 2176 2245 Ει

1217 2263 1316 2297 aiunt
1339 2263 1480 2297 dicentes
1511 2263 1557 2297 ad
1587 2263 1700 2297 illum:
1728 2264 1787 2297 Dic
1816 2263 1928 2298 nobis:
1961 2265 2001 2297 In
2029 2275 2097 2309 qua
2116 2275 2175 2308 po-

1217 2320 1328 2350 testate
1360 2316 1440 2350 haec
1470 2316 1583 2360 facis?
1609 2319 1676 2350 Aut
1707 2318 1782 2361 quis
1812 2322 1877 2357 est,
1909 2318 1968 2362 qui
1998 2318 2086 2351 dedit
2117 2319 2177 2352 tibi

1216 2368 1304 2403 hanc
1325 2369 1539 2412 potestatem?
1564 2370 1625 2404 Hoc
1648 2374 1752 2404 autem
1777 2371 1945 2414 requirunt
1968 2375 2005 2404 ut
2026 2371 2174 2412 dubium,

1216 2431 1289 2456 cum
1313 2426 1417 2456 tamen
1441 2432 1498 2465 per
1528 2423 1759 2457 evidentissima
1790 2424 1942 2457 miracula
1976 2425 2016 2458 sit
2048 2425 2175 2459 manife-

1216 2480 1315 2515 stum,
1332 2476 1507 2509 secundum
1519 2476 1597 2510 illud
1611 2477 1731 2510 loannis
1747 2477 1857 2520 quinto
1871 2477 1911 2509 ¹⁰:
1931 2490 1946 2506 κ
1959 2477 2076 2520 Opera,
2093 2488 2175 2521 quae

1215 2538 1273 2572 ego
1295 2529 1389 2568 facio,
1414 2529 1626 2563 testimonium
1651 2530 1818 2572 perhibent
1841 2530 1879 2564 de
1904 2539 1953 2564 me
1975 2543 2008 2570 »;
2038 2531 2092 2564 sed
2116 2532 2174 2575 ipsi

1216 2581 1398 2625 quaerendo
1421 2585 1518 2615 totam
1544 2583 1666 2625 plebem
1691 2583 1721 2616 in
1739 2582 1962 2617 dubitationem
1987 2583 2104 2617 ducere
2120 2594 2175 2618 vo-

1215 2635 1338 2675 lebant,
1363 2635 1453 2678 quasi
1478 2635 1531 2668 illa
1561 2635 1714 2669 miracula
1738 2645 1799 2668 non
1831 2639 1935 2668 essent
1957 2644 1975 2668 a
2007 2635 2088 2675 Deo,
2120 2637 2174 2670 sed

1215 2688 1320 2731 potius
1343 2697 1362 2721 a
1384 2687 1517 2722 diabolo.
1542 2688 1627 2722 Unde
1651 2688 1814 2722 Glossa¹¹:
1845 2701 1860 2717 «
1876 2688 1920 2721 De
1943 2688 1998 2722 Dei
2023 2692 2174 2731 potestate

1215 2881 1274 2907 vat.
1291 2880 1387 2907 omittit
1404 2879 1486 2914 quasi
1502 2874 1615 2914 [plures'
1623 2879 1700 2905 codd.
1720 2878 1781 2913 ipsi]
1801 2878 1907 2906 cithara
1921 2878 2060 2913 dissipata,
2084 2884 2109 2906 et
2123 2888 2171 2913 pro

1214 2926 1334 2952 uwemus
1354 2927 1438 2950 textus
1456 2923 1599 2950 tacuimus.
1876 2921 1887 2937 ⁹
1906 2922 1970 2949 Cod-
1990 2923 2009 2949 B
2027 2922 2171 2953 deducunt

1286 2968 1308 2983 ¹⁰
1328 2969 1402 2994 Vers.
1421 2968 1463 2995 36.
1477 2981 1511 2987 -
1524 2967 1610 2999 Cyrill.
1630 2966 1766 2993 Alexandr.
1784 2967 1808 2993 in
1828 2967 1891 2993 Luc.
1910 2968 1957 2998 20,
1977 2968 2008 2993 2:
2026 2968 2121 3000 Moysis
2133 2969 2172 2995 lex

1214 3014 1296 3045 solos,
1310 3016 1339 3039 ut
1351 3011 1463 3043 aiebant,
1476 3016 1605 3044 attingere
1618 3011 1788 3037 sacerdotalia
1801 3011 1886 3038 officie
1900 3011 2003 3038 Lex-itas
2016 3012 2171 3044 mandabat,

1215 3058 1264 3091 ipsi
1277 3064 1320 3084 res
1339 3057 1421 3084 divini
1434 3056 1524 3089 templi
1537 3055 1765 3087 administrabant,
1779 3055 1843 3088 ipsis
1862 3055 2011 3088 religiosam
2024 3050 2170 3083 doctrinam

1214 3099 1320 3129 tradere
1330 3101 1420 3128 dutum
1434 3103 1517 3127 erat...
1530 3103 1558 3126 tu
1570 3106 1648 3132 vere,
1661 3098 1827 3133 inquiebant,
1839 3106 1870 3126 ex
1883 3099 1932 3125 ulie
1947 3099 2074 3126 oriundus
2087 3100 2172 3133 tribu,

1212 3146 1313 3180 quippe
1330 3145 1365 3172 de
1384 3144 1462 3171 iudae
1482 3143 1606 3176 posteris,
1625 3149 1672 3169 cur
1690 3149 1829 3169 concessos
1853 3142 1931 3169 ηυδε
1955 3150 2068 3176 usurpas
2091 3145 2171 3171 hono·

1213 3191 1300 3217 resi...
1319 3189 1396 3223 Atqui
1416 3189 1437 3215 sl
1455 3188 1593 3221 lnepiratns
1611 3194 1626 3213 a
1645 3187 1713 3218 Deo,
1725 3194 1742 3213 o
1756 3186 1880 3220 insipiens
1899 3187 2049 3220 pharisaee,
2066 3189 2171 3216 callere-s

1213 3233 1372 3266 Scripturas,
1392 3231 1556 3259 meminisses
1574 3231 1664 3264 utique
1689 3229 1758 3257 beati
1777 3231 1922 3264 prophetoe
1942 3230 2050 3258 Devldis
2069 3232 2172 3267 univer-

1211 3278 1258 3304 sali
1276 3276 1409 3304 servatori
1426 3276 1529 3303 Christo
1548 3275 1658 3302 dicentis
1675 3273 1730 3309 [ΡΒ.
1752 3275 1817 3306 409,
1837 3273 1889 3310 6.];
1909 3275 2015 3303 Iuravit
2028 3275 2170 3309 Domitius,

1211 3323 1238 3349 et
1254 3328 1310 3358 non
1325 3319 1468 3356 poenitebit
1484 3326 1565 3347 etim:
1587 3319 1626 3346 Tu
1645 3325 1673 3346 es
1691 3318 1818 3346 sacerdos
1835 3323 1887 3346 etc.

1283 3364 1304 3380 ¹¹
1325 3365 1426 3391 Scilicet
1444 3362 1585 3390 ordinaria
1606 3363 1646 3397 (ex
1666 3362 1745 3396 Beda)
1766 3362 1793 3389 in
1813 3363 1876 3390 Luc.
1895 3364 1942 3396 20,
1963 3364 1989 3390 2.

2195 2220 2299 2242 Mallum:
2309 2221 2343 2242 in-

2206 2248 2328 2274 tei-rogatio.
