2476 3921
39 885 150 908 Simuiauo

14 912 167 961 ‘mititiam‘

14 1575 95 1603 Duplex
108 1581 158 1603 pet>

45 1605 122 1624 catum.

773 152 969 186 COMMENT.
995 153 1031 185 IN
1055 152 1293 186 EVANGELIUM
1318 152 1435 186 LUCAE
1458 154 1490 186 C.
1516 154 1578 187 XV.

182 241 303 275 Domini
321 241 375 274 Dei
394 241 490 274 vestri
508 241 731 274 murmurastis
747 241 779 273 in
796 240 1007 274 tabernaculis
1030 240 1143 274 vestris

182 297 279 337 atque
301 293 448 327 dixistis:
472 293 545 327 Odit
568 303 626 326 nos
649 294 820 332 Dominus,
843 297 875 326 et
898 293 1016 326 idcirco
1031 293 1144 326 eduxit

181 356 238 380 nos
271 347 310 381 de
346 350 432 380 terra
462 347 608 389 Aegypti,
641 350 676 379 ut
708 346 847 380 traderet
878 355 935 379 nos
967 346 997 379 in
1030 354 1143 379 manus

181 400 362 433 Amorrhaei
380 413 410 432 r».
435 400 585 433 Similiter
609 403 640 433 et
663 400 695 433 hi
720 399 838 433 bonum
862 399 1089 433 convertebant
1110 399 1141 431 in

181 453 317 492 malum,
340 457 372 486 et
395 452 637 495 publicanorum
661 452 884 494 poenitentiam
908 455 939 485 et
962 445 1055 485 etiam
1074 451 1142 484 Iesu

180 505 448 544 misericordiam;
480 508 512 538 et
542 505 573 538 in
606 505 666 538 hoc
699 505 810 538 vitium
839 505 1035 545 incidebant,
1067 505 1142 547 quia

179 561 270 592 erant
296 558 430 600 superbi
453 561 485 591 et
508 558 694 597 inhumani;
722 558 761 591 de
785 558 902 601 quibus
925 561 1028 600 potest
1052 558 1142 591 intel-

180 612 231 654 ligi
256 611 333 644 illud
358 611 453 644 Isaiae
483 612 680 654 sexagesimo
703 611 862 654 quinto¹z
893 625 908 640 α
926 612 985 653 Qui
1009 611 1139 645 dicunt:

181 664 297 698 Recede
320 674 338 697 a
361 673 429 703 me,
446 674 508 697 non
524 664 760 707 appropinques
784 664 880 703 mihi,
904 665 980 707 qula
1004 665 1141 698 immun-

178 718 237 751 dus
260 726 303 751 es.
329 718 378 751 Isti
403 717 511 751 fumus
534 720 630 751 erunt
652 718 683 751 in
699 717 809 751 surore
825 727 912 757 meo,
931 718 1011 760 ignis
1027 718 1141 751 ardens

178 773 242 803 tota
264 770 313 804 die
330 784 361 803 »-

267 825 297 857 5.
322 823 428 857 Tertio
451 827 605 866 quantum
630 823 668 856 ad
692 823 939 856 simulationem
960 823 1141 867 aequitatis

178 877 325 917 iustitiae
356 877 526 910 subditur:
561 877 724 909 Dicentes:
752 876 840 917 Quia
872 875 925 909 liic
952 880 1141 918 peccatores

177 930 311 973 recipit,
336 934 491 973 quantum
508 930 547 963 ad
562 930 777 963 affabilitatem
800 929 967 972 colloquii,
992 934 1020 963 et
1043 929 1140 962 man-

177 984 280 1027 ducat
302 994 378 1017 cnm
402 983 487 1023 illis,
504 987 659 1026 quantum
677 983 716 1016 ad
732 983 975 1016 familiaritatem
993 983 1137 1017 convivii.

177 1038 210 1070 In
234 1046 298 1080 quo
322 1037 468 1070 volebant
483 1037 586 1080 ipsum
605 1036 796 1079 redarguere
814 1040 964 1079 tanquam
980 1037 1138 1070 fautorem

177 1091 332 1124 malorum
357 1094 389 1124 et
404 1095 651 1134 contemptorem
670 1094 911 1134 praeceptorum
926 1104 933 1131 ;
951 1091 1035 1124 unde
1051 1090 1139 1124 Glos-

177 1145 258 1177 sa2:
288 1144 436 1186 «Quasiz
465 1144 644 1178 contrarius
676 1148 724 1178 est
748 1145 838 1188 Legi,
870 1154 951 1187 quae
975 1145 1034 1177 hoc
1066 1154 1139 1187 pro-

177 1197 264 1230 hibet
279 1211 310 1230 n.
336 1198 367 1230 ln
392 1198 471 1240 Lege
502 1198 585 1231 enim
610 1198 799 1240 prohibetur
822 1201 986 1231 contactus
1010 1198 1055 1231 rei
1081 1198 1138 1230 im-

177 1250 328 1290 mundae,
347 1251 471 1284 Levitici
489 1251 655 1284 undecimo
680 1255 711 1284 et
735 1251 858 1284 decimo
883 1251 995 1290 tertio;
1019 1251 1051 1284 in
1074 1260 1138 1293 quo

176 1303 361 1346 intelligitur
389 1303 497 1336 vitatio
525 1304 682 1337 societatis
718 1305 828 1337 malae.
865 1304 951 1337 Unde
986 1304 1138 1337 nentem

176 1357 270 1390 nomii
295 1357 445 1399 septimo:
476 1370 491 1385 «ι
509 1358 574 1390 Non
600 1358 692 1391 inibis
716 1367 788 1390 cum
812 1358 857 1391 eis
881 1357 991 1390 foedus
1015 1366 1072 1390 nec
1088 1366 1138 1390 so-

176 1410 273 1444 ciabis
296 1419 367 1442 cum
392 1409 437 1442 eiS
461 1410 606 1452 coniugia
622 1423 653 1442 ».
679 1410 756 1449 Sed,
781 1411 864 1443 sicut
887 1410 962 1443 dicit
985 1410 1137 1449 Glossa³,

181 1477 197 1493 «
212 1463 380 1506 dupliciter
404 1466 529 1502 errant,
555 1464 630 1505 quia
652 1467 684 1497 et
707 1473 740 1497 se
769 1465 869 1497 iustos
900 1467 1031 1506 putant,
1063 1473 1137 1497 curn

176 1517 238 1550 sint
266 1516 412 1558 superbi,
444 1519 476 1549 et
506 1516 576 1548 illos
607 1520 806 1558 peccatores,
839 1526 913 1550 cum
945 1517 1006 1549 iam
1031 1516 1138 1559 poeni-

175 1573 306 1604 teani».
331 1569 416 1603 Unde
433 1569 490 1611 ipsi
515 1569 691 1602 simulando
714 1570 903 1612 aequitatem
930 1570 1082 1603 cadebant
1106 1570 1137 1602 in

175 1624 365 1667 impietatem
389 1622 554 1665 peccando
579 1622 615 1655 in
637 1632 671 1655 se
692 1623 782 1665 ipsos
799 1624 1028 1666 superbiendo,
1053 1623 1138 1666 quod

176 1680 411 1711 consueverunt
434 1676 537 1709 facere
561 1675 718 1709 Pharisaei
734 1688 742 1715 ;
766 1676 848 1709 infra
863 1677 985 1711 decimo
1001 1680 1093 1710 sexto
1106 1678 1137 1709 ⁴:

181 1744 197 1761 α
216 1731 276 1764 Vos
299 1730 391 1770 estis,
420 1729 474 1772 qni
499 1728 675 1762 iustificatis
698 1738 754 1762 vos
776 1737 883 1762 coram
908 1730 1089 1763 hominibus
1107 1743 1137 1762 ι».

176 1785 269 1823 item,
291 1783 458 1827 peccando
482 1783 517 1815 in
538 1781 713 1825 proximos
736 1782 817 1815 male
840 1782 1025 1822 iudicando,
1043 1783 1086 1816 ita
1102 1787 1139 1816 ut

176 1838 289 1880 posset
304 1837 348 1870 eis
370 1836 431 1869 dici
455 1835 532 1869 illud
556 1844 654 1877 supra
678 1838 790 1868 sexto:
821 1848 836 1864 ιι
853 1836 1037 1878 Hypocrita,
1061 1837 1138 1870 eiice

177 1891 314 1933 primum
340 1889 460 1922 trabem
486 1888 524 1921 de
547 1888 639 1921 oculo
663 1891 718 1921 tuo
735 1901 750 1917 2·
779 1891 837 1921 etc.
863 1888 956 1928 Item,
970 1890 1138 1932 peccando

177 1945 213 1977 in
238 1942 408 1977 Christum
439 1942 507 1975 eius
538 1941 784 1978 misericordiam
814 1942 1050 1985 redarguendo,
1083 1944 1138 1986 qui

176 2000 356 2040 peccatores
379 1995 573 2038 recipiebat,
598 1995 690 2028 iuxta
713 1995 798 2038 quod
815 1996 1003 2038 promiserat
1020 2006 1077 2039 per
1094 1997 1138 2030 Ie-

177 2049 326 2088 remiam‚
351 2048 499 2082 Ieremiae
523 2048 663 2082 tertio⁶:
695 2062 710 2078 α
727 2048 828 2091 Vulgo
843 2048 977 2081 dicitur:
1000 2050 1029 2082 Si
1046 2049 1138 2082 dimi-

175 2103 253 2137 serit
275 2102 325 2136 vir
348 2110 485 2136 uxorem
508 2110 616 2141 suam,
640 2105 671 2135 et
695 2101 844 2135 recedens
874 2101 914 2134 ab
946 2111 984 2134 eo
1006 2102 1138 2135 duxerit

177 2157 283 2190 virum
306 2153 461 2194 alterum,
493 2155 638 2198 nunquid
667 2158 847 2188 revertetur
870 2154 908 2187 ad
928 2164 999 2187 eam
1025 2155 1137 2188 ultra?

177 2211 223 2243 Tu
248 2213 353 2243 autem
381 2208 534 2242 fornicata
556 2217 590 2242 es
614 2218 686 2242 cum
711 2208 905 2241 amatoribus
928 2208 1057 2248 multis;
1091 2212 1137 2241 ta-

176 2272 247 2296 men
277 2265 437 2296 revertere
468 2261 508 2294 ad
530 2270 598 2301 me,
622 2262 697 2297 dicit
720 2262 889 2300 Dominus,
913 2264 944 2294 et
968 2261 1137 2303 suscipiam

177 2321 207 2349 te
230 2328 261 2348 ».
287 2316 348 2348 Hoc
379 2314 461 2347 enim
493 2317 541 2347 est
571 2315 851 2348 excellentissimae
883 2314 1135 2352 misericordiae;

155 2369 260 2402 “unde
293 2368 414 2401 Ioannis
445 2368 584 2401 sextoss:
615 2368 774 2408 «Omnis,
806 2368 861 2411 qui
895 2367 979 2401 venit
1006 2367 1045 2400 ad
1070 2376 1136 2407 me,

176 2432 237 2456 non
262 2422 382 2455 eiiciam
411 2430 484 2454 eum
502 2421 592 2454 ⁴foras
610 2435 639 2454 n.
665 2421 903 2464 Redargnebant
927 2421 1020 2454 etiam
1045 2421 1137 2454 mise-

176 2474 361 2513 ricordIam,
394 2473 469 2516 quia
493 2474 537 2507 eis
557 2474 834 2508 condescendebat
857 2474 902 2507 acl
925 2474 1136 2506 manducan-

174 2529 274 2567 dum,
307 2536 379 2561 cum
412 2531 515 2561 tamen
548 2528 608 2561 hoc
640 2528 680 2562 sit
711 2527 944 2561 misericordiae
975 2536 1136 2566 summae,

175 2582 349 2616 secundum
381 2581 460 2614 illud
490 2582 689 2624 Apocalypsis
720 2581 859 2615 tertio⁷:
889 2594 905 2610 «
925 2581 986 2623 Ego
1019 2584 1067 2614 sto
1098 2581 1136 2614 ad

175 2635 289 2668 ostium
314 2638 344 2668 et
368 2634 459 2677 pulso
476 2648 491 2663 »
520 2638 578 2668 etc.
594 2647 601 2674 ;
619 2639 649 2668 et
666 2635 811 2668 Matthaei
837 2634 1020 2667 undecimo:
1045 2647 1060 2663 «
1077 2635 1136 2668 Ve-

176 2688 240 2721 nite
264 2687 302 2720 ad
327 2697 387 2727 me,
411 2696 537 2727 omnes,
562 2688 616 2731 qui
641 2688 790 2721 laboratis
813 2691 844 2721 et
867 2688 988 2720 onerati
1013 2688 1088 2721 estis
1104 2701 1135 2727 »;

2103 158 2168 191 383

1206 244 1237 273 et
1262 241 1383 274 Ioannis
1406 243 1560 284 septimo:
1590 256 1605 271 α
1623 244 1652 276 Si
1678 245 1749 286 quis
1773 245 1855 283 sitit,
1873 246 1976 278 veniat
2000 246 2038 279 ad
2063 255 2112 279 me
2137 250 2167 278 et

1206 293 1293 327 bibat
1310 308 1324 323 ι)
1353 298 1411 327 etc.
1443 296 1516 328 Nam
1542 300 1574 329 et
1598 297 1752 339 Propheta
1774 307 1816 331 ex
1841 299 2012 340 repletione
2036 300 2168 341 spiritus

1207 350 1297 379 vocat
1311 356 1438 386 omnes;
1456 348 1550 382 Isaiae
1566 350 1827 392 quinquagesimo
1843 352 1954 393 quinto
1966 352 1997 384 ⁸:
2021 365 2036 380 α
2052 352 2169 385 Omnes

1206 399 1364 439 sitientes,
1389 401 1492 434 venite
1508 401 1547 434 ad
1563 411 1662 444 aquas
1680 416 1709 435 ιι.
1736 403 1770 436 Et
1788 404 1867 436 ratio
1886 405 1980 437 huius
1997 409 2061 444 est,
2078 406 2168 448 quia,

1206 452 1289 485 sicut
1312 453 1429 486 dIcitur
1453 454 1491 486 ad
1524 455 1678 488 Romanos
1700 456 1840 495 decimo,
1870 470 1886 485 α
1903 467 1963 490 non
1987 462 2034 491 est
2058 458 2169 491 distin-

1206 504 1268 537 ctio
1292 504 1395 538 Iudaei
1421 509 1451 538 et
1475 506 1602 546 Graeci;
1627 516 1699 540 nam
1725 507 1806 541 idem
1831 509 1982 542 Dominus
2005 510 2168 548 omnium,

1205 557 1293 591 dives
1317 558 1348 591 in
1372 568 1499 598 omnes,
1523 560 1578 602 qui
1603 560 1749 594 invocant
1773 561 1862 594 illum
1881 576 1896 591 r>
1925 567 1982 595 etc.

1319 673 1501 701 Manifestum
1520 674 1630 709 pietatis
1650 675 1754 702 divinae
1773 675 1932 703 describitur
1951 676 2051 712 triplici

1617 719 1749 754 parabola.

1297 825 1326 857 6.
1353 827 1392 858 Et
1415 826 1466 859 ait
1489 827 1535 859 ad
1558 826 1631 859 illos
1659 827 1870 869 parabolam.
1904 829 2068 871 Postquam
2103 839 2168 862 ma-

1205 878 1363 912 nifestavit
1387 879 1578 922 impietatem
1605 880 1779 920 Iudaicam,
1803 882 1847 914 sic
1864 883 2002 915 secundo
2019 883 2166 924 notificat

1201 931 1358 973 pietatem
1382 932 1533 966 divinam
1550 933 1589 966 ad
1606 934 1796 976 impietatem
1822 935 1975 968 Iudaicam
2001 936 2165 969 confutan-

1203 984 1275 1016 dam
1289 985 1311 1016 9.
1340 985 1374 1017 Et
1398 986 1547 1028 quoniam
1573 987 1672 1029 pietas
1696 988 1749 1020 Dei
1775 989 1951 1030 specialiter
1976 993 2023 1022 est
2046 990 2083 1023 ad
2110 991 2166 1023 ho-

1205 1037 1321 1070 minem
1338 1038 1370 1070 in
1388 1039 1516 1071 humani
1534 1041 1658 1082 generis
1675 1042 1891 1082 reparatione,
1917 1043 1946 1075 in
1965 1052 2028 1085 qua
2050 1043 2166 1086 indiget

1204 1090 1298 1123 homo
1309 1091 1478 1133 sacrificio
1491 1094 1734 1133 reconciliante,
1745 1095 1853 1137 pretio
1867 1096 2043 1129 redimente
2056 1100 2086 1130 et
2098 1098 2166 1140 spi-

1203 1143 1273 1175 ritu
1289 1144 1488 1186 adoptante‚·
1505 1145 1573 1178 ideo
1590 1146 1620 1179 in
1639 1147 1697 1180 hac
1714 1152 1803 1189 parte
1821 1149 1975 1191 triplicem
1993 1150 2164 1183 introducit

1203 1196 1405 1238 parabolam,
1438 1208 1576 1240 quarum
1609 1200 1711 1241 prima
1734 1205 1781 1234 est
1804 1202 1843 1234 de
1867 1212 1939 1241 ove,
1964 1212 2045 1245 quae
2070 1204 2167 1236 sacri-

1204 1250 1338 1290 ficatum
1363 1251 1519 1290 secunda,
1544 1252 1582 1285 de
1605 1253 1792 1293 drachma,
1824 1264 1905 1297 quae
1937 1260 1985 1288 est
2016 1265 2167 1289 nummus

1202 1304 1330 1345 regius;
1356 1305 1448 1337 tertia
1471 1308 1519 1337 est
1546 1305 1585 1338 de
1606 1310 1705 1347 patre
1728 1311 1758 1339 et
1778 1307 1866 1348 filio,
1900 1309 1953 1350 qui
1987 1310 2166 1342 misericor-

1201 1357 1282 1389 diter
1306 1357 1468 1402 recipitur.
1494 1358 1651 1400 Amplius,
1675 1360 1824 1401 quoniam
1842 1361 1941 1402 pietas
1966 1362 2019 1394 Dei
2046 1364 2164 1404 specia-

1202 1410 1272 1443 liter
1296 1410 1334 1443 ad
1360 1411 1518 1443 hominem
1542 1415 1589 1444 est
1613 1412 1734 1446 ratione
1759 1413 1875 1452 trium,
1901 1424 1982 1456 quae
2008 1415 2091 1448 Deus
2108 1425 2164 1457 po-

1202 1463 1266 1496 suit
1290 1463 1321 1495 in
1345 1464 1489 1502 homine,
1519 1464 1637 1497 scilicet
1669 1466 1789 1498 ratione
1822 1467 1942 1499 insitae
1972 1473 2165 1501 mansuetu-

1202 1516 1310 1555 dinis,
1335 1516 1455 1549 ratione
1480 1517 1662 1559 impressae
1693 1518 1855 1561 imaqim‘s
1886 1523 1917 1552 et
1949 1521 2070 1554 ratione
2102 1522 2166 1554 col—

1203 1570 1289 1603 latae
1311 1570 1568 1608 similitudinis:
1588 1575 1619 1604 et
1636 1580 1691 1613 per
1709 1572 1842 1613 primam
1860 1573 2052 1606 assimilatur
2070 1575 2165 1608 homo

1202 1622 1274 1661 ovi,
1299 1631 1356 1665 per
1381 1623 1549 1655 secundam
1574 1632 1650 1656 vero
1665 1633 1802 1656 nummo
1819 1625 1990 1667 imperiali
2001 1652 2010 1664 ‚
2029 1635 2086 1668 per
2103 1631 2167 1661 ter-

1205 1676 1278 1708 tiam
1304 1675 1389 1708 Filio
1414 1676 1532 1708 Patris
1555 1677 1704 1710 aeterni:
1728 1677 1798 1710 ideo
1822 1678 1853 1710 in
1879 1678 1937 1711 hac
1960 1683 2048 1721 parte
2067 1680 2166 1714 Evan-

1203 1729 1327 1771 gelista‚
1344 1729 1463 1771 SpIritu
1478 1729 1503 1748 ¹⁰
1522 1729 1734 1770 illuminatus,
1752 1730 1905 1773 triplicem
1928 1732 2015 1773 ponit
2032 1733 2165 1775 parabo-

1203 1782 1280 1820 lam,
1305 1790 1361 1823 per
1385 1790 1420 1814 os
1443 1782 1547 1815 carnis
1571 1783 1625 1815 Dei
1650 1783 1820 1825 prolatam,
1845 1783 1882 1816 ad
1908 1785 2075 1818 notandam
2100 1786 2167 1828 pie-

1203 1838 1298 1867 tatem
1323 1835 1378 1868 Dei
1401 1835 1440 1867 ad
1461 1835 1631 1869 humanam
1656 1840 1820 1876 naturam,
1845 1847 1981 1879 quarum
2000 1839 2101 1881 prima
2118 1844 2166 1872 est

1194 1888 1241 1922 ‘de
1261 1892 1396 1931 pastore
1419 1893 1449 1921 et
1471 1889 1586 1922 ovibus
1616 1890 1710 1928 εμὰς,-
1734 1891 1870 1923 secunda
1894 1895 1941 1924 est
1964 1891 2002 1924 de
2026 1892 2166 1926 muliere

1202 1947 1233 1975 et
1247 1941 1439 1981 drachmis,
1457 1942 1498 1975 ibi
1514 1944 1557 1975 ¹¹:
1576 1944 1644 1975 Aut
1660 1953 1746 1986 quae
1762 1944 1883 1977 mulier
1899 1944 2022 1978 habens
2038 1946 2162 1979 drack-

1202 2005 1278 2028 mas
1300 1996 1431 2033 decem;
1457 1996 1548 2028 tertia
1571 1996 1609 2029 de
1629 2000 1727 2038 patre
1751 2000 1779 2029 et
1801 1997 1900 2036 filiis,
1926 1998 1990 2031 ibi:
2017 1999 2073 2032 Ait
2105 2010 2166 2033 au—

1202 2053 1287 2081 tem:
1319 2049 1424 2081 Homo
1456 2049 1596 2092 quidam
1632 2048 1749 2082 habuit
1780 2050 1865 2083 duos
1894 2051 2006 2093 filios‚·
2037 2054 2067 2086 in
2100 2064 2165 2097 quo

1202 2101 1365 2135 manifeste
1399 2102 1551 2141 ostendit,
1588 2102 1672 2145 quod
1707 2103 1809 2136 omnis
1844 2110 1992 2139 creatura
2028 2107 2165 2149 quodam

1202 2154 1294 2188 modo
1317 2154 1492 2197 praetendit
1516 2155 1681 2197 pietatem,
1705 2166 1801 2199 quain
1826 2158 1911 2192 Deus
1935 2159 2031 2193 habet
2058 2170 2166 2204 respe-

1201 2211 1256 2241 ctu
1280 2208 1432 2241 hominis:
1456 2214 1617 2242 creatura
1641 2209 1805 2250 bracatis,
1839 2216 1875 2245 ut
1906 2213 1991 2253 ovis,
2023 2218 2054 2247 et
2077 2225 2166 2247 mere

1202 2260 1389 2303 corporalis
1403 2262 1449 2300 ¹²,
1467 2266 1503 2294 ut
1525 2262 1693 2303 drachma,
1719 2266 1750 2296 et
1773 2265 1972 2305 rationalis,
1998 2270 2033 2299 ut
2058 2267 2164 2300 homo.

1497 2376 1626 2404 Parabole
1645 2377 1675 2405 ‹Ie
1694 2386 1738 2405 ove
1757 2379 1869 2414 perdita.

1291 2474 1380 2507 Circa
1404 2475 1585 2517 parabolam
1610 2476 1707 2519 igitur
1731 2478 1769 2511 de
1793 2488 1849 2511 ore
1869 2480 2005 2521 perdita
2021 2481 2161 2522 procedit

1202 2527 1262 2560 hoc
1286 2527 1405 2575 ordine.
1432 2528 1507 2561 Nam
1531 2529 1634 2571 primo
1657 2531 1852 2573 exprimitur
1876 2532 2061 2566 sollicitudo
2079 2544 2163 2566 moc-

1200 2580 1311 2614 sticiae
1334 2591 1393 2624 pro
1416 2591 1474 2616 ove
1498 2583 1640 2626 perdita;
1671 2585 1808 2618 secundo
1841 2595 1934 2625 vero,
1967 2587 2164 2629 maynitudo

1202 2634 1347 2668 laetitiae
1370 2646 1429 2679 pro
1452 2646 1510 2670 ove
1535 2637 1678 2683 inventa,
1705 2638 1746 2671 ibi
1762 2639 1809 2671 ¹³:
1837 2640 1875 2671 Et
1898 2649 1975 2672 cum
2008 2641 2165 2673 invenerit

1202 2698 1276 2721 eam
1300 2691 1358 2722 etc.

247 2833 255 2848 ¹
278 2835 351 2860 Vers.
371 2834 396 2860 5.
415 2835 467 2861 Clr.
486 2843 566 2868 snpra
586 2844 608 2862 c.
626 2836 653 2862 7.
674 2845 697 2862 n.
718 2838 761 2862 68.
780 2844 836 2869 seq.

245 2876 256 2892 ²
277 2878 378 2904 Scilicet
397 2878 594 2912 interlinearis,
615 2884 674 2912 post
693 2888 773 2914 qnam
794 2881 854 2906 Lev.
876 2879 903 2905 >ll
917 2900 923 2911 ,
938 2879 979 2905 43.
993 2882 1018 2905 et
1033 2880 1079 2911 43,
1094 2880 1135 2906 46.

175 2930 265 2956 seqq.;
284 2923 361 2949 Dent.
379 2923 409 2953 7,
429 2924 453 2948 2.
474 2927 499 2949 et
518 2924 548 2956 3,
563 2923 608 2950 ubi
622 2932 670 2956 pro
685 2924 809 2958 coniuyia
824 2932 876 2950 non
891 2924 965 2956 pauci
980 2924 1059 2950 codd.
1078 2931 1136 2951 con·

176 2966 246 2994 vivia
266 2966 296 3000 (C
315 2970 341 2992 et
362 2967 381 2992 D
400 2974 414 2992 a
434 2968 549 2994 secunda
570 2976 650 2995 manu
669 2968 824 3002 connubia).

247 3009 257 3025 ³
277 3011 377 3043 Nempe
396 3011 579 3039 interlinearis
599 3013 656 3046 (cfr.
673 3009 797 3045 Gregon,
817 3014 842 3039 ll.
866 3013 961 3039 Homil.
986 3014 1011 3039 in
1038 3015 1136 3046 Evang.

176 3056 264 3082 homil.
285 3055 328 3082 34.
347 3063 373 3082 n.
393 3057 444 3090 2.),
465 3057 488 3082 ἰιι
508 3063 561 3089 qua
581 3064 629 3089 pro
645 3059 799 3091 peccatores
819 3058 839 3083 II
859 3065 919 3083 cum
934 3061 1003 3084 textu
1017 3059 1135 3090 originali

176 3107 246 3127 reos.

246 3143 257 3158 ⁴
277 3144 352 3170 Vei-s.
372 3145 413 3170 «15.
433 3148 458 3171 et
477 3144 589 3171 subinde
610 3146 639 3179 6,
660 3146 702 3172 42.

246 3186 257 3201 ⁶
278 3189 352 3213 Vcrs.
373 3187 401 3220 i,
420 3188 446 3214 in
466 3196 520 3222 quo
540 3196 588 3221 pro
607 3189 644 3215 ad
662 3196 722 3216 eam
741 3189 816 3216 ultra
842 3190 886 3223 (ita
913 3191 1034 3224 Vulgata)
1058 3191 1136 3218 codd.

176 3234 202 3257 et
221 3231 278 3258 Vnt.
297 3231 334 3258 ad
352 3239 413 3259 eum
440 3232 535 3266 ultra‚·
563 3234 709 3260 secundum
738 3242 838 3260 sacram
868 3234 976 3262 Bibliam
1004 3236 1136 3262 variarum

178 3276 373 3301 translatIOnuni
393 3279 441 3301 etr.
457 3277 558 3310 (Venet.
575 3278 652 3310 ⁴747)
674 3279 806 3304 n·anslati0
819 3286 850 3304 cx
864 3279 1048 3311 septuaginta:
1067 3287 1137 3306 nim-

178 3317 242 3351 quid
260 3321 394 3345 revertens
413 3322 562 3347 revertetur
581 3321 617 3347 ad
635 3328 697 3347 eum
716 3322 790 3348 ultra
802 3324 815 3348 ‚⁹

1272 2835 1284 2851 ⁶
1304 2838 1378 2863 vers,
1400 2839 1450 2870 373
1470 2839 1516 2863 cfr.
1535 2845 1614 2870 snpra
1636 2845 1698 2870 pag.
1717 2840 1782 2869 210,
1803 2842 1861 2864 nota
1888 2839 1907 2864 i.
1933 2853 1968 2858 —
1991 2841 2116 2871 (mogon,
2137 2841 2165 2866 Il.

1200 2881 1296 2907 IIomil.
1309 2881 1335 2907 in
1350 2882 1451 2913 Evang.
1464 2882 1553 2907 homil.
1574 2881 1615 2907 34.
1635 2889 1659 2907 n.
1680 2883 1695 2907 2
1708 2891 1713 2907 :
1734 2882 1909 2908 Diiudicantes
1922 2882 2078 2914 Dominum,
2092 2884 2165 2916 quod

1201 2929 1354 2957 peccatores
1373 2926 1531 2958 susciperet,
1551 2926 1631 2951 arenti
1651 2926 1732 2952 corde
1751 2927 1837 2958 ipsum
1859 2928 1955 2952 sontem
1969 2927 2165 2954 misericordiae

1200 2969 1441 3002 reprehendebant.

1273 3012 1282 3027 '¹
1304 3015 1377 3040 Vers.
1398 3015 1442 3040 20.
1466 3028 1498 3033 -
1525 3015 1581 3040 Duo
1607 3021 1681 3047 seqq.
1709 3014 1757 3040 loci
1785 3018 1846 3040 sunt
1875 3015 1963 3040 Manu.
1995 3015 2039 3046 ll,
2069 3017 2112 3041 28.
2139 3020 2165 3042 et

1202 3061 1270 3086 loan.
1290 3058 1321 3090 7,
1342 3058 1384 3084 37.

1272 3100 1283 3116 ⁸
1303 3102 1378 3128 Vers.
1401 3103 1428 3132 l,
1447 3101 1676 3134 cui-sublongitnr
1695 3102 1770 3127 I'loni.
1794 3102 1837 3133 lO,
1863 3103 1901 3128 12.

1272 3145 1283 3160 ⁹
1302 3146 1355 3173 Csr.
1373 3153 1452 3178 supra
1472 3154 1497 3171 n.
1521 3147 1541 3171 l.

1273 3189 1295 3204 ¹⁰
1314 3190 1379 3216 Cod.
1393 3191 1413 3215 H
1429 3190 1501 3216 addit
1519 3192 1628 3222 sancto,
1642 3191 1659 3215 F
1673 3189 1805 3216 substituit
1814 3197 1865 3224 per
1879 3189 2012 3224 Spiritum
2028 3193 2163 3217 sanctum.

1273 3234 1293 3249 ¹¹
1315 3235 1390 3261 Vers.
1410 3236 1443 3267 85
1464 3235 1537 3260 tertia
1557 3242 1619 3267 pars
1639 3235 1727 3266 incipit
1746 3242 1772 3260 ι’.
1796 3234 1835 3261 ll.

1273 3278 1294 3293 ¹⁹
1317 3279 1373 3304 Vat.
1392 3280 1417 3305 et
1435 3278 1550 3305 materia
1569 3278 1729 3312 corporalis.

1273 3321 1295 3336 ¹³
1315 3323 1388 3348 Vers.
1409 3323 1433 3348 5.

2186 1155 2275 1178 Diuisio.

2184 2538 2273 2561 Divisio.
