2476 3921
156 970 211 997 Quid
218 970 253 1000 'sit
266 969 294 990 le-

204 1002 245 1023 gio.

146 1710 252 1734 Secundo,
268 1710 294 1730 de

164 1737 220 1758 omni
238 1739 295 1757 oten-

161 1763 191 1784 tia
204 1763 218 1784 li
236 1769 295 1784 eran-

159 1790 187 1810 tis
205 1789 296 1816 quadru-

159 1816 250 1843 pliciter.

147 2028 203 2059 J‘uit
216 2031 291 2055 potens

146 2060 282 2102 hizumperan
288 2066 292 2070 -

313 244 377 275 904

311 330 391 362 enim
417 333 463 361 est
488 329 698 369 interrogare,
719 327 810 358 cuius
834 329 880 358 est
904 328 935 357 et
957 325 1113 364 iudicare;
1138 325 1263 367 Sapien-

312 383 370 414 tiae
394 382 529 414 sexto1:
560 393 575 408 «
592 379 798 420 Interrogabit
828 378 1003 410 Altissimus
1033 386 1129 419 opera
1160 368 1264 411 vestra

311 438 341 466 et
363 433 562 475 cogitationes
594 434 713 464 vestras
742 431 936 463 scrutabitur
953 442 983 469 »;
1015 434 1046 463 et
1077 430 1263 463 undecimo:

315 500 330 515 «
345 487 402 518 Hos
419 491 564 527 tanquam
582 485 683 516 durus
700 493 757 516 rex
775 483 972 525 interrogans
983 509 990 521 ,
1007 482 1218 516 condemnasti
1232 495 1263 522 »;

311 540 400 582 quia,
425 538 595 571 secundum
621 537 697 569 illud
714 536 888 578 Sapientiae
912 536 1032 577 primo,
1061 548 1076 564 α
1094 536 1125 567 111
1149 536 1264 578 cogita-

312 592 446 625 tionibus
470 591 552 632 impii
578 590 780 631 interrogatio
796 589 902 622 erit».
929 588 1142 630 Interrogabat
1158 592 1264 621 autem

310 646 347 678 do
373 645 512 682 nomine,
537 653 597 676 non
615 644 688 685 quia
712 643 887 684 ignoraret,
912 641 1085 674 secuudum
1110 642 1194 683 quod
1218 641 1264 674 di-

311 703 385 731 eunt
409 698 435 730 ei
460 697 602 738 discipuli
629 696 748 728 loannis
771 695 892 728 decimo
908 695 1045 727 sext02:
1068 707 1083 723 α
1102 695 1189 727 Nunc
1205 694 1264 727 sci-

312 761 396 789 mus,
422 751 495 792 quia
519 750 578 782 scis
601 749 721 787 omnia,
746 752 777 781 et
800 758 860 780 non
884 757 964 790 opus
987 748 1123 786 esttibi,
1140 751 1176 780 ut
1192 747 1264 789 quis

311 809 340 837 te
365 805 581 845 interroget»,
606 806 636 834 et
653 802 751 834 multo
775 801 879 833 minus
902 810 959 833 nec
983 805 1017 833 111
1042 801 1127 833 alios.
1145 819 1189 823 —
1205 799 1263 833 Sed

311 857 498 899 quaerebat,
523 859 558 887 ut
582 863 623 888 ex
641 854 841 895 responsione
856 853 1015 886 daemonis
1030 856 1197 895 appareret
1213 862 1263 886 co-

313 910 439 942 mitatus
463 907 692 945 multitudinis3
718 906 800 939 unde
824 910 855 938 et
879 905 1046 938 subditur:
1073 908 1116 938 At
1140 906 1190 938 ille
1213 906 1264 938 di-

309 963 376 995 xit:
401 962 549 1003 Leyio..«
569 960 659 1001 Legio
687 960 824 992 continet
848 968 905 991 sex
929 958 1025 990 millia
1056 962 1205 990 sexcenta
1234 962 1264 990 et

309 1007 470 1057 sexaginta
494 1023 550 1046 sex
564 1014 575 1033 ³
594 1026 624 1052 »3
649 1017 679 1046 et
703 1012 772 1045 ideo
795 1020 856 1044 non
882 1011 1048 1053 respondet
1073 1020 1185 1043 nomen
1202 1011 1264 1043 sin-

307 1069 425 1111 gularis
456 1076 624 1110 personae,
657 1066 709 1099 sed
742 1065 971 1103 multitudinis;
997 1064 1080 1107 quod
1104 1072 1265 1105 exponens

309 1122 517 1163 Evangelista‚
542 1120 704 1162 adiungit:
732 1119 819 1160 Quia
848 1119 1059 1150 intraverant
1088 1117 1266 1149 daemonia

307 1176 412 1208 multa
429 1176 464 1207 in
481 1184 573 1212 eam,
599 1174 641 1206 ita
666 1176 701 1205 ut
716 1175 820 1214 posset
844 1172 948 1204 dicere
965 1171 1143 1203 Domin04:
1174 1183 1188 1198 «
1205 1170 1266 1202 Do-

307 1229 407 1267 mine,
431 1228 507 1270 quid
532 1227 727 1268 multiplicati
753 1229 827 1258 sunt
850 1225 904 1267 qui
931 1225 1082 1257 tribulant
1106 1233 1155 1256 me
1172 1227 1208 1255 »?
1230 1223 1265 1255 Et

306 1283 442 1315 iterum:
472 1294 487 1309 a
504 1280 696 1322 Multiplicati
714 1283 788 1312 sunt
804 1287 900 1320 super
921 1277 1048 1320 capillos
1072 1277 1181 1319 capitis
1205 1277 1264 1309 mei

307 1336 359 1378 qui
384 1335 519 1368 oderunt
536 1343 585 1366 me
601 1335 698 1375 gratis
715 1347 744 1364 ».
764 1333 824 1364 lam
842 1332 1037 1364 verificatum
1059 1334 1127 1363 erat
1150 1331 1180 1363 in
1206 1330 1265 1362 isto

307 1389 389 1431 quod
407 1388 445 1420 de
461 1387 610 1419 Antiocho
625 1387 740 1419 dicitur
758 1386 849 1427 primi
868 1385 1125 1417 Machabaeorum
1144 1383 1263 1425 primo:

312 1455 326 1470 α
351 1440 492 1474 Ascendit
531 1440 699 1472 Antiochus
738 1439 956 1479 lerosolymam
997 1438 1026 1469 in
1064 1436 1264 1469 multitudine

308 1495 404 1536 gravi.
431 1494 465 1525 Et
490 1493 618 1525 intravit
642 1493 670 1524 in
689 1491 962 1524 sanctificationem
981 1500 1052 1523 cum
1071 1489 1218 1531 superbia
1234 1503 1264 1521 n.

310 1566 351 1570 —
377 1548 411 1579 Et
442 1546 486 1579 sic
517 1555 557 1578 ex
590 1549 727 1587 quatuor
760 1544 939 1586 praemissis
966 1547 1095 1585 apparet
1120 1543 1265 1575 violentia

308 1600 419 1633 diaboli
444 1598 623 1631 obsidentis.

399 1654 449 1685 55.
475 1652 574 1689 (Vers.
598 1652 674 1689 at).
694 1651 733 1682 Et
748 1649 913 1692 royabant
929 1649 1021 1681 illum
1039 1652 1096 1681 etc.
1115 1648 1184 1680 Post
1200 1649 1264 1679 vio-

311 1707 435 1739 lentiam
459 1705 611 1737 daemonii
637 1703 806 1736 obsidentis
826 1702 988 1744 subiungit
1006 1702 1054 1734 hic
1073 1701 1266 1742 Evangelista

311 1758 577 1801 omnipotentia-m
606 1756 739 1789 Domini
755 1755 934 1788 liberantis.
952 1755 1134 1787 Ostenditur
1159 1758 1264 1786 autem

311 1813 341 1845 in
366 1813 424 1845 hac
450 1815 536 1853 parte
560 1811 704 1843 Christus
736 1813 845 1851 potens
876 1818 932 1850 per
963 1817 1086 1840 omnem
1121 1807 1264 1846 modum,

310 1869 419 1908 potens
442 1865 559 1898 seilicet
583 1864 612 1896 in
630 1863 844 1905 imperando,
862 1865 971 1903 potens
987 1862 1016 1893 in
1031 1861 1264 1903 permittendo,

309 1922 418 1961 potens
442 1918 472 1950 in
496 1917 658 1949 salvando
683 1920 713 1948 et
738 1919 846 1957 potens
870 1915 900 1947 in
924 1915 1098 1957 perdendo.

399 1972 502 2004 Primo
518 1980 592 2012 ergo
606 1969 781 2002 ostenditur
794 1973 903 2010 potens
919 1969 949 2000 in
967 1968 1162 2010 imperando
1175 1967 1266 1999 dura

305 2026 341 2058 ‘in
359 2026 417 2057 hoc
437 2023 520 2065 quod
544 2023 677 2055 dicitur:
697 2023 735 2054 Et
751 2021 915 2064 rogabant
931 2021 1023 2053 illum
1037 2047 1044 2059 ,
1062 2021 1179 2053 scilicet
1194 2020 1265 2052 dae—

310 2088 434 2116 mones,
458 2087 498 2109 ne
522 2077 702 2118 imperaret
724 2075 808 2113 illis,
833 2079 870 2106 ut
901 2074 936 2106 in
968 2073 1126 2117 abyssum
1159 2073 1266 2111 irent,-

310 2131 384 2173 quia
408 2130 588 2162 mandatum
617 2129 685 2161 eius
709 2138 769 2160 uon
795 2131 938 2169 poterant
963 2127 1152 2168 praeterire,
1177 2126 1267 2158 iuxta

311 2184 386 2216 illud
413 2183 522 2216 Psalmi
537 2183 570 2214 ⁵:
601 2195 616 2210 «
634 2182 835 2222 Praeceptum
860 2180 963 2222 posuit
987 2184 1018 2212 et
1042 2189 1103 2211 non
1129 2183 1267 2221 praeter-

311 2238 412 2270 ibit».
440 2236 507 2268 ideo
532 2235 682 2277 rogabant
702 2243 794 2272 eum,
819 2233 893 2275 quia
913 2233 1068 2271 sciebant,
1093 2232 1175 2274 quod
1202 2232 1268 2273 ipse

311 2295 378 2323 erat
395 2290 446 2322 ille
463 2289 614 2330 Angelus,
633 2288 671 2320 de
687 2297 750 2329 quo
768 2286 964 2328 Apocalypsis
981 2286 1147 2327 vigesimo:
1171 2299 1186 2313 «
1200 2285 1265 2317 Vidi

312 2344 460 2385 Angelum
485 2342 723 2375 descendentem
748 2341 786 2373 de
817 2340 918 2376 caelo,
951 2339 1115 2372 habentem
1149 2339 1266 2371 clavem

310 2397 411 2439 abyssi
429 2410 460 2434 »,
486 2396 514 2428 id
539 2400 585 2428 est
612 2398 792 2436 potestatem
815 2393 954 2426 mittendi
973 2393 1002 2425 in
1020 2392 1167 2434 abyssum
1186 2393 1268 2424 iusto

311 2460 368 2483 suo
385 2450 508 2487 iudicio,
522 2449 602 2481 sicut
615 2449 686 2480 fecit
703 2447 874 2489 Aegyptiis;
893 2446 988 2478 Exodi
1006 2446 1125 2478 decimo
1138 2445 1266 2487 quinto:

317 2517 331 2532 «
349 2503 454 2544 Abyssi
479 2505 673 2543 operuerunt
697 2510 766 2538 eos,
782 2500 1011 2533 descenderunt
1028 2499 1057 2531 in
1078 2499 1266 2540 profundum

355 2657 391 2672 ‘¹
412 2659 486 2684 Vers.
508 2658 536 2689 4,
556 2661 615 2689 post
633 2664 712 2690 quem
734 2657 775 2687 11,
797 2657 837 2681 11.
857 2660 883 2681 et
903 2657 925 2687 1,
946 2657 969 2681 9.

382 2701 392 2715 ²
413 2703 487 2727 Vers.
506 2703 549 2727 30.
562 2715 597 2721 —
610 2702 701 2727 Glossa
715 2700 896 2727 interlinearis
911 2701 952 2733 (ex
967 2701 1047 2733 Beda)
1063 2701 1087 2726 in
1101 2701 1161 2726 Luc.
1177 2701 1207 2732 8,
1221 2701 1266 2725 30:

314 2747 506 2780 interr-offacit,
536 2754 586 2771 non
616 2750 643 2771 ut
670 2746 776 2777 ignarus
796 2746 912 2778 inquirit,
932 2746 976 2770 sed
999 2750 1039 2776 ut,
1059 2747 1175 2771 consessa
1197 2749 1268 2776 peste

313 2791 413 2825 [Reum
442 2791 563 2824 consessa
591 2797 684 2816 corum
704 2789 796 2822 teste],
817 2797 897 2822 quam
922 2791 1008 2814 furens
1028 2789 1166 2820 tolerabat,
1185 2790 1268 2815 virtus

313 2836 426 2861 curantis
445 2835 542 2867 gratior
561 2835 680 2859 emineat.

384 2878 394 2893 ¹³
414 2880 445 2905 Ut
465 2878 527 2905 dic'it
546 2879 668 2904 Richard.
687 2886 700 2903 a
722 2879 748 2903 S.
768 2879 847 2910 Vict,
877 2879 917 2903 lV.
946 2879 978 2903 dc
1008 2878 1081 2903 Trin.
1110 2885 1131 2902 c.
1153 2878 1195 2903 25.
1215 2877 1265 2903 Crr.

314 2928 377 2949 10111,
405 2925 431 2949 ll.
461 2930 521 2955 pag.
551 2924 612 2953 21¹,
637 2926 696 2948 nota
727 2924 746 2947 1.
772 2923 889 2953 Hieron„
911 2923 951 2947 lV.
971 2922 1117 2947 Comment.
1138 2923 1161 2946 iu
1182 2923 1267 2947 maun.

315 2969 362 2998 26,
382 2968 424 3003 53.
445 2975 516 3000 seq.:
538 2968 590 2993 Una
612 2968 680 2998 tegio
700 2967 769 2998 apud
790 2971 891 2992 veteres
905 2974 946 2992 sex
962 2966 1076 2992 millibus
1089 2965 1268 2997 complebatur

315 3012 459 3037 hominum.
480 3012 583 3043 lsidor.‚
604 3011 646 3036 lX.
667 3011 811 3042 Etymolog.
830 3018 852 3036 c.
867 3012 888 3036 3.
906 3018 928 3035 n.
945 3010 976 3035 46
990 3019 994 3035 ;
1009 3010 1087 3043 Leqz'o
1102 3017 1144 3036 sex
1159 3010 1267 3035 millium

315 3062 473 3081 armatorum
494 3059 531 3081 est
550 3064 563 3081 a
584 3056 684 3080 delectu
706 3059 810 3087 vocata,
830 3056 903 3087 quasi
925 3055 985 3081 lecti
1001 3058 1050 3080 etc.

385 3099 395 3113 ⁴
416 3101 476 3126 illud
498 3101 536 3125 l’s.
557 3101 587 3132 3,
607 3101 637 3130 2,
656 3100 697 3125 cui
718 3099 911 3131 subiunguntur
924 3100 964 3125 Ps.
978 3100 1026 3130 68,
1047 3099 1077 3129 5,
1092 3098 1136 3124 ubi
1151 3106 1198 3130 pro
1212 3098 1268 3125 ode-

315 3146 380 3170 runt
399 3151 441 3170 >me
460 3144 478 3169 C
491 3145 540 3169 DG
559 3146 761 3177 persequuntur
780 3150 840 3175 m1¹;
860 3147 885 3168 et
904 3145 919 3168 l.
940 3143 1022 3167 Maeli.
1046 3143 1067 3173 l,
1087 3143 1129 3167 22.
1148 3149 1203 3174 seq.

386 3187 396 3201 ⁶
416 3189 507 3213 Psalm.
531 3188 591 3220 ¹48,
613 3189 636 3213 6.
657 3202 691 3206 —
711 3189 775 3213 Tres
803 3195 876 3220 seqq.
906 3187 954 3213 loci
983 3189 1043 3212 sunt
1071 3187 1150 3218 Apoc.
1171 3188 1220 3218 20,
1241 3188 1268 3218 1,

318 3233 396 3258 Exod.
418 3233 463 3263 15,
485 3233 508 3258 5.
528 3237 553 3258 et
572 3233 652 3264 Apoc.
673 3234 721 3264 20,
744 3233 783 3257 13.
804 3240 858 3265 seq.

387 3275 398 3290 ⁰
417 3277 484 3302 Libr.
507 3277 547 3302 Vl.
561 3278 586 3302 in
602 3278 662 3302 Luc.
677 3285 701 3302 11.
716 3277 763 3307 46,
783 3276 826 3301 ubi
847 3278 940 3308 allegat
959 3277 1035 3301 Zach.
1056 3276 1102 3308 13,
1123 3277 1153 3302 2:
1173 3276 1235 3302 Erit
1246 3277 1271 3302 et

316 3321 344 3347 in
361 3321 410 3347 illa
429 3321 482 3353 die,
503 3321 636 3355 disperdet
655 3321 786 3347 Dominus
806 3320 916 3347 nomina
929 3319 1064 3346 idolorum
1083 3319 1114 3346 de
1134 3322 1208 3347 terra
1221 3323 1269 3346 etc.

317 3366 446 3391 Sententia
460 3365 590 3391 Ambrosii
601 3365 737 3391 exhibetur
747 3364 835 3390 verbis
847 3365 953 3390 Glossae
966 3363 1122 3390 ordinariae
1135 3366 1175 3398 (ex
1188 3364 1269 3397 Beda)

317 3410 341 3435 111
363 3410 424 3435 Luc.
443 3410 471 3441 8,
492 3410 532 3434 31.
553 3409 603 3434 Cir.
625 3410 649 3434 ll.
671 3409 741 3434 sent.
760 3409 786 3434 d.
806 3410 829 3434 6.
850 3417 872 3434 a.
893 3410 918 3434 2.
937 3416 963 3441 q.
985 3410 1007 3433 2.

895 237 1087 270 COMMENT.
1113 237 1149 269 IN
1173 237 1412 271 EVANGELlUM
1436 239 1552 271 LUCAE
1577 239 1608 271 C.
1634 239 1706 271 Vltl.

1327 326 1416 368 quasi
1441 326 1519 368 lapis
1535 339 1565 365 »;
1598 331 1629 359 et
1658 327 1856 369 Apocalypsis
1879 328 2049 370 vigesimo:
2079 341 2094 356 «
2111 328 2284 361 Iudicatum

1326 382 1373 411 est
1396 378 1434 411 de
1458 379 1588 421 singulis
1613 379 1786 412 secundum
1818 389 1914 422 opera
1945 381 2095 422 ipsorum.
2130 382 2165 414 Et
2189 382 2283 415 inser-

1328 440 1388 464 nus
1411 435 1442 464 et
1467 441 1552 464 mors
1577 432 1661 464 missi
1687 436 1760 465 sunt
1784 433 1815 465 111
1840 437 1983 475 stagnum
2009 434 2088 475 ignis
2103 448 2134 466 a.
2159 435 2284 468 11οοί11-

1328 484 1444 516 dicium
1469 484 1619 517 timebant
1642 485 1808 518 daemones
1831 487 1999 519 accelerari
2023 487 2080 519 sibi
2106 496 2161 529 per
2186 488 2284 529 impe-

1329 537 1412 569 rium
1437 537 1570 576 Christi,
1595 547 1655 570 uon
1681 541 1828 580 tanquam
1855 540 1986 581 praescii
2011 539 2212 579 futurorum,
2230 540 2283 573 sed

1328 594 1458 632 propter
1473 590 1555 623 dicta
1572 591 1808 632 Prophetarum.
1826 592 1911 625 Unde
1928 592 2110 625 Ambrosius
2121 593 2151 625 ⁰:
2174 606 2188 621 ιι
2203 593 2284 626 Scie-

1329 643 1404 675 bant
1419 643 1602 681 daemones,
1626 652 1680 684 per
1697 643 1865 676 adventum
1888 644 2001 677 Christi
2020 654 2053 678 se
2069 645 2236 687 aliquando
2253 646 2283 678 in

1328 696 1475 737 abyssum
1500 696 1702 738 mergendos,
1727 705 1788 728 non
1805 696 1862 738 ipsi
1885 697 1992 729 sutura
2015 698 2283 739 praedivinantes,

1328 749 1381 781 sed
1407 749 1635 790 Prophetarum
1660 749 1699 781 de
1723 758 1755 781 se
1778 749 1862 781 dicta
1885 750 2057 783 recolentes
2073 764 2103 782 n.

1419 802 1469 834 56.
1496 801 1597 843 (Vers.
1624 801 1700 842 32).
1726 802 1868 834 Secundo
1884 802 1999 834 dicitur
2022 806 2134 843 potens
2158 803 2189 834 in
2208 813 2284 845 per-
2312 791 2441 840 Potqmin'

1327 855 1483 888 mittendo
1507 855 1634 887 damna
1658 855 1688 887 in
1714 855 1774 887 hoc
1805 855 1889 897 quod
1918 855 2082 888 subditur:
2114 856 2197 888 Erat
2223 866 2285 888 au·
2296 836 2437 862 pamm&

1328 912 1390 940 tem
1414 907 1460 940 ibi
1485 918 1569 950 yrex
1593 917 1779 949 porcorum>
1809 908 1991 940 multorum
2014 908 2223 950 pascentium
2250 909 2286 941 in

1327 964 1434 993 monte
1447 962 1471 1000 ⁷,
1489 961 1519 993 in
1544 970 1641 1003 quos,
1659 961 1730 994 licet
1753 961 1847 993 bruta
1863 961 1925 993 sint
1940 954 2103 1000 animalia,
2119 961 2286 994 daemones

1329 1024 1389 1046 non
1408 1014 1564 1047 habebant
1585 1024 1679 1056 posse
1702 1014 1759 1047 nisi
1785 1023 1826 1047 ex
1850 1014 1956 1047 divina
1979 1014 2192 1056 permissione.
2210 1014 2284 1047 Nam

1328 1067 1366 1099 de
1382 1067 1506 1099 Christo
1522 1067 1639 1099 dictum
1665 1070 1712 1099 est
1728 1067 1758 1099 in
1786 1067 1904 1099 Psalmo
1916 1066 1944 1099 ⁸:
1967 1080 1982 1095 α
1996 1067 2108 1100 Omnia
2127 1067 2286 1100 subiecisti

1330 1120 1389 1152 sub
1424 1120 1555 1161 pedibus
1578 1120 1647 1152 eius
1664 1132 1694 1158 »;
1726 1124 1756 1152 et
1792 1124 1881 1162 post:
1919 1120 2081 1162 «insuper
2111 1125 2143 1153 et
2173 1129 2287 1162 pecora

1329 1173 1428 1214 campi
1447 1186 1477 1204 ».
1507 1172 1592 1205 Unde
1616 1173 1646 1204 iu
1671 1173 1766 1205 istum
1791 1182 1917 1214 gregem
1941 1182 2003 1205 non
2030 1178 2172 1214 poterant
2196 1173 2286 1215 quid-

1329 1235 1423 1267 quam
1449 1225 1506 1257 nisi
1531 1234 1571 1257 cx
1597 1225 1800 1266 permissione
1824 1226 1896 1263 Dei,
1921 1225 2094 1258 secundum
2119 1226 2195 1258 illud
2213 1227 2287 1257 Mat-

1317 1279 1411 1311 'thaei
1444 1278 1581 1311 decimo:
1612 1292 1627 1306 «
1643 1279 1749 1311 Nonne
1780 1278 1843 1310 duo
1867 1287 2010 1320 passeres
2033 1287 2102 1311 asse
2127 1281 2286 1311 veneunt?

1329 1336 1359 1364 et
1383 1340 1467 1364 unus
1490 1341 1531 1364 ex
1555 1331 1599 1363 eis
1623 1340 1685 1363 non
1709 1330 1798 1363 cadet
1820 1331 1851 1363 111
1877 1334 1992 1363 terram
2027 1332 2093 1363 sine
2124 1331 2211 1363 Patre
2236 1340 2288 1363 ve-

1329 1389 1395 1417 stro
1412 1398 1442 1423 »,
1467 1384 1495 1416 id
1521 1388 1568 1417 est
1591 1385 1657 1417 sine
1682 1384 1819 1426 potentia
1843 1384 1950 1416 Patris.
1973 1403 2016 1406 —
2035 1384 2069 1416 Et
2092 1383 2161 1416 ideo
2181 1383 2288 1416 subdi-

1332 1442 1405 1470 tur:
1434 1438 1471 1470 Et
1494 1437 1659 1479 royabant
1682 1446 1775 1475 eum,
1800 1441 1836 1468 ut
1856 1437 2076 1478 permitteret,
2101 1446 2153 1468 eos
2167 1436 2179 1455 ⁹
2196 1436 2232 1468 in
2249 1436 2287 1469 il-

1330 1491 1376 1523 los
1400 1491 1532 1533 inyredi
1544 1502 1555 1528 ;
1579 1491 1609 1522 in
1634 1499 1698 1532 quo
1721 1486 1891 1523 ostendunt
1914 1489 2081 1522 daemones
2098 1489 2211 1522 Christi
2231 1499 2285 1531 po·
2305 1494 2436 1543 Qfflss'

1329 1545 1457 1577 tentiam
1481 1548 1512 1576 et
1536 1553 1624 1576 suam
1649 1543 1883 1585 impotentiam,
1908 1543 1982 1585 quia
2006 1543 2083 1575 nihil
2109 1547 2239 1584 possunt
2256 1543 2286 1575 in
2427 1537 2431 1543 '

1330 1597 1444 1630 bestias
1467 1597 1524 1629 nisi
1551 1596 1713 1638 permissi,
1738 1596 1837 1628 multo
1864 1596 1961 1637 magis
1985 1604 2041 1627 nec
2066 1596 2096 1627 in
2119 1596 2286 1628 hominem.

1330 1650 1416 1682 Unde
1440 1650 1492 1682 lob
1516 1651 1619 1691 primo
1642 1649 1724 1680 dixit
1747 1653 1853 1680 satan:
1875 1662 1890 1676 «
1909 1649 2054 1686 Domine,
2072 1649 2206 1681 extende
2225 1658 2288 1681 ma-

1330 1712 1406 1736 num
1432 1707 1517 1735 tuam
1542 1706 1573 1735 et
1598 1706 1688 1744 tange
1712 1706 1842 1740 cuncta,
1861 1711 1941 1743 quae
1959 1702 2094 1743 possidet
2111 1715 2140 1733 ».
2159 1702 2288 1743 Propter

1330 1757 1414 1799 quod
1438 1760 1468 1788 et
1492 1756 1523 1787 in
1548 1755 1766 1793 tribulatione,
1792 1764 1885 1796 quam
1912 1754 2053 1786 facturus
2077 1758 2123 1786 est
2146 1754 2289 1787 diabolus

1331 1810 1499 1847 Ecclesiae,
1517 1809 1622 1841 divina
1639 1808 1802 1850 permissio
1821 1808 1995 1849 praecedit,
2021 1807 2192 1840 secundum
2212 1807 2288 1840 illud

1330 1862 1528 1905 Apocalypsis
1545 1871 1625 1894 nono
1640 1861 1679 1892 ¹⁰:
1702 1874 1716 1888 a
1735 1861 1832 1893 Soluti
1850 1864 1924 1893 sunt
1940 1865 2077 1902 quatuor
2094 1860 2193 1902 angeli
2205 1886 2212 1899 ‚
2234 1860 2287 1902 qui

1331 1916 1430 1958 parati
1459 1919 1549 1948 erant
1580 1916 1611 1947 in
1645 1916 1753 1947 horam
1779 1919 1808 1946 et
1832 1914 1913 1947 ‹liem
1933 1926 1962 1952 »;
1987 1919 2018 1946 et
2043 1914 2191 1955 vigesimo
2214 1913 2289 1946 dici-

1331 1973 1401 2008 tur,
1426 1968 1509 2011 quod
1538 1981 1553 1996 «
1571 1968 1711 2001 solvetur
1735 1972 1858 2000 satanas
1874 1981 1904 1998 ».
1923 1985 1967 1989 -—
1984 1967 2019 1998 Et
2042 1967 2117 2008 quia
2138 1966 2289 1999 Dominus

1330 2022 1413 2054 iusto
1437 2030 1494 2054 suo
1524 2021 1638 2053 iudicio
1663 2021 1816 2062 permittit
1839 2020 1883 2052 eis
1907 2020 2023 2058 multa,
2049 2019 2216 2052 subditur:
2250 2020 2290 2051 Et

1328 2075 1492 2117 permisit,
1510 2084 1563 2106 eos
1577 2075 1619 2112 11;
1642 2074 1671 2106 111
1688 2083 1752 2115 qua
1769 2074 1974 2115 permissione
1990 2073 2125 2106 ostendit
2142 2082 2174 2106 se
2191 2073 2289 2106 domi-
2308 2078 2438 2125 Quiddgecuu

1332 2137 1407 2160 num
1433 2136 1494 2159 non
1526 2127 1626 2159 solum
1660 2127 1878 2168 prohibentem
1904 2126 2088 2164 daemones,
2114 2126 2168 2158 scd
2192 2126 2289 2167 possi·
2392 2119 2398 2125 '

1331 2181 1455 2213 dentem
1481 2189 1609 2221 porcos,
1634 2179 1805 2212 secundum
1832 2179 1908 2211 illud
1933 2179 2061 2211 Psalmi:
2084 2192 2099 2206 c<
2116 2180 2199 2212 Meae
2216 2183 2289 2211 sunt

1332 2242 1440 2266 omnes
1464 2233 1547 2265 serae
1572 2233 1743 2271 silvarum,
1775 2233 1913 2264 iumenta
1936 2232 1966 2263 in
2000 2231 2158 2264 montibus
2182 2235 2212 2264 et
2236 2232 2289 2264 bo—

1333 2295 1386 2319 ves
1402 2299 1432 2317 ».
1460 2286 1654 2318 Possessores
1683 2294 1757 2317 vero
1789 2285 1889 2316 solnm
1922 2287 2012 2316 erant
2042 2284 2134 2316 villici
2168 2284 2289 2316 Domini

1332 2339 1418 2378 Iesu,
1443 2343 1474 2371 et
1498 2339 1566 2371 ideo
1591 2339 1620 2370 in
1647 2339 1733 2370 nullo
1757 2338 1925 2370 iniuriatus
1948 2341 1995 2370 est
2019 2338 2072 2370 eis.
2090 2356 2133 2360 —
2149 2337 2291 2370 Ostendit
2311 2343 2366 2370 Quid
2381 2342 2439 2364 tertio

1331 2393 1424 2425 etiam
1450 2393 1617 2430 Dominus,
1641 2391 1723 2434 quod
1744 2392 1841 2433 magis
1857 2391 1956 2433 diligit
1972 2391 2104 2423 salutem
2122 2390 2217 2423 unius
2234 2390 2290 2423 11ο-

1333 2446 1424 2479 minis
1447 2455 1543 2488 quam
1567 2446 1663 2478 millia
1687 2446 1855 2478 brutorum
1881 2445 2083 2483 animalinm3
2110 2445 2228 2486 primae
2251 2443 2289 2476 ad

1332 2499 1510 2531 Corinthios
1543 2499 1685 2531 uono¹2z
1723 2511 1737 2526 «
1756 2498 1901 2540 Nunquid
1934 2498 1971 2530 de
2003 2497 2104 2530 bobus
2135 2506 2212 2530 cura
2243 2501 2290 2530 est

1403 2654 1412 2669 ⁷
1433 2656 1516 2681 (jodd.
1537 2658 1554 2681 A
1567 2655 1585 2680 C
1598 2656 1618 2681 D
1629 2657 1649 2680 u
1669 2655 1792 2680 omittunt
1808 2654 1977 2688 pascentium
1998 2653 2025 2679 z'n
2039 2654 2136 2679 monn.

1403 2699 1414 2713 ⁸
1433 2701 1526 2726 Psalm.
1548 2702 1578 2731 8,
1599 2701 1621 2725 8.
1643 2714 1677 2719 --
1697 2700 1820 2733 Sequitur
1834 2694 1920 2724 ltlat'th.
1939 2699 1982 2729 10,
1997 2699 2040 2723 29.
2054 2712 2088 2717 —
2102 2697 2228 2729 Superius
2242 2704 2290 2729 pro

1333 2744 1392 2771 licet
1410 2744 1491 2771 bruta.
1510 2744 1563 2771 sint
1585 2745 1641 2769 vat.
1661 2751 1721 2769 cum
1742 2745 1761 2769 11
1783 2743 1842 2769 licet
1861 2742 1942 2768 bruta
1960 2744 2054 2768 essent.

1403 2787 1414 2801 ⁰
1433 2789 1544 2820 Vulgata
1574 2792 1599 2814 et
1628 2790 1684 2813 Vat.
1714 2787 1879 2821 permitteret
1905 2786 1950 2813 eis.
1970 2801 2005 2806 —-
2025 2786 2142 2813 Subinde
2164 2787 2290 2818 allegatur

1333 2833 1377 2859 lob
1400 2834 1421 2865 1,
1443 2834 1482 2858 11.
1504 2834 1594 2858 Glossa
1614 2831 1754 2858 ordinaria
1777 2832 1817 2863 (ex
1837 2832 1906 2857 Beda
1926 2831 1952 2856 in
1972 2832 2033 2857 Luc.
2048 2832 2078 2862 8,
2092 2832 2145 2863 33.)
2159 2831 2231 2863 apud
2244 2831 2291 2863 Ly-

1333 2885 1424 2903 ranum
1447 2878 1470 2902 in
1491 2879 1552 2903 Luc.
1574 2878 1603 2908 8,
1624 2877 1671 2901 32:
1693 2877 1717 2901 ln
1738 2883 1791 2908 quo
1810 2876 1968 2907 notandum,
1988 2876 2061 2909 quod
2080 2883 2128 2901 nec
2141 2876 2229 2907 porcis
2242 2875 2289 2900 nisi

1334 2922 1460 2953 permissa
1489 2921 1626 2947 daemonia
1656 2927 1749 2945 nocere
1774 2924 1897 2952 possunt,
1917 2921 1999 2945 multo
2021 2920 2106 2945 minus
2126 2919 2289 2950 hominibus,

1333 2966 1381 2991 uisi
1400 2966 1499 2991 occulta
1519 2968 1606 2990 tamen
1627 2964 1721 2990 iustitia
1741 2964 1786 2990 Dei
1806 2965 1996 2996 permittantur.
2016 2964 2067 2989 Cir.
2087 2963 2197 2988 eandem
2221 2963 2291 2988 Glos-

1332 3017 1388 3035 sam
1409 3011 1433 3035 in
1454 3011 1540 3035 Mattu.
1561 3010 1591 3039 8,
1612 3010 1653 3034 31.

1404 3052 1426 3068 ¹⁰
1447 3055 1521 3079 Vers.
1542 3053 1589 3084 15,
1610 3057 1668 3085 post
1687 3056 1765 3086 quem
1786 3055 1834 3084 20,
1854 3055 1879 3079 3.

1404 3097 1424 3112 ¹¹
1446 3100 1479 3124 lta
1501 3097 1550 3123 AC
1563 3098 1627 3129 Du,
1647 3099 1667 3123 11
1687 3098 1761 3129 illos,
1785 3098 1858 3130 quod
1871 3097 1948 3122 etiam
1963 3095 2086 3122 exhibent
2104 3095 2180 3122 Card.
2200 3097 2290 3128 Hugo,

1333 3143 1360 3167 B.
1379 3142 1490 3172 Albert.,
1511 3143 1535 3167 S.
1556 3143 1651 3167 Thom.
1670 3142 1737 3175 (Cat.
1757 3148 1835 3167 aurea
1857 3142 1881 3166 iu
1901 3141 1962 3166 Luc.
1983 3141 2008 3166 8.
2027 3147 2051 3165 n.
2072 3141 2121 3173 6.),
2134 3141 2252 3172 Lyranus
2265 3139 2290 3165 in

1334 3187 1468 3219 margiue;
1488 3187 1599 3218 Vulgata
1618 3190 1644 3212 et
1664 3187 1720 3212 Vat.
1741 3186 1794 3212 illis
1805 3196 1815 3218 ,·
1835 3187 1880 3211 ctr.
1910 3192 1990 3217 supra
2017 3188 2075 3211 nota
2094 3186 2124 3211 9.
2142 3199 2178 3204 —
2198 3185 2290 3217 Sequi-

1334 3236 1375 3258 tur
1394 3232 1435 3256 Ps.
1455 3231 1502 3262 49,
1524 3231 1565 3256 10.
1579 3244 1614 3250 -
1628 3231 1735 3256 inferius
1755 3237 1802 3262 pro
1821 3228 1936 3256 ostendit
1953 3236 1981 3255 se
1999 3228 2140 3256 dominum
2162 3228 2197 3262 [11
2218 3228 2291 3254 addit

1334 3273 1539 3308 universorum]
1559 3274 1577 3301 C
1589 3275 1641 3300 DG
1661 3273 1775 3301 ostendit
1791 3281 1820 3300 se
1839 3274 1932 3300 Deum.

1405 3317 1426 3333 ¹²
1447 3319 1521 3345 Vers.
1541 3320 1570 3350 9,
1590 3323 1649 3351 post
1667 3326 1747 3352 quem
1762 3319 1823 3350 Sap.
1844 3318 1886 3350 11,
1905 3317 1947 3343 27.
1967 3317 2018 3343 Csr.
2037 3318 2158 3348 Hierom,
2177 3318 2195 3343 l.
2216 3316 2291 3343 Com·

1334 3366 1414 3389 ment.
1434 3363 1459 3388 in
1479 3363 1564 3398 Mutth.
1585 3364 1614 3396 8,
1634 3363 1676 3388 32.
1697 3369 1751 3395 seq.
