2476 3921
783 203 976 236 COMMENT.
1002 203 1038 236 ΙΝ
1063 203 1302 236 EVANGELIUM
1326 204 1443 237 LUCAE
1468 205 1499 237 C.
1524 206 1585 238 Vll.

191 303 210 326 a
240 293 318 326 facie
350 297 404 326 tua
435 297 557 326 montes
588 292 814 326 defluerent».
840 311 882 316 —
916 292 951 325 Et
982 292 1057 334 quia
1091 300 1153 324 non

191 351 281 381 erant
304 347 403 389 parati
428 347 466 380 ad
491 347 582 380 istam
605 346 713 379 faciem
740 345 968 388 recipiendam,
987 345 1045 378 nisi
1062 353 1153 387 prae-

190 400 410 439 munimntum
447 400 515 433 ideo
546 399 678 432 dicitur:
716 399 783 440 Qui
815 399 1037 441 praeparavit
1061 398 1152 430 viam

192 457 286 485 taam
300 454 310 472 ¹
334 456 410 485 ante
433 457 480 492 te,
504 453 622 486 scilicet
645 452 818 491 nascendo,
843 450 1075 489 conversando,
1098 451 1151 483 ba-

190 506 345 548 ptizando,
364 505 579 548 praedicando.
593 505 749 538 Omnibus
764 504 848 538 enim
862 504 912 537 his
925 504 1024 537 modis
1040 513 1152 537 manu-

189 559 324 592 ducebat
347 559 386 592 ad
409 559 588 597 Christum,
620 558 702 591 sicut
738 567 801 590 vox
837 557 876 590 ad
911 557 1055 590 verbum.
1081 557 1151 590 Ideo

190 615 275 645 recte
299 612 337 644 de
361 612 428 654 ipso
458 611 577 644 dictum
609 615 657 644 est
693 611 787 644 Isaiae
818 610 1060 653 quadragesimo
1073 611 1096 649 ²,
1115 614 1151 655 >et

190 667 365 697 resumtum
399 667 446 697 est
477 673 575 705 supra
600 663 693 696 tertio
716 666 747 696 et
771 663 893 696 Ioannis
917 663 1036 705 primo:
1059 677 1073 691 «ι
1089 663 1150 706 Ego

189 727 252 750 vox
276 717 439 750 clamantis
462 717 492 749 in
517 717 659 750 deserto:
685 717 794 749 Parate
819 717 901 749 viam
926 717 1048 749 Domini
1067 729 1097 756 n;
1115 720 1151 749 ut

23 783 25 827 l
188 771 358 813 impleatur
381 771 459 803 illud
484 771 578 803 Isaiae
602 770 763 813 trigesimo
787 770 916 812 quinto:
940 770 1038 803 «Erit
1062 771 1151 803 vobis

22 855 23 867 ἢ
187 823 306 857 directa
330 824 396 862 via,
422 827 457 856 ut
481 824 567 857 stulti
593 833 655 856 non
679 827 788 856 errent
812 832 868 865 per
892 833 960 856 eam
979 837 1009 856 ».

22 870 23 909 l
278 878 330 910 52.
357 877 457 918 (Vers.
483 878 560 917 28).
588 877 666 909 Dico
697 877 784 909 enim
819 876 930 909 vobis.-
956 877 1066 910 Maior
1089 880 1149 910 etc..

21 926 173 986 longortioseu
187 930 241 964 Hic
265 930 358 963 tertio
381 930 578 963 commendat
608 930 753 963 Christus
788 939 882 963 snum
909 939 1149 972 praecursorem

23 965 170 1013 ΔἀοιῐιῖΙἾῇιῗῗμ
187 987 341 1027 quantum
364 983 403 1016 ad
427 984 552 1016 donum
566 983 701 1026 graciae
724 983 870 1022 divinae,
888 993 951 1026 qua
967 983 1027 1016 fuit
1056 993 1151 1016 «ma-

186 1046 269 1079 gnus
291 1046 397 1070 coram
421 1037 554 1069 Domino
569 1050 600 1075 »‚
625 1036 800 1069 secundum
817 1036 900 1078 quod
917 1036 1034 1069 dicitur
1051 1046 1150 1078 supra

187 1089 290 1131 primo
302 1089 324 1122 ⁸.
351 1089 387 1122 Et
409 1089 700 1132 quoniam‘donum
724 1089 844 1132 gratiae
867 1089 897 1121 in
916 1089 1028 1122 Ioanne
1048 1099 1149 1131 prae-

187 1141 377 1184 rogativam
406 1141 517 1175 habuit
542 1142 571 1174 in
595 1142 709 1184 prada
741 1145 771 1174 et
802 1151 996 1174 mensuram
1020 1141 1149 1174 finitatis

185 1194 217 1227 in
240 1198 351 1233 stetim
375 1195 444 1228 ideo
468 1195 545 1228 haec
568 1194 632 1228 duo
656 1195 812 1234 insinuat,
837 1203 909 1227 cum
933 1194 1050 1227 donum
1077 1204 1149 1237 gra-

186 1248 247 1281 tiae
271 1248 302 1281 in
327 1249 439 1281 Ioanne
463 1248 669 1281 commendat.

276 1301 379 1334 Primo
402 1301 499 1343 igitur
523 1301 719 1334 commendat
743 1301 888 1333 Ioannem
920 1304 1074 1343 quantum
1109 1301 1148 1334 ad

14 1376 15 1398 3
37 1361 172 1384 commenda·
182 1354 460 1397 praeroyativam
483 1354 564 1386 doni
576 1354 723 1396 gratuiti
738 1357 884 1395 respectu
900 1353 1035 1386 hominis
1059 1354 1148 1395 puri,

17 1391 171 1443 ‘ffv'a'fflrrffiff
186 1416 257 1440 cum
281 1407 370 1439 dicit:
398 1407 476 1439 Dico
492 1407 578 1439 enim
594 1406 701 1439 vobis:
726 1406 836 1438 Maior
860 1406 945 1438 inter
960 1410 1057 1439 natos
1073 1416 1148 1438 mu-

186 1460 305 1493 lierum
325 1458 488 1502 propheta
505 1460 630 1492 Ioanne
654 1459 810 1501 Baptista
833 1468 927 1492 nemo
944 1464 999 1492 est.
1017 1459 1084 1492 Non
1101 1462 1148 1492 est

184 1521 260 1555 ergo
291 1513 373 1545 inter
403 1512 544 1545 homines
576 1512 607 1544 in
640 1513 755 1554 yradu
789 1513 923 1555 qratiae
958 1513 1065 1546 infimo
1098 1513 1147 1545 vel

185 1566 306 1605 medio,
323 1574 450 1599 necesse
473 1568 521 1598 est
537 1565 648 1607 igitur,
672 1565 757 1608 quod
781 1566 821 1599 sit
837 1566 867 1598 in
886 1575 1043 1608 supremo.
1062 1566 1148 1599 Unde

184 1628 246 1652 non
271 1619 373 1652 solum
408 1627 450 1651 ex
483 1619 541 1651 hoc
572 1618 706 1657 dicitur,
738 1619 823 1661 quod
848 1619 888 1652 sit
918 1628 1069 1662 magnus,
1093 1619 1148 1652 sed

185 1672 269 1715 quod
293 1673 333 1705 sit
356 1672 530 1710 maximus,
554 1675 591 1705 ut
614 1672 711 1714 possit
734 1672 773 1705 de
796 1682 833 1705 eo
857 1672 916 1705 dici
943 1673 1019 1706 illud
1046 1673 1147 1706 Eccle—

185 1726 298 1759 siastici
323 1725 563 1768 quadragesimo
586 1729 678 1758 sexto
690 1726 714 1764 4,
739 1726 823 1768 quod
847 1726 963 1759 dicitur
985 1726 1023 1759 de
1041 1726 1147 1759 losue:

190 1793 206 1809 «
222 1779 281 1821 Qui
305 1779 365 1812 fuit
397 1787 529 1820 magnus
560 1778 735 1811 secundum
770 1788 885 1812 nomen
911 1789 1023 1819 suum,
1048 1780 1149 1812 maxi-

185 1842 257 1866 mus
292 1833 322 1865 in
358 1833 492 1866 salutem
527 1832 699 1865 electorum
738 1832 840 1865 Dei».
866 1833 1056 1875 Quiaenim
1083 1843 1148 1866 ma-

184 1896 277 1929 gnam
304 1886 414 1919 babuit
444 1886 594 1928 gratiam,
621 1885 689 1919 ideo
721 1887 863 1919 Ioannes
899 1891 1029 1920 vocatus
1063 1887 1146 1920 est⁶.

184 1940 314 1982 Magnus
349 1939 440 1972 etiam
474 1939 534 1972 fuit
558 1948 614 1981 per
649 1939 736 1972 vitae
766 1939 942 1979 meritum,
967 1940 1067 1973 maior
1091 1949 1148 1982 per

184 1992 354 2025 doetrinae
376 1992 628 2035 mayisterium,
656 1993 817 2026 maximus
840 2002 897 2035 per
918 1993 1054 2036 qratiae
1073 1993 1146 2035 pri-

183 2045 349 2088 vilegium.
385 2045 449 2078 Non
481 2048 587 2078 autem
623 2045 740 2079 dicitur
763 2046 875 2078 maior
910 2045 1082 2084 omnibus,
1112 2048 1149 2078 ut

183 2098 330 2132 omnibus
350 2097 583 2141 praeferatur,
601 2099 654 2132 sed
671 2099 756 2141 quod
780 2099 861 2131 alius
885 2108 946 2131 non
970 2098 1067 2131 fuerit
1082 2107 1147 2130 ma-

183 2152 232 2185 ior
255 2161 309 2191 eo;
326 2161 383 2185 nec
399 2152 515 2185 dicitur
539 2152 577 2185 de
592 2153 740 2185 omnibus
755 2152 990 2185 universaliter
1006 2154 1147 2193 praeter-

184 2205 235 2238 itis
258 2208 289 2238 et
312 2205 446 2244 futuris,
464 2205 517 2239 sed
542 2209 618 2239 tunc
635 2206 821 2248 praeteritis.
838 2206 904 2237 Non
921 2205 1037 2238 dicitur
1053 2205 1146 2237 etiam

184 2262 330 2301 respectu
355 2258 530 2303 utriusque
552 2269 669 2297 sexus,
694 2259 746 2291 sed
772 2261 893 2290 tantum
919 2258 1019 2290 virilis
1028 2270 1036 2297 ;
1061 2258 1146 2291 unde

183 2320 245 2344 non
270 2311 443 2345 includitur
460 2312 549 2354 virgo
573 2312 685 2351 Maria,
703 2320 784 2354 quae
806 2324 821 2339 α
834 2311 971 2343 exaltata
987 2314 1034 2343 est
1050 2320 1146 2353 super
1177 2303 1181 2342 l

2118 209 2178 240 179

1217 291 1332 325 choros
1355 293 1613 334 Angelorum⁶»‚
1638 295 1756 327 nullam
1782 305 1894 337 puram
1919 300 2097 329 creaturam
2124 297 2179 328 ha-

1218 344 1294 377 bens
1329 346 1526 387 superiorem
1563 355 1620 379 nec
1654 347 1747 380 etiam
1784 349 1966 390 aequalem,
2004 349 2179 382 secundum

1216 397 1292 431 illud
1317 398 1518 431 Canticorum
1537 403 1644 432 sexto:
1668 413 1683 428 α
1697 400 1762 433 Una
1777 405 1824 434 est
1848 402 1995 434 columba
2012 411 2089 441 mea,
2107 412 2179 444 per-

1216 451 1296 484 fecta
1312 460 1391 490 mea,
1409 461 1473 484 una
1489 456 1536 484 est
1549 453 1658 485 matris
1675 462 1760 491 suae,
1778 454 1876 486 electa
1891 455 2039 496 genetrici
2058 464 2134 488 suae
2147 470 2176 487 n.

1306 504 1358 537 53.
1383 505 1526 538 Secundo
1552 514 1626 538 vero
1661 506 1799 539 Insinuat
1827 507 1907 539 dom
1931 507 2022 540 itlius
2047 518 2177 541 mensur

1216 568 1294 591 ram
1318 562 1464 600 respectu
1497 559 1631 592 hominis
1663 559 1794 598 ChrIsti,
1826 564 1979 602 quantum
2013 562 2050 593 ad
2082 571 2177 604 quem

1214 610 1303 644 dicit:
1322 611 1389 652 Qui
1403 615 1515 643 autem
1532 612 1643 644 minor
1665 617 1711 644 est
1735 613 1771 645 in
1787 623 1887 655 regno
1911 614 2080 646 caelorum
2105 624 2177 646 ma-

1215 664 1268 697 ior
1291 668 1338 697 est
1361 674 1396 697 eo
1410 665 1431 696 ⁷.
1459 665 1606 707 Reginum
1630 665 1801 698 caecorum
1819 667 1868 699 hic
1886 671 1975 699 vocat
2000 668 2177 707 Ecclesiam,

1215 717 1389 750 secundum
1412 718 1496 760 quod
1521 718 1652 760 exponit
1675 718 1846 761 Gregorius
1864 719 1939 752 illud
1958 721 2102 753 Matthaei
2121 722 2174 754 de-

1215 770 1296 803 cimo
1320 771 1431 803 tertio:
1462 784 1477 799 «
1495 771 1592 804 Mittet
1624 772 1754 814 Angelos
1790 781 1882 811 suos,
1907 776 1937 805 et
1970 773 2116 815 colligent
2139 775 2177 808 de

1215 832 1313 865 regno
1344 824 1413 857 eius
1444 824 1549 856 omnia
1584 824 1729 857 scandala
1746 839 1775 857 n.
1809 825 1917 858 Μῖηον
1943 826 1971 858 in
1998 826 2056 858 hoc
2082 835 2177 868 regno

1213 876 1330 909 dicitur
1355 877 1523 916 humili0r;
1549 878 1599 910 hic
1622 881 1727 911 autem
1753 883 1800 911 est
1823 879 1986 918 ChristuS‚
2010 879 2048 912 de
2065 880 2176 922 quoin

1214 930 1375 963 Psalmoss:
1406 943 1421 959 α
1438 930 1575 963 Minuisti
1599 940 1673 964 eum
1698 933 1791 973 paulo
1814 932 1853 965 ab
1878 932 2009 975 Angelis,
2032 933 2131 974 gloria
2147 938 2177 966 et

1215 984 1335 1016 honore
1358 984 1514 1017 coronasti
1540 993 1613 1017 eum
1630 998 1661 1017 ».
1679 985 1759 1026 Quia
1775 986 1857 1018 enim
1869 1012 1876 1025 ‚
1894 986 1976 1019 sicut
1998 986 2114 1019 dicitur
2138 986 2176 1019 ad

1214 1036 1428 1079 Philippenses
1459 1037 1614 1076 secundo,
1645 1051 1660 1066 α
1678 1038 1854 1071 humiliavit
1885 1039 2106 1081 semetipsum,
2137 1039 2177 1072 sa-

1213 1093 1284 1123 ctus
1307 1093 1355 1122 est
1384 1090 1533 1123 obediens
1558 1100 1659 1133 usque
1692 1091 1730 1124 ad
1767 1096 1900 1125 mortem
1919 1105 1950 1131 »3
1980 1106 1995 1121 α
2019 1092 2103 1125 dedit
2132 1093 2174 1125 illi

1212 1143 1365 1176 Dominus
1389 1153 1520 1183 nomen,
1545 1144 1629 1186 quod
1654 1149 1701 1177 est
1725 1154 1821 1187 super
1838 1155 1930 1178 omne
1954 1155 2066 1178 nomen
2084 1160 2114 1178 ι».
2141 1146 2176 1179 Et

1213 1196 1257 1229 sic
1282 1196 1478 1229 verificatum
1503 1201 1551 1230 est
1574 1198 1650 1231 illud
1676 1199 1769 1231 Isaiae
1794 1199 1989 1241 sexagesimo
2004 1199 2033 1231 ⁹:
2055 1212 2070 1227 «
2088 1200 2175 1232 Mini-

1212 1257 1284 1281 mus
1307 1249 1368 1281 erit
1396 1249 1427 1281 in
1460 1250 1545 1283 mille
1574 1254 1604 1283 et
1640 1252 1792 1292 parvulus
1816 1252 1846 1284 in
1883 1256 2007 1293 gentem
2043 1252 2174 1285 fortissi-

1211 1310 1341 1333 mam».
1369 1301 1404 1334 Et
1436 1302 1514 1335 haec
1548 1307 1595 1336 est
1631 1304 1682 1336 lex
1719 1303 1840 1343 divina,
1865 1313 1960 1346 quam
1989 1305 2055 1346 ipse
2090 1305 2175 1338 dedit

1212 1354 1357 1387 Matthaei
1388 1355 1510 1388 decimo
1540 1359 1667 1389 octavo:
1699 1357 1928 1399 «Quicumque
1961 1358 2175 1391 humiliaverit

1212 1417 1245 1441 se
1269 1408 1351 1441 sicut
1373 1409 1527 1450 parvulus
1551 1409 1627 1448 iste,
1653 1409 1704 1446 hic
1728 1414 1774 1442 est
1800 1410 1899 1442 maior
1928 1410 1957 1442 in
1985 1419 2081 1452 regno
2105 1420 2174 1444 cae-

1211 1462 1314 1494 lorum
1332 1475 1362 1493 n.
1388 1462 1437 1494 Sic
1461 1462 1589 1504 utique,
1607 1462 1702 1495 immo
1724 1463 1795 1504 plus
1819 1472 1875 1504 per
1895 1472 2019 1496 omnem
2046 1464 2174 1497 modum

1212 1515 1389 1548 humiliavit
1405 1524 1438 1548 se
1454 1515 1613 1554 Christus;
1631 1516 1712 1548 infra
1729 1516 1879 1558 vigesimo
1895 1516 2046 1549 secundo:
2071 1530 2086 1545 «
2098 1517 2175 1559 Quis

1211 1569 1311 1601 maior
1335 1572 1400 1608 est,
1424 1568 1478 1611 qui
1505 1569 1678 1607 recumbit,
1704 1579 1743 1602 an
1768 1569 1822 1611 qui
1848 1570 2027 1602 ministrat?
2045 1571 2106 1613 Ego
2123 1580 2175 1603 au-

1211 1626 1273 1656 tem
1298 1622 1330 1655 in
1362 1622 1464 1655 medio
1493 1626 1634 1655 vestrum
1668 1632 1757 1661 sum,
1783 1623 1864 1656 sicut
1889 1624 1942 1666 qui
1968 1625 2173 1657 ministrat».

1211 1675 1298 1708 Unde
1311 1675 1482 1718 Gregorius
1496 1676 1538 1707 ¹⁰:
1561 1689 1575 1704 «
1591 1676 1724 1708 Humilia
1741 1680 1780 1715 te,
1798 1681 2091 1720 quantumcumque
2108 1682 2175 1720 pot-

1211 1737 1260 1767 es,
1283 1728 1388 1761 adhuc
1411 1728 1556 1761 Christus
1579 1729 1640 1761 erit
1664 1729 1815 1761 humilior
1832 1743 1862 1761 ».
1881 1748 1924 1752 —
1950 1730 2053 1763 Posset
2073 1734 2174 1763 tamen

1212 1781 1328 1823 exponi
1352 1781 1391 1814 de
1415 1781 1533 1820 Beatis‚
1559 1782 1642 1823 quod
1668 1782 1769 1815 minor
1806 1782 1960 1815 bonorum
1986 1784 2173 1825 Angelorum

1211 1834 1312 1867 maior
1336 1837 1418 1867 esset
1442 1834 1554 1867 Ioanne
1587 1844 1644 1877 pro
1676 1838 1759 1867 statu
1785 1835 1854 1874 illo;
1880 1839 1927 1868 est
1951 1836 2032 1868 enim
2063 1850 2077 1864 <r
2097 1836 2176 1878 ignis

1212 1887 1351 1920 caritatis
1375 1887 1407 1919 in
1431 1887 1521 1926 Sion,
1547 1887 1601 1920 sed
1625 1888 1767 1920 caminus
1791 1888 1822 1920 in
1848 1888 2013 1921 Ierusalem
2034 1903 2063 1927 n,
2083 1889 2175 1922 Isaiae

1212 1940 1375 1982 trigesimo
1398 1940 1501 1982 primo
1516 1942 1551 1972 ¹¹.

1302 1994 1353 2026 54.
1379 1993 1481 2035 (Vers.
1507 1994 1584 2034 29).
1612 1994 1650 2026 Ec
1673 1995 1781 2026 omnis
1793 1994 1940 2037 popalus
1957 1995 2098 2027 audiens
2115 2000 2173 2028 etc.

1212 2047 1265 2079 Hic
1288 2050 1418 2089 quarto,
1448 2051 1483 2080 ut
1515 2047 1592 2079 nihil
1627 2047 1708 2080 desit
1739 2048 1998 2081 commendationi
2035 2049 2173 2089 Ioannis,

1212 2099 1450 2132 commendatur
1481 2109 1499 2132 a
1535 2100 1667 2132 Domino
1699 2104 1853 2142 quantum
1886 2101 1923 2132 ad
1953 2102 2174 2143 praeconiam

1210 2151 1334 2195 famae.
1361 2152 1396 2185 Et
1420 2153 1568 2195 quoniam
1593 2153 1674 2186 fama
1699 2153 1854 2186 bonorum
1871 2154 2034 2187 salutifera
2049 2159 2096 2188 est
2112 2156 2174 2188 ele-

1212 2205 1270 2238 ctis
1293 2208 1324 2238 et
1348 2205 1523 2247 perniciosa
1547 2205 1707 2248 reprobis,
1733 2206 1906 2239 secundum
1926 2207 2002 2239 illud
2019 2207 2173 2240 secundae

1210 2258 1249 2290 ad
1265 2258 1444 2291 Corinthios
1461 2258 1598 2291 secundo
1613 2258 1656 2290 ¹2:
1679 2271 1694 2287 «
1710 2259 1825 2291 Christi
1845 2259 1946 2292 bonus
1963 2259 2039 2292 odor
2062 2269 2173 2292 snmus

1212 2311 1276 2344 Deo
1300 2311 1331 2344 in
1356 2311 1406 2344 llis
1434 2312 1488 2354 qui
1521 2312 1596 2344 salvi
1623 2312 1704 2344 liunt
1735 2315 1766 2345 et
1797 2312 1826 2344 in
1862 2313 1909 2345 his
1941 2313 1993 2354 qni
2025 2317 2171 2354 pereunt;

256 2527 265 2542 ²
287 2528 343 2554 Vat.
363 2535 423 2554 cum
444 2528 565 2561 plurilsus
583 2528 660 2554 codd.
678 2535 767 2554 snam.

254 2570 265 2586 ¹
286 2573 360 2599 Vers.
379 2573 408 2604 3;
427 2574 490 2599 Luc.
509 2573 539 2605 3,
561 2572 584 2598 4.
604 2575 629 2598 et
649 2573 717 2598 Ioan.
740 2573 773 2604 1,
793 2573 835 2599 23.
857 2588 890 2591 —
911 2573 1028 2600 Subinde
1047 2574 1145 2606 allega-

185 2621 226 2643 tur
244 2617 302 2643 Isai.
321 2617 369 2649 35,
390 2618 414 2642 Β.

255 2662 266 2679 ³
284 2662 360 2687 Vers.
381 2661 422 2687 15.
444 2676 475 2679 -
497 2661 603 2687 Interius
623 2668 670 2693 pro
689 2661 801 2695 simultis
823 2662 880 2688 Vat.
899 2662 1059 2689 sanctitatis.

255 2705 266 2720 ¹
286 2706 360 2731 Vers.
381 2706 404 2730 1.
427 2712 483 2738 seq.
502 2719 537 2724 —
557 2705 685 2737 Superius
704 2713 752 2737 pro
771 2706 819 2732 sed
836 2706 909 2740 quod
934 2707 971 2733 sit
988 2706 1144 2739 maximus,

183 2752 227 2783 ut,
247 2750 319 2783 quod
339 2749 448 2782 praebet
466 2750 496 2781 D,
516 2749 597 2776 ACG
615 2749 662 2777 sed
674 2750 756 2777 etiam
768 2750 924 2783 maximus,
944 2753 975 2778 ut
993 2751 1026 2783 (G
1039 2751 1077 2778 ita
1088 2753 1143 2784 ut),

186 2795 244 2820 Vat.
262 2793 310 2820 sed
327 2793 408 2820 etiam
427 2793 465 2820 ica
483 2800 617 2828 magnus,
637 2794 717 2828 quod.

259 2835 270 2850 ⁵
288 2836 339 2863 Cl'r.
358 2844 438 2869 supra
457 2844 521 2870 pag.
541 2838 583 2869 36,
602 2841 663 2864 nota
683 2839 707 2864 6.

254 2879 266 2895 ⁶
287 2881 352 2907 Vide
363 2881 478 2907 Breviar.
492 2883 602 2908 Roman.
618 2884 711 2909 festum
725 2883 840 2909 Assumt.
854 2884 881 2909 B.
895 2884 926 2909 M.
941 2884 972 2909 V.
989 2883 1043 2916 (15.
1057 2883 1146 2916 Aug.)‚

184 2925 210 2951 In
229 2932 283 2958 quo
303 2926 367 2955 haec
395 2926 541 2958 propositio
569 2927 667 2958 pluries
695 2927 817 2953 occurrit.
848 2928 915 2953 Inter
940 2934 1020 2959 opera
1040 2928 1145 2953 Hieron.

162 2977 166 2978 ⁷
184 2969 296 2995 habetur
315 2969 395 3001 Epist.
414 2970 439 2995 9.
459 2969 502 3003 (ad
522 2971 628 2996 Paulam
641 2974 667 2997 et.
685 2971 864 3005 Eustochium)
885 2972 919 2998 de
936 2972 1050 2997 Assumt.
1071 2973 1098 2997 Β.
1113 2973 1144 2998 M.

185 3014 226 3044 V.,
245 3014 271 3039 in
290 3020 342 3047 qua
363 3013 398 3047 (c.
415 3014 452 3047 7.)
472 3015 582 3041 dicitur:
602 3016 672 3041 Ilaec
690 3019 729 3041 est
747 3016 805 3042 dies
818 3017 960 3048 praeclara,
980 3017 1006 3042 In
1025 3024 1077 3050 qua
1092 3024 1145 3042 me-

184 3058 236 3084 ruit
254 3058 358 3084 exaltari
378 3065 458 3091 super
477 3060 572 3085 choros
590 3060 778 3091 Angelorum...
798 3060 839 3086 Sic
858 3060 947 3093 itaque
967 3060 1066 3094 uquue
1084 3068 1145 3087 con·

185 3102 296 3128 tidenter
308 3105 397 3128 sancta
410 3103 456 3128 Dei
475 3103 544 3129 canit
557 3104 668 3129 Ecclesia
677 3124 683 3135 ,
696 3104 768 3137 quod
781 3104 815 3130 de
833 3105 902 3130 nullo
921 3105 970 3130 alio
989 3105 1144 3131 Sanctorum

185 3147 223 3172 tas
241 3150 280 3172 ost
298 3147 420 3178 credere,
440 3150 468 3173 ut
487 3148 551 3173 ultra
580 3148 741 3179 Angelorum
767 3152 793 3174 et
817 3149 1039 3180 Archangelorum
1059 3149 1145 3181 digni-

185 3194 263 3216 tatem
284 3191 376 3216 merito
396 3191 585 3217 transcenderit.
602 3194 651 3217 etc.
672 3191 724 3228 CIr.
747 3195 811 3218 tom.
833 3192 870 3217 III.
890 3199 952 3224 pag.
972 3192 1019 3225 57,
1039 3196 1099 3219 nota
1119 3193 1143 3219 5.

184 3248 220 3253 —
239 3234 357 3260 Subinde
375 3236 502 3267 allegatur
526 3235 598 3262 Cant.
625 3237 654 3267 6,
674 3237 699 3261 8.
719 3236 770 3262 Cir.
790 3235 921 3268 Ambros„
941 3237 973 3262 V.
992 3237 1018 3262 in
1036 3237 1099 3263 Luc.
1119 3245 1143 3263 n.

187 3279 246 3304 110.
266 3282 291 3304 ct
309 3279 424 3312 Hieron„
443 3280 470 3305 ΙΙ.
498 3280 645 3306 Comment.
671 3281 695 3306 ln
725 3281 812 3307 Matth.
832 3281 880 3312 11,
904 3281 942 3307 1⁴.
963 3295 998 3301 —-
1018 3281 1145 3314 Superitis

186 3326 245 3355 post
263 3322 324 3349 Non
342 3322 442 3349 dicitur
461 3324 549 3356 plures
568 3324 644 3350 codd.
665 3325 788 3350 omittunt
806 3324 894 3351 etiam.

257 3364 266 3379 ⁷
287 3366 413 3398 Vulgata,
433 3367 490 3393 Vat.
510 3371 535 3393 et
547 3368 568 3393 Η
582 3374 666 3401 reqno
683 3367 741 3400 Dei,
754 3368 844 3395 maior
857 3371 897 3396 est
914 3368 960 3396 illo
965 3379 977 3402 ‚·
996 3371 1044 3396 cir.
1057 3370 1144 3396 Matth.

1211 2529 1258 2562 ll,
1280 2529 1327 2554 it:
1348 2529 1396 2561 Qui
1417 2532 1504 2554 antem
1526 2529 1612 2554 minor
1631 2532 1669 2554 est
1690 2529 1714 2553 in
1734 2536 1817 2560 regno
1837 2530 1969 2554 caelorum
1990 2533 2038 2554 etc.
2061 2543 2092 2546 —
2113 2530 2172 2554 Sen-

1210 2574 1287 2604 tentia
1307 2573 1426 2605 GregorIi
1446 2580 1526 2605 super
1540 2573 1625 2598 Matth.
1645 2573 1689 2603 13,
1705 2573 1747 2598 41.
1764 2572 1875 2598 habetur
1890 2573 1906 2598 I.
1920 2573 2014 2598 Homil.
2029 2573 2055 2598 in
2069 2574 2169 2605 Evang.

1209 2618 1299 2644 homil.
1320 2618 1360 2643 ⁴2.
1381 2625 1406 2643 n.
1427 2618 1451 2642 1.
1472 2632 1505 2636 —
1525 2618 1652 2649 Superius
1672 2624 1720 2649 pro
1739 2617 1776 2643 ad
1794 2624 1874 2651 quem
1893 2618 1913 2642 A
1932 2617 1969 2643 ad
1987 2617 2068 2651 quod.

1281 2661 1292 2676 '³
1310 2663 1404 2689 Psalm.
1425 2663 1454 2694 8,
1474 2663 1508 2694 6,
1529 2666 1587 2694 post
1606 2669 1686 2695 quem
1706 2662 1768 2687 Phil.
1789 2663 1820 2694 2,
1840 2664 1865 2688 8.
1884 2670 1938 2696 seq.

1280 2704 1292 2719 ⁹
1313 2707 1385 2732 Vers.
1406 2707 1448 2732 22.
1470 2720 1502 2724 —-
1523 2706 1580 2732 Duo
1599 2713 1672 2739 seqq.
1693 2706 1741 2732 Ioci
1761 2709 1821 2732 sunt
1846 2707 1933 2732 Matth.
1954 2707 2000 2737 18,
2023 2707 2044 2732 4.
2066 2710 2090 2731 et
2109 2707 2172 2732 Luc.

1210 2751 1258 2781 22,
1280 2750 1323 2776 27.

1282 2792 1304 2808 ¹⁰
1325 2795 1350 2820 In
1369 2794 1478 2821 Hieron.
1498 2795 1579 2827 Epist.
1598 2795 1641 2821 66.
1661 2796 1735 2828 (aIIas
1755 2796 1808 2829 26.)
1830 2803 1854 2821 ιι.
1876 2796 1916 2821 13.
1934 2795 2084 2821 invenimus
2104 2796 2171 2821 lianc

1209 2840 1377 2865 sententiam:
1398 2840 1647 2873 Quantumcumque
1666 2843 1691 2866 te
1710 2840 1849 2871 deieceris,
1863 2840 1985 2866 humilior
2004 2839 2106 2866 Chi-Isto
2119 2847 2170 2866 non

1210 2884 1271 2910 eris.
1290 2885 1365 2915 Esto,
1386 2884 1491 2910 incedas
1520 2884 1598 2910 nudis
1621 2884 1745 2916 pedibus,
1765 2886 1835 2911 fusca
1864 2885 1951 2910 tunica
1980 2884 2112 2915 vestiaris,
2130 2892 2171 2910 ae·

1211 2928 1302 2961 queris
1319 2927 1510 2960 pauperibus...
1530 2928 1575 2954 nbi
1601 2929 1723 2954 vincula?
1742 2924 1788 2954 ubi
1812 2929 1922 2961 alapae?
1942 2928 1986 2954 ubi
2006 2930 2103 2961 sputa?
2123 2927 2169 2954 ubl

1210 2973 1331 3004 flagella?
1352 2971 1396 2997 ubi
1416 2971 1584 3004 patibulum?
1604 2971 1650 2998 ubi
1669 2974 1758 2999 mors?

1281 3015 1302 3030 ¹¹
1323 3016 1398 3042 Vers.
1417 3017 1443 3041 9.
1455 3030 1491 3036 -
1505 3017 1594 3042 Glossa
1614 3016 1757 3043 ordinaria
1771 3018 1796 3043 in
1809 3017 1872 3043 Luc.
1888 3017 1921 3048 7,
1935 3018 1983 3042 28:
2003 3017 2094 3042 Omnis
2108 3017 2168 3042 San-

1208 3063 1275 3092 ctus,
1293 3061 1339 3094 qui
1366 3061 1418 3086 iam
1444 3064 1484 3087 est
1510 3068 1571 3087 cum
1600 3061 1670 3093 Deo,
1689 3062 1774 3087 maior
1792 3065 1832 3087 est.
1858 3068 1890 3087 eo
1915 3061 1960 3095 qui
1980 3061 2067 3086 adhuc
2085 3064 2125 3086 est
2143 3061 2168 3086 in

1210 3105 1318 3131 mundo.
1338 3105 1400 3131 Vel:
1419 3111 1484 3137 ego,
1503 3112 1583 3139 quem
1604 3106 1734 3131 minorem
1763 3106 1823 3132 facit
1850 3106 1994 3132 multorum
2020 3105 2123 3136 opinio,
2144 3105 2168 3130 in

1208 3149 1322 3175 Ecclesia
1342 3149 1496 3175 Sanctorum
1510 3150 1544 3175 illi
1558 3150 1689 3182 praelatus
1707 3157 1775 3176 sum.
1797 3150 1856 3176 Vel:
1875 3149 2034 3175 novissimus
2053 3149 2168 3180 Angelus

1204 3194 1271 3219 caeli
1291 3193 1383 3219 melior
1401 3196 1441 3219 est
1459 3194 1555 3227 quovis
1581 3194 1695 3220 homine.
1714 3208 1748 3213 -—-
1770 3194 1896 3226 Superius
1922 3200 1970 3225 pro
1989 3192 2021 3219 de
2039 3192 2126 3219 Beatt‘s
2146 3193 2167 3218 H

1208 3237 1240 3264 de
1258 3236 1340 3264 beatis
1359 3237 1513 3271 spir-uibus,
1534 3238 1593 3264 Vat.
1612 3237 1643 3264 de
1662 3237 1736 3265 bonis
1756 3237 1877 3272 Angelis.

1280 3280 1302 3295 ¹⁹
1323 3281 1398 3307 Vers.
1419 3282 1461 3308 15.
1480 3289 1535 3315 seq.
1551 3297 1584 3301 —
1597 3283 1736 3315 Aliquanto
1755 3282 1863 3308 interius
1882 3289 1931 3314 pro
1950 3281 2037 3315 ipsam
2050 3280 2167 3314 solutile-

1207 3332 1296 3352 ram...
1316 3325 1488 3360 mortiferam
1508 3327 1566 3352 Vat.
1586 3326 1675 3360 ipsum
1693 3326 1896 3360 salutiferum...
1914 3325 2095 3359 mortiferum.

2193 515 2252 539 Item,
2260 542 2263 545 Ι
2269 521 2328 546 prap-

2198 544 2291 567 rogatum
2307 548 2328 563 in

2198 574 2305 589 mensura.

2196 1735 2271 1757 Aliter.

2207 2000 2239 2022 De
2254 2002 2330 2027 quarto

2194 2032 2231 2048 teu
2242 2027 2268 2048 de
2279 2033 2340 2054 prae·

2194 2053 2338 2101 wn‘iiougamae
