2427 3872
437 241 493 266 sm.

204 297 240 303 —
259 284 468 310 mansuetudinis
497 288 535 309 051
563 285 671 316 spiritus
698 283 815 309 Christi’

151 328 195 354 vn
215 328 266 353 248
285 328 319 352 99
339 341 374 346 -
393 329 442 361 Qui
462 328 583 360 spiritum
602 328 695 354 Christi
716 327 795 353 habet

151 379 203 398 non
217 371 296 398 debet
308 376 430 404 expetere
443 373 597 404 vindictam,
610 373 655 398 sed
670 371 793 398 exhibere

151 416 302 449 patientiam
321 416 354 443 ib.
378 417 426 441 100

203 474 240 480 ·-—
259 461 342 486 malus
361 464 400 486 est
417 461 463 493 qui
488 461 602 487 continet
621 463 721 492 septem
741 460 792 492 spi-

150 505 216 531 ritus
233 505 380 538 nequitiae,
400 505 424 530 id
445 508 484 531 est
502 508 603 537 septem
618 505 678 530 vitia
698 505 792 536 capita-

150 549 182 575 lia
201 552 302 581 septem
322 549 398 575 donis
418 549 537 581 opposita
565 550 606 574 Vll
632 549 683 575 295
704 549 737 574 56
756 562 792 566 -

149 594 289 627 nequiores
307 596 367 619 sunt
388 597 489 625 septem
508 593 701 625 simulationes,
728 593 791 625 quia

149 637 200 663 sub
219 638 307 670 specie
326 638 467 663 sanctitatis
486 637 620 669 decipiunt
642 637 791 662 innocentes

148 681 210 708 ibid.
230 697 263 701 —
277 682 419 715 nequiores
430 688 522 707 secure
541 681 658 707 habitant
671 681 696 706 in
710 681 791 712 hypo-

150 726 221 752 critis
239 725 301 753 ibid.
319 740 355 745 —
373 726 477 758 Triplex
497 725 605 757 spiritus
620 731 735 758 nequam
750 731 790 749 ex-

149 771 252 803 pellitur
265 771 357 802 spiritu
371 770 462 796 divino
476 770 527 795 292
539 769 572 795 47
582 783 618 788 -
628 769 719 795 mundi
730 771 791 796 sunt

149 815 255 847 Augen,
276 815 407 840 immundi
426 814 568 840 daemones
588 814 621 839 Vl
644 813 695 839 157
718 813 735 839 b
755 828 790 832 »-

150 859 304 885 immundus
329 859 424 885 dicitur
443 858 477 884 ab
497 859 589 884 effectu
615 858 658 884 Vll
679 858 729 883 106
754 858 789 884 70

148 917 183 922 —-
202 903 357 929 immundus
375 903 511 929 immunda
525 903 628 936 quaerit
644 902 789 929 habitacula

148 948 200 974 205
220 948 253 973 57
272 961 308 967 —-
327 947 424 973 erroris
442 947 520 973 docet
538 947 599 972 salsa
620 947 651 973 Vl
673 946 719 973 441
744 948 778 973 26

201 992 331 1018 Snus-ivnon
349 1005 384 1011 —
402 991 480 1017 simul
500 994 619 1023 tempore
638 992 757 1024 procedit
775 999 789 1017 a

145 1036 204 1062 luce
222 1037 255 1062 Vl
274 1035 326 1062 248
346 1036 361 1061 8
381 1051 416 1055 -
434 1039 474 1062 051
492 1036 558 1062 ratio
577 1036 683 1063 videndi
704 1037 789 1063 iucem

148 1080 198 1106 422
220 1080 253 1105 64

200 1125 311 1150 sponsus
322 1138 358 1144 —
372 1125 501 1151 Ecclesiae
513 1128 551 1150 est
565 1125 683 1151 Christus
693 1126 726 1151 Vi
737 1126 789 1151 287

147 1169 190 1195 52.
205 1169 248 1195 Vll
263 1169 312 1195 133
329 1169 369 1195 81.
385 1169 435 1195 522
451 1170 465 1194 8
479 1184 514 1188 -
534 1169 652 1196 Christus
671 1171 743 1196 venit
762 1173 790 1196 ut

146 1220 259 1246 sponsus
284 1213 317 1239 ad
345 1213 550 1240 cohabitandum
575 1215 628 1240 597
656 1222 681 1240 ν.
703 1215 735 1240 46
755 1230 789 1233 -

145 1258 320 1284 Gaudendum
340 1255 381 1284 est‘
391 1258 425 1284 de
438 1259 585 1290 praesentia
605 1260 704 1291 sponsi,
723 1260 789 1285 sicut

145 1292 301 1329 tristandum
320 1303 354 1328 de
372 1302 489 1329 absentia
512 1303 553 1329 Vll
575 1304 624 1328 133
645 1304 687 1334 81,
708 1305 740 1329 82

149 1367 151 1370 .
200 1347 298 1373 Sauene
317 1361 351 1365 —-
370 1350 410 1373 est
428 1347 528 1379 peccati
548 1348 698 1373 foeditatem
718 1351 788 1374 extra

144 1391 265 1417 nuntiare
285 1391 317 1417 Vl
335 1391 388 1417 374
408 1392 424 1416 9

199 1436 305 1462 Srumus
323 1451 357 1455 —
376 1436 471 1462 dicitur
490 1436 560 1462 idem
579 1437 652 1470 quod
666 1437 790 1469 ignobilis

145 1481 186 1506 vel
205 1480 370 1512 degenerans
391 1482 421 1507 Vl
441 1482 491 1507 133
512 1489 537 1507 ν.
558 1482 573 1507 3

199 1525 344 1551 Summus
371 1539 407 1545 —
432 1526 552 1552 Defectus
579 1525 725 1551 stabilitatis
753 1526 787 1552 ad

144 1569 354 1601 permanendum
374 1570 583 1596 considerandus
610 1573 636 1596 et
661 1571 788 1603 plangen-

145 1613 196 1639 dus
217 1614 247 1639 Vl
268 1614 315 1640 271
341 1615 373 1639 13

199 1658 311 1684 Sunium
330 1673 365 1677 —
383 1662 423 1685 est
441 1662 534 1685 octava
554 1666 615 1691 pars
630 1659 739 1685 milliarii
753 1660 787 1686 Vi

145 1702 196 1728 399
216 1703 259 1728 28.
279 1703 321 1729 Vll
342 1703 389 1729 591
415 1704 447 1728 18

198 1747 283 1772 Smne
301 1761 336 1766 —-
355 1751 380 1773 et
399 1755 506 1773 manere
527 1748 551 1773 in
572 1756 600 1774 se
620 1751 659 1774 est
678 1752 786 1774 naturae

146 1791 277 1817 institutae
297 1792 329 1817 Vl
349 1792 395 1817 331
419 1792 453 1817 ’79

199 1836 299 1862 STATUA
318 1850 353 1855 —
372 1837 432 1862 salis
451 1837 583 1868 significat
596 1838 729 1864 defluxum
745 1840 788 1864 ho-

126 1908 128 1910 ,
145 1880 225 1907 minis
255 1887 303 1912 per
333 1882 465 1907 carnalem
494 1883 733 1914 concupiscentiam
763 1886 788 1909 et

145 1925 325 1956 corruptivam
355 1925 521 1957 putredinem
551 1926 582 1952 Vi
613 1926 663 1952 173
684 1934 710 1952 v.
728 1927 745 1952 7

198 1969 296 1995 STATUS
307 1984 342 1988 —
355 1976 399 1995 sex
413 1970 540 2002 distingui
560 1974 685 2002 possunt:
705 1974 788 1997 status

144 2014 249 2045 culpae,
269 2014 457 2046 poenitentiae,
477 2022 595 2048 pugnae,
615 2016 736 2046 iustitiae,
750 2023 788 2042 sa-

143 2058 271 2090 pientiae,
291 2059 503 2091 perseverantiae
531 2060 564 2086 Vl
590 2061 641 2086 628
662 2061 677 2085 3
697 2075 732 2080 —
751 2061 787 2087 iu-

144 2105 244 2128 storum
264 2103 360 2135 duplex
388 2107 440 2135 est,
465 2104 611 2130 activorum
630 2108 656 2130 et
674 2109 787 2131 contem-

144 2147 305 2180 plativorum
331 2149 364 2174 32
393 2156 418 2174 v.
440 2149 455 2173 8
475 2163 507 2167 -—
534 2149 663 2175 iustorum
688 2153 727 2176 est
747 2150 787 2175 tri-

143 2192 202 2224 plex
222 2192 266 2217 Vll
289 2192 322 2217 60
347 2192 391 2218 73.
422 2193 472 2218 172
493 2193 522 2218 31
545 2207 582 2213 -
601 2193 698 2220 Tribus
717 2195 787 2220 stati-

143 2235 195 2262 bus
222 2230 411 2269 correspondet
441 2237 534 2270 triplex
566 2239 678 2270 Spiritus
704 2240 786 2265 sancti

143 2281 274 2313 apparitio
294 2281 328 2307 84
347 2281 380 2307 54
403 2295 435 2300 ——
449 2283 586 2308 hominum
605 2283 785 2310 exsistentittm

143 2325 169 2350 in
189 2326 303 2351 Ecclesia
322 2329 361 2352 est
379 2326 544 2359 quadruplex
564 2327 595 2353 Vl
617 2328 644 2353 31
670 2335 696 2354 v.
716 2329 731 2353 8

197 2384 232 2388 —
250 2371 427 2402 praelatorum
448 2371 602 2403 designatur
621 2372 647 2397 in
666 2372 785 2404 Christo,

143 2414 189 2447 qui
209 2414 233 2439 in
253 2421 281 2440 se
300 2415 414 2441 ostendit
442 2416 552 2441 sormam
577 2419 664 2442 rectae
688 2417 786 2449 praela-

144 2458 221 2484 tionis
250 2459 292 2485 Vli
323 2459 373 2485 172
403 2460 431 2485 31
459 2474 493 2478 —
518 2461 784 2492 contemplativorum

143 2503 296 2535 designatur
316 2504 340 2529 in
368 2504 515 2536 discipulis,
541 2505 586 2537 qui
613 2505 785 2532 admittuntur

143 2547 168 2573 in
189 2551 277 2574 monte
302 2549 328 2574 111
349 2549 577 2581 transfiguratione
596 2550 699 2575 Domini
722 2549 785 2576 ibid.

142 2605 179 2611 —-
196 2593 344 2618 activorum
368 2593 522 2625 designatur
551 2594 575 2619 In
601 2593 691 2625 turba,
717 2601 785 2628 quae

144 2640 264 2663 versatur
282 2637 309 2663 in
322 2637 445 2663 fluctibus
459 2638 550 2664 mundi
568 2637 630 2664 ibid.
644 2652 678 2658 —
692 2639 786 2670 culpae

145 2681 298 2713 designatur
318 2681 342 2707 in
362 2682 527 2708 adolescente
547 2686 652 2709 mortuo
671 2682 705 2709 ib.
724 2684 758 2709 32

196 2739 232 2745 -
250 2727 348 2758 culpae
363 2730 448 2758 potest
466 2734 523 2753 esse
546 2727 574 2753 in
594 2728 708 2754 interiori
726 2729 785 2754 affe-

143 2770 243 2801 ctione,
263 2771 289 2795 in
316 2772 438 2797 exteriori
465 2773 618 2804 operatione
636 2776 662 2798 et
680 2773 706 2798 in
726 2779 785 2798 con-

143 2815 283 2840 suetudine
311 2815 354 2841 Vll
383 2815 434 2841 172
462 2817 495 2842 32
521 2830 556 2835 -
574 2817 739 2848 peccantium
759 2818 784 2843 in

143 2859 223 2885 corde
241 2859 394 2891 designatur
413 2867 460 2892 per
480 2862 594 2892 puellam
614 2865 744 2888 mortuam
759 2862 784 2888 in

143 2903 225 2929 domo
244 2903 306 2930 ibid.
325 2918 360 2922 —
389 2905 551 2936 peccantium
583 2906 609 2931 in
638 2913 718 2937 opere
742 2907 784 2932 de-

143 2948 263 2980 signatur
281 2955 329 2980 per
348 2949 554 2981 adolescentem,
575 2950 620 2982 qui
633 2951 666 2976 ad
682 2954 784 2982 portam

144 2992 256 3018 civitatis
275 2993 397 3018 inventus
415 2996 455 3018 est
482 2992 544 3019 ibid.
564 3007 599 3013 —
619 2995 783 3025 peccantium

144 3044 192 3071 per
210 3038 428 3063 consuetudinem
448 3041 473 3063 et
499 3037 700 3064 obstinationem
719 3039 785 3065 desi-

144 3084 240 3113 gnatur
258 3088 306 3113 per
325 3082 452 3107 Lazarum
472 3080 533 3107 ibid.
555 3096 590 3101 —
611 3083 785 3114 poenitentiae

144 3125 298 3157 designatur
317 3126 343 3151 in
361 3126 527 3151 adolescente
551 3127 703 3152 resuscitato
722 3126 783 3153 ibid.

199 3184 232 3188 --
252 3170 308 3195 Non
327 3177 419 3196 omnes
438 3170 471 3196 ad
497 3173 592 3196 statum
618 3171 784 3203 perfectionis

145 3217 205 3240 sunt
223 3211 390 3247 admittendi,
410 3215 457 3241 sed
477 3217 576 3240 tantum
597 3215 630 3240 illi
650 3215 696 3248 qui
725 3219 785 3241 sunt

145 3258 231 3284 idonei
251 3259 293 3284 Vll
315 3260 365 3285 208
386 3259 415 3285 ’71

198 3317 233 3322 -
252 3304 337 3329 omnis
356 3303 435 3329 debet
459 3304 566 3329 laudare
591 3304 674 3329 Deum
693 3303 726 3329 de
750 3304 784 3329 in-

145 3348 294 3373 carnatione
315 3349 356 3373 Vll
378 3349 410 3373 60
429 3347 463 3373 73

821 196 856 228 ΙΝ
880 194 1173 227 COMMENTARIUS
1197 196 1226 226 S.
1252 195 1478 227 SCRWTL'RAE

883 284 995 308 Simas
1014 296 1049 302 -
1068 283 1221 313 significant
1244 284 1361 315 exempla
1392 284 1473 314 perse-

830 330 933 352 ctorum
954 330 1063 358 propter
1082 328 1169 352 lumen
1189 327 1302 352 iustitiae
1323 328 1353 353 Vl
1369 328 1401 352 93
1417 335 1444 353 ν.
1457 328 1472 352 2

882 384 917 390 -
935 370 1090 395 imminente
1109 371 1206 396 iudicio
1224 378 1276 396 non
1291 371 1428 396 mutabunt
1443 371 1473 396 si.

829 417 885 440 tum
904 414 1051 439 secundum
1065 414 1252 445 substantiam,
1265 415 1311 440 sed
1325 415 1472 440 secundum

828 458 1011 490 apparentiam
1031 458 1072 483 Vll
1093 459 1145 483 533
1167 458 1194 483 41
1218 472 1253 477 -
1267 459 1420 484 imminente
1434 459 1473 484 iu-

829 502 898 528 dicio
928 502 1034 534 propria
1060 502 1157 527 virtute
1185 503 1371 534 impressiones
1396 504 1473 535 pluri-

829 553 885 572 mas
905 545 1069 578 generabunt
1088 545 1150 571 ibid.
1176 560 1211 565 —
1236 547 1330 572 cadent
1349 547 1382 572 (10
1401 548 1473 573 03010

828 590 879 615 536
900 590 934 615 47

881 634 1029 660 5153311105
1046 647 1081 653 -
1109 635 1189 660 Beato
1216 636 1350 666 Stephano
1369 636 1472 661 caelum

828 681 949 709 apertum
969 681 1009 704 est
1026 679 1060 704 ad
1080 679 1262 711 rcc1piendum
1283 680 1314 705 Vi
1336 679 1386 705 544
1409 681 1418 704 1
1437 693 1472 699 -

828 722 853 747 in
878 723 1022 749 certamine
1050 723 1152 754 positus
1181 723 1247 749 vidit
1275 723 1408 749 Christum
1437 724 1469 750 ad

826 766 1008 793 adiuvandum
1035 767 1201 793 assistentem
1227 768 1279 793 630
1301 769 1328 793 11
1352 783 1388 787 -
1407 769 1472 794 vidit

827 812 912 837 caelos
931 814 1037 843 apertos
1065 812 1141 845 quasi
1168 813 1310 844 hospitium
1330 813 1380 839 sibi
1399 820 1472 846 para-

827 858 882 881 tum
910 856 945 881 ad
976 856 1162 888 hospitandum
1191 860 1216 882 et
1248 858 1332 883 lesum
1358 861 1470 884 stantem

827 900 901 933 quasi
922 904 1043 932 paratum
1063 901 1096 926 ad
1116 901 1298 927 adiuvandum
1319 901 1381 928 ibid.

881 945 996 971 Srencus
1014 959 1049 964 --
1061 945 1192 977 significat
1206 947 1359 978 temporalia
1374 947 1406 973 Vl
1419 947 1470 973 579

828 989 843 1014 6
864 1003 899 1008 -
918 989 1042 1015 dicuntur
1061 993 1169 1022 peccata
1190 991 1231 1016 Vll
1252 991 1303 1017 339
1324 992 1357 1017 13

881 1034 978 1059 510113
997 1048 1031 1052 —-
1051 1037 1113 1069 sunt
1131 1035 1255 1061 camisiae
1274 1036 1350 1062 albae
1368 1039 1393 1062 et
1418 1037 1471 1062 lon-

827 1085 889 1110 gae,
909 1078 1008 1111 quibus
1027 1078 1168 1105 utebantur
1187 1080 1295 1106 Scribae
1314 1081 1356 1107 Vll
1371 1081 1422 1107 518
1437 1081 1470 1107 53

880 1136 915 1142 ——
935 1123 1021 1155 prima
1047 1124 1142 1150 dicitur
1168 1125 1272 1151 animae
1301 1129 1326 1152 et
1355 1127 1470 1153 secunda

827 1168 945 1199 corporis
970 1168 1002 1193 Vi
1029 1168 1081 1194 546
1107 1169 1123 1194 7
1148 1183 1185 1189 -
1212 1170 1303 1202 prima·
1324 1173 1363 1197 est
1390 1172 1471 1197 vestis

827 1212 957 1238 interioris
976 1213 1111 1246 puritatis,
1130 1221 1182 1247 qua
1198 1221 1272 1240 mens
1285 1219 1371 1241 nostra
1392 1215 1471 1241 debet

828 1256 900 1282 indui
920 1260 946 1283 et
964 1264 1016 1290 qua
1037 1264 1051 1283 a
1071 1258 1201 1291 principio
1229 1267 1293 1285 suae
1312 1260 1471 1287 conditionis

827 1292 916 1327 induta
937 1302 983 1327 suit
1002 1302 1046 1328 Vll
1065 1303 1116 1328 396
1138 1303 1171 1329 37
1185 1318 1219 1322 -
1233 1305 1319 1336 prima
1338 1308 1377 1331 est
1391 1306 1471 1331 vestis

827 1345 992 1371 innocentiae
1020 1345 1082 1373 ibid.
1107 1363 1142 1365 —
1169 1349 1201 1373 Ea
1228 1349 1345 1375 induitur
1370 1350 1417 1383 qui
1442 1357 1470 1376 se

827 1397 874 1422 per
892 1390 999 1416 divinae
1019 1392 1118 1423 gratiae
1137 1388 1337 1419 adiutorium‘in
1357 1395 1470 1426 puritate

826 1435 941 1461 custodit
959 1434 1021 1462 ibid.
1043 1450 1076 1454 —-
1096 1437 1182 1468 prima
1207 1438 1285 1464 datur
1309 1445 1356 1470 per
1384 1446 1469 1465 susce-

825 1479 942 1511 ptionem
963 1481 1193 1507 sacramentorum
1213 1481 1336 1514 baptismi
1356 1486 1381 1509 et
1408 1491 1469 1516 poe·

826 1524 948 1550 nitentiae
967 1524 1028 1550 ibid.

879 1569 990 1595 STnmon
1008 1583 1043 1588 —
1062 1570 1180 1596 dentium
1201 1571 1227 1596 in
1255 1571 1354 1598 inferno
1373 1573 1469 1605 produ-

825 1613 892 1638 citur
910 1620 924 1638 a
945 1620 1030 1645 poena
1057 1615 1162 1646 trigoris
1189 1619 1215 1641 et
1243 1616 1315 1642 venit
1340 1616 1374 1642 ab
1402 1620 1469 1643 exte-

825 1657 886 1683 riori
909 1658 949 1683 Vll
969 1658 1021 1684 353
1041 1659 1075 1685 59

878 1703 994 1728 5Τ110111111
1020 1717 1057 1722 -
1084 1707 1124 1730 051
1154 1705 1299 1731 vehemens
1327 1707 1469 1738 applicatio

825 1747 904 1772 animi
924 1754 984 1773 cum
1013 1755 1118 1774 summa
1144 1749 1279 1781 voluptate
1307 1751 1341 1776 ad
1369 1751 1468 1784 aliquid

825 1792 958 1823 agendum
980 1793 1010 1817 Vl
1039 1793 1089 1818 107
1115 1800 1141 1818 v.
1171 1794 1186 1819 2
1211 1809 1246 1812 -
1265 1795 1376 1827 requirit
1396 1803 1470 1822 vaca-

825 1836 922 1861 tionem
943 1835 977 1862 ab
989 1837 1162 1863 exterioribus
1175 1839 1394 1870 occupationibus
1407 1839 1469 1866 ibid.

878 1894 913 1899 -—
932 1880 1073 1907 adhibetur
1090 1882 1125 1907 ad
1145 1883 1346 1915 acquisitionem
1366 1885 1469 1916 sapien-

826 1924 889 1955 tiae,
910 1925 942 1950 ad
962 1926 1173 1952 exercitationem
1194 1927 1321 1960 iustitiae,
1334 1929 1368 1954 ad
1382 1930 1468 1961 exple-

826 1969 922 1994 tionem
943 1970 1185 2002 concupiscentiae,
1198 1972 1232 1997 ad
1246 1972 1387 2004 imperium
1406 1980 1468 1999 ava-

825 2013 900 2039 ritiae
930 2015 960 2040 Vi
990 2015 1023 2040 27
1043 2022 1072 2041 v.
1091 2016 1125 2041 26
1145 2031 1178 2035 --
1204 2017 1239 2042 ad
1266 2018 1467 2050 acquisitionem

825 2058 969 2090 sapientiae
988 2062 1013 2085 et
1032 2060 1065 2085 ad
1078 2061 1289 2087 exercitationem
1305 2062 1416 2089 iustitiae
1428 2066 1468 2089 est

826 2102 938 2135 bonum,
958 2104 1075 2130 studium
1095 2105 1128 2130 ad
1148 2106 1322 2137 expletionem
1346 2108 1469 2140 concupi-

824 2148 937 2174 scentiae
956 2151 981 2174 et
1000 2149 1035 2174 ad
1054 2149 1194 2181 imperium
1214 2151 1339 2177 avaritiae
1357 2155 1396 2177 est
1415 2159 1468 2178 ma—

824 2193 878 2218 lum
898 2192 960 2219 ibid.
989 2218 991 2221 .

877 2251 913 2256 —
932 2238 1047 2264 veritatis
1066 2237 1145 2265 debet
1165 2246 1222 2265 esse
1238 2246 1299 2265 cum
1319 2240 1408 2266 debita
1427 2248 1466 2267 so-

823 2282 916 2308 cietate
935 2286 961 2308 et
984 2282 1075 2309 debito
1103 2284 1196 2310 ordine
1225 2284 1268 2310 Vll
1296 2285 1330 2310 69
1361 2286 1407 2310 111
1432 2300 1466 2304 -

799 2333 802 2337 ’
825 2326 990 2352 Studentium
1022 2328 1182 2354 consortium
1214 2332 1254 2355 est
1283 2329 1463 2361 diligendum,

823 2377 876 2396 non
895 2371 929 2397 ad
954 2371 1125 2404 litigandum,
1150 2373 1198 2399 sed
1222 2373 1255 2399 ad
1275 2374 1464 2400 conserendum

823 2415 857 2440 67
878 2416 924 2441 101

877 2474 912 2479 -
932 2461 1103 2487 Studentibus
1122 2462 1199 2487 datur
1213 2463 1296 2488 forma
1315 2463 1462 2496 inquirendi

823 2505 959 2531 veritatem
980 2512 994 2531 a
1013 2505 1115 2537 Christo
1134 2507 1241 2533 sedente
1263 2507 1289 2533 in
1309 2508 1396 2533 medio
1416 2508 1462 2534 do-

823 2542 926 2576 ctorum
947 2550 980 2576 Vl
1001 2550 1052 2576 542
1074 2551 1101 2575 11

877 2594 989 2620 5τοιτυ5
1006 2609 1042 2614 -
1061 2595 1156 2621 dicitur
1174 2597 1255 2622 homo
1268 2597 1417 2623 mundanus
1431 2597 1462 2622 Vl

823 2638 857 2663 52
876 2645 904 2664 v.
924 2639 938 2664 8
958 2654 993 2657 —
1011 2643 1050 2666 est
1077 2640 1153 2672 piger
1181 2641 1213 2666 38
1242 2648 1269 2666 v.
1289 2642 1305 2667 5
1324 2655 1359 2661 -·
1378 2642 1464 2667 renuit

822 2684 926 2715 operari
946 2683 1008 2710 ibid.
1026 2698 1062 2704 —
1089 2686 1258 2717 cognoscitur
1285 2687 1312 2712 in
1336 2687 1464 2718 operatio-

823 2726 901 2753 nibus
921 2729 954 2754 62
974 2736 1000 2754 v.
1020 2730 1053 2754 26
1074 2744 1108 2748 -
1127 2731 1154 2755 111
1177 2731 1255 2756 stulto
1280 2734 1319 2756 est
1346 2731 1464 2757 derectus

822 2772 982 2804 operationis
1001 2774 1150 2800 fructuosae
1169 2774 1203 2800 85
1223 2782 1248 2800 v.
1269 2775 1303 2801 15

876 2831 911 2837 —-
930 2818 955 2850 in
974 2818 1064 2844 labore
1083 2826 1131 2844 suo
1161 2820 1270 2845 multum
1297 2816 1421 2852 affligitur
1438 2824 1464 2846 et

822 2868 916 2894 parum
937 2862 1039 2894 proficit
1059 2860 1090 2888 Vi
1111 2864 1144 2889 85
1165 2871 1189 2889 v.
1211 2864 1244 2889 15
1268 2879 1303 2882 -
1323 2872 1374 2890 non
1395 2864 1464 2890 labo·

823 2909 863 2932 rat
881 2907 905 2932 111
925 2906 1001 2933 bonis
1019 2906 1083 2933 ibid.

877 2965 910 2970 --
930 2952 1041 2977 Stultitia
1069 2952 1204 2978 seducitur
1231 2953 1277 2986 qui
1304 2960 1332 2979 se
1360 2956 1465 2985 reputat

823 2995 922 3028 aliquid
941 3003 1067 3027 magnum
1090 2997 1131 3022 Vll
1152 2997 1202 3022 363
1224 2998 1256 3022 18
1271 3012 1305 3016 —
1319 3001 1358 3023 est
1377 2998 1422 3030 qui
1436 3005 1464 3023 se

823 3042 925 3071 reputat
944 3040 1075 3066 eruditum
1102 3041 1154 3066 306
1180 3042 1214 3066 90
1234 3055 1269 3061 -
1289 3045 1327 3067 051
1346 3042 1392 3075 qui
1411 3049 1463 3067 non

824 3084 961 3116 praevidet
988 3085 1073 3110 sutura
1099 3085 1214 3117 pericula
1240 3086 1291 3111 318
1318 3086 1351 3111 30
1371 3100 1406 3104 -
1425 3090 1464 3112 051

815 3128 868 3160 qui
900 3129 933 3154 de
965 3129 1057 3154 suturis
1095 3130 1209 3155 incertus
1243 3126 1336 3156 secure
1367 3131 1464 3156 dormit

823 3171 885 3198 ibid.

876 3231 909 3235 —-
929 3217 1060 3243 desectum
1082 3218 1160 3244 habet
1179 3218 1362 3250 providentiae
1381 3219 1415 3244 de
1429 3219 1463 3244 su-

823 3262 881 3285 turo
902 3261 934 3286 Vi
954 3261 981 3286 41
1017 3269 1041 3287 v.
1074 3263 1103 3287 13
1123 3276 1159 3282 -
1179 3264 1203 3288 ln
1233 3263 1310 3288 stulto
1330 3266 1368 3287 est
1396 3262 1462 3287 dese

822 3306 879 3329 ctus
898 3305 1112 3332 considerationis
1131 3307 1258 3338 providae
1277 3307 1310 3331 85
1329 3314 1356 3331 v.
1379 3305 1409 3331 14
1428 3320 1462 3324 -

823 3348 946 3379 ignorans
966 3350 1103 3380 praeterita
1123 3358 1174 3376 non
1195 3354 1279 3382 potest
1306 3350 1462 3382 praevidere

2085 197 2150 231 843

1797 241 1858 266 suo

1512 285 1596 308 tutura
1618 283 1679 310 ibid.
1700 298 1733 302 —
1753 285 1777 309 in
1799 284 1912 310 tenebris
1939 285 2056 310 anibulat
2076 286 2149 318 qnasi

1511 334 1565 364 non
1584 327 1683 353 habens
1703 330 1793 353 oculos
1813 330 1846 354 25
1866 336 1892 354 v.
1916 330 1945 354 13

1564 386 1598 389 -
1628 373 1735 397 Stultitia
1762 376 1802 398 est
1829 376 1916 399 contra
1944 374 2088 399 doctrinam
2121 374 2151 399 Vi

1513 416 1544 440 19
1565 423 1591 440 ν.
1612 416 1644 441 17
1664 430 1698 435 -
1718 417 1829 442 Stultitia
1849 422 1968 443 excaecat
1982 419 2016 443 25
2030 426 2055 443 v.
2074 419 2102 444 13
2116 431 2152 437 -—-

1511 459 1619 484 Stultitia
1641 464 1679 485 est
1699 461 1803 486 tenebra
1826 461 1859 487 ib.
1888 469 1912 487 v.
1938 462 1966 487 14
1986 476 2021 481 -
2041 463 2151 488 Stultitia

1510 505 1709 535 contemplanda
1729 509 1780 537 est,
1802 509 1828 530 ut
1849 506 1943 531 vitetur
1957 507 1989 532 24
2005 515 2030 533 ν,
2047 509 2078 532 12

1562 561 1598 566 -
1612 555 1662 573 non
1676 550 1797 579 attendit,
1812 553 2056 583 quantumcumque
2071 553 2150 577 nomo

1510 591 1604 616 clamet
1625 592 1655 617 Vi
1676 592 1709 617 79
1730 600 1756 618 v.
1780 593 1808 618 17
1834 607 1868 612 -
1893 599 2001 626 propter
2021 595 2151 622 deiectum

1509 636 1646 661 locutionis
1675 636 1802 663 discretae
1831 645 1859 663 se
1884 638 1969 670 ipsum
1997 640 2151 672 praecipitat

1510 680 1542 705 84
1563 687 1590 705 ν.
1610 681 1643 705 12

1562 738 1598 744 -
1617 725 1714 757 cogitat
1734 727 1800 751 mala
1821 727 1853 752 Vl
1872 727 1907 752 79
1927 735 1952 753 v.
1967 729 1982 753 2
2002 742 2037 747 -
2055 729 2152 760 cogitat

1510 768 1578 794 bona
1599 770 1753 801 temporalia
1774 771 1807 795 80
1827 779 1853 796 v.
1875 773 1891 797 2
1911 786 1945 790 --
1975 772 1999 797 111
2021 774 2151 804 praesenti

1509 813 1619 846 requirit
1645 814 1758 840 incunda
1785 815 1818 840 55
1846 822 1873 841 v.
1895 816 1912 842 5
1932 830 1966 835 —
1995 818 2152 849 contemptis

1509 858 1622 883 aeternis
1642 858 1722 884 inhiat
1741 860 1850 885 terrenis
1876 860 1909 885 52
1930 868 1955 885 v.
1976 862 1990 886 8
2011 875 2045 881 -
2071 861 2142 888 abdu

1509 905 1604 928 cuntur
1622 910 1636 928 a
1657 903 1767 930 veritate
1785 911 1833 935 per
1858 905 2061 938 pulcritudinem
2082 913 2150 932 crea-

1510 950 1628 972 turarum
1648 947 1699 973 200
1719 955 1745 973 ν.
1765 949 1799 974 20
1818 963 1854 967 —
1873 949 1982 975 Stultitia
2003 958 2099 983 magna
2113 955 2152 977 est

1508 991 1543 1017 de
1574 992 1667 1024 spiritu
1702 993 1735 1018 ad
1774 1000 1881 1019 carnem
1914 994 2075 1021 descendere
2107 996 2149 1022 Vll

1509 1037 1561 1062 595
1580 1037 1613 1062 32

1562 1095 1597 1101 -
1616 1082 1698 1107 nescit
1718 1083 1787 1108 viam
1807 1086 1905 1109 rectam
1933 1084 1968 1110 ad
1987 1085 2103 1111 eundum
2124 1086 2150 1111 in

1508 1127 1610 1151 caelum
1640 1134 1688 1159 per
1714 1135 1803 1153 veram
1833 1129 1912 1154 fldem
1941 1133 1966 1155 et
1985 1130 2150 1156 dilectionem

1509 1171 1541 1196 Vi
1564 1171 1597 1196 85
1616 1178 1643 1197 v.
1664 1171 1697 1196 15
1716 1187 1752 1190 —-
1771 1179 1822 1198 non
1848 1173 1935 1205 pergit
1958 1174 1990 1199 ad
2010 1175 2090 1200 vitam
2111 1182 2151 1200 ae-

1508 1217 1608 1241 ternam
1628 1216 1662 1241 52
1681 1223 1708 1242 ν.
1728 1217 1742 1242 8
1762 1230 1797 1236 -
1815 1218 1950 1244 caritatem
1969 1219 2086 1245 veritatis
2099 1227 2150 1246 non

1508 1263 1664 1292 receperunt
1693 1261 1726 1286 85
1755 1269 1782 1287 ν.
1806 1262 1835 1287 15
1855 1277 1888 1281 -
1914 1263 2042 1289 victimae
2061 1265 2150 1290 stulto·

1508 1312 1567 1330 rum
1588 1305 1642 1330 Deo
1661 1305 1800 1338 displicent
1820 1307 1852 1332 42
1872 1315 1899 1333 v.
1921 1308 1952 1333 17

1561 1363 1596 1369 -
1615 1350 1802 1376 Antichristum
1833 1352 1997 1384 insipientem
2024 1354 2093 1379 stulti
2113 1360 2150 1379 se-

1507 1398 1621 1426 quentur
1639 1398 1665 1420 et
1683 1394 1717 1420 ab
1737 1396 1794 1428 ipso
1814 1396 1961 1428 affligentur
1975 1397 2007 1423 w
2022 1398 2056 1423 85
2075 1405 2101 1423 v.
2116 1398 2149 1423 15

1560 1453 1595 1457 -
1616 1439 1766 1471 praeficitur
1789 1447 1814 1466 53
1840 1441 1951 1467 ientibus
1980 1442 2012 1468 Vl
2035 1442 2062 1467 81
2087 1451 2112 1468 v.
2134 1444 2150 1469 5

1506 1497 1541 1501 —
1560 1483 1669 1515 Propter
1687 1484 1851 1510 audientiun
1870 1486 2003 1512 stultitiam
2023 1487 2148 1519 sapientia

1506 1528 1681 1554 contemnitur
1699 1528 1734 1553 79
1753 1536 1780 1555 v.
1804 1530 1833 1554 17

1559 1573 1657 1598 5τ11Ρο11
1678 1587 1711 1591 -—
1730 1576 1769 1599 est
1783 1580 1813 1599 ex
1827 1575 1925 1600 insolita
1941 1578 1966 1600 et
1979 1582 2073 1608 magna
2089 1577 2151 1602 ima·

1506 1617 1640 1648 ginatione
1665 1617 1709 1643 Vll
1735 1618 1768 1643 67
1800 1619 1848 1644 103
1869 1633 1903 1638 -
1923 1623 1979 1645 erat
1997 1620 2023 1651 in
2044 1621 2150 1653 populis

1506 1665 1614 1694 propter
1634 1662 1780 1688 doctrinam
1801 1666 1826 1689 et
1849 1664 1993 1695 potentiam
2014 1665 2150 1691 miraculo-

1506 1713 1565 1731 rum
1590 1705 1685 1732 Christi
1713 1707 1764 1732 105
1789 1708 1832 1733 67.
1863 1709 1921 1733 216
1934 1709 1967 1733 98
2042 1713 2150 1742 propter

1506 1751 1610 1776 divinae
1629 1752 1760 1783 potentiae
1784 1746 1994 1784 magnitudinem
2019 1754 2105 1780 elevat
2123 1754 2149 1780 fl-

1506 1795 1566 1821 dem
1587 1796 1748 1822 credentium
1769 1797 1794 1822 in
1815 1798 1945 1823 excelsum
1966 1798 2017 1823 216
2038 1799 2071 1824 98

1560 1841 1668 1866 5111115550
1697 1845 1732 1859 4
1763 1848 1814 1866 non
1843 1841 1922 1867 debet
1950 1843 2029 1876 hqmo
2059 1843 2084 1868 in
2110 1843 2150 1870 bis

1505 1891 1573 1917 quae
1593 1888 1682 1910 contra
1703 1885 1786 1911 Deum
1807 1889 1868 1912 sunt
1887 1887 1918 1912 Vi
1940 1887 1972 1912 82
1986 1895 2019 1920 q.

1560 1929 1691 1955 SuulECTlo
1709 1943 1745 1949 -
1769 1929 1825 1956 Non
1853 1931 1932 1956 debet
1956 1932 2050 1957 dimitti
2076 1932 2149 1958 locus

1505 1971 1679 1999 subiectionis
1700 1978 1725 2000 et
1752 1975 1885 2000 servitutis
1913 1976 1945 2001 Vl
1973 1977 2000 2001 81
2031 1983 2056 2001 v.
2078 1976 2093 2002 4
2112 1991 2147 1997 -

1505 2017 1620 2044 Subiecti
1640 2026 1698 2044 esse
1716 2019 1846 2045 debemus
1859 2020 2043 2053 omnibus-pro
2057 2029 2148 2047 amore

1505 2063 1549 2088 Dei
1571 2063 1613 2088 Vll
1634 2064 1666 2088 68
1689 2063 1738 2088 108
1758 2078 1793 2082 —
1813 2064 1928 2090 Subiecti
1947 2072 2004 2091 esse
2017 2065 2147 2092 debemus

1505 2108 1572 2139 patri
1592 2108 1719 2140 spirituali
1739 2109 1795 2134 sive
1820 2109 1969 2141 corripienti
1989 2110 2046 2136 sive
2075 2118 2148 2143 prae-

1504 2152 1611 2184 cipienti
1632 2153 1664 2177 69
1689 2153 1731 2178 111

1558 2211 1592 2215 —
1612 2197 1661 2229 Qui
1681 2198 1741 2223 nulii
1762 2197 1898 2224 subiicitur
1917 2200 2004 2225 omnia
2024 2199 2103 2226 habet
2121 2204 2147 2226 et

1503 2240 1621 2267 abundat
1640 2242 1681 2267 Vll
1701 2242 1747 2267 521
1774 2242 1790 2267 4

1558 2301 1590 2304 -
1611 2287 1644 2312 311
1664 2294 1754 2318 regem
1769 2287 1794 2312 in
1814 2295 1867 2321 quo
1881 2289 2004 2314 consistat
2019 2289 2061 2314 Vll
2083 2289 2116 2314 45
2129 2290 2146 2315 5

1557 2331 1671 2357 Susum
1692 2346 1726 2349 —
1745 2339 1799 2357 non
1818 2336 1877 2358 sunt
1903 2334 2091 2364 perscrutanda
2114 2334 2145 2359 vt

1502 2375 1535 2400 53
1554 2382 1581 2401 v.
1605 2376 1611 2400 1
1635 2389 1670 2394 —-
1690 2376 1782 2402 Modus
1795 2377 1891 2408 agendi
1904 2377 2025 2403 sublimis
2038 2382 2076 2404 est
2092 2386 2147 2404 mo—

1501 2419 1552 2446 dus
1570 2420 1758 2446 certitudinalis
1779 2421 1825 2446 241
1851 2423 1865 2447 6
1887 2437 1921 2440 -
1940 2426 2000 2448 sunt
2020 2422 2089 2449 bona
2103 2430 2147 2448 ae-

1501 2467 1573 2489 terna
1593 2463 1628 2491 ib.
1646 2465 1663 2490 7

1553 2509 1708 2535 SUBSTANTIA
1728 2524 1763 2529 —
1789 2514 1827 2536 est
1855 2514 1956 2537 remota
1985 2519 1999 2537 a
2023 2511 2145 2538 sensibus

1502 2553 1532 2578 Vl
1554 2553 1586 2578 16
1606 2561 1631 2586 q.
1657 2555 1662 2578 t

1553 2612 1589 2617 —
1608 2599 1721 2624 hominis
1745 2599 1887 2631 dissipatur
1907 2600 1931 2625 in
1950 2601 2064 2632 peccatis
2089 2608 2144 2626 car-

1500 2642 1602 2669 nalibus
1630 2643 1673 2669 vn
1700 2644 1746 2669 391
1777 2645 1811 2670 25
1838 2658 1875 2663 —
1893 2645 2007 2670 hominis
2029 2646 2145 2671 consistit

1500 2687 1527 2713 in
1540 2687 1629 2720 rebus,
1642 2688 1770 2714 membris
1783 2692 1808 2714 et
1830 2689 1948 2715 moribus
1962 2689 2021 2715 ib1'd.
2032 2703 2067 2708 —
2081 2691 2145 2715 mul-

1501 2732 1632 2764 tiplicatur
1652 2740 1699 2765 per
1723 2733 1927 2759 munificentiam
1950 2734 1982 2759 Vl
2003 2735 2035 2760 22
2056 2734 2073 2760 1)

1555 2777 1697 2803 δυΒνΕΝτιο
1721 2792 1756 2796 -
1775 2778 1952 2810 impendenda
1972 2782 2011 2805 est
2035 2780 2074 2805 his
2098 2779 2143 2813 qui

1501 2821 1599 2847 habent
1618 2822 1754 2854 penuriam
1775 2823 1818 2848 Vll
1837 2823 1888 2847 368
1909 2823 1942 2847 30

1556 2866 1686 2891 Summum
1705 2881 1738 2884 —
1763 2869 1818 2891 erat
1845 2866 1878 2892 ad
1905 2867 2079 2898 operiendum
2109 2869 2144 2893 sa-

1501 2910 1569 2935 ciem
1589 2910 1621 2935 Vl
1642 2910 1693 2935 505
1713 2910 1728 2934 8
1747 2924 1783 2929 —
1802 2911 1828 2936 ln
1848 2910 1955 2936 sudario
1976 2911 2143 2937 involvuntur

1501 2954 1597 2980 mortui
1618 2954 1659 2979 Vll
1681 2954 1730 2979 484
1751 2955 1783 2980 33

1554 2999 1708 3024 Surrocnlo
1721 3012 1755 3016 —
1769 2999 1917 3029 impediens
1927 2998 2008 3023 vitam
2021 2999 2142 3030 spiritua-

1501 3043 1552 3067 lem
1573 3045 1611 3067 est
1630 3048 1643 3066 a
1663 3041 1733 3067 curis
1751 3042 1830 3067 11111115
1850 3042 1945 3068 saeculi
1967 3042 1998 3067 Vl
2019 3042 2069 3066 553
2090 3042 2105 3066 6

1555 3086 1704 3111 succensas
1723 3100 1756 3104 —-
1776 3089 1815 3111 est
1834 3085 1867 3110 ab
1893 3086 2009 3111 inferiori
2038 3086 2078 3111 vel
2108 3086 2140 3111 ab

1500 3130 1602 3155 occulto
1622 3130 1655 3154 Vl
1676 3129 1727 3154 445
1749 3129 1781 3154 46
1796 3143 1829 3148 -
1842 3129 1967 3155 Diabolus
1980 3133 2065 3161 potest
2079 3137 2142 3162 sug-

1501 3180 1593 3205 gerere
1612 3174 1782 3206 cogitationes
1803 3174 1852 3199 427
1877 3174 1906 3199 14

1555 3218 1684 3243 5001111111
1703 3231 1738 3237 —-
1757 3218 1852 3243 dicitur
1880 3219 1925 3250 qui
1946 3218 2034 3244 verbis
2053 3223 2077 3244 et
2102 3223 2141 3244 ra-

1500 3262 1615 3287 tionibus
1634 3265 1705 3287 tanto
1724 3262 1810 3287 taedio
1834 3263 1959 3292 afficitur,
1985 3264 2057 3295 quod
2076 3270 2139 3295 prae

1499 3306 1585 3331 taedio
1604 3306 1711 3337 sanguis
1739 3307 1841 3337 sugitur
1866 3311 1890 3332 01
1915 3307 2069 3333 diminuitur
2095 3307 2138 3332 Vll

1500 3350 1546 3375 451
1571 3351 1586 3375 8
