2476 3921
30 630 59 653 De
73 629 149 656 triplici

56 659 118 678 tactu.

21 1638 144 1660 notandum.

24 1903 44 1924 ln
57 1903 143 1925 suscita-

7 1929 58 1951 tione
66 1930 148 1958 puellae

6 1958 95 1978 mortuae
104 1959 148 1979 tan-

7 1985 77 2009 guntur
97 1989 148 2010 qua-

7 2012 56 2031 tuor.

0 2605 92 2628 ‘Primum
106 2607 142 2629 de-

24 2633 120 2655 scribitur

12 2658 128 2685 dupliciter.

749 212 942 245 COMMENT.
968 212 1005 245 ΙΝ
1029 212 1267 246 EVANGELIUM
1292 213 1408 246 LUCAE
1433 215 1464 246 C.
1490 215 1562 248 Vlll.

171 301 315 344 lacrymis
339 302 440 343 coepit
464 301 567 343 rigare
584 315 599 330 »
627 304 685 334 etc.
711 301 756 334 De
779 301 963 334 Chananaea
983 301 1127 334 Matthaei

169 355 290 388 decimo
313 355 424 397 quinto
447 354 557 387 dicunt
576 354 739 396 discipuli:
761 367 777 383 α
794 354 921 387 Dimitte
944 363 1030 392 eam,
1055 353 1130 396 quia

169 409 281 441 clamat
305 411 375 450 post
398 417 455 441 nos
472 421 501 440 ».
528 408 571 441 De
596 408 654 440 ista
683 407 799 440 dicitur
832 407 900 446 hic,
933 406 1018 449 quod
1046 420 1062 435 ιι
1078 415 1129 439 ac-

169 461 261 494 cessit
292 464 379 494 retro
409 464 441 494 et
472 461 572 503 tetigit
602 461 759 493 fimbriam
792 461 867 497 eius>
897 460 1071 493 vestimenti
1097 473 1128 491 n.

169 514 226 547 Per
250 518 374 547 tactum
396 517 501 547 autem
529 514 711 547 vestimenti
733 514 918 556 intelligitur
942 513 1073 546 imitatio
1096 513 1128 545 in

169 567 275 601 labore
306 571 430 600 sanctae
460 567 714 600 conversationis.
740 586 783 590 —
807 566 892 599 Unde
920 570 1011 605 nota,
1043 565 1127 608 quod

169 621 302 663 legimus
325 621 484 653 Christum
512 624 629 653 tactum
657 620 687 652 in
709 620 790 662 pede
813 629 831 652 a
854 619 1050 661 Magdatena,
1074 628 1128 651 su-

167 683 225 716 pra
256 674 434 716 septimo¹;
464 677 581 706 tactum
614 673 644 705 in
673 677 757 706 veste
787 673 827 706 ab
859 672 1126 711 haemorrhoissa,

167 731 203 761 ut
227 728 295 767 hic;
321 730 439 760 tactum
463 727 493 759 in
520 727 620 759 latere
635 736 654 759 a
670 727 805 764 Thoma3
825 725 945 758 loannis
962 725 1126 767 vigesimo:

173 794 188 810 α
204 780 289 813 Mitte
320 789 449 813 manum
483 783 569 812 tuam
595 780 626 812 in
652 779 734 812 latus
757 788 862 812 meum
881 792 911 811 ».
937 779 967 811 ln
993 787 1057 821 quo
1080 779 1128 810 in-

167 834 318 877 telligitur
342 834 460 876 triplex
484 833 616 866 imitatio
647 833 935 875 approximantium
968 832 1006 865 ad
1037 832 1127 865 Chri-

167 891 269 927 stum,
294 887 413 921 scilicet
434 887 467 920 in
491 886 603 930 effectu
628 886 832 929 operationis
857 886 978 924 bonae,
1004 885 1035 918 in
1067 884 1126 917 Ιια-

167 941 236 974 bitu
260 940 521 974 conversationis
544 945 698 979 sanetae,
715 940 746 972 in
765 939 942 972 tolerantia
955 940 1126 981 passionis

166 994 322 1033 acerbae,
347 994 378 1026 in
403 993 520 1036 quibus
543 994 684 1027 consistit
715 992 878 1035 integritas
909 992 1126 1026 satisfactionis

166 1048 330 1091 perfectae.
356 1048 413 1081 Per
433 1048 556 1090 pedum
580 1056 717 1090 namque
741 1047 905 1079 incessum
940 1047 1125 1088 intelligitur

165 1101 320 1135 rectitudo
334 1101 523 1143 operationis
539 1100 656 1139 bonae;
682 1100 849 1134 Ezechielis
865 1100 967 1142 primo
981 1099 1011 1132 ²:
1039 1113 1054 1129 «
1071 1101 1124 1133 Pe-

165 1156 219 1189 des
250 1164 359 1189 eorum
393 1155 486 1197 pedes
510 1155 586 1187 recti
610 1169 638 1186 ».
672 1155 729 1197 Per
760 1154 987 1186 vestimentum
1018 1157 1123 1187 autem

165 1208 349 1251 intelligitur
382 1209 528 1241 honestas
559 1207 804 1240 conversationis
835 1210 976 1245 sanctae3
1009 1208 1124 1248 Apoca-

165 1261 260 1304 lypsis
291 1261 412 1294 decimo
443 1264 555 1294 sexto:
593 1274 609 1289 «
626 1261 752 1299 Beatus,
784 1260 837 1302 qui
871 1260 1006 1293 custodit
1031 1261 1124 1293 vesti-

165 1317 270 1347 menta
293 1323 369 1352 sua,
394 1322 432 1346 ne
456 1313 562 1346 nudus
584 1313 770 1346 ambulet».
796 1313 878 1345 Talis
901 1316 948 1345 est
972 1313 1025 1355 qui
1055 1313 1123 1345 imi-

164 1370 250 1400 tatur
273 1366 455 1405 Christum;
479 1366 519 1398 ad
543 1367 696 1399 Romanos
719 1366 841 1399 decimo
865 1366 980 1398 tertio:
1010 1378 1025 1394 α
1042 1366 1124 1398 Abii-

164 1420 284 1453 ciamus
307 1429 404 1462 opera
427 1419 630 1452 tenebrarum
655 1423 685 1452 et
706 1419 877 1452 induamur
893 1428 981 1451 arma
999 1419 1076 1452 lucis
1093 1432 1122 1451 ι).

165 1474 221 1506 Per
252 1473 340 1506 latus
370 1473 485 1506 Christi
521 1473 722 1505 vulneratum
754 1477 785 1506 et
812 1482 937 1505 manus
968 1477 999 1505 et
1026 1473 1124 1515 pedes

164 1527 338 1569 perforatos
374 1526 558 1568 intelligitur
591 1526 755 1559 tolerantia
787 1526 939 1568 passionis
974 1526 1123 1563 acerbae,

163 1579 336 1613 secundum
362 1579 438 1612 illud
463 1579 619 1613 Psalmi³:
650 1592 666 1608 «
682 1579 839 1612 Foderunt
864 1588 976 1611 manus
992 1587 1077 1611 meas
1093 1582 1124 1611 et

163 1633 257 1676 pedes
283 1642 368 1666 meos
384 1646 415 1665 ».
450 1634 479 1665 ln
514 1633 564 1666 his
595 1633 678 1666 enim
710 1632 871 1665 Christum
895 1632 1121 1674 contingimus,

163 1696 235 1720 cum
261 1687 329 1720 eius
353 1687 539 1720 vulneribus
562 1687 600 1718 ad
627 1686 820 1719 tolerantiam
845 1694 1030 1723 armamur3
1059 1684 1123 1725 pri-

163 1749 232 1774 mae
262 1741 341 1774 Petri
374 1744 510 1783 quarto:
539 1753 554 1768 «τ
572 1740 697 1772 Christo
721 1739 816 1781 igitur
841 1747 932 1780 passo
955 1738 985 1770 in
1010 1746 1122 1776 carne,

163 1799 193 1827 et
217 1803 272 1827 vos
295 1794 402 1827 eadem
428 1793 613 1835 cogitatione
635 1792 800 1824 armamini
819 1805 848 1822 ».

252 1849 303 1879 87.
330 1845 449 1879 Adhuc
473 1845 533 1878 illo.
552 1845 697 1888 loquente
720 1848 778 1877 etc.
805 1845 971 1886 Postquam
987 1843 1124 1877 ostendit

163 1900 356 1942 Evangelista
386 1899 547 1931 Christum
571 1898 743 1931 dominum‘
759 1906 927 1939 corporum
953 1905 1010 1939 per
1033 1906 1123 1929 sana-

162 1953 277 1985 tionem
302 1951 590 1990 haemorrhoissae,
616 1950 667 1983 hic
690 1950 825 1984 ostendit
841 1950 1000 1983 Christum
1018 1950 1123 1982 domi—

161 2014 243 2037 num
267 2004 463 2037 animarum
488 2013 545 2046 per
569 2004 801 2037 suscitationem
835 2004 958 2046 puellae
970 2004 993 2035 ⁴.
1027 2003 1123 2036 Habet

161 2062 267 2091 autem
303 2058 381 2091 haec
415 2067 489 2100 pars
524 2062 662 2101 quatuor
697 2057 889 2100 particulas;
922 2057 953 2090 in
985 2066 1122 2099 quarum

161 2112 263 2154 prima
287 2112 499 2154 praemittitur
522 2112 674 2145 soliditas
697 2111 776 2154 fidei
791 2120 847 2153 per
872 2111 999 2144 modum
1017 2111 1123 2153 dispo-

161 2166 276 2198 nentis.
303 2166 445 2199 Secundo
473 2166 656 2208 adiungitur
680 2165 842 2198 idoneitas
867 2165 1044 2197 testimonii
1066 2173 1122 2206 per

162 2219 288 2252 modum
315 2219 552 2261 approbantis,
577 2219 618 2251 ibi
633 2219 668 2251 ⁵:
694 2219 734 2251 Et
756 2228 832 2250 cum
853 2218 1055 2260 pervenisset
1077 2217 1123 2249 ad

161 2272 297 2305 domum
328 2277 385 2306 etc.
419 2273 524 2306 Tertio
555 2272 731 2305 ostenditur
765 2271 954 2304 sublimitas
989 2269 1124 2312 imperii

162 2334 218 2367 per
241 2326 368 2358 modum
393 2326 578 2369 efficientis,
603 2325 667 2358 ibi:
693 2326 766 2367 Ipse
789 2329 899 2357 autem
925 2328 1034 2371 tenens
1050 2332 1122 2355 ma-

160 2388 243 2411 num
266 2380 346 2411 eius.
372 2380 491 2421 Quarto
513 2382 641 2411 notatur
673 2378 843 2411 celebritas
873 2377 1036 2410 miraculi
1065 2385 1121 2418 per

162 2433 290 2465 modum
316 2433 545 2471 terminantis,
570 2433 634 2465 ibi:
661 2433 700 2464 Et
723 2432 822 2464 iussit
850 2431 900 2464 illi
923 2431 1003 2463 dari
1025 2440 1121 2463 man-

161 2486 295 2518 ducare.
323 2486 357 2519 Et
380 2486 425 2519 sic
449 2486 585 2528 perfecte
608 2485 798 2518 describitur
815 2485 1004 2517 miraculum
1021 2492 1121 2526 quan-

161 2541 228 2571 tum
253 2539 291 2572 ad
316 2539 517 2581 quadruplex
541 2548 641 2581 genus
665 2547 787 2571 causae.

251 2592 408 2625 Soliditas
432 2595 537 2625 autem
561 2591 639 2634 fidei
653 2590 917 2635 arelzisynayoyi
931 2592 1121 2625 describitur

160 2644 190 2677 in
215 2645 330 2687 duplici
356 2649 520 2687 respectu:
538 2645 641 2687 primo
658 2649 803 2687 respectu
820 2645 1044 2678 dissuasionis
1060 2644 1120 2677 liu—

233 2809 241 2824 ¹
264 2811 337 2836 Vers.
357 2811 400 2836 38.
418 2824 453 2829 —-
472 2809 588 2836 Subinde
607 2811 732 2842 allegatur
751 2811 819 2836 loau.
840 2812 886 2843 20,
906 2811 949 2837 27.

232 2852 243 2868 ²
262 2854 336 2880 Vers.
355 2855 382 2880 7.
400 2868 437 2874 —
455 2855 513 2881 Duo
532 2862 607 2888 seqq.
627 2855 677 2881 loci
696 2858 755 2881 sunt
774 2855 856 2887 Apoc.
877 2855 924 2887 ⁴6,
945 2856 986 2881 ⁴5.
1005 2859 1031 2881 et
1044 2856 1119 2881 Rom.

162 2898 210 2929 ⁴3,
232 2899 278 2930 12,
306 2898 331 2924 in
360 2899 436 2925 cuius
462 2900 513 2925 flne
531 2899 613 2925 ACD
631 2906 713 2925 arma
740 2898 846 2925 saluti-5.
865 2913 901 2918 —
920 2900 1046 2931 Superius
1071 2907 1119 2932 pro

161 2941 282 2969 consistit
299 2943 321 2968 D
340 2943 499 2978 conficiatur
519 2943 550 2976 (C
568 2943 719 2977 conficiat),
738 2944 759 2968 H
778 2943 928 2978 conficitur.

231 2983 242 2999 ⁸
261 2986 356 3012 Psalm.
375 2987 417 3019 21,
441 2987 479 3013 17.
499 3002 532 3006 -
552 2988 675 3021 Sequitur
695 2988 711 3013 l.
731 2988 796 3013 Petr.
818 2987 847 3018 4,
869 2987 892 3012 l.
911 2994 967 3020 seq.

232 3028 243 3043 ¹
261 3029 313 3056 Cfr.
332 3038 412 3063 supra
431 3039 457 3058 n.
474 3032 519 3058 72.

232 3072 242 3087 ⁶
263 3074 336 3100 Vei-s.
356 3075 400 3107 5¹,
419 3075 464 3101 ubi
484 3084 533 3108 pro
551 3076 715 3111 pervenisset
739 3076 783 3110 (ita
811 3076 889 3102 etiam
918 3077 947 3102 Β.
971 3076 1067 3103 Albert.
1094 3080 1119 3103 et

161 3117 187 3143 S.
207 3118 318 3149 Thom.,
336 3118 391 3145 Cnt.
412 3126 491 3145 aurea
511 3121 535 3146 in
554 3121 617 3147 Luc.
635 3128 658 3147 c.
678 3122 702 3146 8.
722 3128 748 3146 n.
767 3120 803 3153 8.)
827 3120 937 3152 Vulgata
958 3123 983 3146 et
1003 3121 1061 3146 Vat.
1079 3128 1119 3148 ve-

161 3160 263 3194 nissen
292 3162 362 3189 idem
390 3164 501 3190 recurrit
523 3165 588 3190 intra
618 3172 644 3190 n.
663 3165 714 3196 9ος
734 3164 837 3190 tertium
857 3164 967 3191 habetur
985 3172 1013 3191 v.
1032 3165 1076 3191 54.
1094 3169 1120 3192 et

161 3209 331 3238 quartum'v.
353 3207 395 3237 55.
415 3221 450 3228 —-
469 3209 577 3235 interius
601 3216 650 3241 pro
665 3216 716 3243 per
734 3207 846 3235 modum
864 3208 1035 3236 terminantis
1062 3211 1119 3236 Vat.

160 3257 209 3284 per
227 3250 339 3278 modum
357 3251 481 3280 utilitum
491 3262 502 3285 ‚·
520 3254 566 3279 cn·-
585 3253 650 3279 iufra
669 3261 694 3279 n.
715 3254 758 3278 96.

232 3293 243 3309 ⁸
262 3296 337 3322 Vers.
358 3296 399 3321 13.

227 3337 237 3353 ⁷
258 3340 333 3365 Vers.
352 3340 394 3366 23.

231 3382 243 3397 ⁶
262 3384 383 3416 Vulgata,
403 3385 461 3410 Vat.
479 3388 504 3411 et
523 3385 559 3410 H:
579 3384 642 3412 Noli
658 3392 760 3412 veoeare
778 3385 858 3412 illum
877 3385 910 3420 [fl
929 3386 1002 3413 addit
1019 3386 1120 3414 scilicet

2088 219 2152 252 213

1193 311 1314 334 manae
1342 305 1374 335 et
1405 307 1549 345 respectu
1572 306 1805 346 persuasionis
1832 307 1987 345 divinae‚·
2010 316 2066 350 per
2091 308 2155 349 pri-

1193 363 1275 387 mam
1302 359 1443 388 tentatur
1467 360 1498 389 et
1522 366 1578 399 per
1603 359 1771 391 secundam
1798 360 1960 393 solidatur.

1282 410 1333 441 88.
1360 410 1461 450 (Vers.
1491 410 1568 451 49).
1595 412 1696 444 Primo
1721 412 1817 454 igitur
1848 418 2002 455 quantum
2026 414 2063 447 ad
2090 419 2191 447 ten-ne
2207 422 2226 443 ¹-
2243 427 2314 449 respe-

1193 462 1346 494 tationem
1372 462 1451 503 fidei
1474 472 1529 505 per
1553 464 1795 497 dissuasionem
1821 465 2007 499 humanam
2023 468 2153 500 dicitur:
2222 451 2264 470 ω’

1194 513 1314 548 ΑάΙιαο
1337 515 1391 548 illo
1416 515 1580 560 loquente,
1605 517 1723 550 scilicet
1747 519 1829 557 Iesu,
1847 520 1933 552 venit
1949 521 2087 563 quidam
2110 521 2156 553 ad

1190 567 1378 610 principem
1401 578 1610 612 summoque,-
1633 571 1720 602 venit
1750 575 1854 604 autem
1891 582 1952 604 non
1978 573 2008 605 in
2033 574 2154 606 adiuto-

1193 619 1275 652 rium
1312 621 1394 654 sicut
1430 622 1563 663 Angelus
1599 623 1721 661 honus,
1758 624 1840 656 sicut
1874 624 1990 657 dicitur
2019 626 2154 658 Danielis

1192 673 1356 706 decimo⁸z
1394 675 1573 714 «Michael‚
1606 685 1691 708 unus
1725 676 1763 709 de
1799 677 1994 719 principibus
2026 679 2153 720 primis,

1193 727 1277 759 venit
1302 728 1331 759 in
1356 728 1547 761 adiutorium
1565 741 1595 767 »3
1621 729 1674 762 sed
1699 730 1781 762 sicut
1804 731 1906 763 malus
1923 732 2053 764 nuntius
2070 732 2154 764 venit

1191 781 1229 813 ad
1261 781 1502 823 impediendum.
1542 783 1671 825 Propter
1703 784 1787 825 quod
1820 784 1918 817 addit:
1957 785 2073 817 Dicens
2104 786 2152 818 ei:

1194 834 1282 875 Quia
1305 839 1441 867 mortua
1469 840 1514 868 est
1544 835 1617 877 filia
1641 841 1720 876 tua,
1745 840 1776 870 et
1808 838 1850 870 ita
1875 847 1935 870 non
1962 842 2063 880 potest
2086 848 2153 872 esse

1192 896 1263 929 spes
1286 888 1324 920 de
1349 888 1429 927 vita,
1455 889 1628 922 secundum
1654 890 1731 923 illud
1748 891 1876 924 secundi
1895 892 2012 934 Regum
2037 892 2153 925 duode-

1191 941 1315 973 cimo⁷t
1344 954 1360 970 a
1377 942 1479 980 Nunc,
1505 943 1580 984 quia
1604 948 1750 976 mortuus
1773 949 1821 977 est
1845 945 1963 984 infans,
1988 955 2087 987 quare
2113 947 2154 979 ie-

1191 993 1288 1027 iuno?
1311 995 1458 1037 Nunquid
1484 999 1594 1038 potero
1618 1006 1767 1030 revocare
1799 1007 1870 1031 eum
1896 999 2055 1041 amplius?
2093 1000 2154 1042 Ego

1190 1047 1300 1080 vadam
1325 1049 1423 1091 magis
1446 1049 1483 1081 ad
1509 1058 1599 1089 eum,
1625 1050 1676 1083 ille
1700 1060 1762 1083 non
1788 1055 1967 1085 revertetur
1991 1052 2028 1085 ad
2054 1062 2103 1086 me
2122 1066 2150 1085 υ.

1189 1120 1234 1125 —
1252 1101 1285 1133 Et
1309 1101 1378 1134 ideo
1402 1103 1583 1145 subiungit:
1602 1104 1675 1136 Iam
1692 1104 1761 1136 noli
1775 1115 1897 1138 vexare
1914 1106 2113 1148 Maqislrum
2127 1106 2151 1145 Β,

1189 1154 1219 1187 id
1235 1159 1297 1194 est,
1316 1155 1435 1188 frustra
1458 1158 1561 1188 tecum
1586 1156 1702 1190 ducere
1725 1166 1797 1190 cum
1816 1158 1930 1191 labore.
1949 1160 2008 1192 Hoc
2026 1160 2151 1202 quidem

1188 1211 1256 1241 erat
1282 1208 1412 1241 verbum
1431 1218 1491 1241 non
1509 1209 1680 1247 credentis,
1705 1211 1864 1244 Christum
1883 1222 1973 1254 posse
1990 1212 2151 1246 mortuum

1188 1262 1350 1295 suscitare.
1370 1262 1532 1304 ignorabat
1548 1263 1630 1296 enim
1649 1264 1725 1296 illud
1752 1264 1893 1297 divinum
1911 1266 2043 1298 verbum
2067 1267 2152 1298 loan-

1188 1315 1236 1348 nis
1260 1316 1414 1358 quinto⁹:
1444 1317 1556 1357 «Quia
1593 1318 1676 1349 venit
1712 1318 1806 1357 hora,
1833 1323 1867 1350 ut
1899 1320 1952 1361 qui
1984 1320 2013 1351 in
2041 1329 2151 1352 monu-

1188 1369 1302 1402 mentis
1326 1373 1400 1401 suut
1423 1369 1552 1402 audiant
1575 1379 1682 1402 vocem
1708 1371 1770 1403 Filii
1791 1372 1859 1409 Dei,
1877 1376 1906 1404 et
1923 1372 1975 1414 qui
1994 1372 2150 1404 audierint

1188 1422 1336 1455 vivent».
1363 1422 1447 1455 Unde
1472 1422 1529 1455 iste
1553 1423 1684 1456 nuntius
1709 1433 1768 1456 non
1794 1424 1914 1457 dicebat
1939 1434 1978 1457 ex
2005 1434 2150 1457 reveren-

1189 1476 1248 1514 tia,
1273 1475 1355 1508 sicut
1387 1476 1549 1514 centurio,
1582 1485 1679 1517 supra
1702 1477 1851 1517 septimo.-
1882 1490 1896 1505 «
1914 1478 2061 1515 Domine,
2087 1479 2148 1510 noli

1189 1528 1348 1567 vexari»,
1373 1528 1426 1561 sed
1462 1537 1502 1561 ex
1538 1529 1726 1567 diffidentia,
1764 1533 1798 1561 ut
1832 1529 1950 1562 diceret
1985 1530 2060 1562 illud
2099 1530 2149 1563 lob

1189 1582 1338 1623 septimo:
1368 1594 1383 1609 α
1401 1582 1472 1614 Dies
1497 1581 1554 1614 mei
1588 1582 1726 1614 velocius
1759 1582 1971 1621 transierunt,
2001 1592 2095 1624 quam
2131 1592 2148 1615 a

1189 1637 1316 1666 texente
1348 1634 1408 1666 tela
1444 1633 1636 1672 succiditur,
1668 1637 1700 1666 et
1734 1635 1887 1666 consumti
1925 1639 1998 1667 sunt
2030 1636 2148 1677 absque

1188 1687 1252 1718 ulla
1276 1695 1331 1728 spe
1349 1700 1377 1718 n.

1276 1740 1328 1771 89.
1354 1740 1455 1780 (Vers.
1481 1741 1557 1777 50).
1582 1740 1725 1773 Secundo
1757 1744 1911 1783 quantum
1936 1742 1973 1774 ad
2009 1742 2148 1775 robora·
2161 1747 2316 1775 Dei-respe—

1188 1793 1307 1825 tionem
1330 1792 1409 1834 fidei
1425 1802 1480 1834 per
1497 1793 1688 1826 suasionem
1704 1794 1856 1826 divinam
1869 1795 2037 1828 subditur:
2058 1796 2147 1828 lesus
2215 1777 2258 1796 m

1187 1850 1312 1885 aulem,
1338 1846 1454 1878 audito
1479 1845 1538 1879 lioe
1561 1846 1676 1885 verbo,
1701 1847 1784 1889 quod
1802 1848 1919 1881 scilicet
1936 1853 2058 1890 poterat
2075 1858 2145 1882 con-

1187 1903 1295 1932 cutere
1319 1904 1454 1933 mentem
1480 1901 1737 1943 archisynagogi,
1762 1902 1853 1944 quia,
1872 1903 2045 1935 secundum
2071 1903 2147 1936 illud

1188 1953 1428 1986 Proverbiorum
1462 1954 1611 1996 vigesimo
1636 1955 1776 1993 sextum,
1807 1956 1935 1988 «verba
1966 1957 2148 1989 susurronis

1187 2007 1275 2049 quasi
1302 2007 1472 2049 simplicia,
1496 2011 1527 2040 et
1551 2008 1617 2050 ipsa
1642 2012 1807 2050 penetrant
1824 2018 1925 2051 usque
1942 2009 1980 2041 ad
1998 2010 2146 2042 interiora

1188 2061 1307 2093 ventris
1323 2074 1353 2092 ».
1379 2061 1421 2093 Ne
1445 2070 1520 2103 ergo
1545 2061 1677 2094 verbum
1705 2063 1815 2095 mortis
1847 2062 1979 2095 interius
2004 2067 2148 2105 penetra·
2171 2078 2174 2080 *

1187 2116 1253 2152 ret,
1278 2114 1406 2155 opponit
1430 2114 1562 2146 verbum
1588 2114 1683 2153 vitae;
1709 2118 1739 2147 et
1764 2115 1822 2147 hoc
1846 2119 1893 2148 est
1917 2115 2050 2148 verbum
2076 2116 2148 2148 soli-

1186 2165 1263 2199 dans
1287 2166 1379 2199 fidem
1391 2193 1398 2205 ,
1415 2167 1504 2208 quia,
1528 2167 1566 2199 ad
1584 2167 1738 2200 Hebraeos
1754 2167 1884 2207 decimo,
1906 2181 1922 2196 «τ
1939 2169 2042 2202 iustus
2059 2178 2148 2203 meus

1186 2229 1227 2252 ex
1245 2220 1305 2261 fide
1321 2220 1415 2258 vivit;
1433 2220 1543 2262 quodsi
1569 2220 1765 2253 subtraxerit
1789 2230 1836 2260 se,
1853 2231 1913 2254 non
1932 2222 2066 2264 placebit
2081 2224 2147 2255 ani-

1186 2282 1255 2306 mae
1272 2282 1358 2306 meae
1372 2286 1401 2305 n.
1420 2291 1461 2297 —-
1482 2273 1550 2306 ldeo
1565 2273 1708 2306 additur:
1734 2274 1828 2306 Dixit
1842 2276 1866 2293 ¹¹
1889 2275 1986 2316 patri
1999 2276 2145 2317 puellae.-

1188 2325 1264 2358 Noli
1290 2326 1421 2364 timere,
1451 2326 1568 2359 scilicet
1599 2335 1640 2359 ex
1672 2326 1861 2366 diffidentia;
1897 2328 1993 2360 iacobi
2025 2329 2145 2370 primo:

1191 2392 1204 2407 (ι
1224 2379 1360 2411 Postulet
1384 2383 1489 2412 autem
1515 2379 1545 2412 in
1569 2380 1644 2419 fide,
1669 2380 1744 2412 nihil
1783 2381 1948 2413 haesitans.
1979 2381 2037 2422 Qui
2062 2382 2145 2414 enim

1186 2432 1318 2465 haesitat
1342 2432 1453 2465 similis
1468 2437 1515 2466 est
1536 2433 1646 2466 fluctui
1672 2434 1781 2472 maris,
1806 2434 1860 2476 qui
1884 2443 1902 2466 a
1927 2438 2018 2467 vento
2042 2444 2146 2468 move-

1187 2488 1239 2518 tur
1262 2489 1293 2518 et
1328 2486 1552 2519 circumfertur
1570 2500 1599 2519 n.
1625 2487 1674 2520 Sic
1709 2487 1747 2519 de
1783 2487 1936 2520 Abraham
1968 2487 2084 2520 dicitur
2107 2487 2145 2520 ad

1187 2539 1339 2572 Romanos
1371 2543 1504 2581 quarto,
1534 2539 1618 2582 quod
1649 2540 1711 2572 «in
1737 2540 1943 2582 promissione
1979 2550 2039 2573 non
2077 2541 2147 2573 hae-

1185 2592 1290 2624 sitavit
1324 2592 1513 2631 diffidentia,
1536 2593 1589 2625 sed
1614 2593 1808 2626 confortatus
1842 2594 1903 2626 fide
1935 2598 1999 2632 est,
2032 2594 2145 2636 plenis-

1185 2646 1262 2678 sime
1286 2646 1404 2683 sciens,
1422 2646 1570 2688 quoniam
1595 2655 1676 2688 quae
1700 2647 1843 2688 promisit
1869 2647 1952 2680 Deus
1974 2651 2083 2689 potens
2099 2652 2144 2680 est

1184 2811 1380 2845 Magistrum];
1401 2812 1486 2837 versio
1506 2819 1536 2838 ex
1556 2811 1634 2837 Arab.
1660 2812 1751 2842 (Biblia
1777 2813 1889 2838 maxima
1908 2816 1956 2838 etc.
1977 2813 2043 2838 loan.
2064 2812 2097 2837 de
2121 2813 2143 2837 la

1184 2856 1282 2889 Haye):
1302 2856 1342 2883 Ne
1359 2862 1440 2882 vexes
1459 2855 1632 2889 Magistrum.
1652 2857 1734 2882 Etiam
1754 2858 1873 2889 Lyranus
1892 2858 1966 2882 affert
1985 2856 2011 2882 in
2025 2856 2142 2887 margine

1183 2900 1250 2925 hanc
1269 2899 1420 2925 lectionem:
1440 2899 1505 2926 Noli
1521 2906 1623 2926 vestare
1641 2900 1823 2934 Mayistrum,·
1842 2902 1886 2926 etr.
1907 2901 1983 2926 Marc.
2004 2901 2032 2931 5,
2052 2900 2094 2924 35.
2107 2912 2142 2918 —

1183 2943 1301 2969 Subinde
1320 2951 1368 2976 pro
1386 2943 1484 2970 ducet-e
1502 2945 1523 2970 H
1543 2943 1676 2976 ducendo,
1699 2948 1724 2971 et
1743 2952 1792 2977 pro
1811 2952 1873 2971 oum
1899 2944 1990 2970 labore
2009 2945 2028 2969 Α
2041 2944 2061 2968 D
2079 2949 2141 2969 eum

1183 2986 1297 3014 labores.
2121 3002 2125 3006 .

1253 3029 1265 3044 ⁹
1285 3031 1360 3057 Vers.
1379 3032 1421 3058 28.
1441 3035 1466 3058 et
1485 3032 1528 3063 25,
1547 3031 1593 3058 ubi
1613 3032 1742 3058 habentur
1761 3031 1857 3057 verba:
1876 3033 1902 3057 et
1919 3030 1966 3064 qui
1983 3028 2138 3060 audierint,

1182 3074 1279 3101 vivent.
1298 3090 1333 3095 —
1353 3077 1410 3102 Duo
1429 3084 1504 3110 seqq.
1526 3077 1575 3103 loci
1594 3080 1655 3102 suut
1675 3078 1736 3102 Luc
1757 3076 1789 3106 7,
1808 3076 1833 3100 6.
1852 3078 1878 3100 et
1897 3073 1941 3100 lob
1959 3074 1989 3104 7,
2009 3074 2034 3098 6.

1254 3119 1278 3134 ¹⁰
1297 3121 1370 3147 Vers.
1390 3122 1438 3153 22,
1459 3121 1485 3146 in
1505 3121 1579 3146 cuius
1607 3121 1657 3146 fine
1686 3121 1795 3151 Vulgata
1812 3118 1973 3152 perveniunt
1991 3117 2027 3143 ad
2045 3116 2138 3142 intima

1182 3165 1291 3192 venm's.
1311 3179 1347 3185 —
1366 3166 1489 3199 Sequitur
1508 3165 1587 3191 Hebr.
1608 3166 1653 3196 lo,
1673 3165 1717 3190 38.
1736 3165 1784 3189 Pro
1803 3170 1838 3189 ex
1856 3162 1907 3197 fide
1926 3161 1990 3188 vivit
2008 3161 2058 3188 CD
2071 3162 2091 3187 G
2104 3168 2139 3188 ea·

1182 3209 1234 3245 fide
1252 3217 1302 3237 sua
1322 3210 1392 3236 vivet
1411 3209 1440 3243 [C
1458 3208 1551 3242 υἱυὶἰ],-
1571 3210 1615 3234 cir.
1635 3207 1731 3233 Babae.
1753 3208 1783 3238 2,
1803 3207 1833 3232 4:
1847 3207 1929 3232 iustus
1942 3209 2029 3232 autem
2049 3206 2073 3231 in
2088 3206 2139 3232 fide

1182 3262 1228 3281 sua
1248 3255 1328 3280 vivet.

1254 3297 1275 3312 ¹¹
1296 3298 1422 3328 Vulgata,
1436 3303 1516 3329 quam
1530 3298 1675 3328 sequuntur
1693 3295 1715 3320 Η
1734 3298 1759 3320 et
1780 3294 1848 3324 Vnt,
1862 3293 2013 3328 Respondit.
2026 3309 2058 3313 -—-
2075 3294 2139 3320 Sub·

1184 3343 1244 3369 inde
1263 3342 1408 3373 allegantur
1426 3342 1474 3366 lac.
1496 3341 1525 3372 l,
1545 3340 1570 3365 6.
1588 3342 1614 3365 et
1633 3340 1708 3365 Rom.
1729 3339 1757 3371 6,
1777 3339 1820 3364 20.
1839 3345 1894 3372 seq.
