2476 3921
179 1031 237 1055 item,
252 1030 293 1051 cir-

170 1059 299 1083 cumspecta.

152 1663 299 1690 Admonentur

171 1690 281 1717 discipuli.

162 2349 302 2371 Coronat-ium

322 302 386 334 558

321 392 555 423 sacrosanctum
578 387 662 420 istud
686 395 819 428 corpus,
843 385 927 428 quod
951 384 1042 418 toties
1065 384 1125 417 fuit
1147 393 1206 426 pro
1221 393 1277 416 no-

320 443 369 476 bis
400 451 489 475 sacro
520 440 671 483 sanguine
702 439 909 478 rubricatum.
943 438 996 470 Hic
1025 437 1152 479 sanguis
1177 437 1276 469 inter-

316 495 418 538 pellat
437 504 502 537 pro
525 493 637 532 nobis,
662 491 835 525 secundum
860 481 936 523 illud
959 490 998 523 ad
1021 490 1177 523 Hebraeos
1198 489 1276 521 duo-

320 549 440 581 decimo
455 549 485 579 ¹:
515 560 530 575 <1
548 546 725 579 Accessistis
747 545 785 578 ad
817 543 993 577 testamenti
1025 543 1097 576 novi
1128 542 1277 575 mediato-

320 610 387 634 rem
406 573 505 633 lesum
523 603 553 632 et
570 598 730 640 sanguinis
746 597 957 639 aspersionem
970 596 1083 629 melius
1095 595 1276 637 loquentem

320 662 415 695 quam
441 652 514 685 Abel
529 664 560 691 »ς
578 651 652 693 quia
675 650 802 692 sanguis
825 649 899 682 Abel
921 648 1074 682 clamabat
1089 647 1275 686 vindictam,

320 705 493 739 secundum
518 705 595 737 illud
619 703 746 737 Genesis
762 706 897 745 quarto:
919 714 934 730 α
951 702 1019 734 Vox
1037 700 1198 742 sanguinis
1213 699 1277 732 fra-

320 759 378 791 tris
402 758 447 791 tui
472 758 545 790 Abel
569 758 682 790 clamat
704 756 743 789 ad
769 765 818 788 me
849 755 887 787 de
918 758 1004 787 terra
1024 766 1055 793 »3
1087 753 1138 786 hic
1169 756 1276 785 autem

320 811 473 844 clamabat
489 810 722 848 remissionem;
740 808 884 841 Matthaei
902 808 1052 849 vigesimo
1068 809 1176 839 sexto:
1195 819 1210 834 α
1223 806 1277 838 1110

321 864 447 906 sanguis
475 872 583 902 meus,
615 863 670 905 qui
694 871 752 904 pro
776 861 884 894 multis
907 860 1087 893 effundetur
1111 859 1142 891 in
1166 858 1277 891 remis-

321 916 438 949 sionem
462 919 662 958 peccatorum
680 928 710 946 υ.

410 970 461 1001 57.
487 968 588 1010 (Vers.
614 968 692 1008 45).
718 967 855 1008 Septimo
878 968 1032 1008 quantum
1057 964 1096 997 ad
1112 963 1276 997 orationis

320 1021 643 1063 circumspectionem
677 1019 862 1061 subiungit:
897 1019 936 1050 Et
967 1027 1043 1050 cum
1074 1016 1277 1049 surrexisset

319 1073 361 1105 ab
385 1073 534 1105 oratione
557 1076 586 1105 et
608 1073 746 1105 venisset
766 1072 814 1104 ad
829 1070 1009 1113 discipulos
1031 1079 1129 1108 suos,
1154 1068 1277 1102 invenit

318 1125 395 1158 eos2
418 1125 615 1157 dormientes
635 1134 721 1167 prae
752 1123 900 1156 tristitia.
926 1123 974 1156 Sic
998 1122 1080 1155 enim
1104 1121 1214 1154 orabat
1237 1120 1275 1153 ad

317 1178 436 1217 Deum,
461 1181 497 1210 ut
520 1181 623 1210 tamen
647 1186 709 1209 non
733 1176 972 1209 oblivisceretur
995 1175 1102 1208 ovium
1125 1183 1275 1213 suarum;

318 1231 394 1273 quin
418 1231 514 1263 immo
543 1234 590 1263 ter
621 1230 792 1272 interrupit
822 1229 1012 1267 orationem,
1037 1232 1074 1261 ut
1096 1228 1214 1260 rediret
1237 1227 1276 1259 ad

317 1284 486 1326 discipulos
517 1283 720 1323 excitandos;
757 1283 840 1316 unde
874 1282 991 1315 dicitur
1026 1281 1120 1314 Marci
1155 1280 1276 1313 decimo

318 1340 431 1380 quarto
445 1337 475 1376 Β,
500 1337 584 1379 quod
614 1350 630 1365 «
646 1336 731 1369 venit
755 1336 848 1369 tertio
872 1338 903 1368 et
919 1335 1037 1368 invenit
1053 1343 1106 1367 eos
1122 1334 1277 1367 dormien-

317 1394 365 1423 tes
380 1404 410 1422 ».
436 1391 469 1422 111
492 1399 556 1432 quo
580 1390 660 1422 mira
682 1392 813 1431 apparet
836 1388 1013 1422 sollicitudo
1036 1387 1151 1420 Christi
1168 1386 1207 1419 ad
1229 1386 1276 1419 di-

317 1444 470 1485 scipulos,
494 1443 576 1476 sicut
598 1443 713 1485 gallina
739 1438 925 1475 sollicitatur
949 1441 987 1474 ad
1011 1441 1136 1483 pullos;
1160 1440 1276 1473 Deute-

318 1497 452 1529 ronomii
476 1496 636 1538 trigesimo
660 1496 815 1529 secundo:
838 1508 853 1524 a
870 1496 957 1528 Sicut
979 1495 1085 1537 aquila
1100 1502 1276 1536 provocans

318 1549 356 1582 ad
380 1549 549 1582 volandum
572 1549 676 1591 pullos
699 1558 773 1582 suos
796 1553 827 1582 et
850 1557 947 1590 super
971 1557 1024 1581 eos
1047 1548 1181 1581 volitans
1196 1560 1227 1579 n.

407 1602 458 1634 58.
484 1602 585 1644 (Vers.
610 1602 687 1643 46.).
713 1601 799 1635 Unde
821 1604 853 1634 et
876 1599 1041 1634 subditur:
1069 1601 1108 1633 Et
1123 1600 1172 1632 ait
1188 1600 1273 1632 illis.-

320 1654 409 1696 Quid
419 1654 596 1687 dormitis?
614 1654 747 1697 Sui-pite
763 1658 791 1687 et
803 1654 817 1673 4
833 1658 936 1693 orate,
954 1663 993 1686 ne
1010 1653 1139 1686 intretis
1155 1652 1191 1685 in
1207 1656 1273 1685 ten-

318 1707 482 1740 tationem.
507 1707 617 1750 Arguit
639 1716 751 1740 eorum
774 1707 1030 1746 somnolentiam,
1055 1715 1136 1749 quae
1164 1705 1275 1739 similis

317 1763 385 1793 erat
408 1760 630 1794 somnolentiae
653 1760 753 1803 ipsius
777 1760 887 1799 lonae;
913 1760 1003 1792 Ionae
1024 1759 1176 1802 primo⁵:
1198 1772 1214 1787 α
1232 1759 1287 1791 10-,

317 1823 374 1846 1135
396 1813 555 1846 descendit
577 1813 617 1846 ad
640 1813 791 1846 interiora
814 1813 903 1846 navis
919 1816 950 1846 et
966 1812 1143 1845 dormiebat
1159 1821 1272 1854 sopore

316 1866 414 1908 gravi.
440 1866 475 1898 Et
497 1866 627 1899 accessit
650 1866 690 1898 ad
713 1875 787 1899 eum
811 1866 1022 1908 gubernator,
1047 1865 1172 1898 dicens:
1191 1864 1281 1906 Quid'

316 1922 352 1952 tu
376 1922 487 1961 sopd're
510 1919 698 1961 deprimeris
713 1922 749 1952 »ἲ
773 1919 823 1952 Sic
845 1921 877 1952 et
899 1918 1051 1951 Dominus
1078 1918 1160 1950 dixit
1184 1918 1275 1950 Petro

316 1972 410 2005 Marci
434 1972 554 2018 decimo
578 1975 714 2014 quarto:
744 1985 760 2001 «
777 1972 900 2011 Simon,
924 1971 1063 2004 dormis?
1088 1971 1153 2004 Non
1172 1970 1275 2013 potui-

316 2025 355 2058 sti
379 2034 443 2057 una
465 2025 545 2057 hora
576 2024 705 2067 vigilare
731 2034 856 2058 mecum
872 2028 910 2057 n?
934 2024 1137 2057 Dormiebant
1167 2026 1274 2056 autem

316 2087 377 2110 non
401 2087 443 2111 ex
474 2078 620 2120 crapula,
652 2077 734 2111 sicut
765 2078 834 2116 ille,
865 2077 904 2110 de
935 2086 999 2119 quo
1030 2076 1274 2109 Proverbiorum

316 2131 465 2173 vigesimo
497 2130 637 2163 tertio⁶:
676 2144 691 2159 «
708 2130 776 2164 Eris
807 2131 889 2163 sicut
919 2130 1079 2163 dormiens
1109 2129 1141 2162 in
1173 2129 1274 2162 medio

315 2184 396 2216 mari
426 2187 457 2216 et
489 2184 570 2217 sicut
597 2183 718 2226 sopitus
750 2183 961 2226 gubernator,
993 2183 1107 2216 amisso
1138 2182 1273 2222 clavo»,

316 2230 382 2269 sed'
400 2246 441 2269 ex
474 2237 628 2270 moestitia
659 2240 802 2276 tantum;
835 2237 919 2270 unde
950 2235 1095 2269 Matthaei
1124 2235 1274 2278 vigesimo

317 2291 424 2320 sexto:
444 2301 459 2316 «
472 2289 568 2321 Erant
582 2289 665 2321 oculi
681 2298 793 2322 eorum
809 2289 930 2331 gravati
946 2297 1022 2331 prae
1038 2288 1166 2321 tristitia
1182 2301 1212 2320 ».
1229 2307 1274 2311 —

318 2340 351 2372 In
363 2341 422 2374 1100
438 2341 534 2383 igitur
551 2344 681 2383 apparet
696 2341 777 2374 mira
793 2341 1032 2384 circumspectio
1048 2341 1164 2374 Christi
1180 2350 1274 2374 oran-

318 2393 375 2433 tis,
400 2394 475 2435 quia
498 2397 547 2426 ter
571 2394 663 2427 rediit
686 2394 725 2427 ad
748 2394 919 2436 discipulos
946 2395 985 2427 ad
1016 2394 1219 2428 excitandum
1242 2397 1274 2427 et

318 2445 433 2478 iterum
456 2449 504 2479 ter
529 2446 622 2479 rediit
644 2446 682 2479 ad
706 2447 806 2479 Deum
830 2447 1006 2487 orandum3
1038 2450 1075 2480 ut
1102 2447 1146 2480 sic
1176 2447 1272 2480 mani-

390 2651 398 2665 ¹
420 2652 495 2677 Vers.
514 2651 556 2677 24.
575 2666 610 2671 —
630 2652 686 2677 Duo
705 2659 779 2685 seqq.
799 2653 847 2678 loci
867 2656 927 2678 sunt
944 2653 1007 2678 Gen.
1029 2653 1059 2684 4,
1081 2654 1122 2679 10.
1141 2656 1166 2679 et
1185 2654 1272 2680 Matth.

318 2696 367 2727 26,
386 2696 428 2721 28.
447 2695 499 2721 Cir.
517 2696 656 2727 Bernard.,
676 2696 755 2728 Epist.
774 2696 799 2722 7.
819 2703 845 2721 n.
867 2697 908 2721 11.

389 2739 399 2754 ²
418 2740 501 2766 Codd.
519 2741 539 2766 A
551 2740 601 2766 CD
621 2740 700 2773 ipsos.

389 2783 399 2798 ¹³
419 2785 493 2809 Vers.
513 2784 555 2810 41.
576 2785 644 2817 (Vat.
665 2791 725 2809 eum
745 2784 766 2809 G
785 2785 879 2815 allegat
903 2785 989 2810 Matth.
1010 2785 1058 2815 26,
1079 2785 1130 2811 43:
1151 2785 1182 2811 Et
1202 2784 1273 2811 venit

318 2829 416 2855 ilerum
435 2830 459 2854 et
476 2828 577 2854 invenit
594 2828 664 2861 ete).
676 2842 711 2847 —
725 2828 841 2854 Subinde
859 2829 986 2860 allegatur
1005 2829 1080 2854 Deut.
1103 2829 1150 2860 32,
1171 2829 1212 2860 11;
1225 2829 1272 2854 cfr.

317 2879 396 2904 supra
416 2879 439 2898 c.
462 2872 504 2897 13.
526 2879 551 2898 n.
572 2872 616 2897 74.

388 2915 399 2929 ⁴
419 2916 482 2941 Vat..
496 2912 557 2941 cum'
577 2916 688 2948 Vulgata
709 2916 803 2942 omittit
821 2918 858 2949 et,
878 2917 949 2949 quod
963 2916 1086 2942 exhibent
1099 2916 1175 2942 etiam
1190 2917 1272 2949 Beda,

318 2959 394 2986 Card.
413 2961 503 2992 Hugo,
523 2961 550 2985 B.
570 2959 666 2986 Albert.
685 2964 710 2986 et
729 2962 753 2987 S.
775 2961 884 2992 Thom.‚
911 2960 966 2987 Cat.
994 2967 1072 2987 aurea
1097 2961 1122 2986 in
1142 2961 1204 2986 Luc.
1229 2962 1271 2987 22.

317 3011 343 3029 n.
365 3005 406 3030 12.
425 3018 460 3023 —-
477 3005 567 3030 Glossa
587 3004 767 3031 interlinearis
788 3005 829 3038 (ex
848 3005 947 3038 Beda).
969 3004 1040 3037 Quid
1058 3004 1204 3032 dormitis?
1222 3005 1273 3037 Ap-

317 3052 405 3081 paret,
424 3049 485 3082 quia
505 3056 553 3081 pro
573 3049 620 3075 illis
638 3052 772 3081 oraverat,
794 3057 861 3083 quos
880 3053 969 3075 monet
987 3050 1133 3076 orationum
1162 3057 1270 3076 suarum

317 3092 450 3124 vigilando
469 3096 494 3118 et
511 3093 612 3119 orando
631 3090 771 3126 participes
790 3094 906 3120 existere.
926 3093 1051 3128 Suroite,
1073 3095 1162 3126 orate,
1181 3101 1214 3120 ne
1233 3093 1271 3120 in-

318 3128 392 3162 tretis
411 3136 440 3162 in
459 3136 644 3169 tentationem,
666 3137 693 3163 id
713 3140 764 3170 est,
783 3144 818 3163 ne
836 3138 863 3163 in
888 3145 937 3164 vos
956 3138 1021 3164 calix
1040 3145 1115 3164 meae
1142 3138 1271 3170 passionis

317 3180 459 3206 incumbat.
1189 3186 1190 3191 ¹

388 3223 399 3239 ⁶
417 3225 492 3251 Vers.
512 3225 536 3251 5.
556 3228 582 3251 et
601 3226 624 3250 θ.
644 3239 679 3244 -
697 3226 820 3259 Sequitur
839 3227 916 3252 Marc.
938 3226 982 3259 14,
1003 3226 1044 3252 37.

387 3267 398 3309 ξ’
417 3269 492 3295 Vers.
510 3269 553 3295 34.
572 3272 597 3295 et
615 3270 710 3296 deinde
738 3270 825 3296 Matth.
845 3271 893 3302 26,
914 3270 961 3303 43,
990 3270 1014 3296 111
1043 3277 1097 3303 quo
1125 3270 1184 3296 Vat.
1209 3276 1270 3296 cum

317 3313 426 3345 Vulgata
448 3306 570 3339 omittunt
585 3320 655 3347 prae
673 3313 797 3347 tristitia,
826 3315 909 3348 quodr
927 3310 1038 3340 h'a'betur
1065 3315 1127 3340 Luc.
1153 3315 1199 3346 22,
1222 3314 1270 3345 45,

316 3356 361 3382 ubi
380 3357 470 3382 Glossa
489 3356 690 3384 interlinearis:
716 3359 781 3384 Prae
807 3359 908 3385 tristitia
936 3365 1058 3384 somnum
1086 3359 1192 3385 vincere
1217 3365 1270 3384 non

316 3404 426 3433 possunt
445 3401 502 3434 (cfr.
520 3402 604 3435 Beda,
624 3403 666 3428 lV.
686 3403 712 3428 in
731 3403 809 3429 Marc.
827 3403 875 3434 14,
896 3402 958 3436 37.).
979 3403 1099 3434 Hieron.,
1127 3403 1170 3429 lV.
1196 3402 1271 3429 Com-

316 3448 395 3471 ment.
415 3445 440 3471 in
460 3446 547 3472 Matth.
566 3446 614 3478 26,
635 3446 677 3472 43.
696 3454 772 3480 seq.:
800 3447 1015 3479 Languescebant
1033 3450 1120 3473 autem
1139 3450 1165 3473 et
1183 3447 1270 3479 oppri-

899 296 1092 330 COMMENT.
1117 296 1157 342 IN¹
1180 294 1417 328 EVANGELIUM
1440 293 1557 327 LUCAE
1580 292 1612 325 C.
1636 292 1724 325 XXII.

1340 382 1417 416 feste
1448 381 1644 420 ostenderet,
1676 380 1760 423 quod
1792 380 1952 423 piissimus
1981 382 2013 413 01
2043 379 2298 422 vigilantissimus

1340 439 1408 469 erat
1431 438 1463 468 et
1485 434 1524 467 ad
1548 434 1691 467 subditos
1718 437 1749 467 et
1779 433 1818 466 ad
1841 434 1956 472 Deum,
1981 436 2129 475 tanquam
2161 432 2299 475 optimus

1300 488 1510 531 praelatus.
1535 505 1579 511 --
1602 487 1783 519 insinuatur
1806 485 1900 519 etiam
1932 485 1964 518 in
1995 485 2073 524 1100,
2102 485 2187 527 quod
2209 485 2300 518 Chri-
2314 493 2453 542 eororam),

1341 544 1409 574 stus
1433 544 1481 573 ter
1505 540 1616 573 oravit
1637 539 1776 572 eundem
1798 548 2002 577 sermonem,
2026 538 2112 580 quod
2131 538 2232 586 oratio
2247 547 2300 571 no·

1341 598 1407 627 stra
1430 594 1522 627 debet
1545 602 1614 626 esse
1636 592 1674 625 ad
1701 592 1806 624 Deum
1823 591 1952 624 trinum
1965 592 2002 611 7·
1991 591 2119 629 d‚ebet
2141 582 2209 624 esse
2225 600 2299 624 con-

1340 651 1390 680 tra
1414 647 1533 689 triplex
1546 655 1653 689 yemis
1669 645 1911 682 tentationum,-
1934 644 2027 677 debet
2042 653 2110 677 esse
2124 644 2300 678 secundum

1341 700 1502 743 triplicem
1526 704 1639 732 actum
1664 698 1893 741 potentiarum
1925 697 2069 739 imaginis
2099 697 2214 730 mentis
2243 707 2300 730 no-

1340 757 1424 786 strae
1437 753 1450 773 8
1460 779 1468 793 ,
1485 756 1516 786 01
1532 752 1707 786 secundum
1725 751 1886 793 triplicem
1905 749 2117 793 theologicam
2132 750 2298 789 virtutem,

1340 807 1434 839 fidem
1458 806 1593 845 scilicet,
1618 814 1705 848 spem
1729 808 1760 838 01
1775 804 1960 843 caritatem;
1977 803 2070 836 debet
2085 812 2153 836 esse
2169 806 2299 846 propter

1340 859 1460 902 tripleae
1484 859 1606 892 bonurn
1629 858 1890 901 assequendum,
1923 856 2040 891 scilicet
2063 857 2204 896 veniam,
2228 865 2300 899 gra-

1341 912 1414 944 tiam
1439 914 1471 944 et
1493 911 1643 954 gloriam,
1675 920 1732 944 seu
1754 910 1944 949 bonitatem,
1968 909 2129 942 scientiam
2152 912 2185 942 et
2207 909 2299 942 disei-

1341 964 1475 1006 plinam,
1500 964 1674 997 secundum
1699 963 1777 996 illud
1802 963 1963 996 Psalmi⁹:
1985 976 2001 991 α
2018 962 2190 996 Bonitatem
2206 966 2237 996 et
2252 962 2299 995 di-

1340 1017 1502 1059 sciplinam
1526 1020 1557 1050 et
1580 1017 1741 1050 scientiam
1765 1016 1842 1049 doce
1865 1025 1917 1049 me
1932 1029 1964 1048 ».
1983 1015 2074 1048 —ln
2098 1015 2158 1048 1100
2174 1017 2298 1054 autem,

1339 1069 1423 1112 quod
1449 1073 1497 1102 ter
1519 1064 1670 1102 visitavit
1692 1079 1764 1108 eos,
1789 1069 2001 1111 significatur,
2031 1068 2115 1111 quod
2146 1067 2300 1101 Dominus

1339 1125 1388 1155 ter
1404 1122 1509 1155 visitat
1524 1122 1660 1161 animas,
1685 1122 1803 1155 50111001
1826 1121 2029 1155 confortando
2049 1121 2232 1160 irascibile,
2249 1129 2299 1156 ze<

1339 1175 1406 1208 lum
1420 1175 1634 1215 immittendo,
1652 1175 1829 1214 rationale,
1846 1175 1953 1208 lumen
1969 1174 2162 1207 infundendo
2175 1177 2207 1207 et
2223 1183 2298 1207 con-

1339 1227 1547 1270 cupiscibile,
1578 1228 1769 1261 desiderium
1800 1228 2033 1261 inflammando.
2058 1228 2189 1270 Propter
2213 1227 2299 1270 quod

1339 1281 1392 1314 Iob
1415 1281 1577 1323 trigesimo
1601 1281 1695 1314 tertio
1711 1281 1757 1313 ¹⁰:
1787 1294 1803 1310 «
1819 1281 1898 1314 Haec
1921 1281 2026 1314 omnia
2048 1283 2199 1323 operatur
2214 1281 2299 1314 Deus

1340 1334 1443 1367 tribus
1471 1334 1593 1367 vicibus
1624 1343 1681 1376 per
1712 1334 1870 1376 singulos,
1896 1338 1931 1367 ut
1954 1337 2081 1367 revocet
2103 1334 2223 1367 animas
2246 1343 2299 1367 eo-

1339 1396 1411 1419 rum
1435 1396 1454 1419 a
1477 1387 1680 1429 corruptione
1703 1390 1735 1420 et
1758 1387 1914 1420 illuminet
1929 1387 2000 1420 luce
2016 1387 2190 1420 viventium
2206 1400 2299 1420 1».-

1340 1440 1376 1473 Et
1398 1440 1444 1473 sic
1466 1440 1643 1483 completur
1667 1449 1743 1483 pars
1765 1440 1860 1480 haec,
1885 1449 1966 1483 quae
1990 1443 2037 1473 est
2053 1440 2091 1473 de
2107 1441 2296 1483 praeambu-

1339 1493 1377 1527 lis
1400 1493 1438 1526 ad
1463 1494 1649 1535 passionem.

1362 1599 1529 1639 Secundo,
1553 1599 1593 1632 de
1614 1599 1770 1642 passione
1792 1599 1904 1643 quoad
1925 1609 1983 1633 sex
2006 1600 2274 1633 concomitantia.

1429 1706 1480 1738 59.
1505 1704 1626 1738 Adhuc
1649 1715 1684 1738 οο
1708 1705 1873 1750 loquente,
1896 1715 1976 1745 ecce,
2002 1705 2103 1738 turba
2126 1708 2185 1739 010.
2211 1706 2298 1739 Post-

1338 1767 1433 1801 quam
1464 1758 1629 1800 descripsit
1660 1758 1864 1801 praeambula
1886 1759 1925 1792 ad
1949 1759 2142 1801 passionem,
2167 1759 2219 1793 hic
2250 1768 2298 1792 se-

1339 1811 1442 1845 cundo
1456 1812 1483 1831 11
1500 1811 1649 1844 describit
1666 1812 1933 1845 concomitantia.
1951 1812 2030 1845 Haec
2046 1815 2150 1845 autem
2168 1812 2299 1845 fuerunt

1338 1873 1414 1904 sex,
1439 1864 1557 1898 scilicet
1580 1864 1696 1898 Christi
1720 1864 1983 1908 comprehensio,
2016 1865 2234 1907 comprehensi
2258 1865 2298 1898 il-

1339 1918 1443 1957 lusio,
1468 1918 1551 1951 illusi
1575 1919 1765 1958 accusatio,
1789 1919 1927 1952 accusati
1951 1919 2198 1958 condemnatio,
2221 1928 2297 1952 con-

1338 1971 1475 2004 demnati
1499 1970 1696 2013 crucifixio,
1714 1972 1860 2005 crucifixi
1884 1976 1916 2005 et
1939 1982 2032 2005 mors
2055 1976 2085 2005 et
2107 1972 2295 2006 tumulatio.

1339 2024 1518 2056 Secundum
1542 2024 1601 2057 hoc
1624 2033 1700 2067 ergo
1724 2034 1798 2067 pars
1820 2025 1879 2058 ista
1903 2025 1998 2059 habet
2014 2034 2093 2065 sex;
2110 2025 2142 2058 in
2158 2035 2296 2068 quarum
2327 2023 2330 2025 ’

1338 2077 1440 2119 prima
1462 2077 1568 2119 agitur
1591 2077 1630 2110 de
1646 2077 1761 2110 Christi
1778 2077 2072 2121 comprehensione.
2090 2079 2124 2112 In
2140 2079 2296 2119 secunda,

1339 2129 1378 2162 de
1391 2129 1460 2162 eius
1473 2129 1635 2168 illusione,
1649 2129 1691 2162 ibi
1706 2131 1731 2149 ¹2
1743 2142 1750 2162 ι
1769 2131 1809 2163 Et
1821 2130 1899 2170 viri,
1913 2131 1972 2174 qui
1984 2130 2132 2164 tenebant
2147 2140 2222 2164 eum
2234 2134 2293 2165 etc.

1337 2182 1371 2215 In
1394 2182 1503 2222 tertia,
1527 2182 1566 2215 de
1590 2182 1821 2222 accusatione,
1844 2183 1910 2216 ibi:
1945 2184 1985 2216 Et
2013 2194 2157 2227 suryens
2188 2184 2296 2217 omnis

1337 2234 1526 2274 multitudo,
1543 2235 1680 2278 capitulo
1696 2236 1846 2278 vigesimo
1862 2236 1955 2269 tertio
1968 2236 2005 2269 ¹³.
2024 2237 2057 2269 ln
2073 2240 2187 2279 quarta
2202 2246 2294 2277 vero,

1337 2288 1375 2321 de
1399 2288 1686 2328 condemnatione,
1710 2289 1775 2322 ibi:
1809 2289 1943 2322 Pilatus
1974 2294 2105 2329 autem,
2137 2299 2296 2323 convoca-

1338 2341 1380 2374 tis
1404 2345 1462 2375 etc.
1488 2342 1521 2374 In
1545 2342 1672 2384 quinta,
1696 2342 1735 2375 de
1751 2341 1983 2385 crucifiaeione,
2000 2342 2062 2375 ibi:
2079 2342 2296 2376 Ducebantur

1337 2398 1448 2427 autem
1471 2399 1502 2428 et
1523 2395 1586 2428 alii
1607 2398 1665 2428 etc.
1691 2395 1724 2428 In
1745 2398 1836 2428 sexta
1856 2404 1950 2435 vero,
1967 2395 2006 2429 de
2022 2399 2125 2429 morte
2140 2399 2171 2429 et
2185 2399 2296 2429 tumu-

1338 2447 1469 2487 latione,
1493 2448 1557 2481 ibi:
1583 2449 1668 2481 Erat
1690 2452 1802 2482 autem
1825 2447 1896 2491 fere
1919 2447 2005 2482 liora
2028 2453 2132 2482 sexta.

1335 2653 1476 2680 mebantur
1494 2654 1680 2686 Apostolorum
1699 2654 1767 2681 oculi
1785 2655 1924 2686 negatione
1943 2655 2038 2680 vicina.
2057 2656 2085 2681 ln
2103 2654 2248 2681 Comment.
2266 2655 2295 2688 in

1337 2698 1414 2723 Marc.
1436 2698 1482 2730 14,
1503 2698 1546 2724 37.
1568 2698 1645 2734 (inter
1663 2705 1743 2730 opera
1768 2698 1903 2732 Hieron.):
1932 2699 2004 2725 Sicut
2031 2699 2166 2725 dormiunt
2193 2703 2294 2732 mente,

1337 2742 1374 2767 sic
1393 2745 1419 2767 et
1437 2748 1556 2774 corpore.

1408 2784 1418 2799 '¹
1439 2786 1591 2812 Secundum
1618 2787 1736 2812 Glossam
1764 2786 1936 2813 ordinariam
1955 2787 1981 2813 in
2001 2788 2090 2814 Matth.
2114 2788 2162 2820 26,
2189 2787 2232 2814 44.
2251 2787 2292 2821 (ex

1336 2829 1483 2855 Comment.
1503 2830 1528 2855 in
1547 2830 1624 2856 Marc.
1644 2830 1692 2862 14,
1712 2831 1754 2856 38.
1773 2837 1863 2864 seqq.,
1882 2831 1955 2864 quod
1983 2831 2095 2858 habetur
2119 2832 2186 2858 inter
2209 2839 2290 2864 opera

1337 2872 1470 2905 Hieron.);
1490 2873 1515 2898 in
1534 2873 1627 2899 eadem
1647 2874 1736 2899 Glossa
1755 2874 1834 2899 etiarn
1853 2881 1910 2907 seq.
1928 2874 1995 2900 ratio
2015 2875 2055 2908 (ex
2075 2875 2293 2909 August.,1.Qq.

1337 2918 1501 2949 Evangelior.
1520 2925 1547 2951 q.
1567 2918 1620 2950 47.)
1641 2918 1802 2944 insinuatur:
1821 2919 1897 2951 Item,
1916 2919 1984 2945 sicut
2001 2922 2041 2945 est
2053 2920 2118 2949 trina
2132 2920 2238 2946 tentatio
2251 2927 2293 2947 cu-

1336 2960 1465 2993 piditatis,
1484 2961 1518 2987 ita
1538 2964 1563 2987 et
1581 2961 1690 2987 timoris.
1709 2962 1753 2987 Est
1770 2962 1840 2987 enim
1860 2962 2070 2994 concupiscentia
2088 2963 2187 2996 carnis,
2200 2970 2292 2990 concu-

1336 3004 1460 3037 piscentia
1488 3005 1624 3031 oculorum
1643 3008 1668 3031 et
1687 3005 1796 3031 ambitio
1815 3006 1911 3032 saeculi
1930 3005 1961 3040 [l.
1981 3007 2050 3032 loan.
2069 3008 2099 3040 2,
2122 2998 2172 3041 1'6.]
2183 3017 2191 3039 ;
2210 3011 2249 3040 est
2267 3011 2292 3034 et

1335 3049 1413 3074 timor
1432 3049 1524 3075 mortis
1548 3052 1573 3075 et
1600 3049 1679 3075 timor
1697 3050 1812 3075 utilitatis
1830 3053 1855 3075 et
1873 3050 1952 3076 timor
1979 3051 2090 3084 doloris,
2115 3054 2204 3078 contra
2223 3059 2292 3086 quac

1327 3093 1423 3119 omnia
1443 3092 1522 3119 docet
1537 3100 1586 3119 1105
1604 3093 1703 3119 debere
1721 3094 1816 3120 muniri
1836 3094 1958 3120 oratione
1972 3098 2021 3121 etc.

1406 3136 1417 3152 ⁸
1436 3137 1537 3164 Scilicet
1549 3138 1705 3168 memoriae,
1718 3138 1902 3170 intelligentiae
1915 3143 1940 3165 et
1952 3140 2108 3172 voluntatis5
2121 3141 2166 3166 cfr.
2180 3141 2209 3167 11.
2222 3141 2290 3168 Sent.

1335 3182 1361 3208 d.
1382 3182 1424 3208 16.
1443 3189 1467 3207 a.
1486 3183 1512 3208 2.
1533 3189 1559 3215 q.
1579 3183 1603 3208 3.

1405 3225 1417 3240 ⁹
1435 3227 1529 3253 Psalm.
1550 3227 1613 3260 118,
1633 3227 1675 3252 66.
1695 3226 1746 3253 Csr.
1765 3226 1842 3254 Card.
1861 3227 1950 3260 Hugo,
1971 3228 1997 3254 iri
2015 3229 2077 3255 Luc.
2098 3230 2147 3261 22,
2167 3229 2210 3256 45.

1405 3269 1428 3285 ¹⁰
1447 3271 1522 3297 Vers.
1543 3271 1584 3296 29.
1604 3275 1628 3297 et
1649 3271 1690 3296 30.
2006 3272 2027 3287 ¹¹
2047 3272 2098 3299 Cir.
2116 3280 2197 3305 supra
2216 3280 2242 3299 n.
2263 3274 2287 3299 1.

1405 3313 1427 3329 ¹⁹
1447 3315 1521 3341 Vers.
1541 3315 1590 3346 63,
1609 3314 1655 3340 ubi
1674 3322 1723 3347 pro
1741 3322 1803 3342 eum
1823 3316 1867 3350 (ita
1885 3316 1963 3342 etiam
1977 3317 2006 3342 B.
2018 3316 2129 3348 Albert.,
2148 3317 2174 3343 S.
2195 3317 2289 3343 Thom-

1333 3361 1359 3384 et
1376 3358 1519 3392 Gorranns)
1540 3359 1651 3390 Vulgata
1670 3358 1762 3390 illum,
1786 3359 1844 3386 Vat.
1862 3361 1960 3386 lesum.

1405 3401 1427 3417 ²³
1446 3403 1522 3429 Vers.
1542 3403 1551 3428 1
1562 3412 1570 3434 ;
1589 3406 1681 3436 quarta
1710 3410 1771 3436 pars
1796 3404 1886 3436 incipit
1911 3411 1939 3431 v.
1960 3405 2009 3438 13;
2037 3399 2131 3438 quinta
2153 3412 2179 3431 v.
2198 3405 2254 3435 32,

1333 3450 1405 3473 sexta
1421 3454 1448 3473 ν.
1467 3446 1508 3473 44.

2312 1022 2448 1045 coronarium
