2427 3872
292 266 354 297 686

555 306 619 332 CHR
640 305 678 336 (l)

292 354 325 378 40
344 366 379 372 —
397 354 437 378 est
454 351 533 376 Filius
557 348 707 381 unigenitus
730 347 811 372 Patris
836 345 870 371 ab
889 352 928 371 ae-

291 401 365 423 terno
385 396 488 427 genitus
510 394 543 419 84
571 393 605 418 55
623 406 658 411 —
677 394 716 417 est
739 391 818 416 Filius
837 390 929 421 unige-

291 441 359 466 nitus
379 439 499 465 Altissimi
520 445 566 470 per
585 437 695 469 gratiam
715 434 819 461 unionis
841 433 875 459 24
894 434 927 459 56

345 499 377 502 -
396 487 435 509 εει
454 483 536 512 Deus,
555 481 616 514 quia
642 481 715 505 Pater
737 485 798 504 eum
818 477 929 503 sanctifi-

290 529 374 560 cavit,
394 528 420 553 id
439 530 478 552 est
495 528 612 551 sanctum
636 523 742 555 genuit,
766 526 792 548 et
810 522 880 547 misit
904 521 928 546 in

290 573 419 598 mundum
434 565 471 595 'Vt
492 570 542 595 392
564 569 595 594 47
609 582 644 587 —
657 571 696 593 est
714 568 797 598 Deus⁷
817 566 864 598 qui
881 572 929 590 nos

289 616 402 646 creavit,
420 618 446 640 et
469 614 607 643 Dominus,
627 612 673 644 qui
699 618 747 636 nos
765 609 929 641 comparavit

290 665 318 687 nt
327 667 418 686 servos
428 658 574 684 secundum
589 656 776 682 humanitatem
788 655 816 680 54
824 655 839 679 6
850 654 883 679 59
894 667 929 673 --

289 708 328 731 εει
347 704 424 730 Filius
439 703 497 734 Dei,
517 709 569 727 non
583 701 651 726 filius
670 700 719 725 viri
733 700 776 725 Vll
793 698 827 724 25
847 698 880 723 64
893 711 929 716 --

289 756 340 775 non
360 748 439 774 habet
456 750 558 779 patrem
578 745 626 771 nisi
646 745 728 770 Deum
748 744 799 769 238
819 743 853 768 65

341 807 375 811 -
394 792 489 818 dicitur
513 789 593 824 qnasi
615 788 769 820 Unigenitus
788 794 839 812 non
859 793 929 812 com-

290 837 424 870 paratione
443 836 485 861 vel
504 834 688 865 similitudine,
702 832 748 858 sed
762 831 929 864 expressione

290 882 323 908 Vl
343 880 394 907 254
414 880 447 906 35
466 894 502 897 ——
521 882 559 904 est
578 877 697 903 Verbum
718 877 799 902 Patris
817 875 930 908 placitis-

289 926 385 952 simum
410 927 436 950 et
463 922 681 956 perfectissimum
708 922 752 946 Vll
779 920 812 945 84
841 920 875 945 56
894 933 929 938 —

289 970 361 996 ducit
379 969 412 994 ad
431 969 533 993 Patrem
554 970 581 992 ut
604 965 723 992 Verbum
743 968 769 991 et
786 965 875 990 lumen
895 963 928 988 Vt

290 1014 341 1040 422
361 1013 401 1038 64.
432 1012 483 1038 424
507 1012 536 1037 71
561 1026 595 1029 -
615 1014 654 1036 est
682 1017 713 1035 οε
741 1010 783 1035 νεὶ
809 1007 928 1033 Verbum

289 1058 371 1084 Patris
388 1056 535 1083 secundum
556 1054 722 1080 Divinitatem
742 1054 785 1079 Vll
805 1053 839 1078 73
861 1053 893 1077 43

343 1116 378 1120 -
396 1101 512 1127 enuntiat
531 1100 643 1131 Patrem,
662 1106 677 1124 a
696 1105 750 1131 quo
762 1097 883 1129 procedit
895 1097 929 1122 Vl

290 1146 341 1172 459
362 1147 395 1172 22
422 1160 457 1164 -
483 1147 522 1170 εει
549 1145 592 1169 via
617 1142 798 1175 cognoscendi
826 1142 929 1167 Patrem

289 1191 342 1216 359
366 1190 400 1216 25
418 1204 454 1221 7-
482 1190 529 1215 Per
554 1188 684 1214 Christum
712 1188 780 1212 Deus
807 1185 931 1212 omnibus

289 1235 401 1261 innotuit
429 1234 480 1260 433
510 1233 543 1259 44
562 1247 597 1251 —-
616 1232 813 1264 cognoscentes
837 1230 929 1255 Filium

289 1282 452 1312 cognoscunt
480 1277 656 1305 Μαι-11111359
685 1277 729 1302 25.
761 1276 811 1301 470
838 1274 871 1300 44
896 1289 931 1292 —

290 1324 392 1351 Christo
415 1324 562 1355 revelante,
587 1321 755 1353 cognoscitur
779 1321 854 1345 Pater
879 1319 930 1344 476

292 1368 335 1400 44,
356 1368 389 1394 45

344 1427 379 1432 —
398 1415 509 1438 vocatur
527 1411 606 1437 Filius
624 1410 670 1435 Dei
696 1409 730 1435 ab
755 1409 813 1441 ipso
833 1409 897 1440 Deo,
916 1415 929 1433 a

292 1456 462 1483 credentibus
481 1459 506 1481 ει
524 1455 558 1481 ab
578 1454 701 1481 omnibus
721 1454 764 1479 Vll
790 1453 823 1478 25
843 1453 877 1478 64
896 1467 932 1470 -

291 1504 331 1527 est
348 1501 428 1527 Filius
446 1507 550 1526 summe
562 1499 685 1529 dilectus,
699 1505 746 1530 per
759 1504 839 1530 quem
853 1497 930 1522 etiam

293 1546 336 1571 alii
360 1545 445 1571 odiosi
471 1544 614 1576 diliguntur
638 1543 672 1568 84
701 1542 735 1567 55
763 1556 798 1560 ——
816 1548 876 1566 raro
904 1548 931 1566 se

293 1595 370 1615 vocat
390 1590 480 1615 Filium
500 1588 546 1614 Dei
566 1588 616 1613 nisi
642 1587 798 1612 necessitate
817 1586 933 1617 compul-

294 1641 339 1660 sus
358 1634 390 1659 Vl
411 1634 461 1659 269
483 1633 533 1658 103

346 1693 381 1697 -
401 1679 472 1704 solus
491 1680 530 1703 est
547 1675 667 1702 Dominus
685 1678 773 1701 noster
787 1675 819 1700 Vl
833 1675 884 1700 313
899 1674 932 1699 56

293 1738 328 1741 -
347 1725 386 1748 εει
405 1722 532 1747 Dominus
551 1724 679 1754 quantum
699 1720 732 1745 ad
746 1718 932 1745 sublimitatem

294 1767 441 1793 Divinitatis
460 1766 578 1792 occultae
597 1766 638 1791 Vll
661 1766 669 1789 «t
677 1765 710 1789 37
731 1765 746 1789 9
759 1778 794 1782 -—
808 1763 933 1789 dominus

294 1814 350 1837 erat
368 1811 487 1836 omnium
506 1816 554 1842 per
573 1810 679 1835 culmen
703 1808 863 1834 auctoritatis
883 1807 933 1832 489

296 1855 328 1881 47
349 1870 384 1873 —
413 1858 451 1880 est
474 1861 554 1879 verus
582 1853 705 1879 dominus
733 1853 880 1878 animarum
909 1856 934 1877 ct

294 1900 415 1926 cordium
435 1899 486 1924 489
507 1898 549 1924 47.
570 1897 620 1923 490
641 1898 674 1923 50

347 1958 383 1963 -
396 1945 421 1969 111
435 1943 598 1969 consessione
612 1942 756 1967 D1vinitatis
769 1941 861 1967 Christi
876 1947 934 1965 con-

296 1990 410 2015 futantur
437 1994 540 2013 errores
567 1990 593 2012 et
617 1986 739 2012 sternitur
767 1985 846 2011 totius
873 1984 935 2010 fidei

296 2033 496 2059 fundamentum
515 2032 559 2057 Vll
588 2031 639 2057 227
659 2030 692 2056 34
711 2045 747 2048 —
766 2037 818 2055 non
838 2036 935 2060 cogno-

295 2078 375 2103 scitur
393 2084 474 2102 verus
501 2076 572 2101 Deus
596 2082 644 2107 per
669 2074 814 2100 naturalem
834 2074 935 2103 lucem,

295 2122 356 2155 quia
376 2123 426 2147 hoe
445 2123 483 2146 est
497 2126 582 2157 ¹supra
601 2119 742 2149 rationem,
756 2118 803 2144 sed
817 2125 884 2150 epus
898 2120 937 2142 est

295 2166 436 2193 ascendere
455 2172 503 2197 per
521 2165 601 2190 tidem
631 2163 681 2189 474
701 2163 717 2188 7
736 2178 771 2181 —
790 2163 935 2188 secundum

295 2211 487 2238 consessionem
507 2209 642 2235 daemonis
661 2211 700 2234 est
718 2208 797 2233 Filius
817 2207 871 2238 Dei,
884 2213 935 2232 non

297 2259 416 2282 creatura
435 2261 500 2287 pura
520 2254 666 2280 secundum
685 2253 794 2278 Arianos
813 2252 864 2278 203
884 2252 918 2278 50

350 2315 385 2319 —
404 2307 457 2325 non
470 2298 664 2330 blasphemavit
677 2297 789 2323 dicendo
802 2304 831 2321 se
843 2297 935 2322 Filium

296 2345 356 2377 Dei,
376 2344 423 2370 sed
444 2344 539 2374 ludaei,
553 2343 646 2376 (1111(1ε
665 2343 719 2368 Deo
740 2341 870 2374 dicebant,
884 2349 937 2366 non

296 2396 354 2415 esse
374 2389 456 2415 Deum
476 2388 509 2414 Vl
534 2388 585 2413 392
615 2387 649 2412 47
667 2402 702 2405 -—
727 2386 776 2412 sibi
796 2386 852 2411 sine
871 2385 936 2411 blas-

296 2434 401 2466 phemia
421 2431 537 2458 attribuit
555 2438 651 2457 nomen
671 2432 716 2457 Dei
737 2434 765 2456 ut
783 2431 846 2456 Filio
865 2433 936 2456 natu-

297 2479 342 2504 rali
363 2478 413 2503 307
439 2478 482 2503 30.
508 2476 558 2502 394
588 2477 620 2502 56
640 2491 676 2494 -
696 2476 759 2501 salso
779 2475 937 2501 credebatur

298 2522 492 2554 blasphemare,
512 2521 620 2554 quando
646 2519 805 2546 attribuebat
828 2519 877 2545 sibi
897 2520 937 2545 Di-

297 2567 431 2592 vinitatem
460 2566 502 2591 vel
523 2565 659 2597 proprium
685 2565 731 2590 Dei
760 2565 804 2590 Vll
825 2565 875 2590 425
895 2564 937 2590 49.

299 2611 350 2637 565
370 2612 413 2641 83,
433 2610 466 2635 84
485 2624 521 2629 -
539 2613 677 2635 accusatur
706 2609 886 2641 blasphemiae
905 2609 936 2635 Vl

298 2655 344 2681 491
370 2655 385 2679 8

352 2712 387 2718 —
406 2698 518 2724 Credere
531 2698 556 2723 in
570 2697 702 2724 Christum
715 2704 767 2722 non
779 2700 818 2722 est
831 2697 939 2723 credere

299 2744 325 2769 in
345 2744 494 2774 hominem,
513 2743 560 2768 sed
579 2742 604 2768 in
624 2743 708 2767 Deum
729 2742 760 2767 Vl
782 2742 832 2767 422
852 2741 885 2766 63
904 2755 939 2759 ——

299 2788 437 2815 Credimus
455 2788 482 2813 in
501 2787 633 2814 Christum
652 2786 793 2812 Dominum
811 2788 938 2819 quantum

300 2833 334 2859 ad
353 2832 537 2864 Divinitatem,
556 2839 607 2857 non
634 2831 660 2856 in
688 2830 822 2856 hominem
846 2837 940 2855 secun-

301 2877 364 2903 dum
391 2877 464 2910 qnod
492 2878 572 2902 homo
601 2876 652 2901 536
682 2875 696 2901 4
718 2889 751 2893 —
780 2875 806 2900 ln
834 2874 940 2900 nomine

300 2921 394 2948 Christi
413 2921 496 2946 credit
514 2921 561 2953 qui
579 2920 663 2946 credit
675 2927 736 2945 eum
750 2920 834 2946 Deum
849 2922 874 2945 et
893 2920 940 2945 ho-

300 2966 397 2991 minem
428 2965 479 2990 252
500 2965 533 2990 27
552 2979 587 2983 -—
606 2963 723 2990 Credens
751 2964 793 2989 in*
808 2963 939 2990 Christum

301 3010 384 3036 credit
402 3010 429 3035 in
450 3010 551 3035 Patrem
572 3009 618 3034 344
645 3008 677 3034 48

354 3068 390 3073 —
409 3053 459 3086 Qui
477 3053 613 3085 cognoscit
640 3053 733 3078 Filium
758 3053 893 3085 cognoscit
916 3055 941 3078 et

302 3100 405 3124 Patrem
425 3098 458 3124 Vl
479 3097 529 3123 437
550 3098 574 3122 8.
595 3097 646 3123 439
667 3097 700 3122 19
720 3112 754 3115 -
769 3098 819 3129 Qui
833 3097 857 3122 in
869 3097 941 3123 Chri-

302 3145 372 3167 stum
400 3141 484 3167 credit
506 3148 558 3166 non
578 3141 604 3166 in
623 3141 711 3172 ipsum
740 3141 825 3166 solum
845 3140 940 3172 credit,

303 3186 350 3212 sed
369 3186 447 3211 etiam
467 3186 491 3211 in
511 3192 572 3210 eum
601 3185 646 3218 qui
667 3185 736 3211 misit
754 3192 815 3211 eum
836 3184 887 3210 424
906 3184 936 3210 71

355 3244 390 3248 -
411 3230 437 3255 111
460 3229 593 3256 Christum
621 3232 661 3255 est
684 3229 861 3260 credendum,
880 3229 941 3262 quia

304 3274 421 3307 aequalis
441 3274 522 3305 Patri;
542 3274 598 3306 ipse
616 3274 731 3306 loquitur
750 3276 776 3299 et
788 3273 893 3299 videtur
906 3280 943 3299 εε-

304 3318 421 3344 cundum
441 3319 583 3343 humanam
603 3320 723 3343 naturam
745 3318 776 3343 Vl
791 3318 837 3343 381
857 3317 895 3342 253

358 3375 393 3379 —
411 3361 560 3387 credendus
578 3364 617 3387 est
636 3361 722 3387 bonus
740 3368 793 3387 non
805 3361 890 3387 solum
903 3367 943 3387 se-

305 3405 422 3431 cundum
442 3405 514 3438 quod
533 3407 627 3438 homo,
646 3405 693 3431 sed
706 3405 852 3431 secundum
870 3405 944 3438 quod

1154 254 1268 287 INDEX
1292 254 1419 287 RERUM

967 345 1036 370 Deus
1061 343 1104 368 Vll
1130 343 1176 368 461
1202 342 1235 368 37
1254 357 1289 360 -
1307 349 1360 367 11011
1379 348 1408 367 εε
1430 341 1490 367 tecit
1508 341 1542 367 de
1562 341 1605 366 110-

967 388 1037 413 mine
1051 388 1143 417 Deum,
1157 387 1204 412 sed
1217 393 1278 412 cum
1292 386 1362 411 Deus
1375 388 1451 417 esset,
1466 386 1548 410 sactus
1567 387 1606 409 est

967 433 1047 457 homo
1066 431 1117 456 392
1139 430 1172 456 44·

1019 490 1054 493 —
1083 475 1147 507 Quia
1178 475 1204 499 in
1228 473 1330 500 Christo
1364 480 1425 499 caro
1453 473 1538 498 iuncta
1567 474 1607 497 est

966 519 1056 545 Verbo
1075 523 1194 548 aeterno,
1213 525 1264 544 vox
1294 518 1351 543 eius
1379 517 1491 542 exterior
1519 516 1605 542 iuncta

966 567 1005 589 est
1025 562 1113 589 Verbo
1132 562 1263 592 interiori,
1287 561 1418 594 principio
1438 561 1525 587 omnis
1544 567 1607 586 con-

966 608 1072 633 ditionis
1091 611 1116 633 et
1135 606 1308 639 reparationis
1327 606 1370 631 Vll
1390 605 1436 631 47l
1461 606 1495 631 25

1019 667 1054 670 --
1074 652 1152 677 Filius
1171 651 1217 676 Dei
1236 657 1284 683 per
1297 650 1482 676 contumeliam
1496 649 1607 675 vocaba-

967 700 1008 721 tur
1022 696 1091 721 filius
1106 695 1171 720 fabri
1180 714 1187 726 ‚
1199 698 1225 720 et
1237 698 1381 727 conceptus
1393 694 1427 720 de
1441 694 1538 726 Spiritu
1552 700 1608 719 san-

967 744 1008 766 cto
1028 744 1053 766 et
1073 740 1182 771 Virgine
1201 740 1307 772 genitus
1320 738 1461 765 concubitu
1475 738 1606 770 coniugali

968 785 1010 810 Vll
1030 785 1081 810 100
1102 784 1134 810 48
1148 799 1184 802 -
1197 785 1225 810 111
1238 784 1340 810 Christo
1354 790 1406 809 non
1419 786 1458 809 est
1470 783 1607 816 sequenda

966 829 1117 855 excellentia
1136 829 1200 860 Dei,
1217 829 1265 854 sed
1285 828 1419 854 humilitas
1439 828 1554 853 hominis
1573 827 1606 853 Vl

967 873 1019 899 535
1038 874 1053 899 2
1073 887 1108 892 —-
1128 873 1215 898 ludaei
1231 876 1421 904 cognoscentes
1435 871 1607 904 temporalem

966 917 1060 944 Christi
1071 917 1265 949 generationem
1273 916 1407 949 negabant
1416 919 1548 942 aeternam
1556 916 1607 941 329

967 963 1001 987 66
1019 975 1055 981 —-
1073 965 1126 988 tam
1146 961 1294 987 secundum
1320 962 1464 986 humanam
1487 963 1607 986 naturam

967 1013 1048 1039 quam
1067 1006 1214 1032 secundum
1234 1005 1352 1031 divinam
1366 1006 1411 1031 dat
1429 1005 1607 1031 testimonium

968 1058 1061 1076 verum
1082 1051 1133 1076 316
1154 1051 1187 1076 68

1020 1110 1055 1113 -
1073 1095 1167 1121 Nomen
1193 1094 1287 1121 Christi
1311 1095 1434 1127 exprimit
1452 1095 1607 1127 dignItatem

967 1141 1068 1172 regiam
1087 1143 1113 1166 et
1131 1140 1320 1166 sacerdotalem
1339 1142 1365 1165 et
1383 1139 1483 1172 gratiae
1502 1139 1610 1171 plenitu-

968 1185 1057 1211 dinem
1078 1188 1185 1216 propter
1198 1184 1327 1210 unctionis
1341 1184 1553 1217 praerogativam
1568 1184 1608 1209 Vll

969 1230 1020 1255 226
1041 1229 1074 1255 34
1093 1244 1128 1247 —
1148 1230 1173 1254 ln
1198 1229 1307 1254 nomine
1335 1228 1430 1254 Christi
1459 1228 1610 1260 intelligitur

968 1274 1083 1306 dignitas
1101 1274 1196 1305 regalis
1215 1277 1241 1299 et
1259 1273 1421 1305 prophetalis
1440 1276 1465 1299 et
1489 1273 1611 1299 sacerdo-

969 1319 1038 1351 talis,
1058 1319 1205 1344 secundum
1225 1318 1354 1350 triplicem
1368 1318 1546 1344 excellentiam
1567 1325 1611 1350 po-

969 1363 1066 1389 testatis
1084 1366 1109 1388 et
1127 1363 1244 1389 veritatis
1257 1366 1283 1388 et
1295 1363 1438 1388 sanctitatis
1457 1363 1508 1388 227
1529 1362 1562 1388 34
1576 1377 1611 1380 -

969 1408 995 1433 111
1014 1408 1121 1433 nomine
1140 1407 1234 1433 Christi
1258 1407 1410 1438 intelligitur
1438 1410 1544 1438 unctus,
1564 1414 1612 1432 un—

969 1459 1035 1484 gens
1063 1455 1088 1476 et
1112 1458 1166 1484 quo
1192 1452 1312 1483 ungitur;
1336 1458 1366 1476 ac
1391 1458 1439 1483 per
1464 1452 1514 1476 hoe
1533 1451 1611 1476 simul

969 1497 1053 1527 Pater,
1073 1496 1191 1521 Verbum
1216 1499 1242 1521 et
1266 1496 1378 1527 Spiritus
1404 1495 1456 1521 226
1475 1495 1510 1520 34
1529 1509 1565 1514 -
1584 1496 1610 1520 111

969 1541 1075 1566 nomine
1104 1540 1197 1566 Christi
1226 1540 1377 1572 intelligitur
1405 1540 1477 1566 uncti
1504 1543 1610 1570 natura,

969 1585 1064 1616 gratia,
1084 1592 1136 1617 qua
1156 1585 1272 1617 ungitur,
1292 1587 1318 1610 et
1336 1584 1463 1616 dignitas,
1482 1584 1516 1610 ad
1529 1591 1610 1617 quam

970 1629 1085 1660 ungitur,
1104 1629 1160 1654 sive
1179 1629 1295 1654 officium
1315 1628 1377 1655 ibid.
1404 1643 1438 1647 —-
1457 1630 1485 1654 111
1504 1629 1611 1654 nomine

969 1673 1063 1700 Christi
1082 1677 1108 1699 et
1136 1673 1283 1699 Divinitatis
1311 1676 1336 1699 et
1361 1673 1546 1699 incarnationis
1571 1676 1611 1699 est

969 1718 1101 1750 expressio
1120 1720 1145 1743 et
1164 1718 1230 1743 sides
1249 1718 1379 1749 passionis
1392 1716 1454 1744 ibid.
1472 1732 1507 1736 —
1527 1718 1612 1749 expri-

971 1763 1018 1788 mit
1049 1769 1189 1794 personam
1216 1769 1296 1788 unam
1328 1762 1354 1787 in
1385 1761 1490 1788 duabus
1514 1762 1614 1787 naturis

970 1806 1031 1833 ibid.
1052 1807 1102 1832 343
1124 1807 1156 1832 42

1023 1865 1059 1869 —
1078 1851 1177 1876 Nomen
1206 1850 1298 1876 Christi
1325 1853 1364 1876 est
1388 1851 1556 1883 Emmanuel,
1586 1850 1611 1876 id

971 1898 1010 1921 est
1028 1891 1168 1921 nobiscum
1187 1895 1257 1920 neus
1283 1887 1315 1920 vi
1336 1895 1387 1920 252
1407 1895 1451 1921 27.
1471 1895 1521 1920 602
1543 1896 1558 1920 2
1577 1910 1613 1913 —

971 1946 1067 1964 nomen
1086 1940 1142 1965 eius
1161 1942 1200 1965 est
1219 1939 1311 1965 Oriens
1330 1939 1374 1964 Vll
1395 1939 1427 1964 42
1449 1939 1498 1964 138
1519 1953 1555 1958 -
1576 1939 1613 1965 di-

971 1984 1038 2009 citur
1058 1985 1136 2014 lesus,
1155 1984 1217 2016 quia
1231 1984 1304 2009 venit
1317 1984 1350 2009 ad
1370 1983 1526 2009 salvandum
1540 1991 1613 2009 mun-

972 2028 1037 2053 dum
1056 2027 1107 2053 248
1135 2028 1185 2052 100
1210 2042 1245 2045 ——
1268 2031 1377 2059 propter
1402 2027 1612 2053 miscricordiam

972 2072 1117 2097 salvantem
1131 2074 1241 2097 vocatur
1260 2072 1331 2097 lesus
1348 2071 1397 2096 477
1419 2071 1452 2097 44
1465 2086 1500 2089 —
1513 2072 1613 2097 Nomen

973 2114 1065 2142 Christi
1094 2119 1133 2142 est
1161 2123 1275 2147 magnae
1305 2116 1436 2141 efficaciae
1461 2116 1613 2141 invocatum

973 2160 1051 2186 etiam
1071 2160 1105 2185 ab
1124 2161 1252 2186 extraneis
1271 2160 1323 2185 245
1343 2160 1376 2185 90

1026 2219 1061 2222 -
1080 2204 1203 2236 Operatio
1216 2204 1319 2237 Christi,
1333 2211 1402 2237 quae
1414 2207 1454 2230 est
1466 2204 1613 2230 secundum

974 2249 1152 2282 Divinitatem,
1163 2254 1178 2274 a
1191 2252 1310 2281 tempore
1324 2256 1377 2274 non
1390 2249 1532 2281 dependet,
1545 2256 1614 2282 quae

973 2301 1038 2320 vero
1057 2297 1096 2320 est
1114 2294 1261 2320 secundum
1287 2293 1490 2325 humanitatem,
1513 2296 1613 2319 certum

974 2342 1079 2371 tempus
1098 2339 1207 2372 requirit
1221 2339 1253 2365 Vl
1268 2338 1319 2364 342
1335 2339 1366 2364 18
1381 2352 1416 2358 -
1429 2338 1515 2370 Opera
1528 2341 1614 2364 osten-

974 2384 1039 2410 dunt
1057 2383 1188 2410 Christum
1208 2383 1275 2409 Patri
1294 2377 1503 2416 aequalem'392
1525 2383 1566 2415 47,
1581 2382 1613 2408 49

973 2443 1009 2447 —
1028 2429 1053 2454 in
1072 2428 1198 2460 operibus
1226 2428 1282 2454 suis
1307 2435 1335 2453 se
1353 2428 1467 2453 ostendit
1485 2434 1537 2453 non
1557 2434 1616 2453 con-

974 2473 1082 2499 trarium
1102 2473 1183 2505 Patri;
1202 2472 1250 2498 sed
1279 2479 1326 2504 per
1345 2472 1445 2500 omnia,
1455 2472 1614 2498 concordem

975 2517 1026 2543 404
1046 2517 1080 2543 55
1099 2532 1134 2535 -—
1153 2524 1205 2542 non
1224 2516 1303 2542 habet
1321 2517 1483 2542 voluntatem
1503 2516 1617 2548 singula-

974 2569 1030 2587 rem
1041 2562 1190 2587 discordem
1205 2568 1219 2587 a
1233 2562 1366 2587 voluntate
1380 2561 1461 2587 Patris
1474 2561 1525 2586 343
1540 2561 1572 2586 58
1587 2560 1616 2586 2*

974 2621 1009 2625 —
1029 2613 1076 2638 per
1095 2606 1184 2632 omnia
1203 2605 1293 2631 obedit
1316 2605 1444 2631 voluntati
1463 2605 1545 2631 Patris
1565 2606 1615 2630 328

976 2651 1009 2676 59
1029 2665 1063 2668 ——
1083 2652 1111 2676 ln
1129 2650 1232 2676 Christo
1252 2650 1388 2682 potissime
1409 2650 1455 2675 suit
1468 2649 1616 2675 obedientia

976 2695 1020 2720 Vll
1047 2695 1097 2720 436
1127 2695 1160 2720 34
1179 2709 1214 2713 -
1234 2694 1280 2720 ivit
1298 2701 1313 2719 a
1338 2695 1393 2720 Deo
1422 2694 1455 2719 ad
1484 2694 1566 2719 Deum
1592 2696 1618 2719 et

975 2739 1122 2764 secundum
1142 2739 1225 2764 Deum
1245 2742 1271 2764 et
1291 2741 1398 2770 propter
1417 2738 1500 2763 Deum
1520 2737 1581 2764 ibid.

1030 2797 1064 2800 —
1083 2783 1186 2815 quaerit
1210 2783 1320 2814 gloriam
1344 2782 1426 2807 Patris
1455 2783 1485 2807 Vl
1513 2782 1563 2807 317
1582 2781 1617 2806 75

977 2842 1012 2845 -
1030 2827 1153 2852 clarificat
1181 2827 1206 2852 in
1230 2827 1286 2852 suis
1309 2825 1436 2858 operibus
1464 2826 1583 2856 Patrem,
1602 2832 1616 2850 a

977 2878 1031 2904 quo
1050 2874 1089 2897 est
1108 2871 1158 2896 459
1179 2871 1207 2896 21
1231 2885 1266 2888 -
1286 2871 1396 2895 honorat
1425 2870 1507 2895 Deum
1528 2873 1556 2895 ut
1574 2870 1616 2895 Pa-

977 2920 1043 2942 trem
1064 2915 1115 2941 467
1135 2916 1150 2941 2
1170 2930 1205 2933 -
1223 2917 1348 2947 operatur
1365 2914 1434 2940 Patri
1447 2914 1616 2946 cooperando

977 2961 1054 2987 etiam
1075 2961 1100 2986 in
1119 2959 1234 2986 Sabbato
1254 2959 1306 2985 307
1331 2959 1364 2984 29
1384 2973 1418 2977 -
1437 2961 1525 2984 servat
1544 2965 1617 2990 prae-

977 3009 1052 3038 cepta
1072 3005 1162 3035 Patris,
1180 3005 1243 3037 quia
1261 3003 1345 3035 diligit
1363 3003 1464 3029 Patrem
1485 3003 1535 3028 448
1561 3003 1583 3028 11

1030 3065 1064 3069 -
1084 3050 1131 3075 Ρε1
1149 3048 1282 3075 Christum
1301 3050 1404 3080 oportet
1416 3047 1449 3073 ad
1463 3048 1566 3083 Patrem
1579 3054 1617 3072 rc-

978 3095 1035 3120 dire
1053 3095 1095 3120 Vll
1125 3094 1158 3119 40
1178 3094 1193 3118 9
1212 3107 1248 3111 -
1266 3093 1315 3118 Per
1333 3091 1465 3118 Christum
1485 3092 1618 3117 tendimus

978 3139 1012 3165 ad
1031 3139 1114 3164 Deum
1134 3141 1163 3164 ut
1181 3138 1302 3164 ultimum
1322 3137 1402 3162 tlnem
1422 3137 1454 3162 88
1475 3136 1493 3162 b

1032 3197 1068 3202 —
1087 3182 1214 3215 probatur
1240 3188 1298 3207 esse
1324 3181 1404 3207 Filius
1430 3181 1475 3206 Dei
1505 3181 1618 3207 tenendo

979 3228 1061 3254 Patris
1079 3227 1250 3258 mansionem,
1269 3225 1426 3251 aemulando
1439 3232 1488 3257 pro
1507 3225 1581 3251 Patre
1594 3228 1619 3251 et

981 3271 1106 3307 imitando
1131 3272 1233 3297 Patrem
1261 3270 1294 3296 Vl
1315 3269 1366 3295 564
1394 3277 1421 3295 v.
1441 3269 1473 3295 19
1493 3284 1528 3288 -
1547 3270 1620 3296 Ema-

981 3316 1050 3342 natio
1072 3322 1092 3341 a
1119 3316 1194 3341 Patre
1221 3314 1366 3341 ostenditur
1393 3313 1419 3339 in
1451 3315 1516 3345 hoc,
1547 3314 1619 3347 quod

981 3363 1113 3393 operatur,
1120 3360 1188 3386 sicut
1197 3358 1298 3391 accepit
1308 3365 1322 3384 a
1332 3359 1406 3384 Patre
1416 3358 1467 3384 362
1479 3358 1511 3383 38
1519 3372 1553 3376 -
1564 3358 1620 3384 eius

982 3404 1110 3430 Divinitas
1128 3403 1297 3436 cognoscitur
1321 3409 1352 3428 ex
1376 3402 1537 3435 plenitudine
1564 3409 1621 3434 gra-

1917 295 1982 322 CHR
2003 296 2041 329 (l)

1643 339 1706 372 tiae,
1725 346 1806 372 quam
1826 341 1924 365 confert
1943 339 1996 366 254
2014 340 2048 366 37
2061 355 2096 359 -
2115 341 2282 373 cognoscitur

1643 383 1720 409 Filius
1740 384 1785 409 Dei
1804 390 1835 409 ex
1863 386 2025 409 secretorum
2044 385 2202 410 revelatione
2230 385 2282 411 267

1643 428 1677 452 96
1697 442 1731 445 -
1752 428 1777 453 111
1797 427 1862 453 facie
1881 426 1976 453 Christi
1995 428 2128 454 relucebat
2142 429 2228 461 fulgor
2240 429 2283 454 Di-

1643 472 1757 497 vinitatis
1775 472 1892 497 occultae
1911 475 2005 504 potens
2024 473 2127 498 trahere
2146 473 2179 499 ad
2192 480 2220 499 se
2240 473 2283 499 Vll

1645 516 1695 541 130
1714 515 1744 541 71

1697 574 1732 578 —
1750 563 1790 586 est
1813 560 1920 592 plenus,
1949 560 2089 586 Divinitate
2112 561 2284 593 corporaliter

1644 604 1805 630 inhabitante
1824 605 1856 630 Vl
1876 604 1928 630 254
1948 605 1981 631 35
1994 619 2029 623 --
2042 605 2160 631 Christus
2180 605 2226 631 Dei
2244 606 2284 632 di-

1644 648 1711 674 citur
1739 651 1768 674 ut
1794 649 1873 674 simul
1900 649 1971 674 Deus
1998 656 2078 675 verus
2097 652 2122 675 et
2142 651 2222 675 homo
2241 650 2284 675 Vll

1645 693 1695 718 226
1715 692 1748 718 34
1768 707 1803 711 -
1819 692 1921 719 Christo
1940 693 2040 719 homini
2060 693 2284 720 communicatum

1644 740 1684 763 est
1701 744 1798 763 nomen
1817 737 1938 763 divinum
1959 738 1990 763 Vl
2010 738 2056 763 201
2080 745 2107 763 v.
2126 738 2155 763 21

1698 796 1733 800 —-
1751 782 1826 807 Ratio
1846 782 2009 808 indivisionis
2028 782 2053 807 in
2073 789 2154 814 opere
2166 782 2247 808 Patris
2259 785 2286 808 et

1644 826 1698 851 Filii
1717 829 1757 852 est
1784 826 1906 852 indivisio
1935 826 1959 852 in
1986 827 2097 852 essentia
2124 829 2150 852 et
2173 826 2199 852 in
2225 827 2286 853 dile-

1645 871 1729 896 ctione
1749 871 1780 896 Vl
1802 871 1853 896 309
1873 871 1916 901 37,
1936 871 1969 896 38

1698 929 1733 933 -
1751 914 1853 941 Christo
1873 921 1924 940 non
1943 918 1983 940 est
2002 915 2142 941 fruendum
2163 915 2219 946 hic,
2238 915 2286 941 sed

1645 966 1706 985 cum
1726 960 1801 985 Patre
1820 959 1853 985 Vl
1873 960 1924 985 509
1945 960 1978 984 26
1998 973 2033 977 —
2053 966 2104 984 non
2123 958 2178 985 ibat
2195 959 2230 985 ad
2243 960 2288 985 Pa·

1646 1007 1712 1029 trem
1731 1006 1760 1029 ut
1778 1004 1812 1030 ad
1830 1004 1945 1037 aliquem
1965 1007 2035 1029 extra
2054 1011 2091 1036 se,
2110 1004 2157 1030 sed
2177 1004 2245 1029 Patri
2258 1010 2288 1030 se

1645 1049 1782 1082 aequalem
1800 1048 1874 1074 credi
1893 1050 1977 1074 lacere
1996 1048 2103 1074 volebat
2123 1048 2173 1074 438
2196 1049 2227 1074 13
2252 1063 2288 1067 -

1646 1093 1749 1119 ludaeis
1779 1093 1935 1123 excaecans,
1966 1093 2092 1124 migravit
2122 1093 2155 1119 ad
2184 1093 2286 1119 Patrem

1647 1138 1698 1163 290
1719 1138 1734 1162 8
1754 1152 1789 1155 —
1809 1137 1957 1163 credendus
1981 1140 2036 1163 erat
2060 1144 2079 1162 a
2104 1138 2178 1163 Patre
2197 1137 2288 1170 exisse,

1647 1185 1708 1214 post
1735 1182 1884 1214 passionem
1913 1189 1977 1207 vero
2001 1181 2140 1214 oportebat
2166 1181 2289 1213 credere,

1647 1226 1721 1260 quod
1739 1227 1836 1252 rediret
1854 1226 1889 1252 ad
1909 1227 1991 1252 Deum
2011 1226 2063 1251 465
2083 1226 2111 1252 41

1701 1286 1736 1290 ——
1755 1272 1805 1304 Qui
1825 1273 1936 1297 honorat
1953 1272 2046 1297 Filium
2064 1273 2175 1297 honorat
2185 1271 2288 1296 Patrem

1649 1316 1681 1342 Vl
1702 1316 1753 1341 428
1773 1316 1806 1341 24
1825 1331 1861 1334 —-
1880 1316 1955 1341 Pater
1974 1316 2029 1341 vult
2046 1316 2139 1341 Filium
2159 1315 2290 1348 honorari,

1648 1360 1710 1393 quia
1729 1361 1813 1386 honor
1831 1360 1887 1386 Filii
1905 1364 1944 1386 est
1963 1360 2044 1386 Patris
2063 1360 2115 1385 309
2136 1360 2169 1385 42
2187 1373 2224 1379 -·-
2242 1367 2290 1385 au-

1649 1405 1729 1436 divit,
1744 1408 1772 1430 ut
1784 1405 1875 1436 Filius,
1888 1404 2042 1436 accipiendo
2061 1411 2076 1429 a
2095 1404 2170 1430 Patre
2189 1404 2241 1429 287
2255 1403 2289 1430 55

1648 1464 1683 1467 -
1712 1449 1809 1474 missus
1834 1456 1848 1474 a
1874 1449 1928 1474 Deo
1956 1451 1996 1474 est
2022 1455 2103 1474 verax
2129 1448 2196 1474 sicut
2220 1449 2290 1474 Deus

1649 1494 1699 1519 288
1721 1493 1755 1519 57

1703 1552 1737 1557 —
1765 1541 1890 1570 tanquam
1918 1537 1996 1563 Filius
2023 1537 2159 1569 cognoscit
2187 1538 2289 1563 Patrem

1649 1583 1680 1608 Vl
1702 1582 1753 1608 347
1773 1582 1806 1607 40
1825 1596 1861 1601 -
1879 1589 1944 1607 vere
1971 1582 2107 1614 cognoscit
2132 1582 2216 1607 Deum
2237 1582 2289 1607 370

1647 1627 1682 1652 79
1702 1642 1735 1646 -
1755 1627 1804 1652 scit
1822 1627 1905 1652 Deum
1918 1633 1966 1659 per
1979 1630 2097 1659 apertam
2112 1626 2289 1658 cognitionem

1649 1672 1700 1697 347
1721 1671 1754 1697 40
1773 1679 1809 1690 —·-
1828 1672 1899 1697 solus
1926 1671 1993 1697 vidit
2021 1671 2105 1697 Deum
2131 1671 2183 1697 255
2202 1671 2236 1696 39
2254 1684 2290 1690 --

1650 1717 1764 1742 imitatur
1778 1717 1880 1741 Patrem
1901 1715 1952 1741 365
1972 1715 2006 1741 55
2019 1729 2054 1734 -
2068 1716 2142 1741 Pater
2160 1715 2205 1741 dat
2218 1715 2241 1741 ei
2255 1718 2290 1741 te-

1649 1761 1800 1786 stimonium
1815 1768 1863 1793 per
1877 1761 2006 1786 internam
2025 1760 2223 1792 inspirationem
2238 1759 2290 1785 344

1650 1805 1693 1831 65.
1713 1805 1764 1830 316
1784 1805 1819 1831 70

1703 1864 1737 1868 -
1765 1853 1803 1875 εει
1831 1847 1950 1875 sublimis
1978 1848 2119 1880 sapientia,
2148 1847 2287 1880 prudentia

1649 1897 1675 1919 et
1693 1894 1808 1926 potentia
1821 1894 1876 1919 .Vll
1898 1893 1948 1918 438
1974 1892 2007 1918 -14
2026 1906 2061 1911 -
2081 1893 2107 1918 111
2126 1891 2229 1918 Christo
2248 1899 2292 1924 ap-

1650 1938 1737 1970 paruit
1764 1938 1899 1970 plenitudo
1928 1937 2072 1969 sapientiae
2104 1937 2129 1962 in
2159 1936 2292 1968 praedica-

1650 1983 1728 2014 tione,
1759 1982 1893 2015 plenitudo
1921 1981 2076 2007 clementiae
2101 1981 2126 2006 in
2154 1981 2291 2013 passione,

1650 2027 1754 2053 virtutis
1773 2027 1798 2052 in
1818 2026 2022 2058 resurrectione,
2042 2026 2141 2058 gloriae
2161 2026 2186 2051 in
2199 2032 2291 2051 ascen-

1650 2072 1724 2098 sione
1744 2072 1777 2097 Vl
1797 2072 1848 2097 538
1869 2072 1893 2102 3,
1914 2071 1929 2096 4
1942 2071 2017 2096 —ln
2037 2070 2139 2096 Christo
2159 2070 2291 2095 invenitur

1651 2116 1754 2142 claritas
1779 2115 1934 2147 sapientiae,
1953 2115 2062 2146 gratiae,
2086 2115 2170 2139 famae
2195 2117 2220 2139 et
2239 2114 2292 2145 glo-

1651 2161 1706 2185 riae
1733 2160 1780 2185 644
1806 2159 1821 2185 4
1839 2160 1920 2184 —ln
1949 2158 2051 2184 Christo
2079 2161 2119 2184 est
2146 2157 2293 2184 sublimitas

1651 2205 1793 2237 praecipua
1813 2206 1921 2236 propter
1949 2203 2126 2229 excellentiam
2144 2202 2293 2235 potestatis,

1651 2249 1812 2276 evidentiam
1831 2248 1947 2275 veritatis
1965 2251 1991 2274 et
2008 2247 2168 2273 affluentiam
2190 2247 2294 2279 pietatis

1652 2293 1696 2319 Vll
1717 2293 1768 2318 465
1788 2293 1798 2317 4

1706 2351 1741 2356 —
1769 2340 1808 2363 est
1836 2344 1949 2368 magnus
1976 2340 2002 2362 et
2029 2337 2157 2362 excellens
2184 2338 2293 2367 propter

1653 2382 1763 2414 gratiani
1783 2382 1956 2413 singularem,
1982 2384 2090 2413 propter
2115 2373 2295 2409 excellentiam

1653 2427 1768 2458 regalem
1788 2429 1814 2452 et
1832 2428 1940 2458 propter
1967 2425 2110 2457 potentiam
2136 2425 2292 2450 aeternalem

1654 2472 1696 2497 Vll
1717 2471 1750 2497 24
1779 2471 1812 2496 56
1831 2484 1867 2490 —-
1885 2474 1924 2496 est
1948 2469 2086 2502 singularis
2111 2468 2176 2495 inter
2200 2475 2293 2500 omnes

1656 2515 1734 2541 Verbi
1747 2515 1851 2546 unione,
1865 2515 1995 2540 donorum
2009 2513 2179 2546 plenitudine,
2194 2513 2293 2545 peccati

1655 2560 1818 2586 immunitate
1846 2560 1878 2585 Vl
1898 2559 1950 2585 325
1970 2558 2002 2584 43
2021 2572 2057 2577 -
2075 2558 2177 2584 Christo
2205 2558 2293 2589 singu-

1654 2606 1740 2631 lariter
1759 2605 1919 2630 conveniunt
1941 2603 2073 2636 quaedam
2092 2602 2221 2628 mirabilia
2241 2601 2292 2628 456

1653 2649 1670 2675 7
1689 2663 1725 2668 —
1742 2649 1827 2674 Gloria
1851 2648 1983 2680 Unigeniti
2011 2650 2050 2673 est
2077 2647 2103 2672 in
2128 2648 2191 2677 hoc,
2219 2647 2292 2680 quod

1655 2695 1729 2719 Pater
1747 2700 1826 2718 omne
1845 2692 1970 2718 iudicium
1991 2692 2064 2718 dedit
2083 2691 2121 2723 ei,
2134 2691 2206 2724 quod
2225 2691 2294 2717 simi-

1655 2738 1685 2763 lis
1703 2740 1743 2763 est
1761 2737 1828 2762 Patri
1852 2740 1880 2762 ut
1902 2736 2028 2768 splendor
2056 2739 2081 2761 et
2100 2736 2200 2768 figura,
2219 2735 2292 2768 quod

1654 2785 1693 2808 est
1711 2785 1791 2814 caput
1809 2781 1895 2807 omnis
1913 2780 2056 2811 Ecclesiae,
2075 2780 2149 2813 quod
2167 2779 2241 2805 sedet
2259 2779 2293 2805 ad

1654 2826 1787 2852 dexteram
1816 2825 1898 2851 Patris
1923 2825 1974 2850 539
1995 2825 2011 2850 5
2029 2838 2065 2844 —
2083 2827 2123 2850 est
2150 2824 2293 2856 maximus,

1655 2870 1697 2896 cui
1717 2870 1829 2896 maxime
1848 2868 2061 2902 appropinquant
2080 2868 2232 2895 humiliores
2250 2868 2294 2894 vlt

1655 2914 1706 2940 244
1726 2915 1758 2939 89

1708 2973 1742 2977 -
1761 2961 1800 2984 εει
1825 2958 1930 2990 dignior
1958 2958 2052 2983 loanne
2076 2957 2220 2983 secundum
2246 2958 2295 2983 hu-

1655 3010 1760 3030 manam
1779 3005 1898 3029 naturam
1917 3003 2037 3034 effectus,
2066 3002 2127 3035 quia
2147 3001 2293 3028 secundum

1654 3048 1825 3074 Divinitatem
1845 3047 1917 3079 prior
1936 3050 1991 3072 erat
2010 3046 2043 3072 Vt
2068 3046 2119 3083 254
2144 3046 2177 3071 36
2196 3060 2232 3064 -
2255 3048 2295 3072 εει

1655 3092 1760 3125 dignior
1778 3092 1874 3118 loanne
1893 3091 1943 3116 258
1964 3091 1997 3116 56
2011 3104 2045 3109 —
2068 3091 2246 3116 manifestatus
2265 3093 2294 3116 ut

1656 3137 1739 3162 maior
1759 3137 1853 3162 loanne
1878 3135 1930 3161 289
1949 3135 1965 3160 3
1986 3148 2020 3153 -·
2038 3138 2093 3160 erat
2120 3135 2204 3160 maior
2226 3135 2294 3160 Salo-

1656 3188 1734 3208 mone
1761 3180 1862 3206 ratione
1880 3179 2027 3212 potentiae,
2046 3179 2169 3205 scientiae
2182 3181 2208 3205 et
2225 3178 2295 3205 iusti-

1657 3227 1706 3252 tiae
1734 3225 1777 3251 vn
1799 3225 1849 3250 299
1871 3224 1904 3250 67
1924 3238 1959 3242 —-
1983 3226 2023 3249 est
2048 3224 2133 3249 maior
2160 3223 2294 3249 Abraham

1657 3271 1689 3296 Vt
1710 3270 1761 3296 370
1780 3269 1824 3301 79,
1843 3269 1931 3294 80-—
1949 3267 2095 3294 secundnm
2124 3267 2292 3293 Divinitatem

1657 3315 1704 3341 tuit
1722 3317 1782 3340 ante
1801 3314 1924 3339 loannem
1944 3311 1996 3338 254
2015 3312 2058 3338 36.
2077 3312 2128 3338 260
2147 3312 2181 3337 63

1709 3371 1745 3377 -
1763 3357 1966 3384 contemnentes
1979 3356 2111 3383 Christum
2124 3357 2296 3382 contemnunt

1658 3403 1743 3429 Deum
1762 3402 1805 3428 Vll
1819 3401 1870 3428 506
1892 3401 1924 3426 48
1938 3414 1974 3420 —
1987 3400 2036 3434 Qui
2049 3399 2148 3433 spernit
2161 3399 2293 3426 Christum
