2427 3872
282 286 346 318 806

569 328 631 352 mn

287 374 337 398 503
358 373 391 398 65
410 387 444 391 —
464 373 488 397 ln
509 372 552 397 die
580 377 737 403 parasceves
760 368 853 395 licebat
882 376 923 401 pa-

286 426 344 443 rare
363 420 495 449 unguenta
517 419 542 441 et
566 418 682 441 aromata
704 415 744 440 Vll
765 414 815 439 586
836 414 865 439 71

340 463 470 487 PARENTES
498 475 532 478 ——
560 460 638 491 primi
667 458 800 484 habebant
827 464 924 489 corpus

287 506 396 531 animale
416 505 457 530 Vll
478 504 528 529 515
550 504 582 529 42

339 563 374 568 --
392 552 453 574 5001
467 548 608 580 praecipue
621 546 765 572 honorandi
782 549 807 571 et
820 545 923 571 amandi

287 594 327 619 Vll
353 594 400 618 197
414 594 456 625 29,
471 593 503 617 30
518 606 550 610 —
565 593 703 616 Parentum
723 597 785 616 cura
805 589 924 617 habenda

286 638 404 669 exemplo
424 637 516 662 Christi
537 637 569 661 Vl
590 636 639 661 498
660 636 702 660 38.
723 635 773 660 499
794 634 826 659 44
846 648 880 653 -
900 635 924 659 10

287 682 376 707 divino
389 681 517 713 obsequio
535 680 652 706 faciendo
672 686 722 704 non
743 682 780 704 est
799 686 813 703 3
834 685 926 710 paren-

287 726 356 752 tibus
388 725 535 751 carnalibus
566 724 701 749 consilium
738 723 925 756 requirendum

288 771 330 796 Vll
348 771 380 795 66
400 770 434 794 95
453 783 487 788 —
508 768 697 794 benedicuntur
716 768 741 792 in
762 767 813 792 filio
834 770 858 792 et
877 774 925 799 pro

289 815 339 839 11110
360 814 388 839 64
412 814 446 838 76

342 859 407 883 ΡΑ115
425 872 459 875 -
479 860 504 882 01
523 864 580 882 sors
599 857 668 882 idem
689 859 748 881 sunt
767 855 792 880 in
811 862 853 885 re,
879 855 924 880 sed

289 903 410 928 differunt
428 902 526 927 ratione
546 902 577 926 Vl
598 901 643 926 424
669 907 696 925 v.
715 901 730 925 8
750 914 785 918 —
812 899 926 924 nomina-

288 949 330 972 tur
349 953 379 971 ex
399 949 471 977 parte
491 945 640 976 accipientis
659 943 693 969 ib.
722 951 747 969 v.
777 944 792 968 9
813 958 846 962 —
866 943 925 968 iusti

289 994 327 1015 est
351 990 476 1015 Dominus
496 988 555 1014 ibid.
582 1002 617 1007 —-
636 992 724 1013 nostra
747 988 841 1013 dicitur
864 994 925 1012 con-

289 1034 397 1059 sortium
412 1034 457 1058 Dei
471 1029 606 1058 aeternum
621 1032 717 1057 habere
732 1032 781 1057 426
795 1032 811 1056 9
826 1046 860 1049 —
874 1038 926 1056 car-

288 1079 353 1103 nalis
381 1081 419 1103 est
447 1084 571 1109 praesens
596 1076 747 1102 iucundatio
776 1076 808 1101 23
838 1083 863 1101 v.
895 1076 926 1100 40

288 1136 323 1141 -
342 1122 427 1147 Sancti
456 1122 480 1146 in
510 1112 638 1152 praesenti
668 1127 719 1145 non
745 1119 840 1145 habent
869 1126 925 1151 par-

290 1170 356 1196 tem,
381 1166 427 1191 sed
453 1165 478 1190 in
505 1167 591 1190 futuro
610 1163 670 1190 ibid.

343 1211 516 1235 PARTICIPATlo
536 1224 569 1227 -—
588 1212 627 1234 est
655 1209 742 1234 minus
762 1207 856 1233 nobilis
875 1214 927 1233 mo-

289 1254 340 1279 dus
359 1253 471 1278 habendi
492 1253 523 1278 Vl
545 1253 594 1278 310
616 1253 648 1277 43

344 1298 502 1323 PARTunieNs
525 1311 559 1314 —-
587 1296 717 1328 tristatur,
737 1295 859 1328 quamvis
884 1294 927 1320 bo·

290 1349 353 1367 num
373 1342 579 1373 saciat‚propter
599 1342 780 1365 vehementem
800 1340 927 1369 dolorem,

291 1387 336 1411 sed
357 1393 417 1411 cum
438 1385 551 1417 peperit,
576 1384 674 1415 gaudet
697 1384 783 1408 statim
805 1384 837 1409 de
853 1383 930 1420 prole

292 1431 323 1455 Vl
344 1430 394 1455 462
415 1430 447 1454 32

345 1475 455 1499 PAnvuu
474 1486 509 1491 —
528 1472 636 1504 Oportet
656 1472 711 1497 fleri
731 1472 870 1504 parvulum
884 1471 930 1503 qui

292 1519 348 1544 vult
367 1525 424 1543 esse
452 1518 552 1542 amicus
577 1517 623 1542 Dci
652 1517 694 1542 Vll
725 1516 775 1541 244
796 1517 829 1541 88
849 1529 883 1534 —
903 1516 930 1541 ln

292 1563 404 1595 parvulo
417 1565 456 1587 est
469 1569 565 1593 magna
585 1561 731 1587 excellentia
752 1559 813 1586 ibid.
827 1574 861 1579 —
881 1560 929 1592 Qui

293 1609 401 1632 honorat
420 1610 444 1632 et
463 1606 554 1638 recipit
573 1606 712 1638 parvulum
733 1605 825 1637 recipit
844 1608 869 1630 et
888 1606 930 1630 ho·

293 1655 369 1677 norat
387 1652 470 1676 Deum
490 1650 551 1677 ibid.
570 1664 605 1669 —
625 1651 797 1675 Parvulorum
812 1649 893 1681 glorla
906 1652 931 1674 et

293 1697 377 1721 honor
395 1699 434 1721 est
447 1702 560 1726 magnus
577 1694 638 1720 ibid.
651 1708 686 1713 —
699 1694 743 1726 qui
757 1701 809 1719 non
823 1696 932 1725 possunt

294 1740 434 1772 intelligere
462 1739 592 1769 sublimia,
618 1738 715 1764 debent
740 1745 867 1771 quaerere
886 1738 931 1763 mi-

293 1792 356 1810 nora
376 1785 408 1809 Vl
429 1784 479 1809 244
500 1783 516 1808 lJ

345 1842 380 1847 -—
394 1835 446 1853 non
460 1828 581 1859 baptizati
594 1830 696 1852 aeterna
712 1827 810 1852 visione
830 1826 932 1858 privan-

292 1876 333 1898 tur
352 1880 402 1898 non
423 1876 529 1904 propter
548 1875 684 1903 peccatum
713 1871 793 1902 patris
817 1873 930 1900 tantum,

292 1917 339 1942 sert
353 1919 459 1948 propter
477 1922 554 1941 suum
574 1915 700 1945 originale
720 1914 752 1939 Vl
773 1914 824 1938 375
845 1913 877 1938 44
896 1927 932 1932 -

294 1960 474 1986 immortalitas
494 1959 663 1990 parvulorum
685 1959 708 1983 in
728 1957 809 1983 limbo
829 1958 932 1983 coniun-

293 2007 332 2029 cta
347 2007 385 2029 est
398 2011 458 2029 cum
472 2003 573 2028 defectu
588 2002 656 2027 vitae
669 2002 798 2033 gloriosae
813 2002 862 2029 426
876 2009 903 2027 v.
918 2001 932 2026 4

294 2062 328 2065 -
353 2049 380 2073 ln
400 2047 514 2078 parvulis
534 2047 621 2072 divina
641 2047 758 2077 largitate
778 2049 862 2077 potest
875 2053 932 2071 esse

294 2093 400 2117 effectus
410 2091 617 2116 manducationis
631 2091 748 2122 corporis
761 2090 867 2122 Christi,
878 2097 931 2123 quo

294 2136 426 2161 salvantur
445 2136 500 2161 sine
519 2135 719 2160 manducatione
739 2135 789 2160 334
809 2135 842 2160 92

348 2195 381 2199 —
400 2188 451 2205 non
465 2183 526 2206 sunt
539 2179 708 2211 prohibendi,
722 2183 748 2205 ut
761 2180 886 2205 accedant
898 2179 931 2205 ad

294 2225 424 2251 Christum
446 2225 486 2250 Vll
508 2224 557 2249 458
578 2225 610 2249 29
630 2238 665 2243 —
684 2224 844 2256 suscipiendi
872 2227 933 2249 sunt

294 2277 308 2295 a
328 2269 476 2301 discipulis,
503 2269 565 2301 quia
589 2269 767 2300 suscipiuntur
795 2276 810 2294 a
829 2267 931 2294 Chr1st0

295 2314 345 2339 459
366 2314 404 2338 29-
417 2327 452 2332 ——
471 2313 569 2339 habent
588 2313 611 2338 in
631 2320 658 2338 se
677 2313 777 2345 aliqua,
791 2313 817 2338 in
836 2312 933 2345 quibus

295 2358 468 2383 assimilantur
488 2358 525 2383 eis
544 2357 613 2388 mali,
632 2360 657 2382 et
677 2357 772 2389 aliqua,
792 2357 816 2382 111
835 2356 933 2389 quibus

295 2402 469 2427 assimilantur
488 2402 525 2427 eis
550 2401 613 2427 boni
638 2400 671 2427 ib.
691 2401 724 2425 30
743 2414 779 2419 -
797 2399 832 2425 ob
852 2400 934 2425 110101-

295 2446 390 2471 litatem
411 2446 523 2471 maxime
543 2446 597 2470 Deo
610 2445 712 2476 placent
724 2443 758 2470 ib.
772 2445 800 2469 31
818 2458 853 2461 —-
867 2445 934 2475 lpso-

295 2497 355 2515 rum
375 2493 413 2515 est
433 2496 543 2521 regnum
564 2489 697 2514 caelorum
712 2491 819 2519 propter
832 2491 934 2519 septem

297 2534 406 2559 virtutes
430 2533 491 2559 ibid.
519 2546 554 2551 —
581 2535 642 2557 sunt
671 2532 760 2557 mundi
781 2535 806 2557 et
825 2532 935 2557 humiles

299 2578 348 2603 460
369 2578 401 2602 33

350 2635 385 2639 —
404 2620 546 2646 credebant
566 2620 589 2645 in
618 2620 748 2646 Christum
778 2620 809 2645 Vl
831 2619 881 2645 347
902 2619 935 2645 42

300 2679 333 2683 --
352 2665 492 2690 Dominum
513 2664 612 2689 bonurn
632 2664 754 2689 (licebant
771 2663 818 2689 344
844 2664 875 2688 13

353 2709 448 2733 ΡΑςοΗΛ
477 2722 512 2725 -
536 2714 582 2739 per
610 2708 816 2733 antonomasiam
845 2708 935 2733 festiva

301 2753 357 2778 dics
372 2752 465 2777 dicitur
484 2755 509 2776 ct
523 2751 601 2777 nebat
621 2759 709 2777 mense
728 2751 813 2783 primo
834 2753 865 2777 Vl
886 2752 936 2777 408

299 2797 333 2822 73
353 2811 387 2814 -
407 2796 433 2821 10
452 2796 534 2821 veteri
562 2796 631 2827 Lege
656 2798 710 2820 erat
735 2796 791 2821 dies
818 2796 937 2827 specialis

300 2841 384 2866 cultus
404 2841 445 2865 Vll
466 2840 498 2865 65
518 2840 551 2864 93
570 2854 604 2858 —
624 2840 713 2871 triplex
727 2838 885 2865 celebratum
899 2843 938 2865 est

300 2892 315 2909 a
334 2884 447 2910 ludaeis:
468 2887 526 2909 ante
545 2884 640 2909 exitum
660 2891 690 2909 011
710 2884 838 2915 Aegypto,
858 2883 882 2909 in
895 2884 938 2909 de-

300 2933 370 2954 serto
390 2932 508 2960 tempore
527 2936 585 2960 500,-
603 2929 630 2953 10
649 2928 768 2959 ingressu
784 2931 867 2953 terrac
881 2935 937 2959 pro·

301 2973 430 2998 missionis
451 2973 481 2998 Vl
502 2973 552 2998 597
573 2973 588 2998 3
614 2986 649 2991 —-
673 2975 712 2997 cst
737 2972 860 2998 transitus
887 2972 937 2998 425

301 3018 325 3042 2.
345 3017 396 3042 597
416 3018 440 3042 2.
461 3017 503 3042 Vll
524 3017 574 3041 538
594 3016 636 3041 54.
656 3016 707 3042 540
728 3018 742 3042 2

353 3075 388 3079 -
407 3061 500 3086 dicitur
519 3060 593 3086 cibus
617 3061 746 3092 paschalis
772 3061 803 3085 Vl
831 3060 881 3086 487
904 3061 938 3086 59

301 3118 336 3124 —-
354 3108 393 3130 est
411 3105 495 3136 prima
514 3105 570 3130 dies
594 3112 747 3136 azymorum
768 3104 818 3130 425
839 3106 864 3130 2.
887 3105 937 3130 426

303 3149 334 3174 43
354 3162 388 3167 -
407 3148 587 3174 celebrabatur
613 3150 640 3174 in
667 3149 766 3180 azymis
785 3149 825 3174 Vli
847 3148 898 3175 542
923 3150 938 3173 9

302 3193 382 3217 —ln
410 3193 505 3224 pascha
535 3192 719 3218 immolabatur
748 3200 832 3230 agnus
852 3193 902 3219 540
923 3194 938 3218 2

301 3250 337 3255 -
357 3237 438 3261 Ρ11350
457 3243 552 3261 nomen
572 3236 698 3267 accipitur
726 3244 773 3268 pro
794 3237 851 3268 ipso
870 3244 939 3269 agno

303 3280 448 3306 occidendo
462 3283 487 3306 ct
499 3287 547 3312 pro
561 3280 619 3305 cibo
633 3281 747 3312 paschali
761 3281 812 3306 542
827 3281 860 3306 40
880 3280 940 3307 Vide

303 3331 329 3350 υ.
352 3324 457 3351 Graeci.
858 3315 863 3325 Χ

357 3381 391 3387 --
411 3369 499 3393 Nullus
523 3368 678 3394 ludaeorum
698 3368 812 3394 audebat
830 3369 940 3399 immun-

1124 316 1125 319 ,
1140 279 1253 311 INDEX
1276 278 1403 310 RERUM

960 370 1020 394 50113
1050 375 1100 393 000
1130 369 1249 399 poterant
1276 366 1414 392 comedere
1434 364 1600 390 contaminati

962 413 1012 438 486
1033 412 1066 437 52
1085 425 1120 431 -
1140 413 1167 437 10
1186 412 1282 443 pascha
1304 410 1413 436 Hebraei
1433 416 1455 435 a
1476 409 1601 435 servitute

961 456 1060 481 liberati
1089 458 1162 486 sunt,
1191 456 1251 480 ideo
1280 454 1412 480 habebant
1437 452 1601 479 consuetudi-

952 500 1022 533 ,nem
1041 500 1187 526 dimittendi
1207 506 1289 525 unum
1310 498 1360 524 490
1379 498 1423 523 72.
1443 497 1492 523 493
1516 498 1546 522 48

948 536 951 539 ’
1016 559 1050 563 -
1063 544 1204 570 Mosaicum
1218 546 1273 569 erat
1289 543 1372 574 figura
1393 541 1553 567 sacramenti
1568 542 1601 566 al-

962 589 1023 615 taris
1033 589 1075 614 Vll
1087 589 1138 614 545
1149 587 1382 614 2l—adveniente
1392 586 1508 616 veritate,
1520 592 1602 611 cessa-

962 634 1011 665 vit,
1025 633 1071 658 sed
1086 635 1172 658 manet
1185 635 1311 665 quantum
1326 631 1359 656 ad
1373 631 1504 662 signatum
1519 629 1552 656 ib.
1567 630 1600 655 22

1016 691 1050 696 -
1070 677 1187 708 Tempus
1206 677 1327 708 paschale
1351 674 1526 706 redemptioni
1554 680 1602 699 no-

963 726 1031 748 strae
1058 721 1157 753 optime
1186 719 1350 751 congruebat
1378 719 1411 744 Vl
1437 718 1488 744 342
1514 719 1546 743 48
1567 731 1601 736 —-

962 767 1080 797 Tempus
1111 765 1233 796 paschale
1263 766 1318 789 erat
1353 766 1530 795 opportunum
1567 761 1601 787 ad

964 809 1138 835 occidendum
1158 808 1289 834 Christum
1307 808 1348 832 Vll
1363 807 1413 832 540
1428 808 1443 832 2
1458 821 1489 824 --
1510 807 1536 831 10
1556 812 1603 838 pa-

963 855 1025 880 scha
1046 854 1171 879 Dominus
1190 854 1285 878 fecerat
1304 852 1429 877 miracula
1449 854 1473 876 et
1500 851 1539 875 illa
1565 857 1602 875 re-

964 899 1084 929 novavit,
1097 898 1157 930 quia
1171 903 1270 922 novum
1285 897 1382 927 pascha
1402 895 1461 920 fecit
1474 895 1506 920 Vl
1522 894 1572 919 319
1586 894 1602 919 5

1016 956 1051 961 -
1069 943 1151 967 Phase
1176 940 1386 966 iustificationem
1414 945 1461 971 per
1491 942 1601 964 mortem

963 986 1055 1013 Christi
1076 986 1219 1011 faciendam
1240 983 1404 1016 significabat
1425 983 1455 1008 Vl
1475 983 1525 1008 223
1546 990 1571 1007 v.
1586 982 1601 1006 9

963 1045 998 1050 -
1017 1031 1060 1056 Est
1079 1030 1212 1061 multiplex
1227 1028 1370 1054 differentia
1384 1029 1497 1059 paschae
1510 1033 1603 1052 secun-

964 1075 1028 1100 dum
1042 1074 1211 1106 multiplicem
1226 1072 1397 1099 differentiam
1412 1078 1507 1097 coenae
1521 1071 1572 1096 597
1587 1071 1602 1095 2

964 1133 998 1138 -
1013 1120 1109 1144 Pascha
1124 1125 1217 1143 verum
1229 1116 1396 1149 celebr-atqui
1407 1116 1466 1141 facit
1477 1115 1602 1147 triplicem

965 1163 1101 1189 transitum
1121 1169 1135 1187 a
1155 1162 1254 1187 mundo
1275 1161 1316 1186 Vll
1337 1161 1387 1186 538
1405 1160 1438 1185 54
1457 1173 1492 1178 —
1506 1160 1602 1184 Pascha

967 1207 1063 1232 faciunt
1081 1206 1127 1239 qui
1147 1208 1283 1231 transeunt
1300 1211 1331 1230 ex
1350 1203 1497 1229 visibilibus
1516 1203 1549 1228 ad
1569 1203 1605 1227 in-

966 1250 1091 1280 visibilia,
1120 1257 1133 1275 a
1159 1248 1348 1280 temporalibus
1376 1248 1410 1273 ad
1438 1250 1552 1278 aeterna,
1571 1246 1604 1272 de

966 1298 1049 1320 morte
1069 1294 1102 1319 ad
1122 1294 1201 1319 vitam
1222 1292 1274 1318 544
1295 1293 1326 1317 48
1350 1305 1385 1310 -
1407 1294 1514 1323 paratur
1534 1298 1548 1315 a
1568 1290 1603 1316 di-

966 1338 1073 1370 scipulis
1092 1344 1139 1369 per
1158 1337 1315 1362 documenta
1341 1335 1457 1360 veritatis
1481 1337 1507 1359 et
1525 1333 1605 1359 medi-

967 1385 1085 1408 camenta
1114 1382 1203 1407 salutis
1230 1379 1292 1406 ibid.
1316 1395 1349 1398 —
1376 1379 1496 1410 designat
1524 1378 1605 1404 incor-

967 1427 1129 1459 porationem
1158 1429 1183 1451 et
1211 1425 1335 1451 unitatem
1368 1423 1549 1449 membrorum
1580 1422 1606 1447 in

968 1471 1085 1503 corporis
1105 1470 1196 1496 Christi
1218 1469 1340 1495 unitatem
1371 1468 1422 1493 545
1448 1468 1476 1493 2-1
1506 1480 1541 1486 -
1566 1466 1605 1492 Ad

967 1515 1056 1541 cibum
1071 1515 1218 1547 paschalem
1232 1517 1271 1539 est
1284 1512 1463 1539 accedendum
1477 1518 1538 1537 cum
1552 1517 1606 1536 rna-

968 1561 1038 1586 ximo
1057 1559 1186 1585 desiderio
1206 1557 1268 1585 ibid.

1021 1605 1133 1630 PAscenf.
1144 1618 1176 1622 —-
1188 1603 1257 1628 Oves
1271 1602 1418 1635 pascendae
1428 1608 1459 1626 ex
1469 1600 1607 1626 dilectione

969 1650 1000 1675 Vl
1021 1649 1072 1674 525
1093 1649 1134 1679 33,
1154 1648 1187 1674 34
1207 1662 1240 1666 -
1261 1647 1330 1673 Oves
1356 1645 1503 1678 pascendae
1523 1651 1607 1670 exem-

968 1694 1011 1726 plo
1031 1692 1065 1719 ib.
1086 1693 1118 1718 34
1138 1707 1172 1710 -
1191 1693 1261 1718 Oves
1286 1691 1384 1717 debent
1406 1690 1478 1722 pasci
1507 1688 1606 1719 verbo,

968 1738 1086 1769 exemplo
1106 1740 1131 1762 et
1150 1736 1285 1769 temporali
1304 1735 1422 1761 subsidio
1442 1734 1493 1759 526
1513 1734 1545 1759 39

1022 1783 1115 1807 vassen
1134 1795 1169 1800 -
1188 1780 1311 1813 quamvis
1330 1779 1405 1812 parvi
1425 1779 1500 1811 pretii
1519 1778 1560 1808 sit,
1574 1780 1607 1803 ta-

970 1833 1027 1851 men
1048 1832 1100 1850 000
1120 1828 1158 1850 est
1187 1825 1286 1850 alienus
1314 1831 1329 1849 a
1354 1824 1444 1849 divino
1463 1822 1608 1854 patrocinio

968 1873 993 1895 et
1012 1869 1176 1901 providentia
1197 1869 1238 1894 Vll
1258 1869 1309 1893 342
1334 1868 1363 1893 10
1383 1881 1418 1886 -
1437 1867 1555 1892 facillime
1569 1873 1608 1892 ca-

968 1913 1034 1938 dunt
1053 1913 1104 1937 313
1126 1913 1157 1937 40

1022 1957 1106 1982 1115510
1125 1970 1160 1975 -
1180 1957 1205 1981 10
1233 1955 1356 1987 patiendo
1383 1955 1485 1987 111-011011
1509 1954 1608 1980 110111ἰο1

970 2000 1141 2032 temperantia
1160 2003 1286 2032 quantum
1306 1999 1341 2025 ad
1359 1999 1494 2031 passiones
1514 1999 1608 2024 mulce-

970 2045 1039 2075 bres,
1059 2044 1183 2070 fortitudo
1202 2048 1330 2077 quantum
1351 2044 1385 2069 ad
1413 2044 1549 2075 passiones
1567 2043 1609 2069 tri-

969 2089 1076 2115 stabiles
1095 2089 1127 2115 Vl
1149 2089 1199 2114 462
1219 2096 1245 2114 v.
1264 2089 1281 2114 7

1022 2147 1057 2152 —
1077 2133 1145 2159 bona
1166 2141 1217 2159 non
1237 2137 1276 2159 est
1295 2133 1344 2158 nisi
1363 2133 1396 2158 sit
1414 2132 1559 2158 voluntaria
1574 2132 1608 2157 Vl

970 2178 1021 2204 526
1042 2178 1074 2204 43
1095 2193 1127 2196 -
1142 2178 1272 2204 Passionis
1287 2178 1403 2204 arduitas
1417 2177 1476 2203 ferri
1490 2184 1541 2203 0011
1555 2179 1610 2208 pot-

969 2226 1008 2249 est
1026 2223 1082 2248 sine
1101 2222 1197 2248 virtute
1215 2229 1245 2248 ex
1265 2223 1316 2248 alto
1337 2222 1386 2248 433
1409 2221 1441 2247 46
1454 2236 1489 2240 -
1502 2221 1609 2247 Succin-

971 2268 1058 2299 gimur
1077 2267 1162 2292 tunica
1183 2267 1311 2298 passionis
1324 2266 1481 2298 mundanae,
1495 2268 1523 2291 ut
1537 2272 1610 2290 mun-

970 2312 1034 2337 dum
1051 2314 1251 2337 contemnamus
1264 2311 1314 2335 598
1330 2317 1356 2335 v.
1371 2310 1385 2335 4
1398 2324 1433 2329 -=-
1447 2310 1472 2335 ln
1487 2309 1610 2341 passioni-

971 2355 1021 2380 bus
1035 2355 1189 2380 Sanctorum
1203 2354 1286 2380 activa
1301 2354 1396 2379 occisio
1415 2356 1455 2379 est
1473 2353 1610 2384 permissa,

971 2399 1018 2424 sed
1037 2399 1141 2430 passiva
1162 2400 1201 2424 est
1220 2397 1381 2429 beneplacita
1401 2397 1452 2422 409
1472 2397 1507 2422 75
1529 2396 1556 2421 1*
1604 2402 1606 2404 ·

1024 2457 1059 2460 -
1079 2443 1148 2467 Deus
1167 2441 1323 2467 clariflcatur
1348 2441 1374 2466 in
1402 2441 1524 2472 passione
1549 2441 1612 2465 San-

972 2490 1074 2512 ctorum
1088 2493 1140 2512 non
1153 2486 1178 2511 in
1193 2492 1233 2518 se,
1247 2486 1294 2511 sed
1308 2485 1332 2510 in
1346 2484 1437 2515 1101115,
1458 2492 1518 2510 cum
1539 2485 1609 2509 inno-

974 2531 1060 2562 tescit,
1088 2533 1185 2563 quanta
1211 2537 1260 2562 pro
1288 2536 1378 2555 amore
1407 2529 1453 2555 Dei
1473 2528 1550 2555 nobis
1569 2536 1612 2561 pa-

973 2575 1058 2601 tienda
1078 2578 1140 2601 sunt
1159 2575 1190 2600 Vl
1211 2575 1261 2600 528
1288 2574 1321 2600 49
1340 2587 1375 2592 -
1394 2574 1464 2599 Deus
1483 2573 1611 2606 glorifica-

973 2623 1014 2645 tur
1034 2626 1081 2651 per
1099 2619 1194 2646 Christi
1213 2619 1362 2651 passionem
1384 2618 1434 2644 433
1448 2618 1481 2644 45
1494 2633 1529 2636 -
1542 2617 1612 2644 Chri-

973 2667 1029 2690 stus
1059 2665 1187 2696 perfectos
1223 2663 1343 2689 accendit
1373 2663 1406 2689 ad
1438 2663 1609 2688 imitationem

974 2708 1102 2740 passionis
1121 2708 1172 2733 622
1193 2715 1219 2733 v.
1239 2708 1272 2732 15
1291 2722 1326 2725 -
1346 2708 1370 2732 10
1390 2707 1533 2732 imitatione
1552 2713 1609 2738 pas-

973 2753 1054 2778 sionis
1073 2752 1159 2777 anima
1178 2752 1279 2777 lavatur
1298 2752 1330 2777 ad
1360 2752 1545 2783 perfectionem
1570 2751 1613 2776 de-

974 2797 1043 2822 coris
1063 2796 1113 2821 599
1133 2803 1159 2821 v.
1179 2797 1194 2820 6

1028 2854 1062 2858 -
1082 2840 1135 2865 Pati
1159 2847 1173 2865 a
1202 2839 1319 2871 genitore
1347 2846 1396 2865 suo
1424 2839 1611 2871 gravissimum

975 2887 1013 2910 est
1031 2885 1074 2910 Vll
1095 2884 1145 2909 528
1166 2883 1200 2909 24

1030 2929 1126 2954 PAsron
1151 2928 1351 2960 —ingreditur
1379 2935 1427 2959 per
1454 2928 1550 2953 ostium
1580 2927 1612 2953 Vl

976 2974 1027 2998 383
1047 2974 1062 2998 2
1082 2987 1116 2991 -
1134 2972 1213 2998 (101101
1231 2973 1327 2998 intrare
1346 2979 1393 3004 per
1411 2972 1516 3002 ostium,
1536 2972 1560 2997 id
1575 2974 1614 2997 est

976 3023 1022 3048 per
1041 3017 1177 3042 veritatem
1205 3015 1238 3042 ib.
1259 3017 1274 3042 3
1293 3030 1328 3035 -
1352 3016 1413 3041 Veri
1433 3016 1545 3048 pastoris
1564 3016 1613 3048 pri·

976 3063 1052 3086 vatur
1071 3061 1157 3086 officio
1176 3060 1222 3093 qui
1241 3067 1288 3092 per
1307 3059 1402 3085 ostium
1421 3067 1474 3085 non
1503 3060 1614 3092 ingredi·

977 3107 1017 3130 tur
1037 3105 1088 3130 385
1114 3105 1129 3129 8
1157 3117 1193 3123 —-
1220 3104 1310 3130 ovium
1340 3102 1418 3129 debet
1446 3104 1547 3135 ingredi
1568 3111 1614 3135 per

977 3148 1107 3174 Christum
1132 3151 1255 3181 tanquam
1285 3154 1330 3179 per
1358 3147 1453 3173 ostium
1474 3147 1519 3173 581
1545 3148 1560 3172 2
1579 3161 1615 3166 —-

977 3200 1055 3218 verus
1074 3191 1152 3218 debet
1180 3192 1280 3224 ingredi
1309 3198 1356 3224 per
1383 3191 1514 3217 Christum
1540 3199 1615 3218 voca-

977 3236 1038 3262 tioni
1051 3236 1108 3262 eius
1120 3235 1281 3268 obediendo,
1300 3239 1360 3267 post
1377 3235 1507 3261 Christum
1528 3236 1615 3267 ipsum

977 3281 1117 3311 imitando,
1147 3283 1256 3312 propter
1287 3279 1418 3306 Christum
1449 3280 1512 3305 nihil
1545 3280 1615 3306 aliud

977 3328 1080 3357 praeter
1098 3324 1230 3350 Christum
1250 3324 1401 3357 quaerendo
1421 3324 1472 3349 582
1493 3323 1508 3349 4

1030 3382 1065 3387 —
1083 3368 1163 3394 debet
1181 3375 1289 3400 pascere
1308 3375 1380 3398 oves,
1410 3375 1461 3393 non
1481 3375 1509 3393 se
1529 3368 1616 3403 ipsum

304 3411 354 3437 dus
373 3412 511 3438 comedere
535 3414 631 3444 pascha
661 3412 693 3438 Vl
721 3412 770 3438 408
790 3413 824 3439 73
842 3426 878 3432 —
896 3413 940 3438 Pa·
980 3413 1010 3438 Vl
1030 3412 1082 3438 525
1102 3412 1135 3438 35
1148 3427 1182 3431 —
1196 3419 1276 3438 verus
1288 3412 1371 3444 pascit
1383 3419 1466 3444 agnos
1480 3412 1530 3438 626
1544 3419 1570 3438 v.
1584 3412 1616 3437 46

1934 320 1993 346 PAS

1639 378 1673 383 —
1693 363 1779 390 bonus
1797 364 1832 390 ad
1850 364 2021 390 reficiendum
2041 367 2118 390 vocat
2136 364 2187 390 384
2208 365 2223 390 5
2242 378 2278 383 -

1638 408 1663 433 10
1684 415 1765 434 001110
1785 408 1881 440 colligit
1899 415 1978 439 oves,
1998 415 2032 433 ne
2044 408 2174 440 patiantur
2188 408 2275 434 incur-

1637 459 1697 477 sum
1726 452 1777 477 387
1805 453 1833 477 21
1859 467 1893 471 -
1913 452 1999 478 110005
2017 459 2082 478 oves
2101 457 2178 478 vocat
2195 453 2277 478 nomi·

1638 496 1731 528 natim,
1751 503 1795 521 eas
1823 496 1911 521 educit
1938 499 1964 522 et
1987 497 2094 522 deducit
2113 497 2163 522 583
2188 497 2212 522 14
2242 511 2278 514 -

1638 539 1724 565 1101105
1743 540 1822 566 (101101
1840 547 1905 566 oves
1924 547 2020 566 vocare
2038 540 2121 566 verbo
2141 541 2286 573 praedica-

1639 584 1724 614 tionis,
1739 584 1851 610 educere
1861 585 2029 610 sacramento
2043 585 2223 616 consessionis,
2234 585 2278 611 de·

1638 628 1736 653 ducere
1754 629 1875 660 exemplo
1889 628 1975 654 bonae
1987 629 2194 655 conversationis
2215 628 2278 655 ibid.

1638 686 1673 689 —
1692 671 1812 697 Officium
1833 671 1895 697 boni
1914 672 2027 704 pastoris
2054 675 2093 698 est
2111 679 2207 698 vocare
2235 679 2275 698 co-

1639 716 1803 748 gnoscendo,
1822 716 1935 742 educere
1953 716 2107 742 instruendo
2127 720 2152 742 et
2164 717 2279 749 dirigere

1640 760 1737 786 bonum
1758 761 1908 792 exemplum
1922 760 2075 793 praebendo
2088 760 2123 787 ib.
2140 760 2155 786 4
2168 775 2203 779 -—
2217 760 2279 786 Boni

1639 805 1750 836 pastoris
1769 805 1885 830 officium
1904 808 1944 830 est
1962 812 2026 830 oves
2045 812 2207 837 congregare
2226 808 2251 831 et
2264 811 2279 830 a

1638 848 1707 880 lupis
1725 848 1867 874 defendere
1887 849 1927 874 Vll
1949 849 1999 874 434
2020 849 2029 874 4

1693 906 1728 911 -
1746 892 1832 918 110005
1851 900 1881 918 ex
1899 893 2048 918 vehementi
2067 893 2205 919 dilectione
2217 899 2279 924 erga

1640 943 1704 962 oves
1723 937 1804 962 vitam
1825 944 1873 969 pro
1892 937 1930 963 eis
1949 937 1993 962 dat
2013 937 2045 962 Vl
2065 938 2115 963 386
2138 938 2170 962 46
2189 937 2281 963 —bo-

1641 988 1690 1006 nus
1710 980 1808 1006 bonum
1834 982 1983 1013 exemplum
2010 981 2171 1007 ostendendo
2199 982 2283 1013 praeit

1640 1025 1692 1050 384
1712 1025 1782 1050 5“-
1802 1024 1887 1050 110005
1912 1032 1964 1051 000
1988 1025 2088 1051 desistit
2112 1025 2146 1051 ab
2175 1025 2279 1058 inquisi-

1640 1069 1709 1094 tione
1729 1071 1788 1094 ante
1807 1069 1916 1094 salutem
1937 1069 1979 1094 Vll
1999 1069 2050 1094 385
2071 1070 2098 1094 41
2116 1084 2151 1087 -
2165 1069 2282 1095 humeris

1641 1113 1695 1138 suis
1714 1115 1800 1145 portat
1818 1119 1897 1138 ovem
1927 1113 2059 1138 inventam
2078 1112 2111 1139 ib.
2133 1114 2165 1138 42
2185 1128 2220 1131 -
2238 1113 2282 1139 Vi-

1641 1157 1747 1188 gilantia
1767 1156 1946 1182 sollicitudinis
1959 1157 2096 1188 pastoralis
2109 1157 2280 1183 custodienda

1641 1203 1680 1225 est
1698 1200 1812 1225 Ecclesia
1832 1200 1864 1225 Vl
1885 1199 1935 1225 549
1954 1200 1971 1225 7

1694 1258 1729 1262 -
1748 1244 1819 1269 Bono
1838 1244 1937 1275 pastori
1956 1251 2020 1269 oves
2033 1243 2141 1270 libenter
2153 1244 2281 1271 obediunt

1643 1288 1674 1313 Vl
1694 1288 1744 1313 383
1766 1287 1780 1312 4
1809 1301 1844 1306 —-
1869 1287 1968 1313 Verum
1995 1291 2127 1319 pastorem
2156 1296 2220 1315 oves
2244 1296 2282 1315 se-

1642 1335 1759 1364 quuntur
1778 1338 1825 1363 per
1845 1332 2016 1357 imitationem
2036 1330 2087 1357 384
2114 1331 2130 1357 5
2150 1346 2183 1350 -
2203 1339 2283 1359 verus

1642 1376 1748 1401 auditur
1767 1375 1801 1401 ab
1820 1375 1929 1408 ovibus,
1949 1379 1974 1401 et
1993 1383 2057 1401 oves
2085 1383 2146 1401 eum
2170 1383 2283 1409 sequun-

1643 1423 1697 1448 tur,
1716 1423 1742 1445 et
1760 1420 1816 1452 ipse
1836 1426 1880 1445 eas
1899 1422 2037 1445 conservat
2056 1420 2101 1445 391
2121 1420 2154 1445 38
2167 1434 2203 1439 -
2216 1420 2283 1445 bene

1644 1464 1796 1496 praesidens
1815 1463 1894 1490 debet
1912 1471 1969 1490 esse
1989 1464 2016 1489 111
2036 1464 2221 1496 cognoscendo
2235 1465 2283 1490 sol·

1643 1509 1727 1534 licitus
1746 1516 1793 1541 per
1813 1509 1930 1540 vigiliam
1949 1509 2106 1541 intuitionis,
2128 1509 2154 1534 in
2173 1515 2283 1541 suppor-

1644 1554 1723 1579 tando
1742 1553 1802 1586 pius
1820 1560 1867 1585 per
1886 1554 2007 1579 aflectum
2027 1553 2143 1586 pietatis,
2158 1553 2184 1578 in
2203 1553 2284 1579 dedu-

1643 1599 1726 1624 cendo
1746 1597 1848 1630 primus
1861 1604 1908 1629 per
1921 1598 2070 1630 exemplum
2085 1597 2240 1629 honestatis,
2256 1597 2282 1623 in

1644 1642 1808 1675 protegendo
1827 1641 1928 1674 probus
1946 1649 1994 1674 per
2013 1642 2184 1668 constantiam
2203 1642 2283 1668 virtu-

1644 1687 1676 1713 tis
1695 1687 1747 1713 582
1776 1687 1792 1712 5
1818 1700 1853 1705 -—
1881 1687 1985 1713 Bonitas
2011 1687 2123 1718 pastoris
2151 1687 2234 1712 elucet
2251 1693 2283 1712 ex

1644 1731 1840 1763 comparatione
1859 1731 1894 1757 ad
1912 1738 1976 1757 oves
2004 1735 2030 1757 et
2048 1730 2150 1757 bonitas
2169 1731 2227 1757 ovis
2253 1738 2284 1756 ex

1644 1776 1841 1807 comparatione
1859 1775 1893 1801 ad
1912 1779 2045 1807 pastorem
2066 1775 2098 1801 ib.
2118 1776 2133 1799 8

1698 1833 1734 1839 —
1747 1826 1827 1845 verus
1839 1820 2037 1851 recognoscitur
2050 1819 2083 1844 ab
2096 1819 2202 1845 ostiario
2214 1818 2286 1845 Chri-

1645 1867 1684 1889 sto
1697 1867 1723 1890 et
1735 1871 1750 1889 a
1764 1871 1846 1896 grege
1867 1865 1897 1890 Vl
1912 1864 1963 1889 383
1986 1863 2001 1889 4
2014 1877 2050 1882 —
2063 1864 2183 1890 Officium
2203 1866 2288 1895 pasto-

1645 1908 1681 1933 ris
1699 1909 1822 1934 convenit
1846 1908 1944 1940 pastori
1973 1908 2075 1934 Christo
2095 1915 2142 1939 per
2161 1908 2285 1934 excellen-

1646 1953 1722 1985 tiam,
1742 1953 1798 1978 aliis
1818 1959 1865 1984 per
1878 1952 2049 1978 imitationem
2063 1952 2115 1977 384
2130 1951 2145 1977 4
2157 1965 2192 1971 —
2209 1951 2288 1984 pauci

1646 2000 1706 2022 sunt
1724 1997 1867 2022 imitatores
1886 1996 1979 2022 Christi
1999 1996 2033 2022 ib.
2053 1997 2069 2023 5

1699 2056 1734 2059 —
1754 2041 1838 2067 malus
1857 2041 2002 2073 ingreditur
2026 2041 2053 2066 in
2081 2041 2222 2067 Ecclesiam
2241 2040 2287 2066 Dei

1647 2089 1771 2119 tanquam
1792 2087 1832 2112 fur
1851 2089 1876 2111 et
1895 2087 1959 2112 latro
1974 2086 2006 2112 Vl
2021 2086 2072 2112 383
2087 2087 2111 2111 2.
2131 2086 2183 2112 385
2203 2086 2236 2111 40
2251 2098 2288 2104 -

1646 2137 1699 2155 non
1720 2137 1799 2156 verus
1827 2130 1996 2162 distinguitur
2021 2137 2035 2155 a
2054 2137 2118 2156 vero
2146 2137 2176 2156 ex
2204 2130 2285 2156 modo

1648 2174 1812 2206 ingrediendi
1831 2178 1856 2200 et
1874 2182 1906 2200 ex
1926 2174 2006 2200 modo
2026 2174 2193 2206 praesidendi
2206 2174 2252 2199 584
2273 2174 2282 2198 1

1646 2233 1682 2237 --
1709 2219 1799 2250 Agnos
1826 2221 1939 2251 pascunt
1967 2218 2029 2244 boni
2058 2219 2181 2250 praelati,
2210 2219 2288 2250 lupos

1648 2263 1816 2294 mercenarii,
1844 2270 1872 2288 se
1892 2263 1963 2294 ipsos
1983 2264 2053 2288 fures
2072 2263 2123 2288 626
2143 2270 2169 2288 v.
2203 2263 2233 2288 16
2252 2277 2288 2281 --

1648 2314 1746 2339 pravus
1765 2310 1818 2337 est,
1837 2307 1882 2339 qui
1902 2306 1991 2332 cibum
2012 2306 2125 2337 habens,
2144 2307 2288 2339 permittit,
2312 2327 2315 2331 .

1648 2357 1712 2376 oves
1732 2352 1800 2376 fame
1819 2350 1885 2375 mori
1907 2350 1948 2375 Vll
1969 2350 2020 2375 484
2040 2351 2073 2376 32
2086 2365 2121 2368 -
2135 2351 2229 2376 Μ31001
2244 2357 2290 2382 pa-

1648 2399 1744 2422 storem
1765 2402 1830 2421 oves
1857 2402 1910 2421 non
1936 2399 2096 2428 sequuntur,
2115 2396 2161 2422 sed
2187 2397 2290 2427 fugiunt

1648 2439 1683 2465 ab
1702 2447 1733 2465 eo
1754 2440 1784 2465 Vl
1805 2439 1856 2465 384
1876 2440 1891 2464 6
1905 2453 1940 2458 --
1953 2446 2062 2471 gregem
2076 2446 2130 2465 non
2143 2447 2238 2465 curans
2251 2443 2291 2465 est

1649 2484 1748 2510 idolum
1769 2483 1820 2509 582
1841 2484 1857 2509 7

1702 2541 1737 2547 -
1758 2528 1872 2559 Vigilare
1892 2528 1915 2553 in
1936 2531 2011 2554 nocte
2030 2530 2129 2559 spectat
2152 2527 2186 2553 ad
2205 2530 2290 2559 pasto-

1649 2572 1702 2598 rale
1721 2572 1836 2598 osslcium
1857 2572 1899 2598 Vll
1920 2572 1952 2597 48
1975 2573 2007 2597 48
2021 2587 2057 2590 -
2069 2571 2167 2598 debent
2180 2572 2287 2604 vigilare

1649 2620 1757 2649 propter
1789 2616 1907 2642 hostilem
1939 2617 2074 2643 incursum
2109 2617 2289 2649 repellendum

1649 2660 1711 2687 ibid.
1735 2674 1767 2679 —
1786 2661 1833 2686 Per
1852 2667 1945 2687 eorum
1970 2661 2131 2693 vigilantiam
2150 2661 2290 2693 spirituali—

1649 2708 1687 2731 ter
1716 2705 1862 2731 insinuatur
1895 2705 2027 2737 vigilantia
2055 2706 2082 2731 in
2110 2706 2231 2738 praelatis
2256 2704 2290 2731 ib.

1651 2751 1682 2775 49
1702 2764 1737 2768 -
1756 2757 1848 2775 eorum
1868 2750 1974 2776 attentio
1995 2750 2042 2776 fuit
2060 2757 2090 2776 ex
2103 2750 2227 2782 propriae
2241 2749 2289 2775 sol-

1649 2794 1790 2820 licitudinis
1809 2794 1944 2826 vigilantia
1964 2797 1990 2820 et
2008 2802 2038 2820 ex
2054 2794 2165 2826 angelici
2185 2793 2291 2819 luminis

1650 2838 1875 2870 circumfulgentia
1896 2838 1929 2864 ib.
1950 2838 1991 2869 47,
2012 2839 2043 2864 48
2063 2852 2099 2857 -
2127 2838 2227 2864 solliciti
2257 2839 2290 2862 fa-

1650 2882 1683 2908 cti
1703 2885 1764 2908 sunt
1783 2889 1797 2907 a
1816 2883 1932 2908 claritate
1949 2883 2041 2915 Angeli
2061 2882 2093 2908 49
2114 2883 2142 2908 24

1703 2940 1738 2946 -
1751 2927 1926 2953 certificantur
1939 2927 2026 2959 primo
2047 2934 2094 2959 per
2112 2927 2218 2959 signum
2232 2933 2286 2958 pro·

1651 2970 1751 3002 babile,
1779 2971 1874 2997 deinde
1898 2978 1945 3003 per
1969 2971 2146 2997 testimonium
2166 2969 2288 2996 credibile

1652 3015 1695 3040 Vll
1714 3015 1748 3041 50
1768 3015 1810 3045 25,
1825 3016 1857 3040 26
1871 3029 1906 3034 -
1920 3015 2029 3047 Signum
2046 3022 2093 3048 per
2113 3015 2288 3041 testimonium

1652 3059 1724 3085 visus
1743 3059 1819 3085 datur
1837 3059 1875 3085 eis
1894 3058 1927 3086 ib.
1942 3060 1974 3085 26
1990 3074 2021 3078 —
2036 3060 2063 3086 ln
2076 3059 2178 3086 Christo
2195 3059 2290 3083 infante

1652 3103 1742 3129 datum
1762 3107 1801 3129 est
1819 3104 1857 3129 eis
1876 3104 1981 3136 signum
2010 3103 2171 3135 paupertatis
2190 3105 2215 3127 et
2244 3102 2285 3126 liu-

1653 3147 1766 3173 militatis
1779 3146 1813 3173 ib.
1826 3147 1860 3173 27
1873 3161 1909 3167 —
1921 3148 1983 3180 quia
1997 3153 2142 3179 pauperes,
2155 3145 2286 3177 simplices

1652 3194 1677 3216 et
1695 3191 1903 3223 contemptibiles
1923 3191 2049 3217 timebant
2068 3189 2193 3215 accedere
2211 3187 2273 3215 ibid.

1705 3249 1740 3255 —
1765 3235 1969 3262 Commendatur
1997 3241 2089 3260 eorum
2117 3233 2250 3265 diligentia
2276 3240 2290 3258 a

1653 3279 1826 3305 sollicitudine
1844 3278 2028 3312 inquisitionis,
2046 3285 2060 3303 a
2080 3277 2235 3304 certitudine
2254 3278 2291 3303 in-

1653 3323 1783 3349 ventionis
1801 3326 1827 3349 et
1854 3331 1869 3349 11
1897 3322 2056 3355 gratitudine
2080 3322 2228 3355 devotionis
2247 3322 2290 3348 Vll

1654 3368 1683 3393 51
1708 3368 1754 3399 32,
1774 3368 1806 3393 33
1827 3381 1862 3385 ——
1890 3373 1982 3392 eorum
2011 3366 2153 3392 festinantia
2185 3366 2291 3398 signum

1654 3414 1709 3437 erat
1728 3410 1943 3443 promptitudinis
1962 3410 2104 3442 interioris,
2123 3417 2175 3444 qua
2201 3410 2291 3436 divino
