2476 3921
176 671 291 693 Deselatio.

148 721 241 742 intensio
256 720 293 741 do-

188 747 246 768 loris.

150 960 212 981 Ratio
222 958 299 989 utrius-

163 992 204 1013 que
218 991 294 1013 prima.

188 1248 293 1270 Secunda.

149 1592 229 1622 Sensus
245 1591 295 1613 alle-

177 1624 267 1644 ἔοι-10113.

168 2412 290 2443 Secundum

150 2445 303 2470 compassionis

159 2469 295 2488 incentivum.

205 2518 293 2539 Divisio.

162 2792 293 2829 Subdiviuo.

309 289 373 321 622

308 377 352 406 Et
371 375 470 404 oculus
489 382 587 407 meus,·
606 372 704 405 tertio,
725 371 877 405 utriusque
895 369 1056 397 rationem:
1074 366 1151 403 Quia
1173 365 1264 400 lonqe.

309 441 350 446 —
369 425 443 453 Huic
462 422 617 452 sententiae
642 419 836 456 praemittitur
855 417 955 446 littera
974 416 1038 444 Ain
1050 437 1058 451 ,
1080 414 1154 450 quod
1177 413 1266 441 inter-

309 474 439 510 pretatur
463 471 530 506 fons
550 471 608 499 sive
636 469 751 504 oculus,
782 467 912 495 alludens
943 463 1099 494 sententiae
1121 461 1265 498 sequenti,

310 524 339 551 in
360 531 415 558 qua
435 521 511 550 oculi
541 519 621 548 velut
650 517 743 552 fontes
764 523 901 552 aquarum
929 512 1104 542 abundantia
1133 510 1266 540 dicuntur

310 571 419 607 irrigui.
818 602 822 603 ⁷

390 618 466 647 Dicit
485 625 567 653 ergo:
583 616 697 645 Idcirco
718 622 769 650 eqo
785 613 927 649 plorans,
946 611 976 640 id
990 610 1034 639 est
1053 617 1124 646 gens
1138 607 1266 641 residua;

311 664 498 703 Hieronymus
510 665 518 680 ¹
542 666 636 693 tamen
651 663 765 699 exponit
778 662 830 691 hoc
843 661 876 689 de
894 659 1039 696 Propheta
1052 658 1181 687 Ieremia.
1196 656 1267 685 Inde

311 716 434 745 intensio
445 714 554 743 doloris
569 712 712 741 subditur:
727 711 770 740 Et
783 709 884 739 oculus
896 716 977 737 meus
991 707 1133 735 deducens
1143 711 1266 740 aquarn,

311 765 340 793 id
361 764 404 792 est
423 771 556 799 magnam
576 762 765 797 lacrymarum
778 756 982 786 abundantiam
1003 755 1031 784 et
1052 754 1159 783 fontem
1179 753 1268 787 lacry-

311 821 436 846 marum3
468 819 556 847 supra
585 810 694 838 eodem:
721 819 735 833 «
754 807 874 835 Plorans
910 803 1066 840 ploravit»
1102 802 1155 831 etc.
1190 800 1267 838 Quia

314 862 396 897 lonye
407 870 416 895 ;
436 868 509 893 ecce,
530 859 608 886 ratio
627 856 821 890 desolationis,
843 853 999 882 subtractio
1013 852 1125 880 divinae
1145 849 1268 879 consola-

312 910 414 942 tionis,
429 909 458 937 et
471 906 665 936 exterminatio
685 904 782 940 populi
804 902 992 931 delectabilis:
1012 900 1099 929 Facti
1118 900 1197 928 sunt.
1218 897 1269 925 Di-

312 957 351 986 cit
370 965 448 992 ergo:
475 955 549 992 Quia
578 954 660 990 lonye
679 952 775 987 factus
800 953 841 980 est
861 959 881 979 a
906 958 952 978 me
971 944 1152 982 consolator,
1175 947 1267 979 Deus,

313 1005 429 1041 propter
449 1004 608 1041 peccatum;
633 1013 648 1027 <a
661 1002 744 1037 longe
769 1001 843 1028 enim
863 1008 881 1028 a
902 997 1094 1034 peccatoribus
1115 996 1193 1024 salus
1205 993 1216 1009 ²
1231 1004 1267 1028 »3

312 1055 478 1082 convertens
494 1052 623 1080 animam
642 1058 751 1085 meam,
766 1049 803 1077 ad
823 1049 942 1081 bonum3
964 1047 1061 1074 nullus
1075 1045 1149 1073 enim
1169 1044 1206 1072 ad
1219 1043 1269 1072 bo-

312 1110 379 1130 nurn
400 1099 587 1132 convertitur,
607 1099 662 1126 nisi
690 1098 769 1133 prius
790 1098 819 1125 in
840 1096 911 1125 bono
936 1094 1110 1128 delectetur3
1133 1091 1269 1128 Augusti-

311 1158 365 1178 nus
377 1148 402 1177 ³:
430 1160 444 1174 α
458 1148 497 1177 Ut
518 1148 606 1176 amori
626 1146 751 1175 iustitiae
766 1153 822 1174 non
836 1151 1043 1180 praeponamus
1064 1142 1170 1175 omnia,
1197 1148 1269 1176 quae

311 1197 467 1231 delectant;
488 1198 547 1232 ipse
569 1195 613 1224 est
638 1196 746 1231 primus
767 1193 889 1230 gradus,
911 1192 945 1220 ut
971 1191 1046 1220 inter
1067 1191 1175 1224 omnia,
1197 1197 1268 1225 quae

311 1246 466 1279 delectant,
482 1245 546 1281 plus
561 1243 679 1272 delectet
689 1244 752 1278 ipsa
762 1242 872 1270 iustitia
883 1253 911 1269 ι».
922 1241 978 1269 Pro
990 1239 1109 1268 secundo
1124 1238 1267 1274 sequitur:

311 1296 399 1324 Facti
418 1296 487 1323 sunt
506 1293 564 1328 filii
583 1293 640 1321 mei
654 1292 783 1328 perditi,
805 1291 841 1319 ad
862 1290 1005 1325 litteram,
1037 1288 1110 1317 unde
1136 1286 1267 1316 Baruch:

316 1355 330 1368 ‹<
344 1343 469 1372 Adduxit
489 1342 557 1370 mihi
577 1341 686 1369 luctum
713 1348 864 1376 magnum3
892 1338 1044 1367 vidi-enim
1072 1335 1269 1372 captivitatem

312 1393 408 1428 populi
429 1392 498 1425 mei,
520 1391 642 1419 filiorum
668 1397 793 1418 meorum
813 1388 842 1416 et
867 1388 991 1428 tiliarum
1012 1394 1187 1415 mearum.>›.
1216 1384 1269 1413 Sed

311 1450 395 1470 causa
415 1449 515 1469 causae
536 1439 677 1475 sequitur:
704 1438 848 1475 Quoniam
862 1436 989 1465 invaluit
1007 1435 1158 1470 inimicus,
1173 1434 1202 1462 id
1216 1433 1268 1467 est,

313 1489 481 1526 praevaluit.

392 1538 441 1566 47.
462 1536 641 1573 Alleyorice:
654 1536 715 1565 Vox
729 1535 772 1564 est
786 1535 938 1568 Ecclesiae,
954 1534 999 1562 vel
1013 1533 1122 1561 animae
1141 1531 1269 1565 sauctae,

313 1596 383 1623 quae
404 1587 500 1623 sponsi
521 1587 565 1614 sui
585 1585 713 1621 deplorat
734 1584 900 1613 absentiam.
921 1583 974 1612 Sed
994 1582 1150 1619 deploratio
1173 1581 1271 1610 efficax

314 1644 370 1664 non
390 1635 450 1670 est,
472 1635 527 1663 nisi
554 1633 749 1667 continuetur;
777 1633 850 1661 unde
871 1633 919 1660 ille
946 1640 964 1660 a
991 1632 1110 1660 Domino
1131 1630 1271 1659 consolari

313 1684 449 1717 meretur,
474 1684 522 1719 qui
552 1682 648 1711 servat
671 1690 718 1710 cor
739 1690 821 1710 suum
835 1680 966 1710 continue
986 1681 1187 1716 lacrymosum,
1210 1679 1271 1707 nul-

313 1733 373 1760 lum
387 1732 539 1760 admittens
553 1731 774 1766 interruptivum
789 1730 931 1758 solatium.
942 1729 1122 1765 Augustinus
1133 1723 1162 1756 ⁴?
1176 1739 1190 1753 α
1202 1727 1271 1756 Con-

315 1781 400 1809 solari
420 1780 531 1808 laetitia
544 1780 609 1808 nolo
623 1788 689 1813 vos,
710 1779 766 1807 nisi
778 1779 909 1819 ¹primum
923 1778 1006 1806 venia
1017 1776 1159 1805 reduxerit
1180 1784 1231 1805 vos
1242 1787 1270 1804 ›>.

314 1829 353 1856 Et
378 1829 430 1857 hoc
449 1828 493 1856 est
525 1828 634 1856 oculum
662 1827 751 1855 facere
779 1826 885 1855 fontem
910 1834 1061 1861 aquarum,
1089 1825 1161 1860 quia
1190 1824 1276 1860 lonye,

315 1876 412 1911 factus
432 1878 488 1911 est,
514 1876 630 1912 propter
658 1876 772 1911 peccata
794 1884 864 1903 mea.
885 1875 909 1903 E
930 1874 1085 1907 contrario,
1106 1882 1169 1902 cum
1190 1881 1272 1909 prae-

315 1934 380 1954 sens
401 1926 443 1954 est
463 1925 633 1958 consolator,
660 1933 716 1953 non
747 1924 853 1952 habent
882 1924 974 1952 locum
1004 1922 1202 1951 amaritudinis
1232 1922 1272 1950 la-

315 1983 439 2010 crymae3
458 1973 620 2002 Matthaeus
633 1972 643 1987 ⁵
655 1983 662 2001 z
686 1984 700 1998 «
711 1972 847 2008 Nunquid
858 1971 978 2008 possunt
988 1972 1084 2007 lugere
1098 1971 1150 1999 filii
1165 1971 1270 2006 sponsi,

316 2022 448 2058 quamdiu
477 2030 539 2050 cum
566 2022 636 2057 ipsis
664 2021 708 2050 est
725 2029 859 2057 >sponsus
874 2021 907 2048 »Ρ
927 2020 1018 2048 Facti
1044 2020 1114 2048 sunt
1137 2019 1195 2054 filii
1214 2019 1272 2047 mei

309 2071 434 2106 perditi,
456 2070 521 2099 falsi
543 2070 712 2104 Christiani,
733 2071 779 2098 vel
798 2070 823 2098 si
844 2070 877 2098 de
898 2070 993 2097 anima
1014 2068 1154 2104 singulari
1167 2068 1270 2096 intelli-

315 2120 406 2155 gitur,
428 2119 484 2153 filit
505 2127 590 2154 opera
604 2118 797 2155 ,intelligitur3
819 2119 849 2147 in
869 2118 996 2146 Psalmo:
1024 2117 1115 2149 «Filii
1134 2116 1177 2145 tui
1198 2115 1272 2144 sicut

315 2168 440 2197 novellae
452 2168 610 2196 olivarum»
626 2168 695 2202 etc.;
710 2167 791 2196 Osee:
812 2167 971 2203 «Ephraim
985 2160 1104 2194 adducet
1118 2165 1191 2194 filios
1206 2173 1271 2194 suos

315 2218 351 2245 ad
371 2217 577 2245 interfectorem
590 2228 618 2251 »3
640 2216 789 2252 Ephraim
819 2215 1026 2251 interpretatur
1051 2214 1183 2250 frugifer,
1205 2214 1272 2250 quia

316 2266 367 2294 filii
387 2266 525 2294 Ecclesiae
546 2265 735 2300 prosperitate
756 2264 784 2293 et
804 2264 950 2293 affluentia
980 2263 1129 2299 praecipue
1150 2271 1271 2291 corrum-

316 2313 432 2349 puntur.

393 2362 441 2390 48.
464 2362 557 2398 (Vers.
580 2361 651 2398 17.).
673 2362 744 2390 Pus.
766 2361 921 2397 Expandit
936 2360 1016 2389 Sion.
1032 2360 1085 2389 Hic
1105 2360 1170 2396 post
1184 2360 1272 2389 decla-

315 2410 408 2438 ratam
428 2410 463 2438 ad
485 2418 514 2438 se
535 2403 658 2438 divinam
690 2409 882 2443 severitatem,
905 2409 1000 2437 subdit
1019 2409 1176 2437 secundum
1198 2417 1270 2437 com-

310 2459 461 2494 passionis
492 2459 685 2494 incentivum,
718 2458 842 2486 hostium
873 2458 979 2487 scilicet
1009 2458 1269 2493 importunitatem,

315 2508 406 2543 primo
427 2508 585 2536 describens
613 2508 810 2542 oppressionis
835 2507 999 2541 miserim,-
1020 2507 1154 2541 secundo,
1181 2507 1271 2542 ipsius

307 2564 421 2591 poenae
443 2556 602 2591 iustitiam,
625 2556 675 2583 ibi:
697 2555 799 2584 Iustus
821 2557 862 2584 est
882 2555 1043 2590 Dominus,·
1074 2556 1159 2584 tertio
1184 2555 1271 2584 iterat

312 2605 393 2640 quasi
414 2604 572 2633 conclusive
596 2604 774 2632 calamitatis
796 2604 1021 2639 querimoniam,
1042 2604 1076 2632 ut
1104 2604 1174 2633 alios
1195 2604 1271 2640 infie-

312 2653 373 2681 ctat
388 2653 423 2681 ad
438 2654 638 2688 compassionis
659 2653 845 2687 clementiam,
867 2653 918 2681 ibi:
934 2652 1052 2688 Audite,
1068 2653 1183 2681 obsecro
1195 2651 1216 2680 θ.
1231 2669 1271 2673 —-

312 2702 349 2730 In
373 2703 464 2738 prima
487 2702 583 2738 parte,
605 2702 670 2737 quia
690 2701 787 2730 hostes
819 2702 887 2730 tunc
916 2702 1035 2729 maxime
1056 2701 1125 2729 sunt
1145 2701 1271 2735 molesti,

314 2750 427 2785 quando
448 2751 490 2778 illi
511 2759 629 2786 quorum
651 2750 719 2778 sunt
739 2750 852 2783 hostes,
874 2750 942 2778 sunt
962 2750 992 2778 in
1013 2749 1147 2785 angustia
1167 2749 1273 2778 consti-

315 2798 388 2832 tuti;
410 2798 469 2827 ideo
491 2800 581 2834 primo
595 2799 728 2827 describit
741 2799 819 2826 circa
835 2798 961 2826 Iudaeos
975 2797 1118 2825 adiutorii
1131 2799 1158 2825 et
1171 2798 1273 2827 solatii

315 2847 523 2883 indiyentiam,·
544 2847 663 2876 secundo
678 2847 773 2876 subdit
788 2847 1022 2875 adversariorum
1036 2846 1274 2882 impugnantium

316 2896 530 2931 confluentiam,
551 2896 604 2924 ibi:
626 2896 787 2924 Mandavit
807 2895 971 2929 Dominus;
993 2894 1087 2928 tertio,
1108 2903 1273 2930 consequen-

317 3117 348 3142 Τι
389 3082 396 3096 ¹
419 3083 442 3108 ln
462 3083 578 3108 Lament.
598 3083 631 3108 ad
651 3090 677 3107 v.
702 3083 739 3108 16.
761 3083 836 3115 (inter
855 3082 941 3114 Opera
962 3083 1086 3115 llieron.).
1099 3097 1134 3102 —
1148 3083 1272 3116 Sequitur

351 3118 510 3179 wegffiga’lrg:
533 3153 589 3183 118,
611 3153 670 3178 155.
688 3134 827 3184 -ἶΞυρΓο
848 3160 896 3184 pro
915 3153 1104 3180 exterminatio
1122 3153 1218 3187 populi
1230 3152 1272 3179 de-

316 3187 442 3214 leclabilie
464 3188 518 3213 Vat.
540 3188 689 3214 exsecratio
706 3188 802 3222 populi
820 3187 1004 3223 delinquentis.

387 3223 397 3263 ᾖ)
417 3224 499 3248 Serm.
521 3223 580 3248 459.
601 3223 675 3256 <alias
696 3223 738 3249 117.
757 3224 791 3249 de
820 3223 914 3249 Verbis
933 3224 1032 3256 Apost.)
1063 3232 1085 3250 c.
1106 3225 1130 3249 2.
1149 3231 1174 3249 n.
1193 3225 1218 3249 2.
1238 3237 1273 3242 -

316 3258 609 3319 sequitulsofflr'nudiiufc'
624 3259 677 3319 ῐῗὸῐι
698 3294 854 3319 invenimus.

389 3329 399 3343 ⁶
418 3328 480 3360 Con.
501 3329 531 3359 9,
553 3330 597 3360 r153
617 3329 713 3355 deinde
732 3330 770 3354 ps.
793 3330 857 3360 427,
877 3330 900 3354 3.
921 3332 946 3355 et
965 3330 1030 3356 Osee
1049 3330 1079 3360 9,
1101 3330 1196 3355 13.-
1210 3329 1271 3354 Vat.

316 3364 380 3389 insi-n
401 3365 494 3390 omittit
513 3364 564 3398 filii
581 3371 690 3397 opera...
710 3364 847 3391 olivarum
865 3366 911 3391 etc.

384 3398 394 3413 ⁶
414 3400 472 3424 Vat.
491 3400 584 3425 omittit
604 3401 693 3426 Iustus
712 3401 750 3426 est
771 3399 920 3435 Dominus;
941 3399 1018 3426 terlio
1038 3399 1117 3425 iterat
1136 3406 1220 3432 usque
1240 3399 1273 3425 ad

312 3434 416 3460 Audite.
435 3436 499 3460 infra
518 3435 610 3460 eadem
631 3437 726 3461 contra
747 3434 859 3461 ludaeos
879 3442 926 3467 pro
946 3435 1020 3462 circa
1034 3434 1164 3465 ludaeos,
1185 3439 1209 3460 et
1228 3434 1273 3460 ad-

1020 275 1217 324 EXPOSITIO
1241 274 1471 308 THRENORUM
1495 273 1527 305 C.
1551 272 1573 304 1.

1329 363 1386 391 tem
1407 362 1587 391 Iudaeorum
1601 359 1806 396 ignominiam,
1826 357 1881 386 ibi:
1896 357 1995 386 Facta
2008 357 2051 385 est
2064 355 2235 384 Ierusalem.
2249 371 2290 375 -—-

1329 411 1403 439 Huic
1423 409 1580 438 sententiae
1600 406 1796 444 praemittitur
1815 406 1915 434 littera
1935 405 2014 441 Phe,
2035 404 2064 433 et
2082 403 2290 440 interpretatur

1329 466 1370 493 os,
1392 457 1429 486 ab
1449 465 1512 491 ore,
1533 464 1590 485 non
1611 455 1647 484 ab
1668 463 1746 489 osse,
1767 454 1813 483 vel
1834 454 1911 490 oris,
1933 453 2071 490 genitive,
2093 453 2175 489 quasi
2199 451 2289 481 dicat:

1329 506 1418 535 maior
1449 505 1493 534 est
1524 504 1660 533 desolatio
1681 512 1758 537 mea,
1780 511 1866 539 quam
1897 503 1997 538 lingua
2023 501 2120 530 valeat
2140 509 2290 535 enarrare;

1329 555 1403 584 unde
1414 555 1509 583 etiam
1529 562 1665 582 manuum
1685 552 1847 581 extensione
1868 551 2075 588 praetenditur.

1410 603 1486 632 Dicit
1499 611 1582 639 ergo:
1596 602 1755 638 Expandit
1780 609 1901 637 manus,
1917 599 1991 629 sicut
2005 599 2170 636 periclitans
2179 621 2186 634 ‚
2201 599 2290 635 requi·
2304 605 2441 637 oppressioni

1330 661 1396 681 rens
1406 652 1572 686 adiutorem,
1588 651 1633 680 vel
1646 652 1676 679 in
1692 651 1805 686 signum
1819 649 1981 678 afflictionis
1994 649 2131 677 maximae
2140 670 2147 682 ,
2163 647 2237 677 sicut
2250 656 2292 677 so·
2305 635 2439 686 mnsgffifn-

1330 701 1391 730 lent
1418 701 1516 730 afflicti
1543 700 1626 737 gravi
1645 699 1742 728 morbo
1763 699 1854 727 facere
1875 698 1904 727 et
1924 698 2057 726 mulieres
2078 696 2289 733 pfflturientes3

1331 750 1414 786 Sion,
1430 750 1577 779 continens
1591 757 1642 785 pro
1657 747 1798 777 contento.
1820 747 1892 777 Non
1906 748 1949 775 est
1962 747 2014 782 qui
2034 746 2198 774 consoletwr
2218 753 2291 781 earm,

1331 799 1426 828 divino
1448 798 1595 827 subtracto
1616 797 1718 826 solatio
1739 796 1768 825 et
1789 796 1884 824 divino
1906 794 2072 835 flagellante
2091 795 2207 829 iudicio;
2235 794 2293 823 Na·

1330 846 1438 876 hum⁷=
1470 847 1575 875 «Unde
1606 854 1741 882 quaeram
1771 844 1977 874 consolatorem
2008 844 2061 872 tibi
2074 844 2108 871 »Ρ
2134 843 2295 872 Mandavit

1331 896 1479 924 Dominus
1500 895 1638 924 adversus
1659 894 1764 930 Iacob,
1785 894 1815 922 id
1835 893 1879 922 est
1900 893 1971 922 duas
1985 892 2078 921 tribus
2091 892 2164 921 Iuda
2178 891 2207 920 et
2220 892 2295 920 Ben—

1330 946 1434 979 iamin,
1455 945 1489 973 de
1520 945 1580 973 eius
1607 952 1709 980 genere
1737 943 1766 972 et
1796 943 1908 972 nomine
1938 941 2111 979 gloriantes3
2142 940 2296 970 mandavit

1331 994 1470 1030 quantum
1490 994 1527 1022 ad
1548 1001 1652 1029 poenae
1666 992 1821 1026 iustitiam,
1843 1000 1900 1020 non
1914 991 2053 1027 quantum
2067 991 2103 1019 ad
2116 990 2295 1026 punientium

1332 1042 1480 1071 malitiam.
1501 1043 1610 1071 Hostes
1640 1042 1702 1070 eius
1729 1041 1762 1069 in
1782 1041 1907 1069 circuitu
1928 1040 2005 1076 eius,
2027 1039 2101 1068 unde
2122 1038 2224 1075 quarto
2244 1038 2296 1067 Re—

1331 1100 1399 1127 gum
1412 1089 1436 1119 ⁸:
1463 1102 1477 1116 ιι
1491 1090 1750 1119 Nabuchodonosor
1771 1089 1800 1118 et
1821 1090 1913 1118 omnis
1940 1089 2079 1118 exercitus
2100 1088 2160 1117 eius
2180 1088 2295 1116 circum-

1332 1139 1471 1169 dederunt
1490 1140 1635 1168 civitatem
1656 1139 1685 1168 et
1705 1138 1907 1167 exstruxerunt
1931 1139 1962 1166 in
1982 1137 2102 1166 circuitu
2122 1138 2181 1165 eius
2202 1137 2296 1165 muni-

1332 1189 1423 1217 tiones
1436 1200 1465 1216 ».
1480 1205 1521 1209 —
1534 1188 1588 1217 Sed
1608 1196 1659 1224 pro
1681 1188 1868 1223 consequenti
1887 1187 2053 1223 iynominia
2074 1185 2182 1215 subdit:
2197 1186 2296 1214 Facta

1332 1238 1376 1266 est
1405 1237 1569 1266 Ierusalem
1598 1237 1685 1272 quasi
1698 1236 1821 1272 polluta
1840 1236 1997 1264 menstruis
2017 1236 2095 1263 inter
2119 1243 2183 1269 eos,·
2213 1234 2295 1263 Ieru-

1332 1286 1440 1322 salem,
1469 1286 1616 1315 continens
1637 1294 1689 1322 pro
1710 1285 1858 1319 contento,
1879 1285 1909 1313 id
1929 1284 1974 1313 est
1993 1284 2146 1313 immunda⁴
2161 1282 2296 1319 reputata

1333 1335 1363 1364 et
1388 1336 1602 1370 abominabilis;
1634 1336 1679 1363 vel
1709 1335 1762 1364 hoc
1793 1334 1897 1363 dicitur
1928 1334 2081 1363 secundum
2112 1333 2262 1362 Rabanum
2272 1331 2294 1367 ⁹,

1339 1396 1353 1410 «
1368 1385 1435 1421 quia
1466 1384 1685 1421 sanguinolenta
1706 1393 1791 1420 opera
1822 1383 1851 1412 et
1881 1383 2008 1412 carnalia
2039 1383 2177 1412 desideria
2201 1382 2295 1411 noluit

1334 1433 1425 1462 vitare
1440 1444 1469 1467 »ς
1490 1433 1564 1461 unde
1591 1433 1687 1462 subdit
1708 1433 1858 1461 Rabanus:
1886 1443 1901 1457 «
1914 1431 2063 1460 Menstrua
2084 1430 2204 1460 foeditas
2231 1430 2291 1464 est,

1282 1503 1287 1505 v
1334 1489 1398 1509 cum
1411 1489 1461 1517 per
1476 1481 1605 1517 singulos
1618 1489 1729 1509 menses
1749 1481 1851 1517 gravia
1871 1479 1957 1516 atque
1979 1479 2124 1515 torpentia
2143 1478 2294 1507 mulierum

1334 1538 1452 1566 corpora
1472 1529 1611 1558 immundi
1631 1529 1779 1565 sanguinis
1800 1528 1934 1558 effusione
1955 1527 2119 1556 relevantur
2132 1539 2162 1555 ».

1413 1578 1463 1606 49.
1484 1578 1666 1615 Alleyorice:
1688 1578 1770 1613 Sion,
1785 1578 1814 1606 id
1828 1577 1872 1606 est
1885 1577 2011 1606 Ecclesia
2031 1577 2061 1605 in
2080 1576 2218 1612 praelatis
2232 1584 2298 1605 san·
2315 1580 2395 1612 Sensus
2410 1580 2448 1603 ani

1334 1628 1403 1661 ctis,
1424 1628 1564 1663 expandit
1593 1635 1700 1656 manus
1720 1635 1800 1662 suas,
1833 1635 1885 1663 pro
1916 1626 2038 1655 subditis
2069 1626 2190 1660 orand03
2223 1625 2297 1654 unde
2343 1613 2435 1635 gonona.

1334 1676 1447 1705 Exodus
1460 1675 1499 1704 ¹⁰:
1527 1687 1541 1701 «
1553 1676 1623 1704 Cum
1643 1671 1752 1704 levaret
1766 1676 1877 1712 Moyses
1891 1684 2002 1709 manus,
2017 1674 2149 1704 vincebat
2162 1675 2255 1703 Israel
2268 1686 2297 1702 n.

1334 1725 1407 1754 Non
1427 1726 1470 1753 est
1490 1725 1541 1760 qui
1571 1725 1736 1753 consoletur
1766 1733 1846 1760 eam,
1868 1724 2081 1758 benefaciendo;
2107 1732 2234 1763 «omnes
2254 1723 2298 1752 de-

1335 1773 1529 1807 clinaverunt,
1551 1774 1636 1801 simul
1656 1773 1772 1801 inutiles
1793 1773 1862 1801 facti
1883 1773 1951 1801 sunt
1965 1784 1994 1800 ».
2014 1772 2178 1801 Mandavit
2197 1772 2299 1801 Domi-

1334 1830 1392 1850 nus
1419 1822 1486 1856 etc.;
1517 1822 1570 1850 hoc
1601 1822 1791 1858 spiritualiter
1821 1822 1973 1858 impletur,
2004 1830 2068 1850 cum
2098 1821 2299 1850 tribulationes

1335 1871 1540 1900 haereticorum
1571 1871 1600 1900 et
1630 1872 1751 1900 aliorum
1782 1871 1882 1900 contra
1917 1871 2073 1899 Ecclesiam
2106 1869 2298 1904 suscitantur,

1336 1921 1484 1956 praecipue
1505 1928 1569 1949 cum
1590 1920 1775 1948 carnalitates
1803 1920 1832 1948 et
1852 1920 1932 1948 carui
1960 1920 2103 1956 placentia
2134 1919 2300 1955 praedican-

1335 1969 1393 1998 tur.
1415 1969 1493 1997 Tunc
1512 1969 1684 2003 Ierusalem,
1707 1969 1794 2004 quasi
1808 1969 1931 2004 polluta
1950 1969 2109 1997 menstruis
2123 1968 2298 2005 planyitur,

1335 2026 1387 2054 pro
1407 2026 1462 2054 quo
1482 2018 1575 2046 Isaias
1588 2016 1626 2046 ¹¹:
1653 2029 1667 2043 α
1681 2017 1762 2046 Facti
1785 2026 1882 2046 sumus
1896 2018 1929 2046 ut
1943 2017 2105 2046 immundus
2126 2025 2223 2046 omnes
2236 2025 2298 2052 nos,

1335 2067 1416 2102 quasi
1437 2075 1550 2102 pannus
1570 2066 1764 2095 menstruatae
1785 2067 1934 2095 universae
1954 2066 2081 2095 iustitiae
2101 2065 2216 2095 nostrae
2230 2077 2259 2094 ».

1399 2116 1591 2144 vMoraliter:
1612 2115 1686 2145 Sion
1706 2116 1831 2144 animam
1851 2115 2009 2152 significat,
2032 2124 2103 2152 quae
2128 2115 2184 2145 fuit
2205 2123 2300 2151 specu-

1334 2164 1423 2193 latrix
1442 2164 1510 2198 Dei‚
1532 2164 1581 2203 sed
1601 2165 1631 2193 in
1652 2164 1723 2193 vitia
1742 2165 1869 2200 relapsa,
1891 2165 1928 2193 ad
1948 2165 2000 2193 Dei
2022 2164 2228 2194 consolationes
2242 2164 2299 2193 fru-

1336 2213 1398 2253 stra
1412 2222 1441 2242 se
1456 2212 1549 2249 erigit,
1565 2214 1632 2249 quin
1644 2213 1739 2249 potius
1750 2213 1887 2250 gravibus
1902 2213 2046 2242 tractatur
2055 2212 2078 2228 ¹⁹
2093 2213 2299 2243 tentationibus
2340 2223 2342 2225 '

1336 2262 1365 2290 et
1385 2262 1490 2291 medico
1511 2262 1632 2298 indiget,
1654 2270 1711 2291 non
1732 2271 1846 2298 sponso.

1417 2311 1464 2340 50.
1487 2311 1581 2348 (Vers.
1603 2311 1675 2347 18>.).
1695 2312 1779 2340 sinn.
1800 2312 1903 2340 Iustus
1924 2313 1967 2340 est
1980 2312 2138 2340 Dominus.
2152 2311 2238 2346 Ecce,
2253 2311 2299 2340 hic

1336 2360 1457 2389 secundo
1479 2360 1544 2396 post
1566 2369 1671 2396 poenae
1702 2360 1948 2396 exaggerationem
1969 2360 2065 2389 subdit
2084 2368 2199 2396 poenae
2218 2360 2300 2389 iusti-

1336 2409 1423 2445 tiam,
1445 2408 1646 2445 recognoscens
1667 2417 1729 2437 eam
1750 2409 1804 2441 sibi
1833 2409 1908 2437 iuste
1929 2408 2016 2437 fuisse
2037 2409 2164 2443 illatam,
2186 2409 2297 2438 dicens:

1335 2458 1438 2486 Iustus
1461 2459 1503 2486 est
1523 2458 1679 2486 Dominus.
1694 2457 1797 2486 —Cui
1811 2457 1968 2486 sententiae
1990 2457 2185 2493 praemittitur
2206 2457 2299 2493 Sade,

2318 2118 2412 2140 Moralis.

2317 2313 2403 2335 Poenae
2416 2312 2448 2334 iu-

2351 2340 2418 2361 stitia.

1316 2509 1317 2512 ’
1335 2507 1409 2542 quod
1430 2506 1638 2542 interpretatur
1659 2507 1806 2542 iustitiae,
1828 2507 1857 2535 et
1888 2507 1959 2535 satis
1986 2506 2118 2535 convenit
2143 2507 2299 2542 proposito.

1335 2555 1442 2583 Exinde
1456 2555 1590 2583 Rabanus
1603 2554 1625 2569 ¹⁸
1640 2555 1708 2584 facit
1721 2555 1767 2584 hic
1782 2555 1890 2584 sextam
1905 2556 2112 2584 connexionem
2122 2555 2210 2584 trium
2221 2556 2306 2591 prae-'

1335 2604 1492 2633 cedentium
1512 2604 1675 2632 litterarum
1696 2603 1769 2640 Ain,
1790 2604 1865 2640 Phe,
1888 2604 1981 2641 Sade,
2013 2613 2084 2641 quae
2110 2604 2299 2640 interpretau-

1335 2653 1384 2681 tur
1404 2653 1488 2681 simul
1508 2651 1576 2687 fons
1597 2653 1655 2681 sive
1676 2653 1778 2681 oculus
1800 2653 1859 2682 oris
1880 2653 2021 2681 iustitiae.

1415 2701 1491 2729 Dicit
1512 2709 1594 2737 ergo:
1617 2701 1720 2730 Iustus
1740 2701 1903 2737 Dominus,
1925 2710 1969 2730 me
1990 2702 2157 2738 affligendo3
2180 2702 2253 2737 quia
2266 2710 2299 2730 os

1336 2750 1397 2777 eius
1418 2749 1459 2777 ad
1478 2750 1666 2778 iracundiam
1680 2751 1859 2785 provocavi‚·
1880 2758 1912 2778 os
1926 2751 2004 2785 eius,
2019 2750 2048 2779 id
2061 2750 2106 2779 est
2120 2751 2214 2786 ipsum
2228 2749 2299 2778 mihi

1337 2806 1387 2833 per
1405 2797 1564 2833 Prophetas
1585 2797 1761 2834 loquentem3
1783 2798 1852 2827 Osee
1865 2797 1904 2826 ¹⁴:
1929 2810 1943 2823 α
1956 2798 2095 2834 Ephraim
2115 2799 2146 2827 in
2166 2798 2299 2827 amaritu-

1337 2846 1448 2874 dinibus
1478 2847 1536 2874 suis
1564 2847 1728 2882 provocavit
1755 2855 1798 2875 me
1819 2859 1848 2875 ».
1870 2847 1948 2881 Quod
1969 2856 1986 2875 a
2007 2855 2092 2876 sensu
2119 2847 2220 2876 morali
2241 2855 2298 2876 non

1338 2894 1496 2930 discrepat;
1518 2895 1566 2923 ubi
1587 2895 1717 2929 docetur,
1740 2904 1849 2924 omnem
1871 2904 1990 2931 poenam
2011 2895 2216 2932 aequanimiter
2237 2903 2298 2924 esse

1335 3082 1522 3109 versariorum
1542 3081 1759 3116 impthnautiam
1774 3082 1802 3115 (2)
1824 3089 1871 3114 pru
1890 3081 2114 3109 adversariorum
2133 3082 2297 3116 impugnan-

1336 3117 1403 3144 tium
1423 3117 1627 3150 confluentiam,
1649 3118 1763 3150 denique
1782 3117 1896 3144 obsessio
1916 3125 1965 3150 pro
1985 3117 2122 3144 desolatio.

1408 3152 1417 3166 ⁷
1437 3152 1499 3184 Cap.
1520 3153 1551 3183 3,
1569 3153 1595 3177 7.
1609 3166 1643 3172 —·
1663 3155 1746 3185 Supra
1767 3153 1825 3178 Vnt.
1844 3153 1935 3179 sinum
1963 3153 2116 3187 afflictionis·
2141 3153 2298 3180 maximum

1337 3195 1386 3220 pro
1404 3187 1514 3221 signum
1532 3187 1684 3221 afflictionis
1703 3188 1854 3221 maaeimae,
1879 3193 1905 3215 et
1931 3188 2064 3216 dominico
2083 3188 2221 3216 subtracto
2249 3195 2297 3221 pro

1337 3222 1427 3249 divino
1446 3222 1594 3249 subtracto.
2091 3224 2102 3238 ⁶⁵
2121 3224 2185 3257 Cap.
2205 3224 2254 3255 25,
2274 3224 2296 3249 i.

1408 3257 1419 3272 ⁹
1439 3259 1569 3290 Expositio
1589 3266 1669 3290 super
1688 3259 1794 3290 lerem.,
1814 3258 1873 3285 libr.
1892 3260 1982 3286 XVlll.
2002 3260 2037 3286 ad
2055 3267 2082 3285 v.
2104 3259 2145 3285 17.

1409 3292 1432 3307 ¹⁰
1451 3293 1512 3325 Cap.
1538 3294 1581 3323 17,
1607 3294 1649 3325 ¹⁴3
1669 3294 1764 3320 deinde
1785 3295 1823 3320 Ps.
1845 3295 1894 3325 ¹¹3,
1915 3296 1938 3320 3.
1958 3308 1994 3314 —
2013 3295 2078 3320 lutra
2099 3302 2147 3327 pro
2166 3293 2296 3328 spiritua—

1339 3328 1399 3355 liter
1419 3329 1476 3354 Vat.
1496 3328 1660 3365 specialiter,
1683 3333 1708 3355 et
1727 3337 1775 3362 pro
1790 3329 1989 3363 praedicantur
2008 3331 2030 3356 A
2047 3329 2240 3364 praebeantur.

1411 3362 1431 3378 ¹¹
1452 3364 1515 3396 Cap.
1535 3365 1583 3395 64,
1603 3365 1628 3390 6.
1909 3365 1931 3380 ¹²
1951 3366 2008 3391 Vat.
2029 3369 2152 3398 corrupte
2171 3366 2295 3392 taxatur.

1409 3398 1432 3414 ¹³
1452 3400 1510 3425 Loc.
1530 3400 1582 3430 cit„
1603 3400 1769 3426 introductio.

1409 3433 1431 3449 ²⁴
1450 3434 1513 3467 Cap.
1526 3435 1566 3468 12,
1580 3435 1620 3461 14.
1629 3449 1665 3454 -
1676 3436 1804 3463 Sententia
1815 3436 1935 3468 Gregorii
1944 3439 1983 3462 est
1993 3437 2020 3462 ll.
2031 3436 2118 3462 Μαι-111.
2126 3442 2152 3462 c.
2167 3436 2207 3461 18.
2217 3442 2242 3461 u.
2253 3435 2280 3461 3¹
2288 3454 2295 3460 .
