2476 3921
49 363 108 386 natio
123 363 142 384 t.

22 773 23 811 1
49 789 107 812 natio
121 789 141 810 2.

45 1377 105 1399 Ratio
119 1377 139 1399 3.

13 1799 138 1826 lionfirmatio

13 1831 74 1853 1111130
79 1833 148 1853 oston-

11 1865 14 1871 *
40 1863 75 1880 sae
84 1863 122 1885 por

14 1884 137 1906 ‹ui-ationem

13 1911 138 1933 naamoniaci

15 1938 137 1960 tonet-ibitur

18 1965 133 1992 tripliciter.

0 2348 1 2358 1
10 2340 146 2366 1111101131ιίωο

9 2539 11 2592 i

10 2605 11 2644 l

9 2654 11 2694 l

12 2365 56 2387 nius
70 2371 95 2388 ex
109 2367 146 2388 tri-

15 2398 49 2413 ans
67 2393 146 2421 colligi-

15 2425 51 2441 1111.

757 209 953 243 COMMENT.
981 210 1016 243 lN
1042 210 1280 244 EVANGELIUM
1307 213 1424 245 LUCAE
1448 214 1479 246 C.
1506 215 1553 247 [X.

252 298 303 330 69.
329 297 428 331 Huius
451 302 556 331 autem
581 297 802 340 prohibitionis
824 298 940 339 triplex
958 301 1061 340 potest
1076 307 1126 331 ra-

163 349 205 382 tio
227 350 390 392 assignari.
415 351 481 383 Una
503 350 564 383 fuit
579 350 759 383 informatio
775 351 1125 393 contemplativorum,

162 412 300 445 quorum
325 407 372 436 est
396 403 499 436 celare
521 403 663 436 divinum
689 407 865 442 secretum,
889 403 1065 437 secundum
1089 404 1126 436 il-

162 455 216 489 lud
232 456 327 489 Isaiae
344 456 494 498 vigesimo
510 460 626 499 quarto
639 458 667 489 ²:
690 470 707 485 α
724 457 886 490 Secretum
905 466 1010 490 meum
1028 457 1125 496 mihi,

162 512 319 542 secretum
344 518 449 542 meum
474 509 550 542 mihi
569 523 599 542 ι».
627 509 711 543 Unde
735 510 832 542 Maria
855 510 967 543 celavit
998 514 1124 552 partum

162 562 343 605 virginalem
367 563 458 596 annis
482 563 628 605 triginta,
654 563 810 597 Elisabeth
832 568 1020 606 conceptum
1039 573 1126 597 men-

161 616 248 650 sibus
272 616 431 659 quinque,
460 617 543 650 sicut
566 616 683 650 dicitur
707 626 805 659 supra
829 618 950 659 primo:
981 630 997 646 «
1012 617 1126 650 Occul-

161 670 246 703 tabat
278 679 311 703 se
343 671 504 705 mensibus
534 671 724 713 quinque»;
758 671 872 704 Paulus
896 676 1022 713 raptum
1047 680 1125 713 qua-

161 724 335 757 tuordecim
359 724 467 763 annis,
492 724 647 757 secundae
671 725 710 757 ad
727 724 905 757 Corinthios
921 724 1124 757 duodecimo:

166 791 182 807 τι
198 777 266 810 Scio
291 778 449 810 hominem
473 781 546 811 ante
569 778 809 820 quatuordecim
832 787 932 811 annos
948 791 963 807 ιι
993 782 1051 811 etc.
1078 797 1123 801 —

161 830 304 864 Secunda
320 831 400 864 ratio
416 831 476 864 fuit
491 831 672 864 informatio
685 832 963 874 praedicatorum
973 858 983 871 ‚
1001 836 1037 865 ut
1053 841 1125 865 ver-

161 884 236 918 bum
254 884 396 917 veritatis
412 893 474 917 non
492 889 686 927 proponant,
704 885 762 917 nisi
780 884 905 918 videant
921 885 1125 927 capacitatem

160 938 342 971 auditorum
373 937 412 970 ad
439 938 631 971 credendum
656 942 688 971 et
712 938 946 980 suscipiendum
971 939 1124 978 verbum,

160 991 334 1025 secundum
348 992 426 1024 illud
439 992 644 1025 Ecclesiastici
663 992 822 1035 trigesimo
838 992 977 1025 secundo
990 992 1020 1025 ²:
1039 1005 1054 1021 «
1068 993 1125 1026 Ubi

160 1055 222 1079 non
247 1048 294 1078 est
316 1046 462 1085 auditus,
486 1055 548 1079 non
573 1046 716 1079 effundas
740 1055 917 1079 sermonem
935 1060 965 1078 n.
990 1046 1077 1080 Unde
1093 1047 1124 1079 in

158 1099 284 1132 Glossa:
314 1112 329 1128 a
347 1100 479 1132 Domino
510 1100 657 1139 iubente,
682 1103 803 1139 tacent,
827 1100 926 1133 donec
949 1100 1044 1133 Filius
1068 1100 1124 1133 ho-

160 1152 253 1186 minis
275 1162 293 1185 a
317 1152 452 1186 mortuis
476 1156 640 1195 resurgat,
665 1162 704 1186 ne
728 1153 911 1187 incredibile
935 1154 976 1186 sit
996 1163 1054 1195 pro
1079 1153 1123 1187 rei

159 1205 392 1248 magnitudine,
424 1209 455 1239 et
479 1210 549 1248 post
573 1210 690 1240 tantam
715 1207 848 1249 gloriam
873 1216 1009 1249 sequens
1041 1216 1123 1240 crux

160 1260 340 1293 scandalum
372 1260 511 1300 faciat»;
545 1263 576 1293 et
605 1261 858 1302 Hieronymus³z
888 1274 904 1289 <x
926 1261 1039 1303 Utique
1070 1261 1124 1293 do—

159 1314 255 1347 ctoris
279 1317 327 1347 est
349 1314 544 1347 audientium
570 1314 770 1347 considerare
795 1323 963 1356 personas,
988 1324 1027 1347 ne
1052 1315 1124 1347 irri-

158 1367 269 1407 deant,
294 1370 462 1410 antequam
491 1368 667 1401 audiant».
692 1387 737 1392 -
761 1369 866 1401 Tertia
890 1369 970 1401 ratio
993 1368 1053 1401 fuit
1077 1369 1124 1401 in-

159 1421 292 1454 structio
324 1422 579 1461 universorum,
614 1426 648 1455 ut
679 1431 771 1455 nemo
803 1422 878 1455 velit
902 1422 1041 1461 laudari,
1066 1431 1124 1456 nec

159 1474 231 1517 quis
255 1474 368 1508 audeat
392 1475 521 1508 laudare
538 1475 568 1508 in
586 1476 645 1508 hac
669 1475 750 1514 vita,
775 1475 949 1508 secundum
974 1476 1052 1508 illud
1069 1476 1124 1508 Ec-

157 1528 320 1561 clesiastici
338 1528 504 1561 undecimo
517 1529 547 1561 ⁴:
571 1542 586 1557 «
598 1530 675 1562 Ante
692 1533 826 1561 mortem
843 1538 882 1562 ne
899 1529 1007 1562 laudes
1024 1529 1123 1562 homi-

158 1590 229 1613 nem
261 1590 471 1624 quemquam,
504 1582 653 1624 quoniam
686 1582 717 1614 in
749 1582 821 1615 filiis
853 1582 919 1615 suis
942 1583 1124 1624 agnoscitur

158 1634 206 1667 vir
223 1646 254 1673 »;
279 1635 363 1667 unde
386 1635 585 1668 Ambrosius:
608 1648 624 1665 α
640 1635 745 1668 Lauda
769 1638 839 1677 post
860 1639 1011 1675 mortem,
1033 1644 1124 1677 prae—

157 1687 225 1720 dica
248 1692 319 1730 post
342 1689 643 1721 consummationem
660 1702 690 1720 ».

247 1743 299 1774 70.
324 1742 468 1774 Factum
491 1746 537 1774 est
560 1746 673 1774 autem
697 1742 732 1774 in
748 1742 895 1785 sequenti
909 1742 961 1775 die
977 1746 1035 1775 etc.
1054 1742 1124 1774 Post

156 1794 454 1828 demonstrationem
486 1795 604 1837 gloriae
635 1796 809 1837 promissae
832 1800 863 1828 et
887 1796 1124 1838 contemplatio-

158 1857 230 1881 nem
261 1848 378 1891 gloriae
405 1848 637 1882 demonstratae
661 1849 809 1882 subditur
838 1849 889 1882 hic
913 1849 1123 1892 confirmatio

156 1896 286 1946 ylariae
317 1902 547 1935 consideratae
579 1902 610 1935 in
640 1903 775 1935 mirabili
808 1903 971 1936 curatione
999 1903 1123 1936 daemo-

157 1956 256 1995 niaci,
282 1956 360 1988 muti
385 1959 416 1989 et
440 1956 569 1989 lunatici
582 1956 605 1988 ⁵.
630 1956 720 1989 Circa
736 1956 833 1989 huius
850 1957 1046 1990 curationem
1064 1957 1125 1989 tria

157 2009 405 2042 introducuntur
428 2009 468 2042 ab
495 2009 688 2052 Evangelista
709 2010 747 2042 ad
765 2010 864 2052 ipsius
880 2010 1123 2052 explicationem

157 2063 337 2105 perfectam.
364 2063 503 2096 Primum
529 2066 577 2096 est
600 2063 834 2106 opportunitas
857 2064 1035 2106 disponens
1043 2076 1054 2102 ,·
1076 2073 1125 2097 se-

157 2116 297 2150 cundum
322 2119 370 2149 est
389 2120 536 2159 potestas
552 2116 712 2160 efficiens,
730 2117 773 2150 ibi
787 2118 818 2149 ⁶:
836 2118 1045 2161 Res-pendens
1061 2128 1124 2151 au-

159 2173 219 2202 tem
244 2169 357 2208 Iesus,
382 2169 433 2202 ait
456 2169 522 2202 illis
546 2173 625 2210 etc.;
643 2171 774 2203 tertium
791 2174 839 2203 est
863 2171 991 2203 utilitas
1016 2168 1124 2204 conse—

158 2232 280 2266 quens,
304 2226 336 2256 et
359 2223 419 2256 hoc
438 2223 499 2256 ibi:
526 2224 706 2267 Stupebant
732 2228 844 2257 autem
868 2235 979 2257 omnes
1002 2229 1062 2258 etc.

251 2277 493 2319 Opportunitas
517 2281 623 2311 autem
640 2278 817 2321 disponens
834 2279 993 2321 colligitur
1008 2288 1051 2312 ex
1069 2279 1124 2312 tri-

158 2330 236 2369 bus,
261 2330 379 2364 scilicet
409 2340 450 2364 ex
480 2332 674 2374 praesentia
698 2332 924 2365 multitudinis
948 2342 1124 2366 occurren-

158 2384 219 2423 tis,
244 2393 285 2417 ex
310 2384 474 2418 instantia
498 2384 643 2418 hominis
660 2385 879 2425 obsecrantis,
903 2395 945 2419 ex
969 2386 1125 2419 violentia

158 2437 330 2470 daemonis
353 2438 539 2472 obsidentis.

2088 220 2151 253 239

1280 302 1332 332 71.
1359 301 1460 341 (Vers.
1487 302 1562 343 37.).
1596 304 1768 338 Introducit
1796 307 1892 348 igitur
1916 307 2018 349 primo
2041 309 2153 341 malti-

1191 352 1318 384 tudinis
1342 355 1547 387 occurrentis
1568 358 1815 397 praesentiam,
1833 368 1904 392 cum
1922 361 1985 393 ait:
2012 361 2154 394 Factum

1190 409 1237 437 est
1259 410 1371 438 autem
1396 407 1432 439 in
1453 409 1600 451 sequenti
1623 410 1692 449 die,
1717 411 1985 445 descendentibus
2019 414 2084 447 itti-s·
2115 415 2153 447 de

1190 464 1316 497 monte,
1349 461 1536 494 revertendo
1567 463 1685 496 scilicet
1708 465 1746 496 ad
1770 466 1878 506 plana;
1908 468 2055 499 occurrit
2089 468 2153 500 illis

1190 512 1291 544 turba
1321 513 1447 552 multa,
1479 515 1554 557 quia
1585 516 1753 549 credebant
1784 522 1815 550 et
1847 520 2015 560 sperabant
2048 521 2153 554 videre

1190 565 1297 607 signa,
1322 568 1496 600 secundum
1522 569 1598 601 illud
1625 570 1745 603 loannis
1762 576 1853 604 sexto
1867 572 1878 591 ⁷
1895 585 1901 604 :
1925 586 1939 601 (τ
1956 574 2154 616 Sequebatur

1190 619 1291 651 lesum
1317 621 1487 654 multitudo
1510 631 1640 664 magna,
1665 624 1805 657 videntes
1830 625 1934 667 signa,
1958 636 2040 668 quae
2061 627 2153 661 facie-

1190 672 1243 705 bat
1265 682 1363 715 super
1388 674 1437 707 his
1460 675 1514 716 qui
1540 675 1782 709 infirmabantur
1799 692 1829 709 ι).
1848 697 1889 702 -
1909 679 1943 711 Et
1961 685 2051 719 nota,
2068 681 2153 723 quod

1190 736 1251 759 non
1275 727 1445 760 comitatur
1478 729 1572 761 turba
1595 731 1839 770 ascendentem,
1871 733 1947 774 quia
1978 743 2039 766 non
2071 734 2154 776 capit

1190 780 1357 820 sublimia;
1384 781 1466 814 unde
1491 782 1588 815 Exodi
1612 783 1734 816 decimo
1760 785 1888 817 nonoss:
1918 799 1933 814 α
1951 787 2015 819 Non
2040 788 2155 829 poterit

1190 834 1305 876 vulgus
1329 835 1498 868 ascendere
1522 836 1552 868 in
1586 840 1723 870 montem
1740 851 1771 878 »;
1801 840 1941 872 occurrit
1964 844 2070 873 autem
2101 841 2154 874 de-

1189 889 1372 928 scendenti,
1397 890 1472 932 quia
1497 890 1630 924 libenter
1654 893 1855 934 amplectitur
1870 894 1985 927 Christi
2005 895 2152 934 humilia;

1189 941 1273 973 unde
1297 942 1443 975 Matthaei
1467 947 1597 976 octavo:
1627 958 1641 973 ιι
1659 944 1737 978 Cum
1761 946 1971 980 descendisset
2003 948 2088 981 lesus
2115 948 2154 981 de

1188 999 1311 1033 monte,
1336 999 1462 1029 secutae
1486 1001 1561 1029 sunt
1584 1006 1656 1031 eum
1683 999 1795 1032 turbae
1821 1001 1938 1033 multae
1955 1015 1985 1033 n.

1279 1049 1331 1080 72.
1357 1049 1403 1081 Ex
1429 1050 1487 1082 hoc
1512 1051 1604 1083 etiam
1629 1056 1732 1093 potest
1755 1054 1979 1095 spiritualiter
2004 1055 2152 1098 intelligi,

1188 1102 1271 1144 quod
1297 1112 1471 1144 paucorum
1496 1108 1544 1137 est
1567 1105 1667 1138 otium
1691 1108 1980 1149 contemplationis,
1998 1109 2081 1150 quod
2099 1109 2153 1141 de-

1188 1155 1331 1198 signatur
1363 1166 1419 1198 per
1444 1167 1619 1190 ascensum
1643 1159 1679 1192 in
1702 1165 1864 1199 montem;
1893 1162 1945 1194 sed
1979 1162 2152 1195 multorum

1188 1213 1236 1242 est
1259 1210 1450 1243 exercitium
1481 1212 1629 1251 actionis,
1661 1214 1746 1255 quod
1778 1214 1961 1257 designatur
1994 1225 2049 1257 per
2081 1217 2153 1249 eius

1188 1262 1378 1296 descensum
1394 1268 1425 1296 et
1443 1265 1569 1297 turbam
1585 1271 1816 1300 occurrentem.
1842 1268 1931 1309 Quod
1953 1269 2153 1311 designatum·

1188 1316 1247 1349 fuit
1271 1317 1301 1349 in
1325 1327 1400 1350 arca
1423 1318 1503 1357 Noe,
1528 1328 1627 1360 quae,
1653 1328 1725 1352 cum
1749 1325 1832 1354 esset
1857 1325 2070 1355 trecentorum
2096 1332 2152 1356 cu-

1187 1370 1326 1403 bitorum
1354 1371 1384 1403 in
1409 1371 1489 1410 imo,
1519 1377 1737 1406 consummata
1760 1378 1807 1407 est
1830 1375 1861 1407 in
1886 1385 2010 1408 summo
2034 1377 2065 1409 in
2097 1386 2152 1410 cu-

1189 1424 1254 1456 bito
1278 1433 1358 1463 uno,
1383 1424 1466 1457 sicut
1490 1429 1574 1467 patet
1597 1425 1726 1459 Genesis
1750 1431 1842 1460 sexto
1855 1428 1877 1460 ⁹.
1910 1429 1946 1461 Et
1978 1429 2046 1462 ideo
2070 1439 2152 1472 apex

1189 1478 1304 1520 montis
1319 1478 1468 1520 competit
1488 1479 1793 1521 contemplantibus,
1811 1484 1842 1513 et
1857 1483 2045 1524 campestria
2062 1483 2154 1525 plana

1189 1530 1438 1570 laborantibus,
1464 1531 1555 1564 iuxta
1578 1532 1656 1565 illud
1681 1533 1809 1566 Psalmi:
1839 1548 1854 1563 «
1872 1535 2048 1568 Ascendunt
2066 1546 2153 1569 mon-

1188 1587 1253 1623 tes,
1277 1588 1309 1617 et
1332 1584 1527 1618 descendunt
1557 1586 1706 1628 campi».
1740 1587 1774 1619 Et
1806 1588 1865 1621 hoc
1894 1593 1941 1622 est
1965 1590 2049 1631 quod
2073 1591 2155 1623 dixit

1189 1638 1270 1671 Beda
1293 1638 1324 1671 in
1348 1638 1518 1671 Glossa¹⁰z
1548 1652 1563 1667 «
1582 1640 1613 1672 ln
1641 1645 1745 1673 monte
1769 1646 1855 1680 orat,
1880 1642 1988 1681 docet,
2011 1643 2154 1676 maiesta-

1190 1694 1254 1724 tem
1278 1700 1368 1724 suam
1399 1692 1613 1732 demonstrat,
1645 1693 1745 1726 Patris
1770 1704 1876 1728 vocem
1901 1696 2053 1737 Δ1110810118
2077 1706 2153 1739 pan—

1188 1744 1254 1783 dit;
1279 1745 1471 1778 descendens
1493 1750 1600 1779 autem
1617 1756 1635 1779 a
1652 1747 1746 1780 turba
1762 1748 1939 1790 excipitur,
1963 1749 2153 1783 miserorum

1188 1798 1266 1830 fletu
1290 1799 1455 1840 pulsatur,
1480 1799 1672 1833 infidelitatis
1696 1805 1822 1843 peccata
1839 1803 2029 1844 exprobrat,
2055 1804 2154 1837 malos

1189 1852 1320 1893 spiritus
1343 1852 1520 1894 expellit».
1546 1853 1602 1886 Ubi
1628 1855 1727 1896 tangit
1750 1860 1887 1897 quatuor
1904 1860 1993 1889 actus
2017 1862 2154 1890 contem—

1184 1905 1351 1948 plativae,
1383 1915 1464 1948 quos
1495 1906 1669 1949 designavit
1700 1908 1730 1940 in
1762 1910 1877 1942 montis
1909 1920 2068 1950 ascensu,
2100 1912 2154 1954 qui

1187 1963 1263 1992 sunt
1286 1959 1415 1998 oratic,
1439 1959 1550 1999 tectio,
1574 1961 1734 1993 contuitio
1757 1962 1953 1995 divinorum
1976 1967 2009 1996 et
2032 1964 2155 1997 revela-

1188 2013 1232 2045 tio
1255 2016 1479 2050 secretorum·
1495 2016 1527 2045 et
1543 2016 1681 2055 quatuor
1698 2014 1837 2054 activae,
1863 2016 1917 2058 qui
1942 2017 2154 2050 ostenduntur

1189 2065 1220 2097 in
1244 2065 1411 2098 descensu.
1437 2066 1693 2108 Quadrupliciter
1716 2068 1798 2100 enim
1822 2068 1917 2101 debet
1940 2070 2101 2111 praelatus
2122 2070 2154 2102 in

1188 2119 1340 2152 exercitio
1372 2120 1502 2152 actionis
1531 2120 1780 2154 condescendere
1804 2122 1939 2155 subditis
1962 2123 2046 2162 suis,
2072 2123 2154 2156 scili·

1187 2176 1238 2205 cet
1261 2172 1430 2205 visitando
1441 2199 1448 2211 ,
1467 2174 1715 2215 compatiendo,
1732 2174 1816 2207 vitia
1833 2175 2037 2218 increpando
2054 2180 2086 2209 et
2100 2186 2154 2209 ne—

1188 2226 1355 2258 cessitates
1386 2226 1561 2259 relevando
1577 2228 1611 2259 ¹¹.
1637 2246 1681 2250 —
1704 2228 1884 2261 Secundum
1908 2229 2053 2262 litteram
2078 2239 2153 2263 vero

1187 2279 1388 2312 descendenti
1420 2280 1515 2313 turba
1546 2282 1703 2321 occurrit,
1735 2282 1810 2324 quia
1845 2283 2014 2325 cupiebant
2048 2284 2155 2317 videre

1188 2334 1407 2375 expulsionem
1433 2334 1610 2374 daemonis,
1643 2344 1724 2377 quae
1756 2345 1816 2369 non
1847 2337 1949 2378 potuit
1974 2338 2042 2370 fieri
2067 2347 2085 2370 a
2109 2338 2154 2370 di-

1187 2387 1336 2429 scipulis,
1360 2388 1443 2421 sicut
1467 2388 1561 2430 paulo
1579 2393 1648 2431 post
1666 2389 1830 2422 subditur:
1852 2403 1868 2419 <1
1886 2391 1999 2433 Rogavi
2016 2392 2154 2434 discipu-

1189 2441 1236 2473 los
1252 2444 1342 2480 tuos,
1359 2444 1395 2473 ut
1410 2441 1560 2474 eiicerent.
1576 2442 1666 2475 illum
1681 2443 1706 2462 ¹2
1717 2469 1724 2482 ,
1743 2447 1773 2476 et
1789 2453 1851 2476 non
1868 2448 2042 2486 potuerunt
2058 2458 2088 2477 ι).
2108 2446 2153 2478 Ex

232 2579 240 2594 ¹
263 2581 337 2606 Vers.
368 2582 407 2606 16,
437 2595 471 2600 -
501 2582 557 2607 Duo
587 2589 660 2615 seqq.
687 2582 735 2608 loci
760 2587 821 2608 sunt
847 2584 907 2609 Luc.
935 2585 957 2616 l,
982 2584 1025 2609 24.
1051 2583 1077 2610 et
1096 2585 1124 2610 11.

161 2623 221 2650 Cor.
242 2625 290 2656 1¹2,
310 2626 334 2651 2.

231 2667 242 2683 ²
262 2670 337 2696 Vers.
359 2671 383 2695 6.
403 2685 438 2690 -
457 2671 546 2697 610883
566 2678 622 2704 seq.
641 2675 680 2697 est
699 2671 841 2698 ordinaria
862 2673 932 2705 apud
953 2673 1084 2705 Lyrannm
1100 2674 1125 2699 in

159 2714 221 2739 Luc.
242 2714 272 2745 9,
293 2715 335 2740 36.
356 2714 451 2747 (Strab.
467 2716 491 2741 in
506 2716 592 2741 Matlh.
612 2716 650 2748 17,
665 2717 688 2741 9.
703 2720 728 2742 et
742 2717 817 2743 Marc.
833 2718 863 2748 9,
880 2718 924 2751 9,),
939 2721 964 2743 et
977 2719 1124 2744 secundum

160 2758 278 2791 Hieron,
300 2760 336 2784 lll.
356 2759 502 2785 Conimeut.
519 2761 543 2785 in
558 2761 644 2786 Matth.
661 2761 702 2792 17,
716 2762 741 2792 9,
755 2761 801 2787 ubi
816 2765 875 2793 post
889 2764 993 2789 tantam
1007 2763 1125 2796 qloriam

160 2803 265 2828 additur
279 2802 353 2837 apud
365 2803 446 2830 rudes
460 2804 566 2831 animos
581 2805 681 2835 (Glossa
696 2810 721 2831 et
741 2807 799 2832 Vat.
815 2807 916 2833 addunt
928 2807 1003 2841 apud
1021 2807 1126 2840 rudes).

231 2845 241 2860 ⁸
261 2847 344 2872 Etiam
364 2847 440 2874 Card.
462 2849 538 2880 {lugo
559 2850 594 2881 (in
614 2851 676 2875 Luc.
697 2850 728 2881 9,
749 2850 803 2884 36.)
819 2852 886 2877 113110
899 2853 1055 2878 sententiam
1071 2853 1127 2878 1110-

160 2898 271 2923 ronymo
291 2890 351 2925 [sed
372 2891 417 2917 ubi
437 2892 581 2927 1131101311]
610 2894 727 2920 attribuit
747 2898 772 2920 et
795 2896 874 2921 finem
902 2896 984 2928 ipsius
1003 2898 1040 2923 sic
1059 2898 1127 2923 exhi·
1163 2919 1165 2922 .

160 2935 222 2961 bet:
241 2942 275 2962 ne
290 2935 371 2969 pri-us
391 2935 549 2968 irrideatur,
570 2945 654 2972 quam
666 2938 807 2966 audiatur.
821 2940 872 2966 (111.
888 2941 991 2973 lsidor.,
1005 2942 1043 2967 111.
1057 2943 1126 2968 Sent.

161 2986 184 3005 c.
204 2979 251 3012 43,
272 2980 298 3005 in
317 2987 371 3013 quo
391 2987 472 3012 agens
492 2982 525 3007 (le
544 2982 679 3008 doctrinae
698 2984 854 3010 discretione
868 2992 893 3010 n.
908 2984 931 3010 4.
945 2986 996 3011 ait:
1016 2995 1028 3009 α
1041 2987 1126 3012 Ρ111113

160 3024 261 3057 quippe
280 3024 435 3056 prudentiae
456 3025 538 3051 virtus
557 3029 609 3057 est,
630 3034 689 3052 eam
709 3035 789 3060 quam
809 3029 905 3055 docere
922 3033 1042 3062 oporteat
1055 3031 1128 3057 aesti-

162 3076 235 3095 mare
255 3077 433 3102 personam».
462 3072 492 3096 Et
520 3071 627 3096 1111011118
647 3078 672 3097 n.
693 3072 717 3097 5.
738 3073 893 3106 subiungit:
916 3085 928 3097 «
944 3075 980 3100 Ne
999 3075 1063 3100 dum
1084 3083 1128 3101 au-

162 3113 213 3139 dita
239 3121 290 3140 non
319 3114 426 3146 capiunt
446 3114 601 3149 [carnales],
621 3116 694 3147 [111118
714 3116 839 3149 incipiant
858 3121 1027 3144 contemnere
1045 3127 1126 3152 quam

162 3159 281 3184 venerari
301 3159 424 3185 mandata
443 3159 562 3185 caelestia
576 3169 600 3185 ω.

233 3201 245 3217 ⁴·
265 3203 337 3229 Vers.
353 3204 386 3229 30
397 3224 403 3236 ,
415 3203 461 3229 11111
475 3211 523 3236 pro
536 3204 696 3238 aqnoscitur
715 3205 735 3230 Α
746 3205 765 3231 C
777 3206 798 3231 D
817 3206 999 3240 cognoscitur.
1015 3221 1050 3227 ·—
1064 3208 1128 3233 Sen-

163 3247 240 3273 tentia
252 3267 258 3278 ,
277 3255 346 3281 quae
365 3248 478 3275 subinde
497 3242 638 3275 Ambrosio
658 3249 794 3283 tribuitur,
814 3251 926 3278 habetur
946 3252 970 3278 in
985 3253 1010 3278 S.
1024 3253 1127 3279 Maximi

163 3293 256 3318 Ilomil.
276 3293 319 3318 78.
339 3301 384 3319 seu
406 3295 429 3319 2.
451 3294 483 3320 de
503 3295 529 3319 S,
556 3294 756 3327 Enseuepisc.
785 3296 896 3322 Vercell.
925 3297 981 3331 (cfr.
1010 3298 1127 3324 Breviar.

163 3337 274 3363 Roman.
303 3337 451 3364 Commune
479 3338 594 3364 consess.
620 3339 710 3364 Pontis.
730 3340 788 3365 lect.
807 3341 832 3366 2.
852 3341 922 3367 Noct.
943 3342 1030 3374 primo
1049 3342 1126 3374 loco).

163 3381 189 3406 ln
209 3381 402 3414 admonitione,
421 3390 490 3416 quae
509 3383 534 3408 in
555 3383 596 3409 ed.
620 3383 726 3409 1113111111.
756 3385 931 3416 praemittitur
959 3386 1020 3412 huic
1047 3386 1128 3412 1101111-

1192 2585 1252 2617 liae,
1273 2585 1387 2611 dicitur:
1408 2586 1446 2611 An
1466 2589 1569 2611 veteres
1583 2592 1693 2617 operum
1709 2585 1847 2613 Ambrosii·
1858 2587 1972 2613 editores
1985 2587 2070 2613 eidem
2086 2589 2155 2619 iure,

1191 2636 1223 2654 311
1245 2629 1338 2655 iniuria
1358 2631 1425 2656 hanc
1444 2631 1578 2656 homiliam
1599 2630 1752 2662 tribuerint,
1771 2631 1884 2664 quisquc
1908 2639 1955 2663 per
1974 2639 2002 2658 se
2022 2631 2154 2658 iudicabit.

1189 2673 1241 2699 Cir⁴
1262 2674 1296 2699 de
1314 2675 1424 2700 Institut.
1446 2675 1576 2707 Virginis,
1596 2682 1618 2701 c.
1639 2676 1663 2700 3.
1683 2683 1709 2700 n.
1728 2676 1770 2701 24.

1262 2717 1273 2732 ⁶
1293 2719 1345 2745 Csr.
1374 2727 1453 2751 supra
1480 2727 1505 2745 n.
1527 2719 1568 2745 43.
1589 2734 1622 2738 ——
1642 2721 1700 2746 Vat.
1729 2720 1900 2755 confirmatio
1929 2721 2033 2755 plor-ine
2051 2721 2156 2749 demon-

1190 2765 1294 2790 stratae
1313 2771 1362 2795 pro
1382 2764 1553 2798 confirmatio
1573 2763 1678 2797 yloriae
1697 2764 1892 2792 consideratae.

1262 2806 1273 2821 ⁶
1293 2809 1368 2834 Vers.
1389 2808 1430 2840 41,
1452 2808 1496 2834 ubi
1517 2816 1564 2840 pro
1584 2809 1625 2835 ait
1644 2808 1697 2835 illis
1718 2810 1830 2841 Vulgata
1850 2809 1937 2842 ὀιζυῖ,-
1957 2810 2027 2836 idem
2047 2812 2156 2837 recurrit

1191 2853 1256 2878 infra
1275 2860 1301 2878 n.
1320 2853 1372 2883 77;
1393 2853 1498 2879 tertium
1518 2857 1557 2879 est
1576 2861 1602 2878 v.
1623 2853 1664 2879 44.

1263 2895 1272 2910 ⁷
1294 2897 1369 2923 Vers.
1389 2898 1418 2930 2,
1439 2897 1485 2923 ubi
1504 2905 1552 2930 pro
1573 2897 1688 2924 videntes
1709 2899 1821 2931 Vulgata
1842 2899 1905 2933 quia
1927 2899 2057 2926 uidebant.

1263 2940 1274 2955 ⁸
1293 2942 1367 2968 Vers.
1388 2943 1430 2968 23.
1450 2956 1485 2961 -—
1505 2942 1622 2968 subinde
1647 2943 1774 2975 allegatur
1802 2944 1889 2969 Matth.
1912 2945 1948 2976 ’8,
1980 2945 2003 2970 1.
2028 2944 2079 2971 Csr.
2098 2946 2157 2971 Am-

1192 2986 1278 3018 bros.,
1299 2987 1331 3012 V.
1351 2987 1375 3012 in
1396 2988 1458 3013 Luc.
1479 2995 1504 3013 n.
1528 2987 1578 3012 46:
1600 2988 1740 3021 Quomodo
1760 2988 1830 3014 enim
1851 2988 1927 3014 turba
1952 2990 2001 3015 nisi
2023 2990 2046 3015 in
2066 2990 2156 3016 humili

1191 3030 1325 3057 Christum
1354 3031 1478 3057 videret?
1508 3032 1562 3057 Non
1586 3032 1706 3065 sequitur
1725 3031 1760 3057 ad
1779 3033 1890 3064 excelsa,
1910 3040 1961 3058 non
1982 3033 2098 3059 ascendit
2123 3033 2155 3058 ad

1192 3075 1314 3101 sublimia
1335 3079 1385 3101 etc.
1404 3076 1472 3101 Vide
1491 3076 1569 3102 etiam
1590 3076 1702 3107 Bedam,
1722 3077 1759 3102 111.
1780 3077 1804 3102 111
1825 3078 1885 3103 Luc.
1907 3078 1937 3109 9,
1958 3077 2000 3102 37.

1263 3118 1274 3133 ⁹
1294 3120 1369 3145 Vers.
1393 3121 1437 3151 15,
1457 3121 1491 3146 (10
1509 3121 1584 3146 0111118
1609 3121 1770 3152 expositione
1791 3121 1852 3147 vide
1872 3125 1935 3147 tom.
1956 3122 1985 3147 V.
2007 3128 2067 3153 pag.
2089 3123 2154 3153 258,

1192 3167 1281 3190 notam
1302 3165 1326 3189 2.
1346 3178 1378 3182 —-
1400 3164 1522 3197 Sequitur
1543 3165 1582 3190 l‘s.
1605 3165 1669 3196 403,
1690 3165 1712 3189 8.
1735 3179 1768 3183 -
1789 3166 1915 3198 Superius
1935 3172 1982 3198 pro
2001 3164 2049 3192 sed
2060 3165 2154 3192 ‘mullo-

1191 3215 1255 3234 rum
1275 3209 1297 3233 H
1316 3210 1340 3234 et
1358 3208 1524 3240 multorum,
1545 3210 1564 3234 A
1576 3209 1594 3235 C
1606 3210 1657 3235 DG
1677 3210 1701 3235 et
1719 3209 1871 3243 multiplex.

1264 3250 1286 3266 ¹⁰
1306 3253 1407 3279 Scilicet
1426 3253 1569 3280 ordinaria
1589 3255 1616 3279 in
1635 3255 1696 3279 Luc.
1718 3254 1746 3285 9,
1766 3254 1808 3279 37.

1264 3297 1284 3311 ¹¹
1305 3297 1356 3324 Cir.
1377 3298 1482 3330 lsidor.,
1502 3300 1540 3324 111.
1559 3300 1630 3325 Sent.
1650 3305 1671 3324 c.
1692 3299 1734 3324 46.
1754 3307 1778 3324 u.
1801 3300 1824 3324 1.
1844 3306 1917 3332 seqq.

1264 3341 1285 3356 ¹⁵
1305 3343 1388 3369 Codd.
1415 3343 1464 3369 AC
1476 3344 1527 3369 DG
1555 3345 1585 3370 ut
1609 3345 1740 3370 curarent
1756 3351 1838 3376 eum,·
1858 3345 1965 3370 inferius
1984 3351 2047 3370 vero
2066 3351 2092 3369 n.
2111 3343 2161 3369 73:

1192 3387 1353 3413 conveniunt
1372 3394 1433 3413 cum
1454 3388 1582 3420 Vulgata;
1603 3388 1659 3413 Vat.
1681 3388 1722 3413 hic
1741 3390 1765 3413 et
1786 3388 1850 3413 infra
1871 3387 1940 3414 illud
1958 3395 2006 3420 pro
2026 3387 2112 3414 illum.

2174 316 2204 337 De
2220 318 2295 344 primo.

2175 688 2303 710 Notandum.

2181 1062 2290 1089 Expositio

2171 1089 2299 1116 spiritualis.

2187 1863 2254 1883 Actus
2272 1862 2283 1882 4
2299 1865 2319 1883 et

2174 1889 2322 1919 contemplati-

2175 1921 2213 1937 vae
2231 1918 2252 1937 et
2269 1918 2321 1937 acti-

2175 1948 2220 1964 rae.

2175 2236 2254 2258 Sensus
2264 2236 2320 2257 litte-

2218 2263 2276 2284 ralis.
