<?xml version="1.0" encoding="UTF-8"?>
<!DOCTYPE html PUBLIC "-//W3C//DTD XHTML 1.0 Transitional//EN"
    "http://www.w3.org/TR/xhtml1/DTD/xhtml1-transitional.dtd">
<html xmlns="http://www.w3.org/1999/xhtml" xml:lang="en" lang="en">
 <head>
  <title>
</title>
<meta http-equiv="Content-Type" content="text/html;charset=utf-8" />
  <meta name='ocr-system' content='tesseract 3.04.00' />
  <meta name='ocr-capabilities' content='ocr_page ocr_carea ocr_par ocr_line ocrx_word'/>
</head>
<body>
  <div class='ocr_page' id='page_1' title='image "./doctorisseraphic07bona_0266.png"; bbox 0 0 2476 3921; ppageno 0'>
   <div class='ocr_carea' id='block_1_1' title="bbox 168 487 313 510">
    <p class='ocr_par' dir='ltr' id='par_1_1' title="bbox 168 487 313 510">
     <span class='ocr_line' id='line_1_1' title="bbox 168 487 313 510; baseline -0.007 0"><span class='ocrx_word' id='word_1_1' title='bbox 168 488 200 510; x_wconf 83' lang='lat' dir='ltr'>De</span> <span class='ocrx_word' id='word_1_2' title='bbox 212 487 313 509; x_wconf 76' lang='lat' dir='ltr'>secundo.</span> 
     </span>
    </p>
   </div>
   <div class='ocr_carea' id='block_1_2' title="bbox 158 1070 312 1150">
    <p class='ocr_par' dir='ltr' id='par_1_2' title="bbox 158 1070 312 1150">
     <span class='ocr_line' id='line_1_2' title="bbox 176 1070 248 1091; baseline 0 0"><span class='ocrx_word' id='word_1_3' title='bbox 176 1070 248 1091; x_wconf 86' lang='lat' dir='ltr'>Oratio</span> 
     </span>
     <span class='ocr_line' id='line_1_3' title="bbox 159 1097 312 1123; baseline 0 -5"><span class='ocrx_word' id='word_1_4' title='bbox 159 1097 215 1118; x_wconf 68' lang='lat' dir='ltr'>secta</span> <span class='ocrx_word' id='word_1_5' title='bbox 220 1103 262 1123; x_wconf 82' lang='lat' dir='ltr'>qua</span> <span class='ocrx_word' id='word_1_6' title='bbox 279 1102 312 1118; x_wconf 85' lang='lat' dir='ltr'>ru-</span> 
     </span>
     <span class='ocr_line' id='line_1_4' title="bbox 158 1123 251 1150; baseline 0 -6"><span class='ocrx_word' id='word_1_7' title='bbox 158 1123 251 1150; x_wconf 73' lang='lat' dir='ltr'>pliciter.</span> 
     </span>
    </p>
   </div>
   <div class='ocr_carea' id='block_1_3' title="bbox 157 1229 309 1278">
    <p class='ocr_par' dir='ltr' id='par_1_3' title="bbox 157 1229 309 1278">
     <span class='ocr_line' id='line_1_5' title="bbox 157 1229 309 1251; baseline -0.007 0"><span class='ocrx_word' id='word_1_8' title='bbox 157 1229 267 1251; x_wconf 73' lang='lat' dir='ltr'><strong>Confessio</strong></span> <span class='ocrx_word' id='word_1_9' title='bbox 275 1235 309 1251; x_wconf 78' lang='lat' dir='ltr'>ex-</span> 
     </span>
     <span class='ocr_line' id='line_1_6' title="bbox 172 1256 292 1278; baseline -0.008 0"><span class='ocrx_word' id='word_1_10' title='bbox 172 1256 292 1278; x_wconf 73' lang='lat' dir='ltr'>celle-ntiae.</span> 
     </span>
    </p>
   </div>
   <div class='ocr_carea' id='block_1_4' title="bbox 154 1655 304 1704">
    <p class='ocr_par' dir='ltr' id='par_1_4' title="bbox 154 1655 304 1704">
     <span class='ocr_line' id='line_1_7' title="bbox 154 1655 304 1686; baseline -0.007 -9"><span class='ocrx_word' id='word_1_11' title='bbox 154 1655 262 1686; x_wconf 74' lang='lat' dir='ltr'>Exhibitip</span> <span class='ocrx_word' id='word_1_12' title='bbox 272 1661 304 1677; x_wconf 84' lang='lat' dir='ltr'>re·</span> 
     </span>
     <span class='ocr_line' id='line_1_8' title="bbox 170 1685 287 1704; baseline 0 -1"><span class='ocrx_word' id='word_1_13' title='bbox 170 1685 287 1704; x_wconf 78' lang='lat' dir='ltr'>verentiae.</span> 
     </span>
    </p>
   </div>
   <div class='ocr_carea' id='block_1_5' title="bbox 150 2026 303 2075">
    <p class='ocr_par' dir='ltr' id='par_1_5' title="bbox 150 2026 303 2075">
     <span class='ocr_line' id='line_1_9' title="bbox 150 2026 303 2048; baseline -0.007 0"><span class='ocrx_word' id='word_1_14' title='bbox 150 2026 230 2048; x_wconf 72' lang='lat' dir='ltr'>Potitio</span> <span class='ocrx_word' id='word_1_15' title='bbox 240 2026 303 2048; x_wconf 72' lang='lat' dir='ltr'>mise-</span> 
     </span>
     <span class='ocr_line' id='line_1_10' title="bbox 169 2053 283 2075; baseline -0.009 0"><span class='ocrx_word' id='word_1_16' title='bbox 169 2053 283 2075; x_wconf 71' lang='lat' dir='ltr'>riom-diae.</span> 
     </span>
    </p>
   </div>
   <div class='ocr_carea' id='block_1_6' title="bbox 149 2345 299 2401">
    <p class='ocr_par' dir='ltr' id='par_1_6' title="bbox 149 2345 299 2401">
     <span class='ocr_line' id='line_1_11' title="bbox 149 2345 299 2373; baseline -0.007 -5"><span class='ocrx_word' id='word_1_17' title='bbox 149 2345 255 2373; x_wconf 77' lang='lat' dir='ltr'>Allegatio</span> <span class='ocrx_word' id='word_1_18' title='bbox 270 2346 299 2367; x_wconf 91' lang='lat' dir='ltr'>in·</span> 
     </span>
     <span class='ocr_line' id='line_1_12' title="bbox 168 2373 284 2401; baseline -0.009 -6"><span class='ocrx_word' id='word_1_19' title='bbox 168 2373 284 2401; x_wconf 62' lang='lat' dir='ltr'>digamiae.</span> 
     </span>
    </p>
   </div>
   <div class='ocr_carea' id='block_1_7' title="bbox 338 236 403 268">
    <p class='ocr_par' dir='ltr' id='par_1_7' title="bbox 338 236 403 268">
     <span class='ocr_line' id='line_1_13' title="bbox 338 236 403 268; baseline -0.015 0"><span class='ocrx_word' id='word_1_20' title='bbox 338 236 403 268; x_wconf 71' lang='lat'>240</span> 
     </span>
    </p>
   </div>
   <div class='ocr_carea' id='block_1_8' title="bbox 324 322 1291 1056">
    <p class='ocr_par' dir='ltr' id='par_1_8' title="bbox 335 322 1291 416">
     <span class='ocr_line' id='line_1_14' title="bbox 336 322 1291 365; baseline 0.001 -10"><span class='ocrx_word' id='word_1_21' title='bbox 336 326 422 355; x_wconf 85' lang='lat' dir='ltr'>tanta</span> <span class='ocrx_word' id='word_1_22' title='bbox 445 323 540 364; x_wconf 89' lang='lat' dir='ltr'>igitur</span> <span class='ocrx_word' id='word_1_23' title='bbox 564 323 739 364; x_wconf 86' lang='lat' dir='ltr'>praesentia</span> <span class='ocrx_word' id='word_1_24' title='bbox 763 327 793 356; x_wconf 88' lang='lat' dir='ltr'>et</span> <span class='ocrx_word' id='word_1_25' title='bbox 817 322 970 356; x_wconf 79' lang='lat' dir='ltr'>desiderio</span> <span class='ocrx_word' id='word_1_26' title='bbox 1001 323 1108 364; x_wconf 87' lang='lat' dir='ltr'>populi</span> <span class='ocrx_word' id='word_1_27' title='bbox 1133 323 1291 365; x_wconf 82' lang='lat' dir='ltr'>colligitur</span> 
     </span>
     <span class='ocr_line' id='line_1_15' title="bbox 335 375 884 416; baseline 0 -9"><span class='ocrx_word' id='word_1_28' title='bbox 335 375 552 416; x_wconf 77' lang='lat' dir='ltr'>opportunitas</span> <span class='ocrx_word' id='word_1_29' title='bbox 576 375 719 407; x_wconf 81' lang='lat' dir='ltr'>miraculi</span> <span class='ocrx_word' id='word_1_30' title='bbox 743 375 884 408; x_wconf 86' lang='lat' dir='ltr'>faciendi.</span> 
     </span>
    </p>

    <p class='ocr_par' dir='ltr' id='par_1_9' title="bbox 324 428 1291 1056">
     <span class='ocr_line' id='line_1_16' title="bbox 424 428 1291 467; baseline 0.001 -7"><span class='ocrx_word' id='word_1_31' title='bbox 424 428 474 460; x_wconf 87' lang='lat'>73.</span> <span class='ocrx_word' id='word_1_32' title='bbox 500 428 600 467; x_wconf 82' lang='lat' dir='ltr'>(Vers.</span> <span class='ocrx_word' id='word_1_33' title='bbox 626 428 702 467; x_wconf 87' lang='lat'>38.).</span> <span class='ocrx_word' id='word_1_34' title='bbox 728 428 869 461; x_wconf 87' lang='lat' dir='ltr'>Secundo</span> <span class='ocrx_word' id='word_1_35' title='bbox 892 437 968 461; x_wconf 92' lang='lat' dir='ltr'>vero</span> <span class='ocrx_word' id='word_1_36' title='bbox 992 428 1163 461; x_wconf 81' lang='lat' dir='ltr'>introducit</span> <span class='ocrx_word' id='word_1_37' title='bbox 1186 428 1291 462; x_wconf 89' lang='lat' dir='ltr'>homi-</span> 
     </span>
     <span class='ocr_line' id='line_1_17' title="bbox 332 480 1290 521; baseline 0.003 -9"><span class='ocrx_word' id='word_1_38' title='bbox 332 481 385 513; x_wconf 82' lang='lat' dir='ltr'>nis</span> <span class='ocrx_word' id='word_1_39' title='bbox 409 480 610 513; x_wconf 78' lang='lat' dir='ltr'>obsecrantis</span> <span class='ocrx_word' id='word_1_40' title='bbox 638 481 855 519; x_wconf 73' lang='lat' dir='ltr'>instantiam,</span> <span class='ocrx_word' id='word_1_41' title='bbox 880 490 952 514; x_wconf 87' lang='lat' dir='ltr'>cum</span> <span class='ocrx_word' id='word_1_42' title='bbox 977 481 1038 513; x_wconf 85' lang='lat' dir='ltr'>ait:</span> <span class='ocrx_word' id='word_1_43' title='bbox 1066 482 1104 514; x_wconf 88' lang='lat' dir='ltr'>Et</span> <span class='ocrx_word' id='word_1_44' title='bbox 1127 491 1212 521; x_wconf 81' lang='lat' dir='ltr'>ecee,</span> <span class='ocrx_word' id='word_1_45' title='bbox 1235 482 1290 515; x_wconf 85' lang='lat' dir='ltr'>vir</span> 
     </span>
     <span class='ocr_line' id='line_1_18' title="bbox 331 533 1289 568; baseline 0.003 -3"><span class='ocrx_word' id='word_1_46' title='bbox 331 533 492 566; x_wconf 84' lang='lat' dir='ltr'>deturba</span> <span class='ocrx_word' id='word_1_47' title='bbox 515 533 722 566; x_wconf 70' lang='lat' dir='ltr'>exclamavit.</span> <span class='ocrx_word' id='word_1_48' title='bbox 756 534 787 566; x_wconf 90' lang='lat' dir='ltr'>In</span> <span class='ocrx_word' id='word_1_49' title='bbox 824 534 884 567; x_wconf 87' lang='lat' dir='ltr'>hoc</span> <span class='ocrx_word' id='word_1_50' title='bbox 908 534 1043 567; x_wconf 79' lang='lat' dir='ltr'>ostendit</span> <span class='ocrx_word' id='word_1_51' title='bbox 1077 535 1223 568; x_wconf 80' lang='lat' dir='ltr'>affectum</span> <span class='ocrx_word' id='word_1_52' title='bbox 1257 535 1289 568; x_wconf 87' lang='lat' dir='ltr'>in</span> 
     </span>
     <span class='ocr_line' id='line_1_19' title="bbox 331 585 1289 627; baseline 0.003 -10"><span class='ocrx_word' id='word_1_53' title='bbox 331 585 547 627; x_wconf 83' lang='lat' dir='ltr'>supplicando,</span> <span class='ocrx_word' id='word_1_54' title='bbox 571 586 744 619; x_wconf 87' lang='lat' dir='ltr'>secundum</span> <span class='ocrx_word' id='word_1_55' title='bbox 770 586 847 619; x_wconf 91' lang='lat' dir='ltr'>illud</span> <span class='ocrx_word' id='word_1_56' title='bbox 871 587 982 619; x_wconf 79' lang='lat' dir='ltr'>Psalmi</span> <span class='ocrx_word' id='word_1_57' title='bbox 997 588 1026 619; x_wconf 89' lang='lat'>¹:</span> <span class='ocrx_word' id='word_1_58' title='bbox 1049 588 1157 620; x_wconf 86' lang='lat' dir='ltr'>«Dum</span> <span class='ocrx_word' id='word_1_59' title='bbox 1175 588 1289 620; x_wconf 89' lang='lat' dir='ltr'>clama—</span> 
     </span>
     <span class='ocr_line' id='line_1_20' title="bbox 330 638 1289 680; baseline 0.003 -10"><span class='ocrx_word' id='word_1_60' title='bbox 330 648 395 671; x_wconf 86' lang='lat' dir='ltr'>rem</span> <span class='ocrx_word' id='word_1_61' title='bbox 419 638 457 670; x_wconf 84' lang='lat' dir='ltr'>ad</span> <span class='ocrx_word' id='word_1_62' title='bbox 480 638 667 678; x_wconf 87' lang='lat' dir='ltr'>Dominum,</span> <span class='ocrx_word' id='word_1_63' title='bbox 693 640 856 672; x_wconf 80' lang='lat' dir='ltr'>exaudivit</span> <span class='ocrx_word' id='word_1_64' title='bbox 891 649 998 673; x_wconf 86' lang='lat' dir='ltr'>voc-em</span> <span class='ocrx_word' id='word_1_65' title='bbox 1022 649 1123 673; x_wconf 86' lang='lat' dir='ltr'>meam</span> <span class='ocrx_word' id='word_1_66' title='bbox 1142 653 1172 680; x_wconf 77' lang='lat' dir='ltr'>n;</span> <span class='ocrx_word' id='word_1_67' title='bbox 1205 641 1289 674; x_wconf 87' lang='lat' dir='ltr'>unde</span> 
     </span>
     <span class='ocr_line' id='line_1_21' title="bbox 328 691 1289 735; baseline 0.004 -12"><span class='ocrx_word' id='word_1_68' title='bbox 328 692 419 733; x_wconf 90' lang='lat' dir='ltr'>primi</span> <span class='ocrx_word' id='word_1_69' title='bbox 445 691 704 725; x_wconf 87' lang='lat' dir='ltr'>Machabaeorum</span> <span class='ocrx_word' id='word_1_70' title='bbox 728 693 858 735; x_wconf 88' lang='lat' dir='ltr'>quinto:</span> <span class='ocrx_word' id='word_1_71' title='bbox 889 693 1181 727; x_wconf 82' lang='lat' dir='ltr'>«Exclamaverunt</span> <span class='ocrx_word' id='word_1_72' title='bbox 1203 694 1289 727; x_wconf 90' lang='lat' dir='ltr'>tubis</span> 
     </span>
     <span class='ocr_line' id='line_1_22' title="bbox 328 744 1289 784; baseline 0.005 -9"><span class='ocrx_word' id='word_1_73' title='bbox 328 744 358 775; x_wconf 93' lang='lat' dir='ltr'>in</span> <span class='ocrx_word' id='word_1_74' title='bbox 382 744 502 776; x_wconf 82' lang='lat' dir='ltr'>caelum</span> <span class='ocrx_word' id='word_1_75' title='bbox 527 748 558 776; x_wconf 89' lang='lat' dir='ltr'>et</span> <span class='ocrx_word' id='word_1_76' title='bbox 582 745 842 778; x_wconf 77' lang='lat' dir='ltr'>exclamaverunt</span> <span class='ocrx_word' id='word_1_77' title='bbox 865 748 896 778; x_wconf 88' lang='lat' dir='ltr'>in</span> <span class='ocrx_word' id='word_1_78' title='bbox 920 747 1061 779; x_wconf 87' lang='lat' dir='ltr'>oratione</span> <span class='ocrx_word' id='word_1_79' title='bbox 1078 759 1109 784; x_wconf 85' lang='lat'>»;</span> <span class='ocrx_word' id='word_1_80' title='bbox 1126 751 1157 779; x_wconf 86' lang='lat' dir='ltr'>et</span> <span class='ocrx_word' id='word_1_81' title='bbox 1180 747 1218 780; x_wconf 93' lang='lat' dir='ltr'>de</span> <span class='ocrx_word' id='word_1_82' title='bbox 1235 748 1289 780; x_wconf 88' lang='lat' dir='ltr'>Sa-</span> 
     </span>
     <span class='ocr_line' id='line_1_23' title="bbox 326 797 1287 842; baseline 0.005 -14"><span class='ocrx_word' id='word_1_83' title='bbox 326 798 430 829; x_wconf 89' lang='lat' dir='ltr'>muele</span> <span class='ocrx_word' id='word_1_84' title='bbox 458 797 574 830; x_wconf 87' lang='lat' dir='ltr'>dicitur</span> <span class='ocrx_word' id='word_1_85' title='bbox 608 798 701 839; x_wconf 88' lang='lat' dir='ltr'>primi</span> <span class='ocrx_word' id='word_1_86' title='bbox 735 799 852 841; x_wconf 84' lang='lat' dir='ltr'>Regum</span> <span class='ocrx_word' id='word_1_87' title='bbox 885 799 1006 832; x_wconf 87' lang='lat' dir='ltr'>decimo</span> <span class='ocrx_word' id='word_1_88' title='bbox 1042 800 1170 842; x_wconf 88' lang='lat' dir='ltr'>quinto,</span> <span class='ocrx_word' id='word_1_89' title='bbox 1203 800 1287 842; x_wconf 89' lang='lat' dir='ltr'>quod</span> 
     </span>
     <span class='ocr_line' id='line_1_24' title="bbox 332 850 1287 886; baseline 0.004 -4"><span class='ocrx_word' id='word_1_90' title='bbox 332 850 562 883; x_wconf 88' lang='lat' dir='ltr'>«contristatus</span> <span class='ocrx_word' id='word_1_91' title='bbox 584 851 730 884; x_wconf 88' lang='lat' dir='ltr'>clamavit</span> <span class='ocrx_word' id='word_1_92' title='bbox 753 852 791 884; x_wconf 93' lang='lat' dir='ltr'>ad</span> <span class='ocrx_word' id='word_1_93' title='bbox 815 852 983 885; x_wconf 91' lang='lat' dir='ltr'>Dominum</span> <span class='ocrx_word' id='word_1_94' title='bbox 1001 856 1065 885; x_wconf 86' lang='lat' dir='ltr'>tota</span> <span class='ocrx_word' id='word_1_95' title='bbox 1088 857 1179 886; x_wconf 85' lang='lat' dir='ltr'>nocte</span> <span class='ocrx_word' id='word_1_96' title='bbox 1196 866 1226 885; x_wconf 68' lang='lat' dir='ltr'>n.</span> <span class='ocrx_word' id='word_1_97' title='bbox 1242 872 1287 876; x_wconf 93' lang='lat'>—</span> 
     </span>
     <span class='ocr_line' id='line_1_25' title="bbox 326 903 1287 949; baseline 0.005 -14"><span class='ocrx_word' id='word_1_98' title='bbox 326 903 360 935; x_wconf 91' lang='lat' dir='ltr'>Et</span> <span class='ocrx_word' id='word_1_99' title='bbox 384 903 467 945; x_wconf 89' lang='lat' dir='ltr'>quod</span> <span class='ocrx_word' id='word_1_100' title='bbox 493 904 544 937; x_wconf 90' lang='lat' dir='ltr'>hic</span> <span class='ocrx_word' id='word_1_101' title='bbox 567 908 649 937; x_wconf 87' lang='lat' dir='ltr'>esset</span> <span class='ocrx_word' id='word_1_102' title='bbox 672 905 801 944; x_wconf 80' lang='lat' dir='ltr'>elamor</span> <span class='ocrx_word' id='word_1_103' title='bbox 831 906 1012 945; x_wconf 76' lang='lat' dir='ltr'>orationis,</span> <span class='ocrx_word' id='word_1_104' title='bbox 1036 910 1122 948; x_wconf 90' lang='lat' dir='ltr'>patet</span> <span class='ocrx_word' id='word_1_105' title='bbox 1146 916 1203 949; x_wconf 88' lang='lat' dir='ltr'>per</span> <span class='ocrx_word' id='word_1_106' title='bbox 1226 907 1287 940; x_wconf 86' lang='lat' dir='ltr'>hoc</span> 
     </span>
     <span class='ocr_line' id='line_1_26' title="bbox 325 952 1287 1003; baseline 0.004 -14"><span class='ocrx_word' id='word_1_107' title='bbox 325 957 408 999; x_wconf 90' lang='lat' dir='ltr'>quod</span> <span class='ocrx_word' id='word_1_108' title='bbox 432 958 594 999; x_wconf 86' lang='lat' dir='ltr'>sequitur:</span> <span class='ocrx_word' id='word_1_109' title='bbox 615 958 751 991; x_wconf 74' lang='lat' dir='ltr'>Dicens:</span> <span class='ocrx_word' id='word_1_110' title='bbox 768 959 938 1000; x_wconf 74' lang='lat' dir='ltr'>Mayister,</span> <span class='ocrx_word' id='word_1_111' title='bbox 956 952 1088 992; x_wconf 79' lang='lat' dir='ltr'>obsecro</span> <span class='ocrx_word' id='word_1_112' title='bbox 1105 965 1144 999; x_wconf 89' lang='lat' dir='ltr'>te,</span> <span class='ocrx_word' id='word_1_113' title='bbox 1162 961 1287 1003; x_wconf 75' lang='lat' dir='ltr'>respice</span> 
     </span>
     <span class='ocr_line' id='line_1_27' title="bbox 324 1010 1286 1056; baseline 0.005 -15"><span class='ocrx_word' id='word_1_114' title='bbox 324 1010 359 1042; x_wconf 86' lang='lat' dir='ltr'>in</span> <span class='ocrx_word' id='word_1_115' title='bbox 381 1010 489 1052; x_wconf 75' lang='lat' dir='ltr'>fitium</span> <span class='ocrx_word' id='word_1_116' title='bbox 512 1021 640 1050; x_wconf 82' lang='lat' dir='ltr'>meum,</span> <span class='ocrx_word' id='word_1_117' title='bbox 664 1012 746 1055; x_wconf 83' lang='lat' dir='ltr'>quia</span> <span class='ocrx_word' id='word_1_118' title='bbox 769 1012 890 1045; x_wconf 78' lang='lat' dir='ltr'>unicus</span> <span class='ocrx_word' id='word_1_119' title='bbox 913 1017 960 1045; x_wconf 76' lang='lat' dir='ltr'>est</span> <span class='ocrx_word' id='word_1_120' title='bbox 974 1012 1067 1045; x_wconf 88' lang='lat' dir='ltr'>mihi.</span> <span class='ocrx_word' id='word_1_121' title='bbox 1086 1014 1119 1046; x_wconf 89' lang='lat' dir='ltr'>ln</span> <span class='ocrx_word' id='word_1_122' title='bbox 1135 1023 1199 1056; x_wconf 90' lang='lat' dir='ltr'>qua</span> <span class='ocrx_word' id='word_1_123' title='bbox 1215 1023 1286 1046; x_wconf 85' lang='lat' dir='ltr'>ora-</span> 
     </span>
    </p>
   </div>
   <div class='ocr_carea' id='block_1_9' title="bbox 279 1063 1285 1105">
    <p class='ocr_par' dir='ltr' id='par_1_10' title="bbox 279 1063 1285 1105">
     <span class='ocr_line' id='line_1_28' title="bbox 279 1063 1285 1105; baseline 0.005 -10"><span class='ocrx_word' id='word_1_124' title='bbox 279 1076 311 1091; x_wconf 86' lang='lat' dir='ltr'>er·</span> <span class='ocrx_word' id='word_1_125' title='bbox 323 1063 407 1096; x_wconf 88' lang='lat' dir='ltr'>tione</span> <span class='ocrx_word' id='word_1_126' title='bbox 437 1063 553 1096; x_wconf 84' lang='lat' dir='ltr'>fatetur</span> <span class='ocrx_word' id='word_1_127' title='bbox 585 1063 711 1097; x_wconf 79' lang='lat' dir='ltr'>Christi</span> <span class='ocrx_word' id='word_1_128' title='bbox 740 1065 982 1105; x_wconf 74' lang='lat' dir='ltr'>excellentiam,</span> <span class='ocrx_word' id='word_1_129' title='bbox 1009 1067 1102 1099; x_wconf 83' lang='lat' dir='ltr'>offert</span> <span class='ocrx_word' id='word_1_130' title='bbox 1136 1077 1285 1099; x_wconf 78' lang='lat' dir='ltr'>reveren-</span> 
     </span>
    </p>
   </div>
   <div class='ocr_carea' id='block_1_10' title="bbox 312 1116 1286 2653">
    <p class='ocr_par' dir='ltr' id='par_1_11' title="bbox 312 1116 1286 2653">
     <span class='ocr_line' id='line_1_29' title="bbox 323 1116 1286 1162; baseline 0.005 -14"><span class='ocrx_word' id='word_1_131' title='bbox 323 1116 421 1155; x_wconf 86' lang='lat' dir='ltr'>tiam,</span> <span class='ocrx_word' id='word_1_132' title='bbox 446 1117 524 1158; x_wconf 84' lang='lat' dir='ltr'>petit</span> <span class='ocrx_word' id='word_1_133' title='bbox 548 1117 752 1150; x_wconf 84' lang='lat' dir='ltr'>elementiam</span> <span class='ocrx_word' id='word_1_134' title='bbox 783 1121 814 1151; x_wconf 91' lang='lat' dir='ltr'>et</span> <span class='ocrx_word' id='word_1_135' title='bbox 847 1119 960 1161; x_wconf 88' lang='lat' dir='ltr'>allegat</span> <span class='ocrx_word' id='word_1_136' title='bbox 991 1120 1231 1162; x_wconf 74' lang='lat' dir='ltr'>indiyentiam,·</span> <span class='ocrx_word' id='word_1_137' title='bbox 1255 1123 1286 1153; x_wconf 92' lang='lat' dir='ltr'>et</span> 
     </span>
     <span class='ocr_line' id='line_1_30' title="bbox 322 1169 1284 1216; baseline 0.004 -14"><span class='ocrx_word' id='word_1_138' title='bbox 322 1169 366 1202; x_wconf 90' lang='lat' dir='ltr'>sic</span> <span class='ocrx_word' id='word_1_139' title='bbox 389 1173 437 1203; x_wconf 90' lang='lat' dir='ltr'>est</span> <span class='ocrx_word' id='word_1_140' title='bbox 460 1170 560 1203; x_wconf 91' lang='lat' dir='ltr'>oratio</span> <span class='ocrx_word' id='word_1_141' title='bbox 592 1171 668 1203; x_wconf 89' lang='lat' dir='ltr'>satis</span> <span class='ocrx_word' id='word_1_142' title='bbox 699 1171 845 1213; x_wconf 84' lang='lat' dir='ltr'>perfecta.</span> <span class='ocrx_word' id='word_1_143' title='bbox 878 1172 957 1204; x_wconf 90' lang='lat' dir='ltr'>Cum</span> <span class='ocrx_word' id='word_1_144' title='bbox 988 1172 1080 1205; x_wconf 83' lang='lat' dir='ltr'>dicit:</span> <span class='ocrx_word' id='word_1_145' title='bbox 1105 1173 1284 1216; x_wconf 73' lang='lat' dir='ltr'>Mayister,</span> 
     </span>
     <span class='ocr_line' id='line_1_31' title="bbox 321 1222 1283 1268; baseline 0.005 -14"><span class='ocrx_word' id='word_1_146' title='bbox 321 1222 541 1256; x_wconf 70' lang='lat' dir='ltr'>excellentiam</span> <span class='ocrx_word' id='word_1_147' title='bbox 558 1223 749 1265; x_wconf 82' lang='lat' dir='ltr'>confitetur,</span> <span class='ocrx_word' id='word_1_148' title='bbox 767 1224 858 1257; x_wconf 87' lang='lat' dir='ltr'>iuxta</span> <span class='ocrx_word' id='word_1_149' title='bbox 873 1225 958 1267; x_wconf 89' lang='lat' dir='ltr'>quod</span> <span class='ocrx_word' id='word_1_150' title='bbox 973 1225 1090 1258; x_wconf 87' lang='lat' dir='ltr'>dicitur</span> <span class='ocrx_word' id='word_1_151' title='bbox 1105 1226 1283 1268; x_wconf 84' lang='lat' dir='ltr'>discipulis:</span> 
     </span>
     <span class='ocr_line' id='line_1_32' title="bbox 321 1276 1283 1320; baseline 0.005 -12"><span class='ocrx_word' id='word_1_152' title='bbox 321 1282 342 1304; x_wconf 74' lang='grc' dir='ltr'>ἐι</span> <span class='ocrx_word' id='word_1_153' title='bbox 358 1276 482 1309; x_wconf 86' lang='lat' dir='ltr'>Vocatis</span> <span class='ocrx_word' id='word_1_154' title='bbox 505 1286 555 1309; x_wconf 91' lang='lat' dir='ltr'>me</span> <span class='ocrx_word' id='word_1_155' title='bbox 578 1277 739 1320; x_wconf 64' lang='lat' dir='ltr'>magister</span> <span class='ocrx_word' id='word_1_156' title='bbox 754 1281 785 1311; x_wconf 94' lang='lat' dir='ltr'>et</span> <span class='ocrx_word' id='word_1_157' title='bbox 808 1279 955 1318; x_wconf 82' lang='lat' dir='ltr'>domine,</span> <span class='ocrx_word' id='word_1_158' title='bbox 979 1283 1010 1312; x_wconf 86' lang='lat' dir='ltr'>et</span> <span class='ocrx_word' id='word_1_159' title='bbox 1034 1280 1113 1312; x_wconf 88' lang='lat' dir='ltr'>bene</span> <span class='ocrx_word' id='word_1_160' title='bbox 1136 1279 1283 1319; x_wconf 87' lang='lat' dir='ltr'>dicitis»,</span> 
     </span>
     <span class='ocr_line' id='line_1_33' title="bbox 321 1329 1283 1374; baseline 0.004 -13"><span class='ocrx_word' id='word_1_161' title='bbox 321 1329 443 1362; x_wconf 91' lang='lat' dir='ltr'>loannis</span> <span class='ocrx_word' id='word_1_162' title='bbox 466 1330 587 1363; x_wconf 86' lang='lat' dir='ltr'>decimo</span> <span class='ocrx_word' id='word_1_163' title='bbox 611 1331 703 1363; x_wconf 85' lang='lat' dir='ltr'>tertio</span> <span class='ocrx_word' id='word_1_164' title='bbox 716 1331 737 1363; x_wconf 79' lang='lat'>².</span> <span class='ocrx_word' id='word_1_165' title='bbox 763 1331 833 1364; x_wconf 92' lang='lat' dir='ltr'>Ideo</span> <span class='ocrx_word' id='word_1_166' title='bbox 857 1335 963 1365; x_wconf 90' lang='lat' dir='ltr'>autem</span> <span class='ocrx_word' id='word_1_167' title='bbox 980 1332 1079 1374; x_wconf 88' lang='lat' dir='ltr'>magis</span> <span class='ocrx_word' id='word_1_168' title='bbox 1103 1336 1193 1365; x_wconf 87' lang='lat' dir='ltr'>vocat</span> <span class='ocrx_word' id='word_1_169' title='bbox 1210 1342 1283 1365; x_wconf 87' lang='lat' dir='ltr'>eum</span> 
     </span>
     <span class='ocr_line' id='line_1_34' title="bbox 320 1382 1284 1427; baseline 0.005 -13"><span class='ocrx_word' id='word_1_170' title='bbox 320 1382 542 1425; x_wconf 72' lang='lat' dir='ltr'>maqistrum,</span> <span class='ocrx_word' id='word_1_171' title='bbox 567 1384 643 1426; x_wconf 89' lang='lat' dir='ltr'>quia</span> <span class='ocrx_word' id='word_1_172' title='bbox 673 1384 891 1424; x_wconf 85' lang='lat' dir='ltr'>existimabat,</span> <span class='ocrx_word' id='word_1_173' title='bbox 916 1394 989 1418; x_wconf 89' lang='lat' dir='ltr'>eum</span> <span class='ocrx_word' id='word_1_174' title='bbox 1020 1386 1113 1427; x_wconf 88' lang='lat' dir='ltr'>plura</span> <span class='ocrx_word' id='word_1_175' title='bbox 1137 1395 1229 1427; x_wconf 86' lang='lat' dir='ltr'>posse</span> <span class='ocrx_word' id='word_1_176' title='bbox 1253 1389 1284 1419; x_wconf 87' lang='lat' dir='ltr'>et</span> 
     </span>
     <span class='ocr_line' id='line_1_35' title="bbox 322 1436 1283 1481; baseline 0.004 -13"><span class='ocrx_word' id='word_1_177' title='bbox 322 1436 403 1468; x_wconf 91' lang='lat' dir='ltr'>scire</span> <span class='ocrx_word' id='word_1_178' title='bbox 427 1445 523 1478; x_wconf 87' lang='lat' dir='ltr'>quam</span> <span class='ocrx_word' id='word_1_179' title='bbox 547 1436 734 1479; x_wconf 91' lang='lat' dir='ltr'>discipulos,</span> <span class='ocrx_word' id='word_1_180' title='bbox 758 1438 813 1480; x_wconf 91' lang='lat' dir='ltr'>qui</span> <span class='ocrx_word' id='word_1_181' title='bbox 837 1447 900 1471; x_wconf 91' lang='lat' dir='ltr'>non</span> <span class='ocrx_word' id='word_1_182' title='bbox 924 1442 1093 1481; x_wconf 87' lang='lat' dir='ltr'>potuerant</span> <span class='ocrx_word' id='word_1_183' title='bbox 1110 1448 1168 1471; x_wconf 91' lang='lat' dir='ltr'>nec</span> <span class='ocrx_word' id='word_1_184' title='bbox 1184 1439 1283 1472; x_wconf 86' lang='lat' dir='ltr'>scive-</span> 
     </span>
     <span class='ocr_line' id='line_1_36' title="bbox 320 1490 1282 1537; baseline 0.005 -16"><span class='ocrx_word' id='word_1_185' title='bbox 320 1493 392 1521; x_wconf 82' lang='lat' dir='ltr'>rant</span> <span class='ocrx_word' id='word_1_186' title='bbox 416 1498 530 1523; x_wconf 87' lang='lat' dir='ltr'>curare</span> <span class='ocrx_word' id='word_1_187' title='bbox 553 1490 653 1524; x_wconf 90' lang='lat' dir='ltr'>filium</span> <span class='ocrx_word' id='word_1_188' title='bbox 688 1500 800 1530; x_wconf 78' lang='lat' dir='ltr'>suum:</span> <span class='ocrx_word' id='word_1_189' title='bbox 825 1495 856 1524; x_wconf 89' lang='lat' dir='ltr'>et</span> <span class='ocrx_word' id='word_1_190' title='bbox 876 1496 1053 1537; x_wconf 20' lang='lat' dir='ltr'>(propterea</span> <span class='ocrx_word' id='word_1_191' title='bbox 1076 1492 1198 1525; x_wconf 88' lang='lat' dir='ltr'>dicebat</span> <span class='ocrx_word' id='word_1_192' title='bbox 1222 1493 1282 1526; x_wconf 90' lang='lat' dir='ltr'>Do-</span> 
     </span>
     <span class='ocr_line' id='line_1_37' title="bbox 317 1543 1281 1587; baseline 0.004 -12"><span class='ocrx_word' id='word_1_193' title='bbox 317 1543 426 1575; x_wconf 89' lang='lat' dir='ltr'>minus</span> <span class='ocrx_word' id='word_1_194' title='bbox 441 1543 602 1585; x_wconf 82' lang='lat' dir='ltr'>discipulis</span> <span class='ocrx_word' id='word_1_195' title='bbox 626 1544 772 1577; x_wconf 85' lang='lat' dir='ltr'>Matthaei</span> <span class='ocrx_word' id='word_1_196' title='bbox 789 1545 939 1587; x_wconf 88' lang='lat' dir='ltr'>vigesimo</span> <span class='ocrx_word' id='word_1_197' title='bbox 964 1546 1058 1578; x_wconf 88' lang='lat' dir='ltr'>tertio</span> <span class='ocrx_word' id='word_1_198' title='bbox 1071 1546 1098 1578; x_wconf 77' lang='lat'>³:</span> <span class='ocrx_word' id='word_1_199' title='bbox 1129 1559 1145 1575; x_wconf 86' lang='lat'>«</span> <span class='ocrx_word' id='word_1_200' title='bbox 1161 1546 1204 1579; x_wconf 93' lang='lat' dir='ltr'>Ne</span> <span class='ocrx_word' id='word_1_201' title='bbox 1229 1556 1281 1579; x_wconf 91' lang='lat' dir='ltr'>vo-</span> 
     </span>
     <span class='ocr_line' id='line_1_38' title="bbox 320 1596 1281 1641; baseline 0.005 -14"><span class='ocrx_word' id='word_1_202' title='bbox 320 1596 432 1628; x_wconf 90' lang='lat' dir='ltr'>cemini</span> <span class='ocrx_word' id='word_1_203' title='bbox 456 1596 615 1638; x_wconf 90' lang='lat' dir='ltr'>magistri,</span> <span class='ocrx_word' id='word_1_204' title='bbox 640 1598 715 1640; x_wconf 90' lang='lat' dir='ltr'>quia</span> <span class='ocrx_word' id='word_1_205' title='bbox 731 1607 814 1631; x_wconf 88' lang='lat' dir='ltr'>unus</span> <span class='ocrx_word' id='word_1_206' title='bbox 831 1603 878 1631; x_wconf 87' lang='lat' dir='ltr'>est</span> <span class='ocrx_word' id='word_1_207' title='bbox 894 1599 1043 1641; x_wconf 86' lang='lat' dir='ltr'>magister</span> <span class='ocrx_word' id='word_1_208' title='bbox 1062 1603 1174 1638; x_wconf 87' lang='lat' dir='ltr'>vester,</span> <span class='ocrx_word' id='word_1_209' title='bbox 1191 1600 1281 1633; x_wconf 90' lang='lat' dir='ltr'>Chri-</span> 
     </span>
     <span class='ocr_line' id='line_1_39' title="bbox 320 1650 1281 1693; baseline 0.004 -12"><span class='ocrx_word' id='word_1_210' title='bbox 320 1652 388 1681; x_wconf 92' lang='lat' dir='ltr'>stus</span> <span class='ocrx_word' id='word_1_211' title='bbox 404 1662 435 1681; x_wconf 84' lang='grc'>».</span> <span class='ocrx_word' id='word_1_212' title='bbox 457 1668 500 1672; x_wconf 85' lang='grc'><strong>-</strong></span> <span class='ocrx_word' id='word_1_213' title='bbox 517 1650 550 1682; x_wconf 91' lang='lat' dir='ltr'>In</span> <span class='ocrx_word' id='word_1_214' title='bbox 574 1651 634 1684; x_wconf 87' lang='lat' dir='ltr'>hoc</span> <span class='ocrx_word' id='word_1_215' title='bbox 657 1655 783 1690; x_wconf 85' lang='lat' dir='ltr'>autem,</span> <span class='ocrx_word' id='word_1_216' title='bbox 808 1652 892 1693; x_wconf 92' lang='lat' dir='ltr'>quod</span> <span class='ocrx_word' id='word_1_217' title='bbox 916 1652 1019 1684; x_wconf 87' lang='lat' dir='ltr'>addit:</span> <span class='ocrx_word' id='word_1_218' title='bbox 1048 1652 1202 1691; x_wconf 73' lang='lat' dir='ltr'>Obsecro,</span> <span class='ocrx_word' id='word_1_219' title='bbox 1227 1664 1281 1686; x_wconf 72' lang='lat' dir='ltr'>ex-</span> 
     </span>
     <span class='ocr_line' id='line_1_40' title="bbox 319 1701 1281 1740; baseline 0.005 -6"><span class='ocrx_word' id='word_1_220' title='bbox 319 1701 404 1735; x_wconf 83' lang='lat' dir='ltr'>hibet</span> <span class='ocrx_word' id='word_1_221' title='bbox 419 1704 648 1736; x_wconf 80' lang='lat' dir='ltr'>reverentiam.</span> <span class='ocrx_word' id='word_1_222' title='bbox 674 1703 875 1737; x_wconf 86' lang='lat' dir='ltr'>Obsecrantis</span> <span class='ocrx_word' id='word_1_223' title='bbox 898 1705 981 1737; x_wconf 90' lang='lat' dir='ltr'>enim</span> <span class='ocrx_word' id='word_1_224' title='bbox 1000 1709 1047 1738; x_wconf 85' lang='lat' dir='ltr'>est</span> <span class='ocrx_word' id='word_1_225' title='bbox 1063 1715 1096 1738; x_wconf 89' lang='lat' dir='ltr'>se</span> <span class='ocrx_word' id='word_1_226' title='bbox 1113 1706 1281 1740; x_wconf 89' lang='lat' dir='ltr'>humiliare</span> 
     </span>
     <span class='ocr_line' id='line_1_41' title="bbox 318 1756 1281 1800; baseline 0.005 -12"><span class='ocrx_word' id='word_1_227' title='bbox 318 1760 349 1789; x_wconf 88' lang='lat' dir='ltr'>et</span> <span class='ocrx_word' id='word_1_228' title='bbox 373 1756 526 1795; x_wconf 91' lang='lat' dir='ltr'>revereri,</span> <span class='ocrx_word' id='word_1_229' title='bbox 543 1757 635 1789; x_wconf 84' lang='lat' dir='ltr'>iuxta</span> <span class='ocrx_word' id='word_1_230' title='bbox 651 1757 736 1799; x_wconf 87' lang='lat' dir='ltr'>quod</span> <span class='ocrx_word' id='word_1_231' title='bbox 751 1757 867 1790; x_wconf 90' lang='lat' dir='ltr'>dicitur</span> <span class='ocrx_word' id='word_1_232' title='bbox 890 1758 1009 1800; x_wconf 81' lang='lat' dir='ltr'>primae</span> <span class='ocrx_word' id='word_1_233' title='bbox 1025 1759 1064 1791; x_wconf 87' lang='lat' dir='ltr'>ad</span> <span class='ocrx_word' id='word_1_234' title='bbox 1081 1759 1281 1793; x_wconf 83' lang='lat' dir='ltr'>Timotheum</span> 
     </span>
     <span class='ocr_line' id='line_1_42' title="bbox 317 1809 1281 1852; baseline 0.005 -12"><span class='ocrx_word' id='word_1_235' title='bbox 317 1809 467 1852; x_wconf 72' lang='lat' dir='ltr'>quinto4:</span> <span class='ocrx_word' id='word_1_236' title='bbox 498 1810 686 1842; x_wconf 87' lang='lat' dir='ltr'>«Seniorem</span> <span class='ocrx_word' id='word_1_237' title='bbox 710 1819 749 1843; x_wconf 91' lang='lat' dir='ltr'>ne</span> <span class='ocrx_word' id='word_1_238' title='bbox 774 1811 1003 1852; x_wconf 86' lang='lat' dir='ltr'>increpaveris,</span> <span class='ocrx_word' id='word_1_239' title='bbox 1028 1811 1082 1844; x_wconf 89' lang='lat' dir='ltr'>sed</span> <span class='ocrx_word' id='word_1_240' title='bbox 1098 1812 1229 1845; x_wconf 83' lang='lat' dir='ltr'>obsecra</span> <span class='ocrx_word' id='word_1_241' title='bbox 1244 1817 1281 1845; x_wconf 93' lang='lat' dir='ltr'>ut</span> 
     </span>
     <span class='ocr_line' id='line_1_43' title="bbox 316 1863 1280 1905; baseline 0.005 -11"><span class='ocrx_word' id='word_1_242' title='bbox 316 1864 438 1903; x_wconf 88' lang='lat' dir='ltr'>patrem</span> <span class='ocrx_word' id='word_1_243' title='bbox 454 1875 485 1893; x_wconf 91' lang='lat'>».</span> <span class='ocrx_word' id='word_1_244' title='bbox 511 1863 546 1894; x_wconf 88' lang='lat' dir='ltr'>Et</span> <span class='ocrx_word' id='word_1_245' title='bbox 564 1863 622 1896; x_wconf 87' lang='lat' dir='ltr'>hoc</span> <span class='ocrx_word' id='word_1_246' title='bbox 640 1863 799 1905; x_wconf 87' lang='lat' dir='ltr'>potissime</span> <span class='ocrx_word' id='word_1_247' title='bbox 815 1864 907 1897; x_wconf 87' lang='lat' dir='ltr'>debet</span> <span class='ocrx_word' id='word_1_248' title='bbox 924 1865 1018 1897; x_wconf 93' lang='lat' dir='ltr'>homo</span> <span class='ocrx_word' id='word_1_249' title='bbox 1034 1865 1137 1898; x_wconf 87' lang='lat' dir='ltr'>facere</span> <span class='ocrx_word' id='word_1_250' title='bbox 1161 1866 1192 1898; x_wconf 91' lang='lat' dir='ltr'>in</span> <span class='ocrx_word' id='word_1_251' title='bbox 1209 1875 1280 1901; x_wconf 83' lang='lat' dir='ltr'>ora-</span> 
     </span>
     <span class='ocr_line' id='line_1_44' title="bbox 316 1915 1278 1963; baseline 0.006 -17"><span class='ocrx_word' id='word_1_252' title='bbox 316 1915 410 1947; x_wconf 84' lang='lat' dir='ltr'>tione.</span> <span class='ocrx_word' id='word_1_253' title='bbox 447 1916 521 1948; x_wconf 85' lang='lat' dir='ltr'>Nam</span> <span class='ocrx_word' id='word_1_254' title='bbox 559 1916 764 1950; x_wconf 86' lang='lat' dir='ltr'>Ecclesiastici</span> <span class='ocrx_word' id='word_1_255' title='bbox 801 1918 962 1960; x_wconf 84' lang='lat' dir='ltr'>trigesimo</span> <span class='ocrx_word' id='word_1_256' title='bbox 997 1919 1109 1963; x_wconf 87' lang='lat' dir='ltr'>quinto</span> <span class='ocrx_word' id='word_1_257' title='bbox 1144 1919 1278 1952; x_wconf 86' lang='lat' dir='ltr'>dicitur:</span> 
     </span>
     <span class='ocr_line' id='line_1_45' title="bbox 322 1967 1279 2013; baseline 0.006 -14"><span class='ocrx_word' id='word_1_258' title='bbox 322 1980 338 1996; x_wconf 81' lang='lat'><strong><em>«</em></strong></span> <span class='ocrx_word' id='word_1_259' title='bbox 353 1967 460 2000; x_wconf 81' lang='lat' dir='ltr'>Oratio</span> <span class='ocrx_word' id='word_1_260' title='bbox 484 1969 679 2005; x_wconf 83' lang='lat' dir='ltr'>humiliantis</span> <span class='ocrx_word' id='word_1_261' title='bbox 702 1979 735 2002; x_wconf 89' lang='lat' dir='ltr'>se</span> <span class='ocrx_word' id='word_1_262' title='bbox 752 1970 852 2003; x_wconf 89' lang='lat' dir='ltr'>nubes</span> <span class='ocrx_word' id='word_1_263' title='bbox 868 1971 1045 2013; x_wconf 83' lang='lat' dir='ltr'>penetrabit</span> <span class='ocrx_word' id='word_1_264' title='bbox 1061 1985 1092 2003; x_wconf 70' lang='lat' dir='ltr'>n.</span> <span class='ocrx_word' id='word_1_265' title='bbox 1112 1992 1151 1995; x_wconf 97' lang='lat'><strong>—</strong></span> <span class='ocrx_word' id='word_1_266' title='bbox 1170 1973 1202 2004; x_wconf 94' lang='lat' dir='ltr'>ln</span> <span class='ocrx_word' id='word_1_267' title='bbox 1221 1973 1279 2006; x_wconf 91' lang='lat' dir='ltr'>hoc</span> 
     </span>
     <span class='ocr_line' id='line_1_46' title="bbox 316 2021 1280 2068; baseline 0.007 -16"><span class='ocrx_word' id='word_1_268' title='bbox 316 2029 409 2059; x_wconf 86' lang='lat' dir='ltr'>vero,</span> <span class='ocrx_word' id='word_1_269' title='bbox 434 2021 518 2063; x_wconf 90' lang='lat' dir='ltr'>quod</span> <span class='ocrx_word' id='word_1_270' title='bbox 542 2022 644 2054; x_wconf 88' lang='lat' dir='ltr'>addit:</span> <span class='ocrx_word' id='word_1_271' title='bbox 671 2024 803 2065; x_wconf 78' lang='lat' dir='ltr'>Respice</span> <span class='ocrx_word' id='word_1_272' title='bbox 831 2024 867 2056; x_wconf 82' lang='lat' dir='ltr'>in</span> <span class='ocrx_word' id='word_1_273' title='bbox 901 2024 1011 2066; x_wconf 77' lang='lat' dir='ltr'>fitium</span> <span class='ocrx_word' id='word_1_274' title='bbox 1042 2035 1169 2065; x_wconf 85' lang='lat' dir='ltr'>meum,</span> <span class='ocrx_word' id='word_1_275' title='bbox 1200 2027 1280 2068; x_wconf 87' lang='lat' dir='ltr'>petit</span> 
     </span>
     <span class='ocr_line' id='line_1_47' title="bbox 315 2074 1278 2122; baseline 0.008 -17"><span class='ocrx_word' id='word_1_276' title='bbox 315 2074 603 2114; x_wconf 74' lang='lat' dir='ltr'>misericordiam,</span> <span class='ocrx_word' id='word_1_277' title='bbox 636 2077 811 2109; x_wconf 87' lang='lat' dir='ltr'>secundum</span> <span class='ocrx_word' id='word_1_278' title='bbox 835 2077 913 2110; x_wconf 91' lang='lat' dir='ltr'>illud</span> <span class='ocrx_word' id='word_1_279' title='bbox 942 2078 1147 2112; x_wconf 85' lang='lat' dir='ltr'>Ecclesiastici</span> <span class='ocrx_word' id='word_1_280' title='bbox 1183 2080 1278 2122; x_wconf 88' lang='lat' dir='ltr'>trige-</span> 
     </span>
     <span class='ocr_line' id='line_1_48' title="bbox 315 2126 1279 2175; baseline 0.008 -16"><span class='ocrx_word' id='word_1_281' title='bbox 315 2126 394 2159; x_wconf 90' lang='lat' dir='ltr'>simo</span> <span class='ocrx_word' id='word_1_282' title='bbox 417 2128 549 2160; x_wconf 79' lang='lat' dir='ltr'>sext05:</span> <span class='ocrx_word' id='word_1_283' title='bbox 580 2129 759 2162; x_wconf 82' lang='lat' dir='ltr'>«Miserere</span> <span class='ocrx_word' id='word_1_284' title='bbox 791 2131 909 2170; x_wconf 81' lang='lat' dir='ltr'>nostri,</span> <span class='ocrx_word' id='word_1_285' title='bbox 941 2132 1026 2165; x_wconf 90' lang='lat' dir='ltr'>Deus</span> <span class='ocrx_word' id='word_1_286' title='bbox 1060 2133 1217 2175; x_wconf 88' lang='lat' dir='ltr'>omnium,</span> <span class='ocrx_word' id='word_1_287' title='bbox 1247 2137 1279 2167; x_wconf 91' lang='lat' dir='ltr'>et</span> 
     </span>
     <span class='ocr_line' id='line_1_49' title="bbox 315 2180 1276 2222; baseline 0.008 -10"><span class='ocrx_word' id='word_1_288' title='bbox 315 2180 435 2222; x_wconf 87' lang='lat' dir='ltr'>respice</span> <span class='ocrx_word' id='word_1_289' title='bbox 459 2181 490 2213; x_wconf 90' lang='lat' dir='ltr'>in</span> <span class='ocrx_word' id='word_1_290' title='bbox 507 2191 564 2214; x_wconf 91' lang='lat' dir='ltr'>nos</span> <span class='ocrx_word' id='word_1_291' title='bbox 587 2187 619 2214; x_wconf 86' lang='lat' dir='ltr'>et</span> <span class='ocrx_word' id='word_1_292' title='bbox 641 2183 769 2215; x_wconf 90' lang='lat' dir='ltr'>ostende</span> <span class='ocrx_word' id='word_1_293' title='bbox 793 2184 883 2217; x_wconf 91' lang='lat' dir='ltr'>nobis</span> <span class='ocrx_word' id='word_1_294' title='bbox 906 2185 1009 2217; x_wconf 89' lang='lat' dir='ltr'>lucem</span> <span class='ocrx_word' id='word_1_295' title='bbox 1038 2185 1276 2220; x_wconf 82' lang='lat' dir='ltr'>miserationum</span> 
     </span>
     <span class='ocr_line' id='line_1_50' title="bbox 314 2234 1277 2278; baseline 0.008 -13"><span class='ocrx_word' id='word_1_296' title='bbox 314 2235 442 2265; x_wconf 88' lang='lat' dir='ltr'>tuarum</span> <span class='ocrx_word' id='word_1_297' title='bbox 460 2245 491 2272; x_wconf 77' lang='lat'>»;</span> <span class='ocrx_word' id='word_1_298' title='bbox 515 2234 554 2267; x_wconf 90' lang='lat' dir='ltr'>de</span> <span class='ocrx_word' id='word_1_299' title='bbox 577 2244 641 2276; x_wconf 91' lang='lat' dir='ltr'>quo</span> <span class='ocrx_word' id='word_1_300' title='bbox 665 2240 811 2278; x_wconf 87' lang='lat' dir='ltr'>respectu</span> <span class='ocrx_word' id='word_1_301' title='bbox 835 2236 951 2269; x_wconf 89' lang='lat' dir='ltr'>dicitur</span> <span class='ocrx_word' id='word_1_302' title='bbox 966 2238 998 2270; x_wconf 92' lang='lat' dir='ltr'>in</span> <span class='ocrx_word' id='word_1_303' title='bbox 1016 2238 1154 2271; x_wconf 82' lang='lat' dir='ltr'>Psalmo:</span> <span class='ocrx_word' id='word_1_304' title='bbox 1183 2253 1199 2268; x_wconf 71' lang='grc' dir='ltr'>ι(</span> <span class='ocrx_word' id='word_1_305' title='bbox 1220 2240 1277 2273; x_wconf 92' lang='lat' dir='ltr'>Re-</span> 
     </span>
     <span class='ocr_line' id='line_1_51' title="bbox 313 2286 1276 2334; baseline 0.009 -17"><span class='ocrx_word' id='word_1_306' title='bbox 313 2286 419 2328; x_wconf 84' lang='lat' dir='ltr'>spexit</span> <span class='ocrx_word' id='word_1_307' title='bbox 442 2286 473 2318; x_wconf 94' lang='lat' dir='ltr'>in</span> <span class='ocrx_word' id='word_1_308' title='bbox 498 2287 671 2320; x_wconf 87' lang='lat' dir='ltr'>orationem</span> <span class='ocrx_word' id='word_1_309' title='bbox 688 2289 856 2321; x_wconf 88' lang='lat' dir='ltr'>humilium</span> <span class='ocrx_word' id='word_1_310' title='bbox 881 2293 912 2322; x_wconf 91' lang='lat' dir='ltr'>et</span> <span class='ocrx_word' id='word_1_311' title='bbox 928 2299 991 2322; x_wconf 89' lang='lat' dir='ltr'>non</span> <span class='ocrx_word' id='word_1_312' title='bbox 1015 2292 1134 2333; x_wconf 87' lang='lat' dir='ltr'>sprevit</span> <span class='ocrx_word' id='word_1_313' title='bbox 1149 2301 1276 2334; x_wconf 87' lang='lat' dir='ltr'>precem</span> 
     </span>
     <span class='ocr_line' id='line_1_52' title="bbox 314 2341 1279 2384; baseline 0.006 -12"><span class='ocrx_word' id='word_1_314' title='bbox 314 2348 474 2384; x_wconf 77' lang='lat' dir='ltr'>eorum».</span> <span class='ocrx_word' id='word_1_315' title='bbox 499 2358 544 2363; x_wconf 84' lang='lat'><strong>—</strong></span> <span class='ocrx_word' id='word_1_316' title='bbox 568 2341 599 2373; x_wconf 89' lang='lat' dir='ltr'>In</span> <span class='ocrx_word' id='word_1_317' title='bbox 626 2341 702 2380; x_wconf 87' lang='lat' dir='ltr'>hoc,</span> <span class='ocrx_word' id='word_1_318' title='bbox 728 2342 811 2384; x_wconf 90' lang='lat' dir='ltr'>quod</span> <span class='ocrx_word' id='word_1_319' title='bbox 835 2343 938 2376; x_wconf 87' lang='lat' dir='ltr'>addit:</span> <span class='ocrx_word' id='word_1_320' title='bbox 965 2344 1053 2384; x_wconf 85' lang='lat' dir='ltr'>Quia</span> <span class='ocrx_word' id='word_1_321' title='bbox 1079 2345 1200 2377; x_wconf 75' lang='lat' dir='ltr'>unicus</span> <span class='ocrx_word' id='word_1_322' title='bbox 1231 2350 1279 2378; x_wconf 77' lang='lat' dir='ltr'>est</span> 
     </span>
     <span class='ocr_line' id='line_1_53' title="bbox 314 2383 1275 2438; baseline 0.007 -14"><span class='ocrx_word' id='word_1_323' title='bbox 314 2383 415 2431; x_wconf 77' lang='lat' dir='ltr'>mihi,</span> <span class='ocrx_word' id='word_1_324' title='bbox 434 2393 554 2436; x_wconf 63' lang='lat' dir='ltr'>aliegat</span> <span class='ocrx_word' id='word_1_325' title='bbox 570 2394 808 2437; x_wconf 74' lang='lat' dir='ltr'>indiyentiam,</span> <span class='ocrx_word' id='word_1_326' title='bbox 825 2396 915 2438; x_wconf 86' lang='lat' dir='ltr'>quasi</span> <span class='ocrx_word' id='word_1_327' title='bbox 931 2397 1014 2430; x_wconf 86' lang='lat' dir='ltr'>dicat</span> <span class='ocrx_word' id='word_1_328' title='bbox 1026 2397 1105 2430; x_wconf 90' lang='lat' dir='ltr'>illud</span> <span class='ocrx_word' id='word_1_329' title='bbox 1121 2398 1233 2431; x_wconf 80' lang='lat' dir='ltr'>Psalmi</span> <span class='ocrx_word' id='word_1_330' title='bbox 1247 2399 1275 2431; x_wconf 77' lang='lat'>⁴³:</span> 
     </span>
     <span class='ocr_line' id='line_1_54' title="bbox 319 2447 1277 2493; baseline 0.006 -14"><span class='ocrx_word' id='word_1_331' title='bbox 319 2458 335 2474; x_wconf 75' lang='grc' dir='ltr'><strong>α</strong></span> <span class='ocrx_word' id='word_1_332' title='bbox 352 2447 479 2488; x_wconf 84' lang='lat' dir='ltr'>Respice</span> <span class='ocrx_word' id='word_1_333' title='bbox 503 2447 534 2480; x_wconf 91' lang='lat' dir='ltr'>in</span> <span class='ocrx_word' id='word_1_334' title='bbox 558 2457 608 2481; x_wconf 90' lang='lat' dir='ltr'>me</span> <span class='ocrx_word' id='word_1_335' title='bbox 636 2453 667 2481; x_wconf 92' lang='lat' dir='ltr'>et</span> <span class='ocrx_word' id='word_1_336' title='bbox 698 2449 849 2482; x_wconf 88' lang='lat' dir='ltr'>miserere</span> <span class='ocrx_word' id='word_1_337' title='bbox 878 2450 955 2489; x_wconf 90' lang='lat' dir='ltr'>mei,</span> <span class='ocrx_word' id='word_1_338' title='bbox 988 2450 1063 2493; x_wconf 88' lang='lat' dir='ltr'>quia</span> <span class='ocrx_word' id='word_1_339' title='bbox 1096 2451 1211 2484; x_wconf 89' lang='lat' dir='ltr'>unicus</span> <span class='ocrx_word' id='word_1_340' title='bbox 1246 2456 1277 2485; x_wconf 91' lang='lat' dir='ltr'>et</span> 
     </span>
     <span class='ocr_line' id='line_1_55' title="bbox 313 2502 1277 2546; baseline 0.006 -15"><span class='ocrx_word' id='word_1_341' title='bbox 313 2508 435 2541; x_wconf 87' lang='lat' dir='ltr'>pauper</span> <span class='ocrx_word' id='word_1_342' title='bbox 459 2509 530 2533; x_wconf 91' lang='lat' dir='ltr'>sum</span> <span class='ocrx_word' id='word_1_343' title='bbox 553 2509 611 2543; x_wconf 89' lang='lat' dir='ltr'>ego</span> <span class='ocrx_word' id='word_1_344' title='bbox 626 2514 657 2533; x_wconf 70' lang='lat' dir='ltr'>n.</span> <span class='ocrx_word' id='word_1_345' title='bbox 682 2502 799 2535; x_wconf 87' lang='lat' dir='ltr'>Unicus</span> <span class='ocrx_word' id='word_1_346' title='bbox 821 2502 904 2535; x_wconf 87' lang='lat' dir='ltr'>enim</span> <span class='ocrx_word' id='word_1_347' title='bbox 927 2503 1013 2535; x_wconf 90' lang='lat' dir='ltr'>filius</span> <span class='ocrx_word' id='word_1_348' title='bbox 1037 2508 1141 2536; x_wconf 86' lang='lat' dir='ltr'>tenere</span> <span class='ocrx_word' id='word_1_349' title='bbox 1169 2503 1277 2546; x_wconf 70' lang='lat' dir='ltr'>ditiyi-</span> 
     </span>
     <span class='ocr_line' id='line_1_56' title="bbox 313 2553 1276 2598; baseline 0.006 -14"><span class='ocrx_word' id='word_1_350' title='bbox 313 2556 390 2591; x_wconf 88' lang='lat' dir='ltr'>tur,</span> <span class='ocrx_word' id='word_1_351' title='bbox 407 2553 499 2585; x_wconf 90' lang='lat' dir='ltr'>iuxta</span> <span class='ocrx_word' id='word_1_352' title='bbox 522 2553 599 2587; x_wconf 89' lang='lat' dir='ltr'>illud</span> <span class='ocrx_word' id='word_1_353' title='bbox 623 2555 752 2588; x_wconf 88' lang='lat' dir='ltr'>secundi</span> <span class='ocrx_word' id='word_1_354' title='bbox 778 2556 896 2598; x_wconf 85' lang='lat' dir='ltr'>Regum</span> <span class='ocrx_word' id='word_1_355' title='bbox 920 2556 1037 2598; x_wconf 87' lang='lat' dir='ltr'>primo:</span> <span class='ocrx_word' id='word_1_356' title='bbox 1068 2571 1084 2585; x_wconf 83' lang='lat'>«</span> <span class='ocrx_word' id='word_1_357' title='bbox 1100 2557 1187 2590; x_wconf 88' lang='lat' dir='ltr'>Sicut</span> <span class='ocrx_word' id='word_1_358' title='bbox 1211 2567 1276 2590; x_wconf 86' lang='lat' dir='ltr'>ma-</span> 
     </span>
     <span class='ocr_line' id='line_1_57' title="bbox 312 2606 1273 2653; baseline 0.003 -15"><span class='ocrx_word' id='word_1_359' title='bbox 312 2608 361 2639; x_wconf 89' lang='lat' dir='ltr'>ter</span> <span class='ocrx_word' id='word_1_360' title='bbox 384 2606 516 2640; x_wconf 90' lang='lat' dir='ltr'>unicum</span> <span class='ocrx_word' id='word_1_361' title='bbox 532 2611 615 2640; x_wconf 88' lang='lat' dir='ltr'>amat</span> <span class='ocrx_word' id='word_1_362' title='bbox 631 2608 733 2641; x_wconf 88' lang='lat' dir='ltr'>filium</span> <span class='ocrx_word' id='word_1_363' title='bbox 751 2618 845 2642; x_wconf 90' lang='lat' dir='ltr'>suum</span> <span class='ocrx_word' id='word_1_364' title='bbox 857 2636 864 2648; x_wconf 91' lang='lat'>,</span> <span class='ocrx_word' id='word_1_365' title='bbox 882 2609 925 2642; x_wconf 90' lang='lat' dir='ltr'>ita</span> <span class='ocrx_word' id='word_1_366' title='bbox 941 2619 998 2652; x_wconf 90' lang='lat' dir='ltr'>ego</span> <span class='ocrx_word' id='word_1_367' title='bbox 1015 2613 1045 2643; x_wconf 89' lang='lat' dir='ltr'>te</span> <span class='ocrx_word' id='word_1_368' title='bbox 1061 2611 1228 2653; x_wconf 88' lang='lat' dir='ltr'>diligebam</span> <span class='ocrx_word' id='word_1_369' title='bbox 1242 2624 1273 2651; x_wconf 74' lang='lat'>²¹3</span> 
     </span>
    </p>
   </div>
   <div class='ocr_carea' id='block_1_11' title="bbox 279 2655 1275 2707">
    <p class='ocr_par' dir='ltr' id='par_1_12' title="bbox 279 2655 1275 2707">
     <span class='ocr_line' id='line_1_58' title="bbox 279 2655 1275 2707; baseline 0.007 -16"><span class='ocrx_word' id='word_1_370' title='bbox 279 2680 281 2683; x_wconf 34' lang='grc' dir='ltr'>ψ</span> <span class='ocrx_word' id='word_1_371' title='bbox 312 2662 344 2692; x_wconf 90' lang='lat' dir='ltr'>et</span> <span class='ocrx_word' id='word_1_372' title='bbox 367 2668 443 2692; x_wconf 87' lang='lat' dir='ltr'>eum</span> <span class='ocrx_word' id='word_1_373' title='bbox 459 2660 570 2693; x_wconf 84' lang='lat' dir='ltr'>dolore</span> <span class='ocrx_word' id='word_1_374' title='bbox 582 2661 760 2703; x_wconf 67' lang='lat' dir='ltr'>perditur,-</span> <span class='ocrx_word' id='word_1_375' title='bbox 773 2655 860 2695; x_wconf 63' lang='lat' dir='ltr'>&#39;unde</span> <span class='ocrx_word' id='word_1_376' title='bbox 884 2663 1012 2696; x_wconf 84' lang='lat' dir='ltr'>Genesis</span> <span class='ocrx_word' id='word_1_377' title='bbox 1034 2664 1275 2707; x_wconf 88' lang='lat' dir='ltr'>quadragesimo</span> 
     </span>
    </p>
   </div>
   <div class='ocr_carea' id='block_1_12' title="bbox 310 2859 1272 3429">
    <p class='ocr_par' dir='ltr' id='par_1_13' title="bbox 311 2859 1272 3071">
     <span class='ocr_line' id='line_1_59' title="bbox 385 2859 1271 2896; baseline 0.01 -12"><span class='ocrx_word' id='word_1_378' title='bbox 385 2859 394 2873; x_wconf 94' lang='lat'>¹</span> <span class='ocrx_word' id='word_1_379' title='bbox 413 2860 507 2886; x_wconf 85' lang='lat' dir='ltr'>Psalm.</span> <span class='ocrx_word' id='word_1_380' title='bbox 521 2860 567 2893; x_wconf 76' lang='lat'>30,</span> <span class='ocrx_word' id='word_1_381' title='bbox 587 2862 636 2892; x_wconf 81' lang='lat'>23,</span> <span class='ocrx_word' id='word_1_382' title='bbox 655 2869 735 2894; x_wconf 89' lang='lat' dir='ltr'>quem</span> <span class='ocrx_word' id='word_1_383' title='bbox 756 2863 814 2888; x_wconf 85' lang='lat' dir='ltr'>Vat.</span> <span class='ocrx_word' id='word_1_384' title='bbox 834 2864 871 2889; x_wconf 88' lang='lat' dir='ltr'>sic</span> <span class='ocrx_word' id='word_1_385' title='bbox 891 2865 999 2896; x_wconf 81' lang='lat' dir='ltr'>allegat:</span> <span class='ocrx_word' id='word_1_386' title='bbox 1019 2866 1151 2892; x_wconf 81' lang='lat' dir='ltr'>Exaudisti</span> <span class='ocrx_word' id='word_1_387' title='bbox 1178 2874 1271 2893; x_wconf 85' lang='lat' dir='ltr'>vocem</span> 
     </span>
     <span class='ocr_line' id='line_1_60' title="bbox 312 2904 1272 2940; baseline 0.009 -12"><span class='ocrx_word' id='word_1_388' title='bbox 312 2904 436 2929; x_wconf 85' lang='lat' dir='ltr'>orationis</span> <span class='ocrx_word' id='word_1_389' title='bbox 455 2911 539 2935; x_wconf 84' lang='lat' dir='ltr'>meae,</span> <span class='ocrx_word' id='word_1_390' title='bbox 552 2905 616 2930; x_wconf 87' lang='lat' dir='ltr'>dum</span> <span class='ocrx_word' id='word_1_391' title='bbox 630 2906 770 2932; x_wconf 87' lang='lat' dir='ltr'>clamarem</span> <span class='ocrx_word' id='word_1_392' title='bbox 785 2908 818 2932; x_wconf 87' lang='lat' dir='ltr'>ad</span> <span class='ocrx_word' id='word_1_393' title='bbox 833 2910 865 2933; x_wconf 78' lang='lat' dir='ltr'>te.</span> <span class='ocrx_word' id='word_1_394' title='bbox 886 2907 936 2933; x_wconf 78' lang='lat' dir='ltr'>Cir.</span> <span class='ocrx_word' id='word_1_395' title='bbox 951 2909 989 2934; x_wconf 83' lang='lat' dir='ltr'>Ps.</span> <span class='ocrx_word' id='word_1_396' title='bbox 1004 2910 1032 2934; x_wconf 98' lang='grc'>21</span> <span class='ocrx_word' id='word_1_397' title='bbox 1047 2929 1052 2940; x_wconf 84' lang='lat'><em>‚</em></span> <span class='ocrx_word' id='word_1_398' title='bbox 1072 2910 1118 2935; x_wconf 80' lang='lat'>25:</span> <span class='ocrx_word' id='word_1_399' title='bbox 1137 2910 1204 2937; x_wconf 90' lang='lat' dir='ltr'>Cum</span> <span class='ocrx_word' id='word_1_400' title='bbox 1224 2912 1272 2937; x_wconf 92' lang='lat' dir='ltr'>cla-</span> 
     </span>
     <span class='ocr_line' id='line_1_61' title="bbox 312 2949 1269 2987; baseline 0.009 -14"><span class='ocrx_word' id='word_1_401' title='bbox 312 2955 412 2974; x_wconf 87' lang='lat' dir='ltr'>marem</span> <span class='ocrx_word' id='word_1_402' title='bbox 432 2949 465 2974; x_wconf 84' lang='lat' dir='ltr'>ad</span> <span class='ocrx_word' id='word_1_403' title='bbox 479 2956 554 2980; x_wconf 89' lang='lat' dir='ltr'>eum,</span> <span class='ocrx_word' id='word_1_404' title='bbox 573 2950 707 2976; x_wconf 80' lang='lat' dir='ltr'>exaudivit</span> <span class='ocrx_word' id='word_1_405' title='bbox 725 2958 776 2976; x_wconf 84' lang='lat' dir='ltr'>nie.</span> <span class='ocrx_word' id='word_1_406' title='bbox 792 2966 826 2969; x_wconf 97' lang='lat'><strong>—</strong></span> <span class='ocrx_word' id='word_1_407' title='bbox 840 2952 896 2977; x_wconf 87' lang='lat' dir='ltr'>Duo</span> <span class='ocrx_word' id='word_1_408' title='bbox 915 2960 989 2986; x_wconf 81' lang='lat' dir='ltr'>seqq.</span> <span class='ocrx_word' id='word_1_409' title='bbox 1009 2954 1058 2979; x_wconf 88' lang='grc'>1061</span> <span class='ocrx_word' id='word_1_410' title='bbox 1077 2957 1137 2980; x_wconf 77' lang='lat' dir='ltr'>sunt</span> <span class='ocrx_word' id='word_1_411' title='bbox 1150 2955 1166 2981; x_wconf 94' lang='grc' dir='ltr'>Ι.</span> <span class='ocrx_word' id='word_1_412' title='bbox 1187 2956 1269 2987; x_wconf 78' lang='lat' dir='ltr'>Mach.</span> 
     </span>
     <span class='ocr_line' id='line_1_62' title="bbox 312 2992 1269 3031; baseline 0.009 -14"><span class='ocrx_word' id='word_1_413' title='bbox 312 2992 343 3024; x_wconf 77' lang='grc' dir='ltr'>ὅ,</span> <span class='ocrx_word' id='word_1_414' title='bbox 363 2993 405 3018; x_wconf 87' lang='grc'>33.</span> <span class='ocrx_word' id='word_1_415' title='bbox 425 2992 480 3026; x_wconf 81' lang='lat' dir='ltr'>(cfr.</span> <span class='ocrx_word' id='word_1_416' title='bbox 502 2993 531 3025; x_wconf 69' lang='lat'>4,</span> <span class='ocrx_word' id='word_1_417' title='bbox 552 2993 604 3026; x_wconf 78' lang='lat'>40.)</span> <span class='ocrx_word' id='word_1_418' title='bbox 625 2997 650 3019; x_wconf 81' lang='lat' dir='ltr'>et</span> <span class='ocrx_word' id='word_1_419' title='bbox 670 2995 686 3020; x_wconf 91' lang='grc'>1.</span> <span class='ocrx_word' id='word_1_420' title='bbox 706 2995 771 3027; x_wconf 81' lang='lat' dir='ltr'>Reg.</span> <span class='ocrx_word' id='word_1_421' title='bbox 792 2995 840 3028; x_wconf 71' lang='lat'>⁴5,</span> <span class='ocrx_word' id='word_1_422' title='bbox 863 2997 903 3022; x_wconf 85' lang='grc'>11.</span> <span class='ocrx_word' id='word_1_423' title='bbox 922 2996 973 3022; x_wconf 83' lang='lat' dir='ltr'>Csr.</span> <span class='ocrx_word' id='word_1_424' title='bbox 993 2998 1110 3031; x_wconf 80' lang='lat' dir='ltr'>Gregor.‚</span> <span class='ocrx_word' id='word_1_425' title='bbox 1137 3000 1163 3025; x_wconf 86' lang='lat' dir='ltr'>ll.</span> <span class='ocrx_word' id='word_1_426' title='bbox 1183 3000 1269 3026; x_wconf 89' lang='lat' dir='ltr'>Moral.</span> 
     </span>
     <span class='ocr_line' id='line_1_63' title="bbox 311 3036 1213 3071; baseline 0.009 -9"><span class='ocrx_word' id='word_1_427' title='bbox 311 3044 333 3063; x_wconf 93' lang='grc'>6.</span> <span class='ocrx_word' id='word_1_428' title='bbox 352 3036 379 3063; x_wconf 93' lang='lat'>7.</span> <span class='ocrx_word' id='word_1_429' title='bbox 398 3045 423 3063; x_wconf 93' lang='lat' dir='ltr'>n.</span> <span class='ocrx_word' id='word_1_430' title='bbox 444 3038 491 3071; x_wconf 81' lang='lat' dir='ltr'>ll,</span> <span class='ocrx_word' id='word_1_431' title='bbox 511 3037 555 3064; x_wconf 89' lang='lat' dir='ltr'>ubi</span> <span class='ocrx_word' id='word_1_432' title='bbox 575 3038 666 3070; x_wconf 81' lang='lat' dir='ltr'>docet,</span> <span class='ocrx_word' id='word_1_433' title='bbox 686 3039 845 3066; x_wconf 80' lang='lat' dir='ltr'>desiderium</span> <span class='ocrx_word' id='word_1_434' title='bbox 865 3048 923 3066; x_wconf 81' lang='lat' dir='ltr'>esse</span> <span class='ocrx_word' id='word_1_435' title='bbox 941 3042 1081 3068; x_wconf 88' lang='lat' dir='ltr'>clamorem</span> <span class='ocrx_word' id='word_1_436' title='bbox 1101 3044 1213 3070; x_wconf 89' lang='lat' dir='ltr'>animae.</span> 
     </span>
    </p>

    <p class='ocr_par' dir='ltr' id='par_1_14' title="bbox 383 3080 1134 3115">
     <span class='ocr_line' id='line_1_64' title="bbox 383 3080 1134 3115; baseline 0.005 -8"><span class='ocrx_word' id='word_1_437' title='bbox 383 3080 394 3095; x_wconf 81' lang='lat'><strong>²</strong></span> <span class='ocrx_word' id='word_1_438' title='bbox 414 3082 489 3108; x_wconf 83' lang='lat' dir='ltr'>Vers.</span> <span class='ocrx_word' id='word_1_439' title='bbox 512 3083 553 3108; x_wconf 87' lang='grc'>13.</span> <span class='ocrx_word' id='word_1_440' title='bbox 572 3082 624 3108; x_wconf 75' lang='lat' dir='ltr'>Cir.</span> <span class='ocrx_word' id='word_1_441' title='bbox 643 3090 723 3115; x_wconf 83' lang='lat' dir='ltr'>supra</span> <span class='ocrx_word' id='word_1_442' title='bbox 744 3090 766 3109; x_wconf 87' lang='lat' dir='ltr'>c.</span> <span class='ocrx_word' id='word_1_443' title='bbox 786 3083 812 3109; x_wconf 94' lang='lat'>7.</span> <span class='ocrx_word' id='word_1_444' title='bbox 834 3091 861 3110; x_wconf 85' lang='lat' dir='ltr'>n.</span> <span class='ocrx_word' id='word_1_445' title='bbox 880 3084 924 3110; x_wconf 87' lang='grc'>71.</span> <span class='ocrx_word' id='word_1_446' title='bbox 937 3085 1005 3111; x_wconf 85' lang='grc'>61163</span> <span class='ocrx_word' id='word_1_447' title='bbox 1025 3085 1134 3112; x_wconf 80' lang='lat' dir='ltr'>finem..</span> 
     </span>
    </p>

    <p class='ocr_par' dir='ltr' id='par_1_15' title="bbox 382 3123 1269 3160">
     <span class='ocr_line' id='line_1_65' title="bbox 382 3123 1269 3160; baseline 0.007 -9"><span class='ocrx_word' id='word_1_448' title='bbox 382 3123 393 3139; x_wconf 80' lang='lat'>⁸</span> <span class='ocrx_word' id='word_1_449' title='bbox 413 3125 487 3152; x_wconf 82' lang='lat' dir='ltr'>Vers.</span> <span class='ocrx_word' id='word_1_450' title='bbox 503 3127 546 3159; x_wconf 75' lang='lat'>10,</span> <span class='ocrx_word' id='word_1_451' title='bbox 563 3127 612 3153; x_wconf 79' lang='lat' dir='ltr'>Pro</span> <span class='ocrx_word' id='word_1_452' title='bbox 631 3127 672 3154; x_wconf 84' lang='lat' dir='ltr'>Ne</span> <span class='ocrx_word' id='word_1_453' title='bbox 690 3128 768 3160; x_wconf 79' lang='lat' dir='ltr'>vulg.</span> <span class='ocrx_word' id='word_1_454' title='bbox 789 3128 851 3155; x_wconf 83' lang='lat' dir='ltr'>Nec.</span> <span class='ocrx_word' id='word_1_455' title='bbox 865 3143 900 3147; x_wconf 94' lang='lat'>——</span> <span class='ocrx_word' id='word_1_456' title='bbox 913 3128 964 3155; x_wconf 74' lang='lat' dir='ltr'>Cir.</span> <span class='ocrx_word' id='word_1_457' title='bbox 983 3129 1047 3155; x_wconf 80' lang='lat' dir='ltr'>intra</span> <span class='ocrx_word' id='word_1_458' title='bbox 1068 3137 1092 3155; x_wconf 90' lang='lat' dir='ltr'>n.</span> <span class='ocrx_word' id='word_1_459' title='bbox 1106 3130 1150 3156; x_wconf 84' lang='lat'>75.</span> <span class='ocrx_word' id='word_1_460' title='bbox 1169 3131 1195 3157; x_wconf 92' lang='lat' dir='ltr'>in</span> <span class='ocrx_word' id='word_1_461' title='bbox 1208 3131 1269 3157; x_wconf 78' lang='lat' dir='ltr'>fine.</span> 
     </span>
    </p>

    <p class='ocr_par' dir='ltr' id='par_1_16' title="bbox 380 3168 948 3206">
     <span class='ocr_line' id='line_1_66' title="bbox 380 3168 948 3206; baseline 0.005 -10"><span class='ocrx_word' id='word_1_462' title='bbox 380 3168 393 3184; x_wconf 76' lang='lat'><strong>⁴</strong></span> <span class='ocrx_word' id='word_1_463' title='bbox 411 3171 487 3197; x_wconf 83' lang='lat' dir='ltr'>Vers.</span> <span class='ocrx_word' id='word_1_464' title='bbox 508 3172 531 3197; x_wconf 96' lang='grc'>1.</span> <span class='ocrx_word' id='word_1_465' title='bbox 551 3186 585 3190; x_wconf 92' lang='grc'>-</span> <span class='ocrx_word' id='word_1_466' title='bbox 605 3172 728 3205; x_wconf 80' lang='lat' dir='ltr'>Sequitur</span> <span class='ocrx_word' id='word_1_467' title='bbox 746 3173 822 3199; x_wconf 86' lang='lat' dir='ltr'>Eccli.</span> <span class='ocrx_word' id='word_1_468' title='bbox 842 3173 884 3206; x_wconf 83' lang='lat'>35,</span> <span class='ocrx_word' id='word_1_469' title='bbox 905 3174 948 3200; x_wconf 79' lang='grc'>21.</span> 
     </span>
    </p>

    <p class='ocr_par' dir='ltr' id='par_1_17' title="bbox 381 3213 922 3250">
     <span class='ocr_line' id='line_1_67' title="bbox 381 3213 922 3250; baseline 0.007 -10"><span class='ocrx_word' id='word_1_470' title='bbox 381 3213 393 3229; x_wconf 74' lang='lat'>⁶</span> <span class='ocrx_word' id='word_1_471' title='bbox 413 3216 485 3241; x_wconf 77' lang='lat' dir='ltr'>Vers.</span> <span class='ocrx_word' id='word_1_472' title='bbox 506 3216 535 3247; x_wconf 83' lang='grc'>1,</span> <span class='ocrx_word' id='word_1_473' title='bbox 555 3220 615 3248; x_wconf 84' lang='lat' dir='ltr'>post</span> <span class='ocrx_word' id='word_1_474' title='bbox 632 3224 713 3250; x_wconf 87' lang='lat' dir='ltr'>quem</span> <span class='ocrx_word' id='word_1_475' title='bbox 732 3218 773 3243; x_wconf 86' lang='lat' dir='ltr'>Ps.</span> <span class='ocrx_word' id='word_1_476' title='bbox 796 3218 840 3243; x_wconf 94' lang='grc'>101</span> <span class='ocrx_word' id='word_1_477' title='bbox 853 3238 860 3250; x_wconf 86' lang='lat'><em>‚</em></span> <span class='ocrx_word' id='word_1_478' title='bbox 881 3219 922 3244; x_wconf 84' lang='grc'>18.</span> 
     </span>
    </p>

    <p class='ocr_par' dir='ltr' id='par_1_18' title="bbox 310 3257 1267 3337">
     <span class='ocr_line' id='line_1_68' title="bbox 381 3257 1267 3297; baseline 0.006 -12"><span class='ocrx_word' id='word_1_479' title='bbox 381 3257 393 3273; x_wconf 82' lang='lat'>⁶</span> <span class='ocrx_word' id='word_1_480' title='bbox 411 3260 505 3286; x_wconf 87' lang='lat' dir='ltr'>Psalm.</span> <span class='ocrx_word' id='word_1_481' title='bbox 525 3260 572 3292; x_wconf 72' lang='lat'>24,</span> <span class='ocrx_word' id='word_1_482' title='bbox 593 3261 634 3287; x_wconf 86' lang='grc'>16.</span> <span class='ocrx_word' id='word_1_483' title='bbox 653 3275 689 3280; x_wconf 95' lang='grc'><strong>-</strong></span> <span class='ocrx_word' id='word_1_484' title='bbox 707 3262 765 3287; x_wconf 91' lang='lat' dir='ltr'>Duo</span> <span class='ocrx_word' id='word_1_485' title='bbox 784 3269 858 3295; x_wconf 81' lang='lat' dir='ltr'>seqq.</span> <span class='ocrx_word' id='word_1_486' title='bbox 887 3263 936 3288; x_wconf 88' lang='lat' dir='ltr'>loci</span> <span class='ocrx_word' id='word_1_487' title='bbox 961 3266 1022 3289; x_wconf 81' lang='lat' dir='ltr'>sunt</span> <span class='ocrx_word' id='word_1_488' title='bbox 1042 3263 1069 3289; x_wconf 93' lang='grc' dir='ltr'>ΙΙ.</span> <span class='ocrx_word' id='word_1_489' title='bbox 1088 3264 1153 3296; x_wconf 80' lang='lat' dir='ltr'>Reg.</span> <span class='ocrx_word' id='word_1_490' title='bbox 1174 3264 1203 3297; x_wconf 86' lang='grc'>1,</span> <span class='ocrx_word' id='word_1_491' title='bbox 1224 3262 1267 3290; x_wconf 82' lang='grc'>26.</span> 
     </span>
     <span class='ocr_line' id='line_1_69' title="bbox 310 3303 911 3337; baseline 0.007 -9"><span class='ocrx_word' id='word_1_492' title='bbox 310 3305 336 3329; x_wconf 86' lang='lat' dir='ltr'>et</span> <span class='ocrx_word' id='word_1_493' title='bbox 354 3303 417 3328; x_wconf 86' lang='lat' dir='ltr'>Gen.</span> <span class='ocrx_word' id='word_1_494' title='bbox 439 3303 487 3336; x_wconf 79' lang='lat'>42,</span> <span class='ocrx_word' id='word_1_495' title='bbox 507 3304 549 3330; x_wconf 85' lang='grc'>38.</span> <span class='ocrx_word' id='word_1_496' title='bbox 567 3304 619 3331; x_wconf 79' lang='lat' dir='ltr'>Ctr.</span> <span class='ocrx_word' id='word_1_497' title='bbox 637 3306 717 3337; x_wconf 82' lang='lat' dir='ltr'>s&#39;upra</span> <span class='ocrx_word' id='word_1_498' title='bbox 737 3312 760 3331; x_wconf 90' lang='lat' dir='ltr'>c.</span> <span class='ocrx_word' id='word_1_499' title='bbox 780 3306 803 3331; x_wconf 85' lang='grc'>8.</span> <span class='ocrx_word' id='word_1_500' title='bbox 823 3314 848 3332; x_wconf 82' lang='grc'>11.</span> <span class='ocrx_word' id='word_1_501' title='bbox 868 3306 911 3332; x_wconf 82' lang='grc'>75.</span> 
     </span>
    </p>

    <p class='ocr_par' dir='ltr' id='par_1_19' title="bbox 310 3345 1267 3429">
     <span class='ocr_line' id='line_1_70' title="bbox 380 3345 1266 3384; baseline 0.006 -11"><span class='ocrx_word' id='word_1_502' title='bbox 380 3345 390 3361; x_wconf 82' lang='lat'>⁷</span> <span class='ocrx_word' id='word_1_503' title='bbox 409 3348 444 3373; x_wconf 79' lang='lat' dir='ltr'>lta</span> <span class='ocrx_word' id='word_1_504' title='bbox 463 3348 541 3374; x_wconf 84' lang='lat' dir='ltr'>etiam</span> <span class='ocrx_word' id='word_1_505' title='bbox 561 3349 646 3381; x_wconf 81' lang='lat' dir='ltr'>Beda,</span> <span class='ocrx_word' id='word_1_506' title='bbox 665 3349 743 3376; x_wconf 81' lang='lat' dir='ltr'>Card.</span> <span class='ocrx_word' id='word_1_507' title='bbox 761 3351 838 3382; x_wconf 75' lang='lat' dir='ltr'>nugo</span> <span class='ocrx_word' id='word_1_508' title='bbox 857 3354 882 3376; x_wconf 92' lang='lat' dir='ltr'>et</span> <span class='ocrx_word' id='word_1_509' title='bbox 901 3351 1031 3383; x_wconf 82' lang='lat' dir='ltr'>Lyranus;</span> <span class='ocrx_word' id='word_1_510' title='bbox 1047 3352 1157 3384; x_wconf 82' lang='lat' dir='ltr'>Vulgata</span> <span class='ocrx_word' id='word_1_511' title='bbox 1170 3355 1196 3379; x_wconf 88' lang='lat' dir='ltr'>et</span> <span class='ocrx_word' id='word_1_512' title='bbox 1209 3353 1266 3378; x_wconf 92' lang='lat' dir='ltr'>Vat.</span> 
     </span>
     <span class='ocr_line' id='line_1_71' title="bbox 310 3392 1267 3429; baseline 0.006 -12"><span class='ocrx_word' id='word_1_513' title='bbox 310 3398 379 3417; x_wconf 85' lang='lat' dir='ltr'>eum.</span> <span class='ocrx_word' id='word_1_514' title='bbox 399 3405 435 3411; x_wconf 88' lang='lat'><strong>—</strong></span> <span class='ocrx_word' id='word_1_515' title='bbox 453 3392 571 3418; x_wconf 89' lang='lat' dir='ltr'>Subinde</span> <span class='ocrx_word' id='word_1_516' title='bbox 598 3393 724 3425; x_wconf 83' lang='lat' dir='ltr'>allegatur</span> <span class='ocrx_word' id='word_1_517' title='bbox 743 3394 829 3420; x_wconf 87' lang='lat' dir='ltr'>Matth.</span> <span class='ocrx_word' id='word_1_518' title='bbox 851 3395 898 3426; x_wconf 85' lang='grc'>17,</span> <span class='ocrx_word' id='word_1_519' title='bbox 920 3395 962 3421; x_wconf 72' lang='lat' dir='ltr'>lt.</span> <span class='ocrx_word' id='word_1_520' title='bbox 981 3409 1016 3415; x_wconf 88' lang='lat'>—-</span> <span class='ocrx_word' id='word_1_521' title='bbox 1035 3393 1143 3423; x_wconf 75' lang='lat' dir='ltr'>ln&#39;serius</span> <span class='ocrx_word' id='word_1_522' title='bbox 1161 3404 1210 3429; x_wconf 88' lang='lat' dir='ltr'>pro</span> <span class='ocrx_word' id='word_1_523' title='bbox 1229 3395 1267 3423; x_wconf 79' lang='lat' dir='ltr'>in·</span> 
     </span>
    </p>
   </div>
   <div class='ocr_carea' id='block_1_13' title="bbox 1312 335 1324 1749">
    <p class='ocr_par' dir='ltr' id='par_1_20' title="bbox 1312 335 1324 1749">
     <span class='ocr_line' id='line_1_72' title="bbox 1312 335 1324 1749; baseline 0 0"><span class='ocrx_word' id='word_1_524' title='bbox 1312 335 1324 1749; x_wconf 95' lang='lat' dir='ltr'> </span> 
     </span>
    </p>
   </div>
   <div class='ocr_carea' id='block_1_14' title="bbox 1305 335 1325 2656">
    <p class='ocr_par' dir='ltr' id='par_1_21' title="bbox 1305 335 1325 2656">
     <span class='ocr_line' id='line_1_73' title="bbox 1305 335 1325 2656; baseline 0 0"><span class='ocrx_word' id='word_1_525' title='bbox 1305 335 1325 2656; x_wconf 95' lang='lat' dir='ltr'> </span> 
     </span>
    </p>
   </div>
   <div class='ocr_carea' id='block_1_15' title="bbox 926 234 1714 272">
    <p class='ocr_par' dir='ltr' id='par_1_22' title="bbox 926 234 1714 272">
     <span class='ocr_line' id='line_1_74' title="bbox 926 234 1714 272; baseline 0.008 -6"><span class='ocrx_word' id='word_1_526' title='bbox 926 234 1118 267; x_wconf 90' lang='lat' dir='ltr'>COMMENT.</span> <span class='ocrx_word' id='word_1_527' title='bbox 1145 236 1180 268; x_wconf 93' lang='lat' dir='ltr'>IN</span> <span class='ocrx_word' id='word_1_528' title='bbox 1205 236 1444 270; x_wconf 79' lang='lat' dir='ltr'>EVANGELIUM</span> <span class='ocrx_word' id='word_1_529' title='bbox 1468 238 1586 271; x_wconf 81' lang='lat' dir='ltr'><strong>LUCAE</strong></span> <span class='ocrx_word' id='word_1_530' title='bbox 1609 239 1642 271; x_wconf 91' lang='lat' dir='ltr'>C.</span> <span class='ocrx_word' id='word_1_531' title='bbox 1666 240 1714 272; x_wconf 91' lang='lat' dir='ltr'>IX.</span> 
     </span>
    </p>
   </div>
   <div class='ocr_carea' id='block_1_16' title="bbox 1352 325 2316 852">
    <p class='ocr_par' dir='ltr' id='par_1_23' title="bbox 1354 325 2316 470">
     <span class='ocr_line' id='line_1_75' title="bbox 1355 325 2316 372; baseline 0.01 -16"><span class='ocrx_word' id='word_1_532' title='bbox 1355 325 1493 358; x_wconf 90' lang='lat' dir='ltr'>secundo</span> <span class='ocrx_word' id='word_1_533' title='bbox 1523 325 1605 359; x_wconf 87' lang='lat' dir='ltr'>dixit</span> <span class='ocrx_word' id='word_1_534' title='bbox 1640 327 1731 360; x_wconf 86' lang='lat' dir='ltr'>Iacob</span> <span class='ocrx_word' id='word_1_535' title='bbox 1753 328 1792 361; x_wconf 86' lang='lat' dir='ltr'>de</span> <span class='ocrx_word' id='word_1_536' title='bbox 1827 329 2003 362; x_wconf 87' lang='lat' dir='ltr'>Beniamin:</span> <span class='ocrx_word' id='word_1_537' title='bbox 2034 343 2049 359; x_wconf 87' lang='lat'><strong><em>«</em></strong></span> <span class='ocrx_word' id='word_1_538' title='bbox 2067 331 2134 372; x_wconf 90' lang='lat' dir='ltr'>Ipse</span> <span class='ocrx_word' id='word_1_539' title='bbox 2157 332 2242 365; x_wconf 88' lang='grc'>501115</span> <span class='ocrx_word' id='word_1_540' title='bbox 2266 342 2316 366; x_wconf 90' lang='lat' dir='ltr'>re-</span> 
     </span>
     <span class='ocr_line' id='line_1_76' title="bbox 1354 377 2316 424; baseline 0.009 -15"><span class='ocrx_word' id='word_1_541' title='bbox 1354 377 1484 416; x_wconf 88' lang='lat' dir='ltr'>mansit,</span> <span class='ocrx_word' id='word_1_542' title='bbox 1509 378 1533 411; x_wconf 92' lang='lat' dir='ltr'>si</span> <span class='ocrx_word' id='word_1_543' title='bbox 1559 379 1636 421; x_wconf 90' lang='lat' dir='ltr'>quid</span> <span class='ocrx_word' id='word_1_544' title='bbox 1659 380 1687 412; x_wconf 89' lang='lat' dir='ltr'>ei</span> <span class='ocrx_word' id='word_1_545' title='bbox 1712 380 1910 414; x_wconf 88' lang='lat' dir='ltr'>adversitatis</span> <span class='ocrx_word' id='word_1_546' title='bbox 1933 382 2082 416; x_wconf 89' lang='lat' dir='ltr'>acciderit</span> <span class='ocrx_word' id='word_1_547' title='bbox 2098 384 2130 416; x_wconf 90' lang='lat' dir='ltr'>in</span> <span class='ocrx_word' id='word_1_548' title='bbox 2147 389 2246 424; x_wconf 84' lang='lat' dir='ltr'>terra,</span> <span class='ocrx_word' id='word_1_549' title='bbox 2263 385 2316 418; x_wconf 89' lang='lat' dir='ltr'>de-</span> 
     </span>
     <span class='ocr_line' id='line_1_77' title="bbox 1354 430 2180 470; baseline 0.008 -7"><span class='ocrx_word' id='word_1_550' title='bbox 1354 430 1476 464; x_wconf 90' lang='lat' dir='ltr'>ducetis</span> <span class='ocrx_word' id='word_1_551' title='bbox 1499 441 1594 465; x_wconf 89' lang='lat' dir='ltr'>canos</span> <span class='ocrx_word' id='word_1_552' title='bbox 1618 442 1705 466; x_wconf 91' lang='lat' dir='ltr'>meos</span> <span class='ocrx_word' id='word_1_553' title='bbox 1728 443 1801 466; x_wconf 91' lang='lat' dir='ltr'>cum</span> <span class='ocrx_word' id='word_1_554' title='bbox 1824 434 1932 468; x_wconf 86' lang='lat' dir='ltr'>dolore</span> <span class='ocrx_word' id='word_1_555' title='bbox 1955 436 1994 468; x_wconf 88' lang='lat' dir='ltr'>ad</span> <span class='ocrx_word' id='word_1_556' title='bbox 2017 436 2134 470; x_wconf 87' lang='lat' dir='ltr'>inferos</span> <span class='ocrx_word' id='word_1_557' title='bbox 2150 451 2180 470; x_wconf 88' lang='lat'>».</span> 
     </span>
    </p>

    <p class='ocr_par' dir='ltr' id='par_1_24' title="bbox 1352 485 2315 852">
     <span class='ocr_line' id='line_1_78' title="bbox 1444 485 2315 532; baseline 0.01 -16"><span class='ocrx_word' id='word_1_558' title='bbox 1444 485 1496 517; x_wconf 73' lang='lat'>74.</span> <span class='ocrx_word' id='word_1_559' title='bbox 1522 486 1624 527; x_wconf 87' lang='lat' dir='ltr'>(Vers.</span> <span class='ocrx_word' id='word_1_560' title='bbox 1650 486 1727 527; x_wconf 58' lang='lat'>39).</span> <span class='ocrx_word' id='word_1_561' title='bbox 1752 487 1857 520; x_wconf 90' lang='lat' dir='ltr'>Tertio</span> <span class='ocrx_word' id='word_1_562' title='bbox 1880 497 1956 521; x_wconf 81' lang='lat' dir='ltr'>vero</span> <span class='ocrx_word' id='word_1_563' title='bbox 1979 489 2121 532; x_wconf 88' lang='lat' dir='ltr'>adiungit</span> <span class='ocrx_word' id='word_1_564' title='bbox 2144 491 2315 525; x_wconf 79' lang='lat' dir='ltr'>daemonis</span> 
     </span>
     <span class='ocr_line' id='line_1_79' title="bbox 1354 536 2315 586; baseline 0.01 -18"><span class='ocrx_word' id='word_1_565' title='bbox 1354 536 1530 570; x_wconf 74' lang='lat' dir='ltr'>obsidentis</span> <span class='ocrx_word' id='word_1_566' title='bbox 1553 538 1760 582; x_wconf 82' lang='lat' dir='ltr'>violentiam,</span> <span class='ocrx_word' id='word_1_567' title='bbox 1785 549 1857 573; x_wconf 89' lang='lat' dir='ltr'>cum</span> <span class='ocrx_word' id='word_1_568' title='bbox 1882 541 1984 574; x_wconf 85' lang='lat' dir='ltr'>addit:</span> <span class='ocrx_word' id='word_1_569' title='bbox 2011 543 2050 575; x_wconf 87' lang='lat' dir='ltr'>Et</span> <span class='ocrx_word' id='word_1_570' title='bbox 2071 553 2155 582; x_wconf 82' lang='lat' dir='ltr'>ecee,</span> <span class='ocrx_word' id='word_1_571' title='bbox 2172 545 2315 586; x_wconf 74' lang='lat' dir='ltr'>spiritus</span> 
     </span>
     <span class='ocr_line' id='line_1_80' title="bbox 1354 589 2313 642; baseline 0.01 -21"><span class='ocrx_word' id='word_1_572' title='bbox 1354 589 1570 632; x_wconf 72' lang='lat' dir='ltr'>apprehendit</span> <span class='ocrx_word' id='word_1_573' title='bbox 1594 592 1689 625; x_wconf 85' lang='lat' dir='ltr'>illum</span> <span class='ocrx_word' id='word_1_574' title='bbox 1702 592 1726 631; x_wconf 85' lang='lat'>⁷,</span> <span class='ocrx_word' id='word_1_575' title='bbox 1743 598 1773 626; x_wconf 92' lang='lat' dir='ltr'>et</span> <span class='ocrx_word' id='word_1_576' title='bbox 1787 593 1895 626; x_wconf 73' lang='lat' dir='ltr'>subito</span> <span class='ocrx_word' id='word_1_577' title='bbox 1919 595 2063 634; x_wconf 55' lang='lat' dir='ltr'>adamat,-</span> <span class='ocrx_word' id='word_1_578' title='bbox 2079 605 2121 629; x_wconf 85' lang='lat' dir='ltr'>ex</span> <span class='ocrx_word' id='word_1_579' title='bbox 2138 606 2201 639; x_wconf 90' lang='lat' dir='ltr'>quo</span> <span class='ocrx_word' id='word_1_580' title='bbox 2218 607 2313 642; x_wconf 86' lang='lat' dir='ltr'>appa-</span> 
     </span>
     <span class='ocr_line' id='line_1_81' title="bbox 1353 644 2312 693; baseline 0.009 -18"><span class='ocrx_word' id='word_1_581' title='bbox 1353 646 1419 682; x_wconf 90' lang='lat' dir='ltr'>ret,</span> <span class='ocrx_word' id='word_1_582' title='bbox 1452 644 1536 686; x_wconf 89' lang='lat' dir='ltr'>quod</span> <span class='ocrx_word' id='word_1_583' title='bbox 1567 645 1699 678; x_wconf 88' lang='lat' dir='ltr'>daemon</span> <span class='ocrx_word' id='word_1_584' title='bbox 1738 647 1895 690; x_wconf 86' lang='lat' dir='ltr'>affligebat</span> <span class='ocrx_word' id='word_1_585' title='bbox 1929 649 2096 682; x_wconf 90' lang='lat' dir='ltr'>afflictione</span> <span class='ocrx_word' id='word_1_586' title='bbox 2129 651 2312 693; x_wconf 88' lang='lat' dir='ltr'>repentina;</span> 
     </span>
     <span class='ocr_line' id='line_1_82' title="bbox 1353 696 2314 742; baseline 0.01 -14"><span class='ocrx_word' id='word_1_587' title='bbox 1353 696 1436 729; x_wconf 91' lang='lat' dir='ltr'>unde</span> <span class='ocrx_word' id='word_1_588' title='bbox 1468 698 1613 731; x_wconf 90' lang='lat' dir='ltr'>Matthaei</span> <span class='ocrx_word' id='word_1_589' title='bbox 1645 699 1766 732; x_wconf 87' lang='lat' dir='ltr'>decimo</span> <span class='ocrx_word' id='word_1_590' title='bbox 1797 701 1930 742; x_wconf 89' lang='lat' dir='ltr'>septimo</span> <span class='ocrx_word' id='word_1_591' title='bbox 1960 701 2076 735; x_wconf 89' lang='lat' dir='ltr'>dicitur</span> <span class='ocrx_word' id='word_1_592' title='bbox 2103 703 2141 736; x_wconf 88' lang='lat' dir='ltr'>de</span> <span class='ocrx_word' id='word_1_593' title='bbox 2173 704 2231 737; x_wconf 89' lang='lat' dir='ltr'>isto</span> <span class='ocrx_word' id='word_1_594' title='bbox 2262 714 2314 738; x_wconf 82' lang='lat' dir='ltr'>eo-</span> 
     </span>
     <span class='ocr_line' id='line_1_83' title="bbox 1352 749 2313 796; baseline 0.01 -15"><span class='ocrx_word' id='word_1_595' title='bbox 1352 749 1439 782; x_wconf 89' lang='lat' dir='ltr'>dem:</span> <span class='ocrx_word' id='word_1_596' title='bbox 1470 763 1485 779; x_wconf 85' lang='lat'>«</span> <span class='ocrx_word' id='word_1_597' title='bbox 1501 751 1648 784; x_wconf 90' lang='lat' dir='ltr'>Miserere</span> <span class='ocrx_word' id='word_1_598' title='bbox 1672 752 1736 785; x_wconf 87' lang='lat' dir='ltr'>filio</span> <span class='ocrx_word' id='word_1_599' title='bbox 1752 762 1840 792; x_wconf 89' lang='lat' dir='ltr'>meo,</span> <span class='ocrx_word' id='word_1_600' title='bbox 1858 754 1932 796; x_wconf 91' lang='lat' dir='ltr'>quia</span> <span class='ocrx_word' id='word_1_601' title='bbox 1949 755 2107 789; x_wconf 87' lang='lat' dir='ltr'>lunaticus</span> <span class='ocrx_word' id='word_1_602' title='bbox 2123 760 2170 789; x_wconf 88' lang='lat' dir='ltr'>est</span> <span class='ocrx_word' id='word_1_603' title='bbox 2186 760 2217 790; x_wconf 88' lang='lat' dir='ltr'>et</span> <span class='ocrx_word' id='word_1_604' title='bbox 2233 759 2313 792; x_wconf 86' lang='lat' dir='ltr'>male</span> 
     </span>
     <span class='ocr_line' id='line_1_84' title="bbox 1352 802 2312 852; baseline 0.006 -18"><span class='ocrx_word' id='word_1_605' title='bbox 1352 802 1471 844; x_wconf 87' lang='lat' dir='ltr'>patitur</span> <span class='ocrx_word' id='word_1_606' title='bbox 1495 806 1526 836; x_wconf 85' lang='lat' dir='ltr'>et</span> <span class='ocrx_word' id='word_1_607' title='bbox 1542 813 1635 846; x_wconf 89' lang='lat' dir='ltr'>saepe</span> <span class='ocrx_word' id='word_1_608' title='bbox 1651 805 1734 838; x_wconf 88' lang='lat' dir='ltr'>cadit</span> <span class='ocrx_word' id='word_1_609' title='bbox 1756 806 1788 838; x_wconf 91' lang='lat' dir='ltr'>in</span> <span class='ocrx_word' id='word_1_610' title='bbox 1805 815 1919 849; x_wconf 90' lang='lat' dir='ltr'>aquam</span> <span class='ocrx_word' id='word_1_611' title='bbox 1936 810 1967 840; x_wconf 89' lang='lat' dir='ltr'>et</span> <span class='ocrx_word' id='word_1_612' title='bbox 1983 808 2096 841; x_wconf 89' lang='lat' dir='ltr'>crebro</span> <span class='ocrx_word' id='word_1_613' title='bbox 2112 809 2142 842; x_wconf 91' lang='lat' dir='ltr'>in</span> <span class='ocrx_word' id='word_1_614' title='bbox 2165 810 2268 852; x_wconf 87' lang='lat' dir='ltr'>ignem</span> <span class='ocrx_word' id='word_1_615' title='bbox 2281 824 2312 850; x_wconf 80' lang='lat'>»;</span> 
     </span>
    </p>
   </div>
   <div class='ocr_carea' id='block_1_17' title="bbox 2334 498 2476 534">
    <p class='ocr_par' dir='ltr' id='par_1_25' title="bbox 2334 498 2476 534">
     <span class='ocr_line' id='line_1_85' title="bbox 2334 498 2476 534; baseline 0.028 -15"><span class='ocrx_word' id='word_1_616' title='bbox 2334 498 2365 520; x_wconf 89' lang='lat' dir='ltr'>De</span> <span class='ocrx_word' id='word_1_617' title='bbox 2380 500 2448 523; x_wconf 76' lang='lat' dir='ltr'>tortio.</span> <span class='ocrx_word' id='word_1_618' title='bbox 2475 513 2476 534; x_wconf 62' lang='lat'><em>3</em></span> 
     </span>
    </p>
   </div>
   <div class='ocr_carea' id='block_1_18' title="bbox 1350 855 2475 902">
    <p class='ocr_par' dir='ltr' id='par_1_26' title="bbox 1350 855 2475 902">
     <span class='ocr_line' id='line_1_86' title="bbox 1350 855 2475 902; baseline 0.012 -15"><span class='ocrx_word' id='word_1_619' title='bbox 1350 855 1435 888; x_wconf 91' lang='lat' dir='ltr'>unde</span> <span class='ocrx_word' id='word_1_620' title='bbox 1458 856 1528 889; x_wconf 87' lang='lat' dir='ltr'>talis</span> <span class='ocrx_word' id='word_1_621' title='bbox 1551 857 1718 891; x_wconf 88' lang='lat' dir='ltr'>infirmitas</span> <span class='ocrx_word' id='word_1_622' title='bbox 1740 863 1809 892; x_wconf 89' lang='lat' dir='ltr'>erat</span> <span class='ocrx_word' id='word_1_623' title='bbox 1837 860 2025 902; x_wconf 83' lang='lat' dir='ltr'>repentina,</span> <span class='ocrx_word' id='word_1_624' title='bbox 2050 861 2132 894; x_wconf 87' lang='lat' dir='ltr'>sicut</span> <span class='ocrx_word' id='word_1_625' title='bbox 2154 866 2202 896; x_wconf 89' lang='lat' dir='ltr'>est</span> <span class='ocrx_word' id='word_1_626' title='bbox 2224 863 2313 897; x_wconf 86' lang='lat' dir='ltr'>infir·</span> <span class='ocrx_word' id='word_1_627' title='bbox 2325 869 2475 900; x_wconf 37' lang='lat' dir='ltr'>Infirmi-tane,</span> 
     </span>
    </p>
   </div>
   <div class='ocr_carea' id='block_1_19' title="bbox 1339 908 2313 2710">
    <p class='ocr_par' dir='ltr' id='par_1_27' title="bbox 1345 908 2313 1740">
     <span class='ocr_line' id='line_1_87' title="bbox 1351 908 2313 960; baseline 0.01 -20"><span class='ocrx_word' id='word_1_628' title='bbox 1351 908 1444 942; x_wconf 89' lang='lat' dir='ltr'>mitas</span> <span class='ocrx_word' id='word_1_629' title='bbox 1467 911 1716 952; x_wconf 83' lang='lat' dir='ltr'>arreptitiorum.</span> <span class='ocrx_word' id='word_1_630' title='bbox 1747 913 1829 945; x_wconf 89' lang='lat' dir='ltr'>Talis</span> <span class='ocrx_word' id='word_1_631' title='bbox 1852 917 1957 946; x_wconf 88' lang='lat' dir='ltr'>autem</span> <span class='ocrx_word' id='word_1_632' title='bbox 1983 917 2052 947; x_wconf 86' lang='lat' dir='ltr'>erat</span> <span class='ocrx_word' id='word_1_633' title='bbox 2075 915 2165 955; x_wconf 89' lang='lat' dir='ltr'>Saul,</span> <span class='ocrx_word' id='word_1_634' title='bbox 2189 916 2227 949; x_wconf 89' lang='lat' dir='ltr'>de</span> <span class='ocrx_word' id='word_1_635' title='bbox 2249 910 2313 960; x_wconf 89' lang='lat' dir='ltr'>quo</span> 
     </span>
     <span class='ocr_line' id='line_1_88' title="bbox 1350 962 2312 1012; baseline 0.009 -18"><span class='ocrx_word' id='word_1_636' title='bbox 1350 962 1445 1003; x_wconf 90' lang='lat' dir='ltr'>primi</span> <span class='ocrx_word' id='word_1_637' title='bbox 1471 963 1587 1005; x_wconf 85' lang='lat' dir='ltr'>Regum</span> <span class='ocrx_word' id='word_1_638' title='bbox 1612 964 1732 998; x_wconf 89' lang='lat' dir='ltr'>decimo</span> <span class='ocrx_word' id='word_1_639' title='bbox 1753 966 1871 998; x_wconf 78' lang='lat' dir='ltr'>sexto⁸</span> <span class='ocrx_word' id='word_1_640' title='bbox 1893 966 2028 1006; x_wconf 90' lang='lat' dir='ltr'>dicitur,</span> <span class='ocrx_word' id='word_1_641' title='bbox 2052 968 2136 1010; x_wconf 91' lang='lat' dir='ltr'>quod</span> <span class='ocrx_word' id='word_1_642' title='bbox 2157 970 2312 1012; x_wconf 71' lang='lat' dir='ltr'>«quando</span> 
     </span>
     <span class='ocr_line' id='line_1_89' title="bbox 1350 1014 2312 1064; baseline 0.009 -17"><span class='ocrx_word' id='word_1_643' title='bbox 1350 1014 1481 1056; x_wconf 90' lang='lat' dir='ltr'>spiritus</span> <span class='ocrx_word' id='word_1_644' title='bbox 1503 1017 1626 1049; x_wconf 88' lang='lat' dir='ltr'>Domini</span> <span class='ocrx_word' id='word_1_645' title='bbox 1652 1018 1754 1051; x_wconf 89' lang='lat' dir='ltr'>malus</span> <span class='ocrx_word' id='word_1_646' title='bbox 1777 1019 1949 1060; x_wconf 87' lang='lat' dir='ltr'>arripiebat</span> <span class='ocrx_word' id='word_1_647' title='bbox 1977 1021 2070 1060; x_wconf 89' lang='lat' dir='ltr'>Saul,</span> <span class='ocrx_word' id='word_1_648' title='bbox 2097 1022 2182 1064; x_wconf 90' lang='lat' dir='ltr'>quod</span> <span class='ocrx_word' id='word_1_649' title='bbox 2214 1023 2312 1056; x_wconf 91' lang='lat' dir='ltr'>David</span> 
     </span>
     <span class='ocr_line' id='line_1_90' title="bbox 1350 1068 2311 1117; baseline 0.01 -17"><span class='ocrx_word' id='word_1_650' title='bbox 1350 1068 1503 1102; x_wconf 87' lang='lat' dir='ltr'>citharam</span> <span class='ocrx_word' id='word_1_651' title='bbox 1528 1070 1725 1112; x_wconf 87' lang='lat' dir='ltr'>percutiebat</span> <span class='ocrx_word' id='word_1_652' title='bbox 1741 1084 1772 1111; x_wconf 89' lang='lat'>»;</span> <span class='ocrx_word' id='word_1_653' title='bbox 1797 1072 1828 1104; x_wconf 91' lang='lat' dir='ltr'>in</span> <span class='ocrx_word' id='word_1_654' title='bbox 1853 1081 1917 1114; x_wconf 89' lang='lat' dir='ltr'>quo</span> <span class='ocrx_word' id='word_1_655' title='bbox 1937 1072 2136 1116; x_wconf 84' lang='lat' dir='ltr'>designatur,</span> <span class='ocrx_word' id='word_1_656' title='bbox 2152 1076 2237 1117; x_wconf 90' lang='lat' dir='ltr'>quod</span> <span class='ocrx_word' id='word_1_657' title='bbox 2259 1086 2311 1110; x_wconf 91' lang='lat' dir='ltr'>ve-</span> 
     </span>
     <span class='ocr_line' id='line_1_91' title="bbox 1350 1122 2312 1163; baseline 0.01 -10"><span class='ocrx_word' id='word_1_658' title='bbox 1350 1131 1406 1155; x_wconf 89' lang='lat' dir='ltr'>rus</span> <span class='ocrx_word' id='word_1_659' title='bbox 1430 1122 1538 1162; x_wconf 90' lang='lat' dir='ltr'>David,</span> <span class='ocrx_word' id='word_1_660' title='bbox 1561 1123 1724 1163; x_wconf 91' lang='lat' dir='ltr'>Christus,</span> <span class='ocrx_word' id='word_1_661' title='bbox 1749 1125 1983 1159; x_wconf 81' lang='lat' dir='ltr'>daemoniacam</span> <span class='ocrx_word' id='word_1_662' title='bbox 2006 1127 2184 1161; x_wconf 89' lang='lat' dir='ltr'>violentiam</span> <span class='ocrx_word' id='word_1_663' title='bbox 2207 1129 2312 1163; x_wconf 91' lang='lat' dir='ltr'>doma-</span> 
     </span>
     <span class='ocr_line' id='line_1_92' title="bbox 1350 1177 2311 1222; baseline 0.01 -15"><span class='ocrx_word' id='word_1_664' title='bbox 1350 1177 1444 1208; x_wconf 90' lang='lat' dir='ltr'>turus</span> <span class='ocrx_word' id='word_1_665' title='bbox 1460 1179 1537 1208; x_wconf 86' lang='lat' dir='ltr'>erat.</span> <span class='ocrx_word' id='word_1_666' title='bbox 1554 1195 1598 1200; x_wconf 89' lang='lat'>—</span> <span class='ocrx_word' id='word_1_667' title='bbox 1615 1177 1676 1211; x_wconf 88' lang='lat' dir='ltr'>Nec</span> <span class='ocrx_word' id='word_1_668' title='bbox 1701 1181 1824 1211; x_wconf 89' lang='lat' dir='ltr'>tantum</span> <span class='ocrx_word' id='word_1_669' title='bbox 1849 1183 1917 1212; x_wconf 89' lang='lat' dir='ltr'>erat</span> <span class='ocrx_word' id='word_1_670' title='bbox 1941 1181 2122 1222; x_wconf 87' lang='lat' dir='ltr'>repentina,</span> <span class='ocrx_word' id='word_1_671' title='bbox 2147 1183 2201 1215; x_wconf 88' lang='lat' dir='ltr'>sed</span> <span class='ocrx_word' id='word_1_672' title='bbox 2216 1184 2311 1217; x_wconf 91' lang='lat' dir='ltr'>etiam</span> 
     </span>
     <span class='ocr_line' id='line_1_93' title="bbox 1348 1227 2311 1276; baseline 0.009 -16"><span class='ocrx_word' id='word_1_673' title='bbox 1348 1227 1526 1270; x_wconf 84' lang='lat' dir='ltr'>afflietiva;</span> <span class='ocrx_word' id='word_1_674' title='bbox 1550 1230 1634 1263; x_wconf 92' lang='lat' dir='ltr'>unde</span> <span class='ocrx_word' id='word_1_675' title='bbox 1657 1231 1760 1263; x_wconf 88' lang='lat' dir='ltr'>addit:</span> <span class='ocrx_word' id='word_1_676' title='bbox 1785 1232 1826 1264; x_wconf 85' lang='lat' dir='ltr'>Et</span> <span class='ocrx_word' id='word_1_677' title='bbox 1839 1232 1929 1265; x_wconf 81' lang='lat' dir='ltr'>elidit</span> <span class='ocrx_word' id='word_1_678' title='bbox 1945 1238 1975 1265; x_wconf 89' lang='lat' dir='ltr'>et</span> <span class='ocrx_word' id='word_1_679' title='bbox 1989 1234 2132 1276; x_wconf 79' lang='lat' dir='ltr'>dissipat</span> <span class='ocrx_word' id='word_1_680' title='bbox 2147 1245 2311 1270; x_wconf 83' lang='lat' dir='ltr'>eumcum</span> 
     </span>
     <span class='ocr_line' id='line_1_94' title="bbox 1348 1283 2311 1328; baseline 0.009 -14"><span class='ocrx_word' id='word_1_681' title='bbox 1348 1291 1491 1323; x_wconf 79' lang='lat' dir='ltr'>spuma;</span> <span class='ocrx_word' id='word_1_682' title='bbox 1514 1283 1599 1325; x_wconf 91' lang='lat' dir='ltr'>quod</span> <span class='ocrx_word' id='word_1_683' title='bbox 1623 1287 1671 1317; x_wconf 85' lang='lat' dir='ltr'>est</span> <span class='ocrx_word' id='word_1_684' title='bbox 1694 1284 1819 1326; x_wconf 89' lang='lat' dir='ltr'>signum</span> <span class='ocrx_word' id='word_1_685' title='bbox 1843 1286 1947 1328; x_wconf 88' lang='lat' dir='ltr'>magni</span> <span class='ocrx_word' id='word_1_686' title='bbox 1973 1286 2090 1320; x_wconf 89' lang='lat' dir='ltr'>doloris</span> <span class='ocrx_word' id='word_1_687' title='bbox 2113 1291 2144 1321; x_wconf 88' lang='lat' dir='ltr'>et</span> <span class='ocrx_word' id='word_1_688' title='bbox 2168 1289 2311 1322; x_wconf 88' lang='lat' dir='ltr'>afflictio-</span> 
     </span>
     <span class='ocr_line' id='line_1_95' title="bbox 1348 1335 2309 1382; baseline 0.009 -15"><span class='ocrx_word' id='word_1_689' title='bbox 1348 1335 1413 1375; x_wconf 80' lang='lat' dir='ltr'>nis3</span> <span class='ocrx_word' id='word_1_690' title='bbox 1430 1336 1514 1369; x_wconf 87' lang='lat' dir='ltr'>unde</span> <span class='ocrx_word' id='word_1_691' title='bbox 1531 1340 1654 1379; x_wconf 88' lang='lat' dir='ltr'>poterat</span> <span class='ocrx_word' id='word_1_692' title='bbox 1670 1338 1730 1370; x_wconf 89' lang='lat' dir='ltr'>iam</span> <span class='ocrx_word' id='word_1_693' title='bbox 1751 1338 1857 1371; x_wconf 86' lang='lat' dir='ltr'>dicere</span> <span class='ocrx_word' id='word_1_694' title='bbox 1870 1338 1900 1371; x_wconf 84' lang='lat'>⁹:</span> <span class='ocrx_word' id='word_1_695' title='bbox 1930 1352 1945 1368; x_wconf 88' lang='lat'>«</span> <span class='ocrx_word' id='word_1_696' title='bbox 1962 1339 2117 1382; x_wconf 87' lang='lat' dir='ltr'>Dissipata</span> <span class='ocrx_word' id='word_1_697' title='bbox 2141 1344 2215 1374; x_wconf 91' lang='lat' dir='ltr'>sunt</span> <span class='ocrx_word' id='word_1_698' title='bbox 2238 1351 2309 1376; x_wconf 83' lang='lat' dir='ltr'>essa</span> 
     </span>
     <span class='ocr_line' id='line_1_96' title="bbox 1347 1390 2310 1434; baseline 0.008 -13"><span class='ocrx_word' id='word_1_699' title='bbox 1347 1398 1417 1422; x_wconf 88' lang='lat' dir='ltr'>mea</span> <span class='ocrx_word' id='word_1_700' title='bbox 1433 1399 1524 1423; x_wconf 88' lang='lat' dir='ltr'>secus</span> <span class='ocrx_word' id='word_1_701' title='bbox 1539 1390 1697 1424; x_wconf 85' lang='lat' dir='ltr'>infernum</span> <span class='ocrx_word' id='word_1_702' title='bbox 1712 1405 1744 1430; x_wconf 73' lang='lat' dir='ltr'>n,</span> <span class='ocrx_word' id='word_1_703' title='bbox 1761 1392 1836 1434; x_wconf 92' lang='lat' dir='ltr'>quia</span> <span class='ocrx_word' id='word_1_704' title='bbox 1851 1402 1870 1425; x_wconf 88' lang='grc'>3</span> <span class='ocrx_word' id='word_1_705' title='bbox 1885 1393 1999 1434; x_wconf 90' lang='lat' dir='ltr'>spiritu</span> <span class='ocrx_word' id='word_1_706' title='bbox 2016 1393 2159 1427; x_wconf 86' lang='lat' dir='ltr'>infernali</span> <span class='ocrx_word' id='word_1_707' title='bbox 2180 1395 2231 1429; x_wconf 94' lang='lat' dir='ltr'>ille</span> <span class='ocrx_word' id='word_1_708' title='bbox 2247 1396 2310 1429; x_wconf 91' lang='lat' dir='ltr'>dis-</span> 
     </span>
     <span class='ocr_line' id='line_1_97' title="bbox 1347 1442 2309 1487; baseline 0.008 -13"><span class='ocrx_word' id='word_1_709' title='bbox 1347 1442 1519 1483; x_wconf 89' lang='lat' dir='ltr'>sipabatur.</span> <span class='ocrx_word' id='word_1_710' title='bbox 1547 1462 1592 1466; x_wconf 87' lang='lat'>——</span> <span class='ocrx_word' id='word_1_711' title='bbox 1615 1444 1677 1476; x_wconf 90' lang='lat' dir='ltr'>Nec</span> <span class='ocrx_word' id='word_1_712' title='bbox 1706 1447 1828 1477; x_wconf 85' lang='lat' dir='ltr'>tantum</span> <span class='ocrx_word' id='word_1_713' title='bbox 1857 1449 1925 1478; x_wconf 89' lang='lat' dir='ltr'>erat</span> <span class='ocrx_word' id='word_1_714' title='bbox 1948 1446 2113 1487; x_wconf 79' lang='lat' dir='ltr'>afflictiva,</span> <span class='ocrx_word' id='word_1_715' title='bbox 2138 1448 2192 1481; x_wconf 88' lang='lat' dir='ltr'>sed</span> <span class='ocrx_word' id='word_1_716' title='bbox 2215 1449 2309 1483; x_wconf 89' lang='lat' dir='ltr'>etiam</span> 
     </span>
     <span class='ocr_line' id='line_1_98' title="bbox 1345 1495 2308 1539; baseline 0.008 -12"><span class='ocrx_word' id='word_1_717' title='bbox 1345 1495 1528 1534; x_wconf 84' lang='lat' dir='ltr'>diuturna;</span> <span class='ocrx_word' id='word_1_718' title='bbox 1552 1500 1683 1538; x_wconf 89' lang='lat' dir='ltr'>propter</span> <span class='ocrx_word' id='word_1_719' title='bbox 1707 1497 1791 1539; x_wconf 90' lang='lat' dir='ltr'>quod</span> <span class='ocrx_word' id='word_1_720' title='bbox 1815 1498 1917 1530; x_wconf 91' lang='lat' dir='ltr'>addit:</span> <span class='ocrx_word' id='word_1_721' title='bbox 1939 1499 1978 1531; x_wconf 88' lang='lat' dir='ltr'>Et</span> <span class='ocrx_word' id='word_1_722' title='bbox 1996 1499 2054 1531; x_wconf 75' lang='lat' dir='ltr'>vix</span> <span class='ocrx_word' id='word_1_723' title='bbox 2070 1500 2208 1534; x_wconf 79' lang='lat' dir='ltr'>discedit</span> <span class='ocrx_word' id='word_1_724' title='bbox 2224 1502 2308 1535; x_wconf 84' lang='lat' dir='ltr'>dila-</span> 
     </span>
     <span class='ocr_line' id='line_1_99' title="bbox 1345 1548 2308 1592; baseline 0.008 -12"><span class='ocrx_word' id='word_1_725' title='bbox 1345 1548 1446 1581; x_wconf 75' lang='lat' dir='ltr'>nians</span> <span class='ocrx_word' id='word_1_726' title='bbox 1469 1559 1564 1588; x_wconf 91' lang='lat' dir='ltr'>eum;</span> <span class='ocrx_word' id='word_1_727' title='bbox 1588 1550 1672 1582; x_wconf 90' lang='lat' dir='ltr'>unde</span> <span class='ocrx_word' id='word_1_728' title='bbox 1702 1554 1825 1592; x_wconf 89' lang='lat' dir='ltr'>poterat</span> <span class='ocrx_word' id='word_1_729' title='bbox 1860 1551 1964 1585; x_wconf 88' lang='lat' dir='ltr'>dicere</span> <span class='ocrx_word' id='word_1_730' title='bbox 1993 1552 2073 1585; x_wconf 82' lang='lat' dir='ltr'>illud</span> <span class='ocrx_word' id='word_1_731' title='bbox 2105 1554 2157 1587; x_wconf 89' lang='lat' dir='ltr'>Iob</span> <span class='ocrx_word' id='word_1_732' title='bbox 2188 1554 2308 1588; x_wconf 90' lang='lat' dir='ltr'>decimo</span> 
     </span>
     <span class='ocr_line' id='line_1_100' title="bbox 1346 1602 2308 1641; baseline 0.008 -8"><span class='ocrx_word' id='word_1_733' title='bbox 1346 1610 1428 1634; x_wconf 92' lang='lat' dir='ltr'>nono</span> <span class='ocrx_word' id='word_1_734' title='bbox 1443 1602 1486 1634; x_wconf 87' lang='lat'>¹⁰:</span> <span class='ocrx_word' id='word_1_735' title='bbox 1517 1615 1533 1631; x_wconf 85' lang='lat'>«</span> <span class='ocrx_word' id='word_1_736' title='bbox 1550 1603 1649 1636; x_wconf 90' lang='lat' dir='ltr'>Simul</span> <span class='ocrx_word' id='word_1_737' title='bbox 1673 1607 1829 1637; x_wconf 89' lang='lat' dir='ltr'>venerunt</span> <span class='ocrx_word' id='word_1_738' title='bbox 1861 1605 1998 1638; x_wconf 86' lang='lat' dir='ltr'>latrones</span> <span class='ocrx_word' id='word_1_739' title='bbox 2022 1610 2052 1639; x_wconf 93' lang='lat' dir='ltr'>et</span> <span class='ocrx_word' id='word_1_740' title='bbox 2075 1606 2219 1640; x_wconf 86' lang='lat' dir='ltr'>fecerunt</span> <span class='ocrx_word' id='word_1_741' title='bbox 2249 1608 2308 1641; x_wconf 92' lang='lat' dir='ltr'>sibi</span> 
     </span>
     <span class='ocr_line' id='line_1_101' title="bbox 1345 1654 2306 1700; baseline 0.008 -14"><span class='ocrx_word' id='word_1_742' title='bbox 1345 1654 1427 1686; x_wconf 91' lang='lat' dir='ltr'>viam</span> <span class='ocrx_word' id='word_1_743' title='bbox 1452 1664 1508 1696; x_wconf 89' lang='lat' dir='ltr'>per</span> <span class='ocrx_word' id='word_1_744' title='bbox 1540 1665 1591 1688; x_wconf 87' lang='lat' dir='ltr'>me</span> <span class='ocrx_word' id='word_1_745' title='bbox 1621 1660 1652 1689; x_wconf 90' lang='lat' dir='ltr'>et</span> <span class='ocrx_word' id='word_1_746' title='bbox 1684 1657 1876 1690; x_wconf 88' lang='lat' dir='ltr'>obsederunt</span> <span class='ocrx_word' id='word_1_747' title='bbox 1899 1657 1930 1690; x_wconf 91' lang='lat' dir='ltr'>in</span> <span class='ocrx_word' id='word_1_748' title='bbox 1958 1668 2036 1700; x_wconf 88' lang='lat' dir='ltr'>gyro</span> <span class='ocrx_word' id='word_1_749' title='bbox 2068 1659 2306 1694; x_wconf 87' lang='lat' dir='ltr'>tabernaculum</span> 
     </span>
     <span class='ocr_line' id='line_1_102' title="bbox 1346 1707 2033 1740; baseline 0.009 -1"><span class='ocrx_word' id='word_1_750' title='bbox 1346 1716 1452 1740; x_wconf 75' lang='lat' dir='ltr'>meum</span> <span class='ocrx_word' id='word_1_751' title='bbox 1470 1722 1499 1740; x_wconf 71' lang='lat' dir='ltr'>n.</span> <span class='ocrx_word' id='word_1_752' title='bbox 1781 1707 1784 1708; x_wconf 31' lang='lat'><em>⁷</em></span> <span class='ocrx_word' id='word_1_753' title='bbox 2031 1718 2033 1720; x_wconf 74' lang='grc'>’</span> 
     </span>
    </p>

    <p class='ocr_par' dir='ltr' id='par_1_28' title="bbox 1340 1762 2308 2442">
     <span class='ocr_line' id='line_1_103' title="bbox 1435 1762 2307 1809; baseline 0.009 -16"><span class='ocrx_word' id='word_1_754' title='bbox 1435 1763 1486 1793; x_wconf 82' lang='grc'>75.</span> <span class='ocrx_word' id='word_1_755' title='bbox 1512 1762 1614 1802; x_wconf 88' lang='lat' dir='ltr'>(Vers.</span> <span class='ocrx_word' id='word_1_756' title='bbox 1639 1763 1717 1803; x_wconf 64' lang='lat' dir='ltr'>list).</span> <span class='ocrx_word' id='word_1_757' title='bbox 1743 1764 1779 1796; x_wconf 87' lang='lat' dir='ltr'>Et</span> <span class='ocrx_word' id='word_1_758' title='bbox 1799 1765 1883 1807; x_wconf 90' lang='lat' dir='ltr'>quod</span> <span class='ocrx_word' id='word_1_759' title='bbox 1908 1766 2011 1807; x_wconf 87' lang='lat' dir='ltr'>passio</span> <span class='ocrx_word' id='word_1_760' title='bbox 2033 1766 2092 1799; x_wconf 87' lang='lat' dir='ltr'>ista</span> <span class='ocrx_word' id='word_1_761' title='bbox 2112 1776 2242 1809; x_wconf 90' lang='lat' dir='ltr'>magnae</span> <span class='ocrx_word' id='word_1_762' title='bbox 2259 1777 2307 1801; x_wconf 88' lang='lat' dir='ltr'>es-</span> 
     </span>
     <span class='ocr_line' id='line_1_104' title="bbox 1344 1814 2307 1860; baseline 0.008 -14"><span class='ocrx_word' id='word_1_763' title='bbox 1344 1817 1391 1846; x_wconf 89' lang='lat' dir='ltr'>set</span> <span class='ocrx_word' id='word_1_764' title='bbox 1414 1814 1590 1848; x_wconf 89' lang='lat' dir='ltr'>durationis</span> <span class='ocrx_word' id='word_1_765' title='bbox 1605 1817 1640 1855; x_wconf 90' lang='lat'>¹¹,</span> <span class='ocrx_word' id='word_1_766' title='bbox 1665 1820 1795 1859; x_wconf 89' lang='lat' dir='ltr'>apparet</span> <span class='ocrx_word' id='word_1_767' title='bbox 1819 1822 1950 1860; x_wconf 89' lang='lat' dir='ltr'>propter</span> <span class='ocrx_word' id='word_1_768' title='bbox 1973 1819 2190 1853; x_wconf 86' lang='lat' dir='ltr'>difficultatem</span> <span class='ocrx_word' id='word_1_769' title='bbox 2214 1830 2307 1854; x_wconf 90' lang='lat' dir='ltr'>cura—</span> 
     </span>
     <span class='ocr_line' id='line_1_105' title="bbox 1344 1866 2308 1915; baseline 0.008 -16"><span class='ocrx_word' id='word_1_770' title='bbox 1344 1866 1457 1907; x_wconf 85' lang='lat' dir='ltr'>tionis;</span> <span class='ocrx_word' id='word_1_771' title='bbox 1484 1869 1566 1901; x_wconf 92' lang='lat' dir='ltr'>unde</span> <span class='ocrx_word' id='word_1_772' title='bbox 1587 1869 1746 1912; x_wconf 88' lang='lat' dir='ltr'>adiungit:</span> <span class='ocrx_word' id='word_1_773' title='bbox 1766 1871 1804 1902; x_wconf 89' lang='lat' dir='ltr'>Et</span> <span class='ocrx_word' id='word_1_774' title='bbox 1827 1872 1948 1914; x_wconf 71' lang='lat' dir='ltr'>royavi</span> <span class='ocrx_word' id='word_1_775' title='bbox 1971 1872 2151 1915; x_wconf 71' lang='lat' dir='ltr'>discipulos</span> <span class='ocrx_word' id='word_1_776' title='bbox 2167 1877 2252 1913; x_wconf 82' lang='lat' dir='ltr'>tuos,</span> <span class='ocrx_word' id='word_1_777' title='bbox 2269 1878 2308 1907; x_wconf 81' lang='lat' dir='ltr'>ut</span> 
     </span>
     <span class='ocr_line' id='line_1_106' title="bbox 1345 1920 2305 1966; baseline 0.01 -15"><span class='ocrx_word' id='word_1_778' title='bbox 1345 1920 1497 1953; x_wconf 80' lang='lat' dir='ltr'>eiicerent</span> <span class='ocrx_word' id='word_1_779' title='bbox 1513 1922 1623 1961; x_wconf 83' lang='lat' dir='ltr'>illum,</span> <span class='ocrx_word' id='word_1_780' title='bbox 1648 1927 1677 1955; x_wconf 90' lang='lat' dir='ltr'>et</span> <span class='ocrx_word' id='word_1_781' title='bbox 1699 1933 1765 1956; x_wconf 84' lang='lat' dir='ltr'>non</span> <span class='ocrx_word' id='word_1_782' title='bbox 1786 1928 1977 1966; x_wconf 82' lang='lat' dir='ltr'>potuerunt.</span> <span class='ocrx_word' id='word_1_783' title='bbox 2004 1926 2091 1959; x_wconf 89' lang='lat' dir='ltr'>Ratio</span> <span class='ocrx_word' id='word_1_784' title='bbox 2114 1930 2220 1960; x_wconf 89' lang='lat' dir='ltr'>autem</span> <span class='ocrx_word' id='word_1_785' title='bbox 2248 1928 2305 1961; x_wconf 92' lang='lat' dir='ltr'>hu-</span> 
     </span>
     <span class='ocr_line' id='line_1_107' title="bbox 1344 1973 2304 2020; baseline 0.009 -15"><span class='ocrx_word' id='word_1_786' title='bbox 1344 1973 1394 2006; x_wconf 90' lang='lat' dir='ltr'>ius</span> <span class='ocrx_word' id='word_1_787' title='bbox 1417 1973 1493 2012; x_wconf 85' lang='lat' dir='ltr'>fuit,</span> <span class='ocrx_word' id='word_1_788' title='bbox 1510 1975 1595 2016; x_wconf 88' lang='lat' dir='ltr'>quod</span> <span class='ocrx_word' id='word_1_789' title='bbox 1612 1985 1673 2008; x_wconf 92' lang='lat' dir='ltr'>non</span> <span class='ocrx_word' id='word_1_790' title='bbox 1690 1980 1836 2017; x_wconf 90' lang='lat' dir='ltr'>poterant</span> <span class='ocrx_word' id='word_1_791' title='bbox 1851 1986 1909 2019; x_wconf 90' lang='lat' dir='ltr'>per</span> <span class='ocrx_word' id='word_1_792' title='bbox 1925 1981 2109 2020; x_wconf 86' lang='lat' dir='ltr'>potestatem</span> <span class='ocrx_word' id='word_1_793' title='bbox 2131 1983 2304 2020; x_wconf 89' lang='lat' dir='ltr'>terrenam,</span> 
     </span>
     <span class='ocr_line' id='line_1_108' title="bbox 1344 2026 2305 2073; baseline 0.009 -15"><span class='ocrx_word' id='word_1_794' title='bbox 1344 2026 1518 2059; x_wconf 89' lang='lat' dir='ltr'>secundum</span> <span class='ocrx_word' id='word_1_795' title='bbox 1541 2028 1618 2060; x_wconf 88' lang='lat' dir='ltr'>illud</span> <span class='ocrx_word' id='word_1_796' title='bbox 1643 2029 1695 2061; x_wconf 92' lang='lat' dir='ltr'>lob</span> <span class='ocrx_word' id='word_1_797' title='bbox 1711 2030 1952 2072; x_wconf 87' lang='lat' dir='ltr'>quadragesimo</span> <span class='ocrx_word' id='word_1_798' title='bbox 1968 2032 2071 2073; x_wconf 91' lang='lat' dir='ltr'>primo</span> <span class='ocrx_word' id='word_1_799' title='bbox 2085 2033 2125 2065; x_wconf 76' lang='lat'>¹⁹:</span> <span class='ocrx_word' id='word_1_800' title='bbox 2147 2046 2163 2062; x_wconf 74' lang='grc' dir='ltr'><em>α</em></span> <span class='ocrx_word' id='word_1_801' title='bbox 2175 2034 2241 2066; x_wconf 83' lang='grc' dir='ltr'>Νο11</span> <span class='ocrx_word' id='word_1_802' title='bbox 2258 2038 2305 2067; x_wconf 91' lang='lat' dir='ltr'>est</span> 
     </span>
     <span class='ocr_line' id='line_1_109' title="bbox 1342 2083 2307 2129; baseline 0.009 -17"><span class='ocrx_word' id='word_1_803' title='bbox 1342 2083 1480 2122; x_wconf 85' lang='lat' dir='ltr'>potestas</span> <span class='ocrx_word' id='word_1_804' title='bbox 1500 2090 1596 2123; x_wconf 88' lang='lat' dir='ltr'>super</span> <span class='ocrx_word' id='word_1_805' title='bbox 1614 2084 1759 2115; x_wconf 85' lang='lat' dir='ltr'>terram»</span> <span class='ocrx_word' id='word_1_806' title='bbox 1789 2086 1858 2122; x_wconf 90' lang='lat' dir='ltr'>etc.;</span> <span class='ocrx_word' id='word_1_807' title='bbox 1884 2087 1915 2116; x_wconf 91' lang='lat' dir='ltr'>et</span> <span class='ocrx_word' id='word_1_808' title='bbox 1939 2088 2014 2118; x_wconf 85' lang='lat' dir='ltr'>tunc</span> <span class='ocrx_word' id='word_1_809' title='bbox 2034 2086 2144 2119; x_wconf 86' lang='lat' dir='ltr'>aberat</span> <span class='ocrx_word' id='word_1_810' title='bbox 2167 2091 2307 2129; x_wconf 79' lang='lat' dir='ltr'>potestas</span> 
     </span>
     <span class='ocr_line' id='line_1_110' title="bbox 1341 2133 2303 2177; baseline 0.008 -12"><span class='ocrx_word' id='word_1_811' title='bbox 1341 2133 1465 2171; x_wconf 86' lang='lat' dir='ltr'>divinae</span> <span class='ocrx_word' id='word_1_812' title='bbox 1489 2134 1645 2167; x_wconf 87' lang='lat' dir='ltr'>efficaciae</span> <span class='ocrx_word' id='word_1_813' title='bbox 1676 2138 1806 2177; x_wconf 87' lang='lat' dir='ltr'>propter</span> <span class='ocrx_word' id='word_1_814' title='bbox 1837 2136 2088 2171; x_wconf 89' lang='lat' dir='ltr'>incredulitatem</span> <span class='ocrx_word' id='word_1_815' title='bbox 2121 2139 2303 2173; x_wconf 88' lang='lat' dir='ltr'>humanam.</span> 
     </span>
     <span class='ocr_line' id='line_1_111' title="bbox 1342 2181 2304 2235; baseline 0.007 -16"><span class='ocrx_word' id='word_1_816' title='bbox 1342 2181 1431 2220; x_wconf 78' lang='lat' dir='ltr'>Unde&#39;</span> <span class='ocrx_word' id='word_1_817' title='bbox 1451 2188 1597 2220; x_wconf 84' lang='lat' dir='ltr'>Matthaei</span> <span class='ocrx_word' id='word_1_818' title='bbox 1621 2188 1742 2221; x_wconf 88' lang='lat' dir='ltr'>decimo</span> <span class='ocrx_word' id='word_1_819' title='bbox 1763 2189 1914 2231; x_wconf 89' lang='lat' dir='ltr'>septimo:</span> <span class='ocrx_word' id='word_1_820' title='bbox 1941 2203 1956 2218; x_wconf 70' lang='lat' dir='ltr'>&lt;t</span> <span class='ocrx_word' id='word_1_821' title='bbox 1973 2190 2131 2224; x_wconf 89' lang='lat' dir='ltr'>Dixerunt</span> <span class='ocrx_word' id='word_1_822' title='bbox 2159 2192 2304 2235; x_wconf 90' lang='lat' dir='ltr'>discipuli</span> 
     </span>
     <span class='ocr_line' id='line_1_112' title="bbox 1341 2240 2303 2284; baseline 0.008 -12"><span class='ocrx_word' id='word_1_823' title='bbox 1341 2240 1489 2273; x_wconf 90' lang='lat' dir='ltr'>Domino:</span> <span class='ocrx_word' id='word_1_824' title='bbox 1507 2241 1611 2282; x_wconf 87' lang='lat' dir='ltr'>Quare</span> <span class='ocrx_word' id='word_1_825' title='bbox 1627 2251 1684 2275; x_wconf 92' lang='lat' dir='ltr'>nos</span> <span class='ocrx_word' id='word_1_826' title='bbox 1700 2251 1763 2275; x_wconf 92' lang='lat' dir='ltr'>non</span> <span class='ocrx_word' id='word_1_827' title='bbox 1780 2243 1941 2284; x_wconf 90' lang='lat' dir='ltr'>potuimus</span> <span class='ocrx_word' id='word_1_828' title='bbox 1957 2253 2029 2277; x_wconf 89' lang='lat' dir='ltr'>eum</span> <span class='ocrx_word' id='word_1_829' title='bbox 2047 2245 2184 2278; x_wconf 79' lang='lat' dir='ltr'>eiicere?</span> <span class='ocrx_word' id='word_1_830' title='bbox 2200 2246 2236 2279; x_wconf 87' lang='lat' dir='ltr'>At</span> <span class='ocrx_word' id='word_1_831' title='bbox 2252 2247 2303 2281; x_wconf 93' lang='lat' dir='ltr'>ille</span> 
     </span>
     <span class='ocr_line' id='line_1_113' title="bbox 1341 2294 2301 2338; baseline 0.007 -12"><span class='ocrx_word' id='word_1_832' title='bbox 1341 2294 1535 2336; x_wconf 89' lang='lat' dir='ltr'>respondens</span> <span class='ocrx_word' id='word_1_833' title='bbox 1558 2295 1655 2327; x_wconf 86' lang='lat' dir='ltr'>dixit:</span> <span class='ocrx_word' id='word_1_834' title='bbox 1685 2296 1816 2338; x_wconf 89' lang='lat' dir='ltr'>Propter</span> <span class='ocrx_word' id='word_1_835' title='bbox 1840 2297 2093 2331; x_wconf 87' lang='lat' dir='ltr'>incredulitatem</span> <span class='ocrx_word' id='word_1_836' title='bbox 2117 2302 2254 2332; x_wconf 87' lang='lat' dir='ltr'>vestram</span> <span class='ocrx_word' id='word_1_837' title='bbox 2270 2313 2301 2333; x_wconf 82' lang='grc'>».</span> 
     </span>
     <span class='ocr_line' id='line_1_114' title="bbox 1341 2347 2303 2392; baseline 0.007 -13"><span class='ocrx_word' id='word_1_838' title='bbox 1341 2347 1399 2379; x_wconf 90' lang='lat' dir='ltr'>Sed</span> <span class='ocrx_word' id='word_1_839' title='bbox 1423 2350 1552 2380; x_wconf 88' lang='lat' dir='ltr'>econtra</span> <span class='ocrx_word' id='word_1_840' title='bbox 1583 2349 1677 2382; x_wconf 85' lang='lat' dir='ltr'>Marci</span> <span class='ocrx_word' id='word_1_841' title='bbox 1702 2359 1800 2382; x_wconf 89' lang='lat' dir='ltr'>nono:</span> <span class='ocrx_word' id='word_1_842' title='bbox 1830 2350 1887 2382; x_wconf 84' lang='lat' dir='ltr'>«Si</span> <span class='ocrx_word' id='word_1_843' title='bbox 1917 2354 2006 2392; x_wconf 91' lang='lat' dir='ltr'>potes</span> <span class='ocrx_word' id='word_1_844' title='bbox 2026 2352 2175 2392; x_wconf 75' lang='lat' dir='ltr'>credere,</span> <span class='ocrx_word' id='word_1_845' title='bbox 2199 2353 2303 2387; x_wconf 90' lang='lat' dir='ltr'>omnia</span> 
     </span>
     <span class='ocr_line' id='line_1_115' title="bbox 1340 2401 1808 2442; baseline 0.006 -9"><span class='ocrx_word' id='word_1_846' title='bbox 1340 2401 1501 2442; x_wconf 86' lang='lat' dir='ltr'>possibilia</span> <span class='ocrx_word' id='word_1_847' title='bbox 1523 2406 1598 2434; x_wconf 91' lang='lat' dir='ltr'>sunt</span> <span class='ocrx_word' id='word_1_848' title='bbox 1621 2403 1761 2436; x_wconf 86' lang='lat' dir='ltr'>credenti</span> <span class='ocrx_word' id='word_1_849' title='bbox 1777 2417 1808 2436; x_wconf 69' lang='grc' dir='ltr'>ι).</span> 
     </span>
    </p>

    <p class='ocr_par' dir='ltr' id='par_1_29' title="bbox 1339 2455 2302 2710">
     <span class='ocr_line' id='line_1_116' title="bbox 1431 2455 2302 2501; baseline 0.007 -15"><span class='ocrx_word' id='word_1_850' title='bbox 1431 2455 1482 2486; x_wconf 88' lang='grc'>76.</span> <span class='ocrx_word' id='word_1_851' title='bbox 1505 2455 1683 2488; x_wconf 89' lang='lat' dir='ltr'>Secundum</span> <span class='ocrx_word' id='word_1_852' title='bbox 1707 2456 1918 2498; x_wconf 73' lang='lat' dir='ltr'>spiritualem</span> <span class='ocrx_word' id='word_1_853' title='bbox 1942 2461 2047 2491; x_wconf 90' lang='lat' dir='ltr'>autem</span> <span class='ocrx_word' id='word_1_854' title='bbox 2066 2458 2302 2501; x_wconf 85' lang='lat' dir='ltr'>intelligentiam</span> 
     </span>
     <span class='ocr_line' id='line_1_117' title="bbox 1339 2506 2301 2556; baseline 0.007 -17"><span class='ocrx_word' id='word_1_855' title='bbox 1339 2506 1371 2539; x_wconf 94' lang='lat' dir='ltr'>in</span> <span class='ocrx_word' id='word_1_856' title='bbox 1395 2507 1455 2539; x_wconf 89' lang='lat' dir='ltr'>hoc</span> <span class='ocrx_word' id='word_1_857' title='bbox 1482 2507 1682 2541; x_wconf 89' lang='lat' dir='ltr'>daemoniaco</span> <span class='ocrx_word' id='word_1_858' title='bbox 1707 2509 1750 2542; x_wconf 87' lang='grc'>516</span> <span class='ocrx_word' id='word_1_859' title='bbox 1775 2513 1889 2543; x_wconf 88' lang='lat' dir='ltr'>vexato</span> <span class='ocrx_word' id='word_1_860' title='bbox 1914 2511 2100 2553; x_wconf 89' lang='lat' dir='ltr'>intelligitur</span> <span class='ocrx_word' id='word_1_861' title='bbox 2117 2512 2221 2552; x_wconf 90' lang='lat' dir='ltr'>homo,</span> <span class='ocrx_word' id='word_1_862' title='bbox 2246 2513 2301 2556; x_wconf 89' lang='lat' dir='ltr'>qui</span> 
     </span>
     <span class='ocr_line' id='line_1_118' title="bbox 1340 2560 2302 2607; baseline 0.007 -15"><span class='ocrx_word' id='word_1_863' title='bbox 1340 2560 1518 2602; x_wconf 89' lang='lat' dir='ltr'>possidetur</span> <span class='ocrx_word' id='word_1_864' title='bbox 1542 2570 1561 2593; x_wconf 86' lang='lat' dir='ltr'>a</span> <span class='ocrx_word' id='word_1_865' title='bbox 1584 2565 1716 2603; x_wconf 82' lang='lat' dir='ltr'>peccato</span> <span class='ocrx_word' id='word_1_866' title='bbox 1743 2563 1920 2605; x_wconf 75' lang='lat' dir='ltr'>spirituali</span> <span class='ocrx_word' id='word_1_867' title='bbox 1926 2576 1938 2602; x_wconf 94' lang='lat'>,·</span> <span class='ocrx_word' id='word_1_868' title='bbox 1962 2565 2015 2607; x_wconf 89' lang='lat' dir='ltr'>qui</span> <span class='ocrx_word' id='word_1_869' title='bbox 2041 2564 2302 2607; x_wconf 74' lang='lat' dir='ltr'>apprehenditur</span> 
     </span>
     <span class='ocr_line' id='line_1_119' title="bbox 1339 2613 2301 2661; baseline 0.009 -17"><span class='ocrx_word' id='word_1_870' title='bbox 1339 2622 1396 2655; x_wconf 90' lang='lat' dir='ltr'>per</span> <span class='ocrx_word' id='word_1_871' title='bbox 1426 2613 1638 2655; x_wconf 74' lang='lat' dir='ltr'>superbiam,</span> <span class='ocrx_word' id='word_1_872' title='bbox 1671 2624 1753 2657; x_wconf 85' lang='lat' dir='ltr'>quae</span> <span class='ocrx_word' id='word_1_873' title='bbox 1788 2616 1890 2657; x_wconf 88' lang='lat' dir='ltr'>prima</span> <span class='ocrx_word' id='word_1_874' title='bbox 1918 2617 2008 2656; x_wconf 88' lang='lat' dir='ltr'>facit,</span> <span class='ocrx_word' id='word_1_875' title='bbox 2041 2619 2125 2661; x_wconf 90' lang='lat' dir='ltr'>quod</span> <span class='ocrx_word' id='word_1_876' title='bbox 2157 2619 2301 2653; x_wconf 88' lang='lat' dir='ltr'>&#39;diabolus</span> 
     </span>
     <span class='ocr_line' id='line_1_120' title="bbox 1339 2667 2301 2710; baseline 0.009 -13"><span class='ocrx_word' id='word_1_877' title='bbox 1339 2675 1467 2699; x_wconf 88' lang='lat' dir='ltr'>manum</span> <span class='ocrx_word' id='word_1_878' title='bbox 1491 2667 1641 2699; x_wconf 84' lang='lat' dir='ltr'>extendat</span> <span class='ocrx_word' id='word_1_879' title='bbox 1665 2667 1696 2700; x_wconf 93' lang='lat' dir='ltr'>in</span> <span class='ocrx_word' id='word_1_880' title='bbox 1725 2668 1901 2708; x_wconf 87' lang='lat' dir='ltr'>hominem,</span> <span class='ocrx_word' id='word_1_881' title='bbox 1933 2671 2107 2710; x_wconf 87' lang='lat' dir='ltr'>secundum</span> <span class='ocrx_word' id='word_1_882' title='bbox 2138 2672 2216 2705; x_wconf 90' lang='lat' dir='ltr'>illud</span> <span class='ocrx_word' id='word_1_883' title='bbox 2248 2673 2301 2706; x_wconf 88' lang='lat' dir='ltr'>Iob</span> 
     </span>
    </p>
   </div>
   <div class='ocr_carea' id='block_1_20' title="bbox 1332 2868 2298 3431">
    <p class='ocr_par' dir='ltr' id='par_1_30' title="bbox 1334 2868 2298 3069">
     <span class='ocr_line' id='line_1_121' title="bbox 1335 2868 2298 2907; baseline 0.006 -13"><span class='ocrx_word' id='word_1_884' title='bbox 1335 2868 1452 2903; x_wconf 80' lang='lat' dir='ltr'>firmitas</span> <span class='ocrx_word' id='word_1_885' title='bbox 1470 2869 1678 2903; x_wconf 80' lang='lat' dir='ltr'>arreptitiorum</span> <span class='ocrx_word' id='word_1_886' title='bbox 1699 2870 1743 2903; x_wconf 74' lang='lat' dir='ltr'>(ita</span> <span class='ocrx_word' id='word_1_887' title='bbox 1763 2870 1782 2897; x_wconf 92' lang='lat' dir='ltr'>C</span> <span class='ocrx_word' id='word_1_888' title='bbox 1793 2871 1886 2903; x_wconf 88' lang='lat' dir='ltr'>DGH)</span> <span class='ocrx_word' id='word_1_889' title='bbox 1909 2872 1965 2897; x_wconf 80' lang='lat' dir='ltr'>Vat.</span> <span class='ocrx_word' id='word_1_890' title='bbox 1986 2871 2131 2906; x_wconf 77' lang='lat' dir='ltr'>infirmitas</span> <span class='ocrx_word' id='word_1_891' title='bbox 2151 2873 2298 2907; x_wconf 72' lang='lat' dir='ltr'>arreptivo-</span> 
     </span>
     <span class='ocr_line' id='line_1_122' title="bbox 1335 2913 2296 2951; baseline 0.006 -13"><span class='ocrx_word' id='word_1_892' title='bbox 1335 2919 1399 2938; x_wconf 87' lang='lat' dir='ltr'>rum</span> <span class='ocrx_word' id='word_1_893' title='bbox 1420 2913 1448 2945; x_wconf 87' lang='lat' dir='ltr'>(E</span> <span class='ocrx_word' id='word_1_894' title='bbox 1467 2914 1691 2946; x_wconf 75' lang='lat' dir='ltr'>repentinorum).</span> <span class='ocrx_word' id='word_1_895' title='bbox 1712 2914 1751 2944; x_wconf 88' lang='lat' dir='ltr'>Du</span> <span class='ocrx_word' id='word_1_896' title='bbox 1771 2914 1873 2947; x_wconf 83' lang='lat' dir='ltr'>Gange,</span> <span class='ocrx_word' id='word_1_897' title='bbox 1892 2916 2053 2942; x_wconf 85' lang='lat' dir='ltr'>Glossarium</span> <span class='ocrx_word' id='word_1_898' title='bbox 2072 2919 2135 2942; x_wconf 85' lang='lat' dir='ltr'>ete.:</span> <span class='ocrx_word' id='word_1_899' title='bbox 2154 2917 2296 2951; x_wconf 80' lang='lat' dir='ltr'>Arreptus,</span> 
     </span>
     <span class='ocr_line' id='line_1_123' title="bbox 1335 2956 2296 2994; baseline 0.006 -13"><span class='ocrx_word' id='word_1_900' title='bbox 1335 2956 1517 2990; x_wconf 78' lang='lat' dir='ltr'>Arrepticius,</span> <span class='ocrx_word' id='word_1_901' title='bbox 1538 2958 1756 2985; x_wconf 86' lang='lat' dir='ltr'>Daemoniacns...</span> <span class='ocrx_word' id='word_1_902' title='bbox 1781 2960 1890 2991; x_wconf 81' lang='lat' dir='ltr'>Ugutio:</span> <span class='ocrx_word' id='word_1_903' title='bbox 1919 2959 2100 2994; x_wconf 52' lang='lat' dir='ltr'>Ameptitius:</span> <span class='ocrx_word' id='word_1_904' title='bbox 2125 2961 2172 2994; x_wconf 84' lang='lat' dir='ltr'>qui</span> <span class='ocrx_word' id='word_1_905' title='bbox 2191 2962 2296 2994; x_wconf 83' lang='lat' dir='ltr'>arripit,</span> 
     </span>
     <span class='ocr_line' id='line_1_124' title="bbox 1334 3000 2297 3038; baseline 0.008 -14"><span class='ocrx_word' id='word_1_906' title='bbox 1334 3000 1376 3025; x_wconf 88' lang='lat' dir='ltr'>vel</span> <span class='ocrx_word' id='word_1_907' title='bbox 1393 3000 1538 3034; x_wconf 70' lang='lat' dir='ltr'>arripitur,</span> <span class='ocrx_word' id='word_1_908' title='bbox 1567 3002 1634 3028; x_wconf 86' lang='lat' dir='ltr'>sicut</span> <span class='ocrx_word' id='word_1_909' title='bbox 1662 3003 1863 3035; x_wconf 82' lang='lat' dir='ltr'>daemoniacus,</span> <span class='ocrx_word' id='word_1_910' title='bbox 1892 3006 1917 3029; x_wconf 84' lang='lat' dir='ltr'>et</span> <span class='ocrx_word' id='word_1_911' title='bbox 1941 3003 2084 3038; x_wconf 68' lang='lat' dir='ltr'>arreptitia</span> <span class='ocrx_word' id='word_1_912' title='bbox 2117 3004 2211 3031; x_wconf 90' lang='lat' dir='ltr'>dicitur</span> <span class='ocrx_word' id='word_1_913' title='bbox 2238 3006 2297 3032; x_wconf 83' lang='lat' dir='ltr'>dae-</span> 
     </span>
     <span class='ocr_line' id='line_1_125' title="bbox 1335 3044 1463 3069; baseline 0.008 -1"><span class='ocrx_word' id='word_1_914' title='bbox 1335 3044 1463 3069; x_wconf 89' lang='lat' dir='ltr'>moniaca.</span> 
     </span>
    </p>

    <p class='ocr_par' dir='ltr' id='par_1_31' title="bbox 1405 3086 2037 3123">
     <span class='ocr_line' id='line_1_126' title="bbox 1405 3086 2037 3123; baseline 0.008 -10"><span class='ocrx_word' id='word_1_915' title='bbox 1405 3086 1415 3101; x_wconf 79' lang='lat'>⁸</span> <span class='ocrx_word' id='word_1_916' title='bbox 1435 3089 1508 3114; x_wconf 84' lang='lat' dir='ltr'>Vers.</span> <span class='ocrx_word' id='word_1_917' title='bbox 1530 3090 1572 3115; x_wconf 83' lang='lat'>23.</span> <span class='ocrx_word' id='word_1_918' title='bbox 1592 3090 1641 3116; x_wconf 78' lang='lat' dir='ltr'>Cir.</span> <span class='ocrx_word' id='word_1_919' title='bbox 1661 3097 1742 3123; x_wconf 87' lang='lat' dir='ltr'>supra</span> <span class='ocrx_word' id='word_1_920' title='bbox 1762 3098 1823 3123; x_wconf 82' lang='lat' dir='ltr'>pag.</span> <span class='ocrx_word' id='word_1_921' title='bbox 1845 3092 1913 3123; x_wconf 83' lang='grc'>203,</span> <span class='ocrx_word' id='word_1_922' title='bbox 1932 3096 1992 3118; x_wconf 77' lang='lat' dir='ltr'>nota</span> <span class='ocrx_word' id='word_1_923' title='bbox 2013 3093 2037 3118; x_wconf 92' lang='lat'>8.</span> 
     </span>
    </p>

    <p class='ocr_par' dir='ltr' id='par_1_32' title="bbox 1404 3130 1688 3165">
     <span class='ocr_line' id='line_1_127' title="bbox 1404 3130 1688 3165; baseline 0.007 -7"><span class='ocrx_word' id='word_1_924' title='bbox 1404 3130 1416 3146; x_wconf 84' lang='lat'><strong>⁹</strong></span> <span class='ocrx_word' id='word_1_925' title='bbox 1435 3133 1497 3159; x_wconf 81' lang='lat' dir='ltr'>lnud</span> <span class='ocrx_word' id='word_1_926' title='bbox 1516 3134 1557 3159; x_wconf 79' lang='lat' dir='ltr'>Ps.</span> <span class='ocrx_word' id='word_1_927' title='bbox 1578 3134 1643 3165; x_wconf 77' lang='grc'>140,</span> <span class='ocrx_word' id='word_1_928' title='bbox 1663 3134 1688 3160; x_wconf 88' lang='grc'>7.</span> 
     </span>
    </p>

    <p class='ocr_par' dir='ltr' id='par_1_33' title="bbox 1404 3175 1583 3203">
     <span class='ocr_line' id='line_1_128' title="bbox 1404 3175 1583 3203; baseline 0.006 -1"><span class='ocrx_word' id='word_1_929' title='bbox 1404 3175 1426 3190; x_wconf 82' lang='lat'>¹⁰</span> <span class='ocrx_word' id='word_1_930' title='bbox 1446 3177 1520 3203; x_wconf 84' lang='lat' dir='ltr'>Vers.</span> <span class='ocrx_word' id='word_1_931' title='bbox 1542 3178 1583 3203; x_wconf 88' lang='grc'>12.</span> 
     </span>
    </p>

    <p class='ocr_par' dir='ltr' id='par_1_34' title="bbox 1332 3219 2294 3345">
     <span class='ocr_line' id='line_1_129' title="bbox 1403 3219 2293 3257; baseline 0.007 -10"><span class='ocrx_word' id='word_1_932' title='bbox 1403 3219 1425 3235; x_wconf 81' lang='lat'>¹¹</span> <span class='ocrx_word' id='word_1_933' title='bbox 1446 3221 1503 3247; x_wconf 81' lang='lat' dir='ltr'>Vat.</span> <span class='ocrx_word' id='word_1_934' title='bbox 1523 3222 1596 3248; x_wconf 84' lang='lat' dir='ltr'>addit</span> <span class='ocrx_word' id='word_1_935' title='bbox 1614 3224 1640 3249; x_wconf 86' lang='lat' dir='ltr'>et</span> <span class='ocrx_word' id='word_1_936' title='bbox 1659 3222 1837 3257; x_wconf 79' lang='lat' dir='ltr'>difficultatis,</span> <span class='ocrx_word' id='word_1_937' title='bbox 1857 3224 1878 3249; x_wconf 87' lang='lat' dir='ltr'>H</span> <span class='ocrx_word' id='word_1_938' title='bbox 1898 3224 1960 3256; x_wconf 84' lang='lat' dir='ltr'>legit</span> <span class='ocrx_word' id='word_1_939' title='bbox 1972 3224 2163 3253; x_wconf 77' lang='lat' dir='ltr'>adhaerentiae</span> <span class='ocrx_word' id='word_1_940' title='bbox 2175 3228 2201 3253; x_wconf 86' lang='lat' dir='ltr'>et</span> <span class='ocrx_word' id='word_1_941' title='bbox 2213 3225 2293 3253; x_wconf 81' lang='lat' dir='ltr'>dura-</span> 
     </span>
     <span class='ocr_line' id='line_1_130' title="bbox 1332 3263 2294 3304; baseline 0.007 -14"><span class='ocrx_word' id='word_1_942' title='bbox 1332 3263 1425 3298; x_wconf 61' lang='lat' dir='ltr'>tione,</span> <span class='ocrx_word' id='word_1_943' title='bbox 1447 3266 1493 3299; x_wconf 89' lang='lat' dir='ltr'>qui</span> <span class='ocrx_word' id='word_1_944' title='bbox 1511 3266 1590 3292; x_wconf 86' lang='lat' dir='ltr'>etiam</span> <span class='ocrx_word' id='word_1_945' title='bbox 1610 3266 1723 3293; x_wconf 86' lang='lat' dir='ltr'>subinde</span> <span class='ocrx_word' id='word_1_946' title='bbox 1742 3275 1791 3300; x_wconf 86' lang='lat' dir='ltr'>pro</span> <span class='ocrx_word' id='word_1_947' title='bbox 1809 3267 1880 3294; x_wconf 81' lang='lat' dir='ltr'>unde</span> <span class='ocrx_word' id='word_1_948' title='bbox 1899 3267 2024 3302; x_wconf 62' lang='lat' dir='ltr'>adiungit</span> <span class='ocrx_word' id='word_1_949' title='bbox 2035 3269 2168 3296; x_wconf 81' lang='lat' dir='ltr'>substituit</span> <span class='ocrx_word' id='word_1_950' title='bbox 2180 3272 2294 3304; x_wconf 81' lang='lat' dir='ltr'>propter</span> 
     </span>
     <span class='ocr_line' id='line_1_131' title="bbox 1332 3309 2175 3345; baseline 0.009 -10"><span class='ocrx_word' id='word_1_951' title='bbox 1332 3315 1415 3343; x_wconf 84' lang='lat' dir='ltr'>quam</span> <span class='ocrx_word' id='word_1_952' title='bbox 1434 3309 1555 3342; x_wconf 71' lang='grc' dir='ltr'><strong>(ΑΕΗΘ</strong></span> <span class='ocrx_word' id='word_1_953' title='bbox 1574 3310 1611 3337; x_wconf 85' lang='lat' dir='ltr'>ad</span> <span class='ocrx_word' id='word_1_954' title='bbox 1629 3313 1733 3345; x_wconf 76' lang='lat' dir='ltr'>quam).</span> <span class='ocrx_word' id='word_1_955' title='bbox 2172 3333 2175 3337; x_wconf 79' lang='lat'><em>-</em></span> 
     </span>
    </p>

    <p class='ocr_par' dir='ltr' id='par_1_35' title="bbox 1332 3351 2289 3431">
     <span class='ocr_line' id='line_1_132' title="bbox 1402 3351 2289 3391; baseline 0.005 -12"><span class='ocrx_word' id='word_1_956' title='bbox 1402 3351 1424 3367; x_wconf 76' lang='lat'>¹⁹</span> <span class='ocrx_word' id='word_1_957' title='bbox 1443 3354 1518 3380; x_wconf 81' lang='lat' dir='ltr'>Vers.</span> <span class='ocrx_word' id='word_1_958' title='bbox 1537 3354 1580 3381; x_wconf 68' lang='grc'>24.</span> <span class='ocrx_word' id='word_1_959' title='bbox 1592 3369 1628 3375; x_wconf 91' lang='grc'>-</span> <span class='ocrx_word' id='word_1_960' title='bbox 1647 3356 1798 3389; x_wconf 83' lang='lat' dir='ltr'>Sequuntur</span> <span class='ocrx_word' id='word_1_961' title='bbox 1818 3357 1903 3382; x_wconf 88' lang='lat' dir='ltr'>Matth.</span> <span class='ocrx_word' id='word_1_962' title='bbox 1925 3357 1970 3387; x_wconf 88' lang='grc'>17,</span> <span class='ocrx_word' id='word_1_963' title='bbox 1995 3357 2034 3382; x_wconf 87' lang='grc'>18.</span> <span class='ocrx_word' id='word_1_964' title='bbox 2053 3364 2108 3391; x_wconf 87' lang='lat' dir='ltr'>seq.</span> <span class='ocrx_word' id='word_1_965' title='bbox 2121 3360 2146 3384; x_wconf 85' lang='lat' dir='ltr'>et</span> <span class='ocrx_word' id='word_1_966' title='bbox 2159 3358 2237 3385; x_wconf 81' lang='lat' dir='ltr'>Marc.</span> <span class='ocrx_word' id='word_1_967' title='bbox 2259 3358 2289 3391; x_wconf 81' lang='lat'>9,</span> 
     </span>
     <span class='ocr_line' id='line_1_133' title="bbox 1332 3398 2123 3431; baseline 0.006 -8"><span class='ocrx_word' id='word_1_968' title='bbox 1332 3398 1373 3424; x_wconf 78' lang='lat'>22.</span> <span class='ocrx_word' id='word_1_969' title='bbox 1392 3412 1427 3418; x_wconf 92' lang='lat'><strong>—</strong></span> <span class='ocrx_word' id='word_1_970' title='bbox 1445 3399 1554 3425; x_wconf 81' lang='lat' dir='ltr'>Inferius</span> <span class='ocrx_word' id='word_1_971' title='bbox 1571 3406 1622 3431; x_wconf 81' lang='lat' dir='ltr'>pro</span> <span class='ocrx_word' id='word_1_972' title='bbox 1641 3399 1695 3427; x_wconf 83' lang='lat' dir='ltr'>Sed</span> <span class='ocrx_word' id='word_1_973' title='bbox 1711 3402 1822 3427; x_wconf 68' lang='lat' dir='ltr'>econtra</span> <span class='ocrx_word' id='word_1_974' title='bbox 1842 3401 1900 3426; x_wconf 86' lang='lat' dir='ltr'>Vat.</span> <span class='ocrx_word' id='word_1_975' title='bbox 1920 3401 1993 3428; x_wconf 81' lang='lat' dir='ltr'>Nam</span> <span class='ocrx_word' id='word_1_976' title='bbox 2012 3400 2123 3429; x_wconf 83' lang='lat' dir='ltr'>dicitur.</span> 
     </span>
    </p>
   </div>
   <div class='ocr_carea' id='block_1_21' title="bbox 2352 899 2445 923">
    <p class='ocr_par' dir='ltr' id='par_1_36' title="bbox 2352 899 2445 923">
     <span class='ocr_line' id='line_1_134' title="bbox 2352 899 2445 923; baseline 0.022 -6"><span class='ocrx_word' id='word_1_977' title='bbox 2352 899 2445 923; x_wconf 76' lang='lat' dir='ltr'>pentina.</span> 
     </span>
    </p>
   </div>
   <div class='ocr_carea' id='block_1_22' title="bbox 2330 1187 2441 1209">
    <p class='ocr_par' dir='ltr' id='par_1_37' title="bbox 2330 1187 2441 1209">
     <span class='ocr_line' id='line_1_135' title="bbox 2330 1187 2441 1209; baseline 0.009 -1"><span class='ocrx_word' id='word_1_978' title='bbox 2330 1187 2441 1209; x_wconf 81' lang='lat' dir='ltr'>Afflictiva.</span> 
     </span>
    </p>
   </div>
   <div class='ocr_carea' id='block_1_23' title="bbox 2329 1452 2439 1475">
    <p class='ocr_par' dir='ltr' id='par_1_38' title="bbox 2329 1452 2439 1475">
     <span class='ocr_line' id='line_1_136' title="bbox 2329 1452 2439 1475; baseline 0.018 -2"><span class='ocrx_word' id='word_1_979' title='bbox 2329 1452 2439 1475; x_wconf 81' lang='lat' dir='ltr'>Diutuma.</span> 
     </span>
    </p>
   </div>
   <div class='ocr_carea' id='block_1_24' title="bbox 2334 1772 2476 1821">
    <p class='ocr_par' dir='ltr' id='par_1_39' title="bbox 2334 1772 2476 1821">
     <span class='ocr_line' id='line_1_137' title="bbox 2339 1772 2455 1803; baseline 0 -10"><span class='ocrx_word' id='word_1_980' title='bbox 2339 1772 2455 1803; x_wconf 59' lang='lat' dir='ltr'>Difficultas</span> 
     </span>
     <span class='ocr_line' id='line_1_138' title="bbox 2334 1801 2476 1821; baseline 0.007 -1"><span class='ocrx_word' id='word_1_981' title='bbox 2334 1801 2455 1821; x_wconf 76' lang='lat' dir='ltr'>curationis.</span> <span class='ocrx_word' id='word_1_982' title='bbox 2475 1812 2476 1817; x_wconf 57' lang='lat'>,</span> 
     </span>
    </p>
   </div>
   <div class='ocr_carea' id='block_1_25' title="bbox 2329 2463 2453 2518">
    <p class='ocr_par' dir='ltr' id='par_1_40' title="bbox 2329 2463 2453 2518">
     <span class='ocr_line' id='line_1_139' title="bbox 2338 2463 2447 2491; baseline 0 -6"><span class='ocrx_word' id='word_1_983' title='bbox 2338 2463 2447 2491; x_wconf 71' lang='lat' dir='ltr'>Expositio</span> 
     </span>
     <span class='ocr_line' id='line_1_140' title="bbox 2329 2490 2453 2518; baseline 0 -6"><span class='ocrx_word' id='word_1_984' title='bbox 2329 2490 2453 2518; x_wconf 79' lang='lat' dir='ltr'>spiritualis.</span> 
     </span>
    </p>
   </div>
   <div class='ocr_carea' id='block_1_26' title="bbox 2320 2623 2432 2651">
    <p class='ocr_par' dir='ltr' id='par_1_41' title="bbox 2320 2623 2432 2651">
     <span class='ocr_line' id='line_1_141' title="bbox 2320 2623 2432 2651; baseline 0 -6"><span class='ocrx_word' id='word_1_985' title='bbox 2320 2623 2432 2651; x_wconf 81' lang='lat' dir='ltr'>Superbia.</span> 
     </span>
    </p>
   </div>
  </div>
 </body>
</html>
