2476 3921
305 254 365 287 v136
528 265 531 268 ⁴
902 242 1096 275 COMMENT.
1122 241 1157 273 ΙΝ
1182 237 1420 272 EVANGELIUM
1446 234 1563 268 LUCAE
1587 234 1619 267 C.
1645 233 1692 265 Vl.

305 339 483 374 Pharisaei
498 340 506 357 ¹
532 335 681 369 dicebant
706 334 793 366 iilis:
829 331 917 373 Quid
941 329 1056 373 facitis
1080 329 1167 372 quod
1198 337 1263 359 uon

303 396 373 427 [ieet
397 393 431 425 in
457 388 633 424 Sabbatis?
665 388 740 429 quia
772 388 975 428 praeceptum
1008 386 1077 415 erat
1108 383 1139 415 in
1169 383 1263 423 Lege,

305 446 399 479 Exodi
424 445 544 477 decimo
576 444 667 475 sexto
699 444 730 473 et
762 438 923 480 trigesimo
946 437 1058 479 quinto
1082 439 1113 468 et
1138 434 1264 467 Levitici

303 499 452 541 vigesimo
485 496 594 533 tertio,
627 493 797 526 Sabbatum
830 489 1067 532 diligentissime
1090 487 1263 520 observari.

305 554 339 585 Et
363 552 431 584 ideo
455 549 630 591 arguebant
654 556 707 580 eos
731 550 881 587 tanquam
907 543 983 585 legis
1014 542 1139 574 divinae
1164 544 1266 573 trans-

304 613 481 648 gressores,
511 603 592 635 sicut
624 600 805 642 Magistrum
838 606 972 634 eorum;
1006 595 1127 628 loannis
1162 602 1265 625 nono:

309 674 323 687 α
341 660 405 691 Non
430 661 477 690 est
505 656 556 688 hic
589 655 683 687 homo
706 663 724 685 a
749 653 830 691 Deo,
855 651 909 693 qui
935 649 1106 682 Sabbatum
1131 656 1192 679 non
1216 655 1268 678 cu-

305 712 398 746 stodit
415 725 444 742 ».
478 709 563 743 Unde
595 717 649 741 eos
673 710 775 739 morte
799 705 910 747 dignos
935 702 1142 744 reputabant,
1174 699 1268 742 quia,

305 765 477 799 secundum
502 763 578 795 illud
603 761 641 793 ad
665 760 821 793 Hebraeos
837 758 958 791 decimo
972 757 1002 795 ²,
1025 768 1039 783 «
1058 755 1181 787 irritam
1197 752 1270 795 quis

306 819 420 852 faciens
444 818 554 858 Legem
581 814 695 856 Moysi,
727 813 847 854 absque
876 811 941 843 ulla
975 808 1177 842 miseratione
1209 805 1269 838 sub

305 872 429 905 duobus
461 871 510 903 vel
542 869 646 901 tribus
676 866 810 900 testibus
841 865 978 897 moritur
1004 876 1035 901 »‚
1064 865 1095 894 et
1130 860 1269 893 maxime

306 928 459 967 quantum
484 923 522 955 ad
546 921 729 954 mandatum
754 919 793 951 de
817 917 968 955 Sabbat0,
993 914 1078 958 quod
1094 918 1163 947 erat
1179 921 1271 955 prae-

308 978 400 1019 cipue
423 974 674 1012 observandum3
699 972 783 1005 unde
808 971 859 1003 ille
883 969 936 1012 qui
962 969 1110 1001 inventus
1133 970 1181 999 est
1211 965 1271 998 col-

309 1032 405 1073 ligere
429 1030 512 1071 ligna
535 1028 566 1060 in
584 1026 736 1064 Sabbat0,
762 1023 948 1056 interfectus
971 1026 1037 1060 est,
1055 1021 1138 1054 sicut
1153 1019 1271 1052 dicitur

309 1085 520 1116 Numerorum
546 1080 666 1112 decimo
691 1078 819 1120 quinto:
851 1090 865 1104 «
883 1077 982 1108 Morte
1003 1073 1160 1107 moriatur
1177 1072 1271 1104 homo

310 1138 384 1175 iste,
401 1136 516 1168 obruat
532 1142 605 1166 eum
624 1131 779 1174 lapidibus
794 1130 896 1163 omnis
912 1128 1007 1161 turba
1020 1131 1114 1160 extra
1125 1129 1229 1159 castra
1242 1138 1272 1156 »

400 1190 428 1221 e.
454 1189 533 1221 Haec
562 1190 666 1219 autem
699 1184 876 1218 criminatio
908 1182 1022 1225 partim
1056 1179 1201 1213 veniebat
1231 1187 1273 1211 ex

1328 326 1461 358 Sabbato
1486 333 1547 356 non
1571 322 1729 364 obligabat
1754 321 1784 353 in
1818 329 1892 353 casu
1925 318 2139 357 necessitatis;
2172 321 2202 350 et
2234 318 2293 351 hoc

1328 378 1465 412 ostendit
1488 376 1636 418 exemplo
1662 374 1776 413 David,
1801 371 1885 416 quod
1911 373 2066 410 insinuat,
2092 381 2165 405 cum
2196 372 2291 404 dicit:

1330 484 1492 527 quarto⁵:
1522 496 1537 512 «
1554 483 1635 524 Quia
1660 482 1766 514 nullus
1791 479 1954 522 intelligit,
1979 479 2010 511 in
2028 483 2193 511 aeternum
2210 479 2294 521 peri-

1330 538 1410 571 bunt
1426 549 1457 575 »;
1476 537 1524 569 vel
1542 536 1566 569 si
1587 535 1714 577 legistiS,
1728 543 1789 566 non
1802 532 2012 570 meministis,
2025 531 2200 565 secundum
2217 531 2296 565 illud

1332 590 1501 623 Ezechielis
1525 589 1658 631 septimo
1673 600 1679 620 :
1710 601 1725 617 «
1743 587 1858 620 Peribit
1882 587 1946 619 Lex
1963 595 1982 618 a
1998 585 2159 619 sacerdote
2175 588 2206 618 et
2222 594 2296 618 con—

1331 644 1436 676 silium
1454 652 1473 675 a
1488 643 1666 676 senioribus
1689 642 1758 674 eius
1775 655 1806 679 n,
1823 640 1912 683 quasi
1930 640 2030 672 dicat:
2056 648 2129 678 vos,
2151 639 2205 681 qui
2223 639 2297 672 estis

1332 697 1421 739 Legis
1451 696 1679 733 aemulatores,
1711 694 1869 727 deberetis
1893 693 2021 735 legisse,
2046 702 2107 725 non
2132 693 2296 734 ignorare,

1333 759 1372 782 ne
1404 753 1509 791 posset
1540 749 1629 781 vobis
1657 748 1716 781 dici
1747 748 1824 780 illud
1856 747 1979 780 loannis
2009 747 2124 779 tertio:
2155 747 2234 779 «Tu
2265 755 2299 780 es

1334 804 1484 845 magister
1509 803 1539 835 in
1567 803 1677 841 lsrael,
1702 806 1733 835 et
1758 802 1835 834 haec
1859 801 1984 843 ignoras
2003 804 2039 833 n?
2064 801 2100 833 Et
2116 809 2190 833 vere
2205 800 2299 833 debe-

1335 857 1410 890 bant
1434 853 1563 898 legisse,
1595 856 1670 898 quia
1693 855 1783 888 valde
1799 854 1943 887 ‘notabile
1966 857 2035 887 erat
2057 854 2193 893 factum,
2218 854 2300 887 scili-

1334 914 1383 944 cet
1406 911 1494 953 quod
1517 909 1595 952 feeit
1628 909 1754 947 David,
1787 918 1861 941 eum
1894 908 2053 940 esurisset
2083 908 2153 951 ipse
2183 913 2213 941 et
2243 909 2302 953 qui

1335 974 1411 997 eum
1428 973 1463 996 eo
1476 964 1488 983 θ
1505 967 1611 996 erant.
1626 982 1665 986 —
1681 962 1739 995 Sed
1757 961 1952 995 contrarium
1973 962 2070 995 huius
2085 961 2159 995 dicti
2176 962 2301 996 videtur

1335 1016 1428 1059 primi
1456 1017 1573 1058 Regum
1598 1016 1748 1058 vigesimo
1772 1015 1897 1057 primo:
1928 1029 1944 1043 «
1960 1015 2064 1056 Quare
2089 1018 2123 1047 tu
2146 1015 2233 1048 solus
2248 1025 2296 1049 ve-

1336 1070 1425 1108 nisti,
1450 1073 1481 1102 et
1505 1069 1613 1102 nullus
1637 1073 1741 1101 tecum
1761 1072 1797 1101 n?
1826 1068 1884 1101 Sed
1908 1068 1987 1101 illud
2010 1068 2102 1107 dicit,
2134 1069 2209 1111 quia
2239 1078 2300 1102 non

1337 1123 1472 1156 habebat
1496 1123 1633 1155 nobilem
1662 1122 1860 1161 societatem,
1885 1131 1957 1155 cum
1981 1125 2065 1155 esset
2093 1135 2109 1151 «
2125 1131 2221 1164 gener
2253 1131 2303 1155 re-

1337 1177 1408 1219 gis⁷
1426 1190 1442 1206 »
1471 1180 1502 1209 et
1525 1185 1659 1218 magnus
1683 1176 1840 1218 princeps.
1873 1175 1960 1208 Unde
1988 1175 2136 1208 subditur
2168 1175 2302 1215 ibidem,

2327 375 2417 397 An'ertur
2447 392 2449 400 2

2313 402 2430 428 exemplum
2447 401 2449 411 ¹

1330 431 1394 464 Nec
1418 430 1478 463 lioe
1503 428 1651 472 leyistis?
1676 432 1708 462 et
1726 428 1750 460 si
1768 427 1904 469 legistis,
1922 434 1983 458 non
2001 425 2225 463 inteiieoeistis,·
2241 425 2293 457 Iob
2335 428 2409 450 David·
2448 428 2449 465 1

2321 958 2438 980 Diffieuttas
2472 963 2473 967 ¹

2334 985 2428 1007 solvitur.

172 1248 251 1296 ξῐῐίωῐ
253 1242 505 1289 miotqnorantia
530 1240 642 1283 Leyis,
668 1238 782 1280 partim
807 1246 847 1270 ex
872 1235 1031 1279 superbia
1047 1234 1183 1272 mentis,
1201 1241 1274 1274 par-

146 1280 299 1324 ῗιξὲτῦιῐωω
312 1298 365 1330 11111
390 1305 431 1329 ex
455 1293 667 1327 simulatione
690 1290 897 1334 hypocrisis
923 1289 1037 1331 partim
1054 1297 1095 1320 ex
1112 1285 1274 1329 supersti-

155 1356 296 1403 Εῑῐᾶῑξυὲτὲη-
311 1351 395 1383 tione
419 1346 620 1387 tiaditionis.
639 1366 682 1370 -
700 1345 745 1377 Ex
770 1343 965 1387 iqnommia
990 1342 1103 1385 Le9i8,
1121 1340 1196 1383 quia
1211 1348 1274 1372 non

244 1388 255 1408 g
310 1402 539 1445 prohibebatur
563 1400 679 1432 sumtio
703 1397 914 1435 necessitatis,
940 1395 993 1428 sed
1018 1394 1159 1437 operatio
1176 1392 1275 1425 servi-

313 1456 396 1489 tutis.
422 1455 457 1486 Et
482 1453 550 1486 ideo
582 1453 698 1485 talibus
728 1452 845 1484 dicitur
874 1449 1021 1482 Matthaei
1046 1447 1196 1490 vigesimo
1228 1455 1276 1479 se-

311 1508 459 1543 cundo3:
491 1521 505 1535 «
524 1507 544 1539 F
549 1507 660 1543 iratis
686 1505 861 1538 nescientes
878 1503 1060 1545 Scripturas
1083 1509 1187 1542 neque
1211 1500 1275 1531 vir—

163 1568 190 1588 Ex
206 1566 412 1597 uverbiatutem
438 1561 492 1593 Dei
511 1575 540 1592 υ.
566 1579 609 1583 -
635 1560 680 1591 Ex
703 1557 863 1599 superbia
887 1556 1022 1593 meum>³
1041 1555 1116 1596 quia
1130 1554 1208 1586 alios
1223 1553 1277 1586 de-

1338 1230 1422 1273 quod
1452 1243 1467 1258 a
1485 1239 1559 1263 vasa
1575 1238 1749 1271 puerorum
1767 1232 1857 1262 erant
1873 1232 1981 1262 sancta
1996 1242 2028 1260 ».
2046 1229 2230 1262 Societatem
2248 1229 2304 1271 igi-

1338 1287 1392 1316 tur
1418 1283 1547 1322 habuit,
1573 1283 1645 1315 licet
1668 1291 1729 1315 non
1755 1282 1798 1314 ita
1820 1291 1965 1324 magnam
1989 1282 2039 1315 vel
2063 1281 2249 1322 notabilem;
2274 1286 2306 1315 et

1338 1336 1382 1368 illi
1415 1336 1546 1368 fuerunt
1578 1336 1652 1368 socii
1677 1336 1746 1368 eius
1770 1335 1801 1368 in
1825 1335 1924 1374 facte,
1950 1339 1986 1368 ut
2014 1344 2075 1368 non
2108 1335 2229 1377 possint
2259 1335 2305 1368 di-

1339 1398 1429 1428 cere,
1453 1389 1571 1422 factum
1597 1398 1665 1421 esse
1689 1397 1784 1422 causa
1807 1388 1961 1431 privilegii
1987 1389 2139 1431 specialis.

1430 1444 1460 1475 8.
1486 1443 1587 1483 (Vers.
1620 1442 1674 1484 4.).
1707 1442 1793 1475 Unde
1825 1442 1930 1475 addit:
1965 1442 2134 1483 Quomodo
2166 1443 2307 1476 intravit
2325 1437 2461 1487 3223&ssssss

1343 1496 1378 1529 in
1401 1496 1537 1529 domum
1565 1496 1641 1535 Dei,
1666 1496 1696 1528 id
1713 1500 1760 1531 est
1778 1496 1808 1529 in
1826 1496 2086 1535 tabernaculum,
2103 1496 2178 1538 quia
2194 1496 2307 1530 domus
2332 1491 2451 1513 ⁰¹³⁵²‘'”i‘

1342 1550 1415 1588 Dei,
1441 1550 1471 1582 id
1495 1553 1542 1583 est
1568 1550 1737 1591 templum,
1762 1549 1902 1582 nondum
1927 1553 1995 1582 erat
2011 1549 2194 1589 aedificata;
2212 1550 2306 1592 primi
2348 1519 2433 1545 Legem.

169 1834 197 1854 Ex
213 1832 297 1853 simula-

151 1860 209 1890 tione
232 1860 297 1886 hypo-

152 1892 220 1908 crxsus.

172 2053 181 2066 x
198 2046 298 2072 supersti-

162 2073 217 2102 tione
233 2072 297 2093 tradi-

163 2103 234 2120 tioniS.

181 2472 259 2496 Tertio,
276 2472 302 2492 de

168 2499 248 2525 duplici
263 2499 303 2520 cri·

174 2528 300 2546 minatorem

160 2552 311 2573 confutatione.

176 2667 253 2690 Primo.
268 2672 306 2693 per

171 2694 310 2720 Scripturam.

192 1596 275 1615 ’ΜΝ
313 1616 504 1658 spiciebant,
529 1614 611 1646 sicut
635 1612 717 1645 infra
740 1611 861 1643 decimo
877 1613 988 1641 octavo
1011 1607 1128 1640 dicitur
1144 1606 1183 1639 de
1201 1606 1278 1638 Pha-

314 1670 425 1707 risaeo,
442 1668 496 1710 qui
514 1676 547 1700 se
564 1667 668 1709 ipsum
686 1664 836 1697 iactabat:
855 1676 870 1691 «
884 1662 1007 1694 Gratias
1021 1661 1087 1699 tibi,
1101 1660 1196 1698 Deus,
1208 1668 1278 1701 ago,

314 1722 388 1764 quia
412 1730 473 1753 non
497 1729 569 1752 sum
593 1719 675 1752 sicut
699 1717 795 1750 ceteri
822 1715 985 1748 hominum
1004 1726 1035 1753 »3
1060 1713 1098 1746 ad
1125 1713 1279 1745 Romanos

314 1776 455 1808 decimo:
487 1787 502 1802 «
520 1773 572 1806 Dei
599 1773 779 1815 ignorantes
804 1769 965 1807 iustitiam,
983 1776 1072 1800 suam
1090 1769 1281 1808 quaerentes

315 1832 472 1866 statuere,
505 1826 641 1859 iustitiae
673 1825 727 1857 Dei
761 1833 822 1857 non
855 1826 930 1855 sunt
958 1821 1138 1855 subiecti».
1165 1838 1207 1843 —
1233 1819 1279 1851 Ex

316 1882 527 1915 ‚simulatione
552 1879 750 1923 hypocrisis,
776 1876 949 1910 secundum
969 1874 1045 1908 illud
1063 1873 1209 1906 Matthaei
1234 1873 1279 1906 vi-

316 1936 435 1978 gesimo
468 1934 606 1967 tei‘tio4:
636 1933 731 1965 «Vae
764 1930 872 1963 vobis!
906 1929 1028 1962 scribae
1060 1931 1091 1961 et
1123 1927 1279 1960 Pharisaei

317 1988 517 2031 hypocritae,
535 1987 588 2029 qui
606 1985 768 2019 decimatis
785 1984 944 2017 mentham
962 1986 993 2015 et
1010 1981 1183 2023 reliquistis
1199 1989 1281 2022 quae

317 2042 462 2084 graviora
487 2044 561 2073 sunt
586 2040 674 2082 Legis
691 2053 720 2070 n.
740 2057 783 2062 -—
801 2037 847 2069 Ex
870 2035 1103 2078 superstitione
1127 2033 1281 2066 traditio-

318 2096 389 2134 nis,
415 2095 445 2127 in
470 2103 534 2136 qua
557 2093 708 2126 maiorem
733 2092 797 2123 vim
822 2089 976 2122 faciebant
999 2097 1095 2130 quam
1120 2087 1152 2120 in
1181 2088 1281 2129 Lege;

320 2149 402 2182 unde
425 2148 541 2180 dicitur
565 2147 610 2179 eis
634 2144 780 2178 Matthaei
804 2143 927 2176 decimo
942 2141 1075 2184 quinto:
1098 2153 1113 2168 «
1130 2140 1235 2182 Quare
1252 2143 1283 2172 et

320 2211 374 2234 vos
399 2199 651 2242 transgredimini
685 2196 869 2229 mandatum
898 2195 954 2232 Dei
989 2197 1118 2236 propter
1142 2192 1284 2225 traditio-

319 2264 389 2287 nem
415 2257 551 2286 vestram
569 2256 606 2284 n?
629 2270 669 2275 —
688 2251 766 2283 Haec
790 2253 895 2282 autem
921 2247 1098 2281 criminatio
1122 2247 1284 2289 potissime

320 2307 464 2340 veniebat
486 2315 527 2338 ex
552 2304 749 2348 iynorautia
775 2303 887 2345 Leyis,
913 2311 954 2334 ex
980 2310 1044 2343 qua
1068 2299 1284 2332 inflammaba-

321 2366 373 2394 tur
398 2360 638 2392 Pharisaeorum
665 2356 865 2400 perversitas.

411 2415 440 2445 7.
467 2413 568 2452 (Vers.
588 2412 642 2453 3.).
670 2410 937 2443 Criminatorum
961 2411 1067 2440 autem
1084 2405 1285 2449 confutatio-

323 2478 395 2500 nem
420 2466 554 2499 subiecit
569 2464 741 2498 auctoritas
763 2463 928 2501 Veritatis,
946 2465 977 2495 et
993 2462 1074 2494 hanc
1090 2463 1194 2499 notat,
1212 2469 1285 2493 cum

323 2521 449 2554 subdit:
470 2520 508 2552 Et
531 2518 731 2561 respondeus
757 2518 849 2549 Iesus
873 2516 918 2548 ad
941 2524 1007 2553 eOS,
1031 2514 1127 2547 dixit.
1152 2513 1286 2546 Confun-

324 2574 370 2606 dit
393 2576 497 2605 autem
523 2572 645 2605 Veritas
675 2570 857 2603 Pharisaeos
888 2572 919 2601 et
949 2567 1086 2600 defendit
1117 2566 1288 2608 discipulos

327 2627 525 2660 auctoritate
550 2625 747 2666 Scripturae
763 2627 793 2655 et
810 2623 903 2655 etiarn
918 2621 1072 2664 propria.
1092 2639 1129 2643 —-
1152 2620 1208 2652 Per
1225 2628 1287 2651 (tu--

326 2680 508 2712 ctoritatem
534 2678 729 2720 Scripturae
752 2675 908 2714 ostendit,
930 2673 1014 2716 quod
1038 2673 1221 2705 mandatum
1249 2671 1288 2704 de

1342 1603 1599 1645 Paralipomenon
1630 1602 1752 1635 decimo
1784 1602 1964 1644 septim08:
2000 1616 2015 1631 «
2032 1602 2097 1635 Non
2129 1603 2309 1637 aedificabis

1343 1656 1418 1688 mihi
1451 1656 1581 1688 domum
1612 1656 1651 1688 ad
1683 1655 1899 1689 habitandum.
1933 1656 1998 1688 Non
2030 1656 2113 1689 enim
2144 1657 2243 1690 mansi
2276 1657 2308 1689 in

1342 1710 1453 1749 domo,
1478 1719 1519 1743 ex
1552 1719 1616 1752 quo
1647 1709 1744 1742 eduxi
1778 1710 1872 1742 Israel
1895 1709 1934 1742 de
1958 1710 2113 1752 Aegypto,
2137 1719 2240 1752 usque
2270 1710 2309 1743 ad

1343 1764 1425 1797 diem
1451 1764 1532 1796 hanc
1549 1777 1578 1796 ».
1596 1782 1641 1787 —
1657 1764 1717 1797 Nec
1735 1766 1857 1796 tantum
1875 1763 1905 1796 in
1923 1763 2070 1803 domum,
2095 1763 2126 1796 id
2142 1768 2190 1797 est
2207 1764 2310 1797 taber-

1344 1818 1510 1857 naculum,
1528 1818 1687 1857 introivit,
1705 1817 1773 1857 sed,
1790 1817 1874 1860 quod
1887 1817 1959 1860 plus
1972 1820 2029 1856 est,
2043 1826 2149 1860 paves
2162 1817 2174 1836 ⁹
2187 1827 2310 1860 propo-

1344 1871 1475 1904 sitionis
1489 1872 1629 1910 sumsit,
1645 1871 1766 1904 sumsit
1783 1871 1901 1904 scilicet
1924 1880 1943 1903 a
1967 1871 2146 1910 sacerdote,
2170 1875 2199 1903 et
2213 1881 2310 1904 mau-

1345 1925 1490 1958 dueuvit.
1518 1925 1553 1957 Et
1576 1925 1615 1958 de
1643 1925 1692 1958 his
1721 1925 1856 1967 panibus
1881 1924 1977 1957 Exodi
2003 1925 2309 1967 vigesimoquinto:

1351 1993 1366 2008 «
1384 1980 1480 2012 Panes
1512 1988 1609 2021 super
1640 1988 1781 2012 mensam
1807 1987 1904 2021 pones
1928 1978 2151 2020 propositionis
2182 1978 2215 2011 in
2238 1988 2311 2012 con-

1347 2036 1457 2076 spectu
1481 2042 1551 2066 meo
1575 2041 1700 2074 semper
1717 2046 1748 2071 »,
1774 2032 1829 2074 qui
1855 2032 1924 2065 ideo
1945 2032 2186 2075 propositionis
2201 2032 2312 2066 dicun-

1347 2089 1418 2124 tur,
1443 2086 1518 2127 quia
1542 2094 1599 2127 per
1623 2085 1747 2127 singula
1771 2085 1905 2118 Sabbata
1928 2094 2026 2127 super
2041 2094 2181 2118 mensam
2198 2095 2313 2128 propo-

1348 2139 1515 2172 nebantur.
1541 2157 1583 2162 —
1608 2138 1643 2171 Et
1667 2138 1753 2180 quod
1777 2138 1848 2180 plus
1864 2141 1928 2171 est:
1954 2138 2173 2171 Manducavit
2193 2138 2262 2181 ipse
2285 2143 2315 2172 et

1348 2192 1408 2236 qui
1430 2202 1507 2225 eum
1530 2202 1565 2225 eo
1588 2196 1687 2225 eraut
1701 2191 1745 2230 ¹⁰,
1768 2191 1850 2224 sicut
1866 2191 1983 2224 dicitur
2007 2191 2100 2233 primi
2126 2192 2243 2234 Regum
2268 2192 2314 2224 vi-

1348 2246 1466 2289 gesimo
1490 2245 1615 2288 primo:
1646 2259 1661 2273 «
1678 2244 1769 2278 Dedit
1792 2243 1938 2277 sacerdos
1962 2244 2060 2276 David
2085 2244 2314 2278 sanctificatum

1348 2308 1482 2342 panem;
1507 2307 1611 2341 neque
1634 2298 1716 2331 enim
1742 2302 1832 2330 erant
1855 2297 1897 2330 ibi
1915 2297 1972 2330 nisi
1991 2300 2113 2330 tantum
2130 2307 2226 2339 panes
2242 2308 2315 2341 pro-

1349 2352 1512 2395 positionis
1529 2366 1559 2390 »,
1584 2355 1694 2385 contra
1719 2352 1848 2393 Legem;
1873 2350 1957 2383 unde
1982 2350 2109 2383 subdit:
2136 2351 2225 2392 Quos
2248 2361 2313 2385 nou

1351 2404 1466 2438 licebat
1489 2404 1699 2436 manducare
1715 2403 1785 2436 uisi
1800 2406 1932 2436 tantum
1954 2402 2206 2442 sacerdotibus;
2230 2403 2314 2437 unde

1350 2458 1466 2491 dicitur
1490 2457 1616 2490 Levitici
1642 2456 1791 2499 vigesimo
1815 2456 1970 2496 secundo,
1995 2457 2080 2499 quod
2109 2457 2315 2500 «inquilinus

1351 2511 1444 2544 etiam
1469 2510 1640 2543 sacerdotis
1663 2513 1694 2543 et
1718 2510 1934 2543 mercenarius
1967 2519 2028 2543 non
2053 2510 2209 2544 debebant
2232 2510 2314 2544 vesci

1351 2565 1390 2598 de
1414 2563 1615 2597 sanctificatis
1631 2577 1661 2595 ».
1695 2563 1753 2596 Sed
1778 2563 1904 2597 Levitici
1929 2563 2079 2606 vigesimo
2103 2566 2218 2605 quarto
2240 2563 2317 2596 dici-

1352 2622 1406 2651 tur
1434 2617 1472 2650 de
1504 2616 1639 2659 panibus
1671 2617 1908 2659 propositionis,
1941 2616 2025 2659 quod
2057 2620 2148 2649 erant
2183 2629 2198 2645 α
2216 2617 2316 2649 Aaron

1353 2674 1384 2704 et
1402 2671 1557 2709 tiliorum,
1576 2673 1611 2702 ut
1628 2669 1791 2703 comedant
1810 2670 1840 2702 in
1854 2670 1921 2702 loco
1935 2673 2059 2708 sancto,
2077 2669 2151 2711 quia
2167 2670 2315 2702 Sanctum

402 2879 409 2893 ¹
441 2880 565 2911 Vulgata,
593 2885 673 2911 quam
703 2877 822 2910 sequitur
848 2877 906 2902 Vat.
937 2881 961 2902 et
988 2884 1055 2902 unus
1084 2877 1181 2902 alterve
1211 2876 1288 2906 cod,

332 2924 552 2950 Pharisaeorum.
572 2937 606 2941 —
626 2922 743 2947 Subinde
762 2922 906 2953 allegantur
920 2921 1000 2947 Exod.
1024 2922 1065 2951 16,
1086 2921 1127 2946 26.
1148 2925 1173 2946 et
1192 2921 1239 2951 35,
1260 2921 1288 2952 2;

333 2970 392 2994 ch.
414 2969 461 3000 23,
482 2969 505 2993 3.
526 2972 551 2993 et
570 2969 639 2993 loan.
658 2968 689 2998 9,
712 2968 751 2992 16.

402 3012 412 3027 ²
433 3014 506 3038 Vers.
521 3013 562 3037 28.
582 3027 616 3030 -
636 3012 759 3044 Sequitur
779 3012 854 3037 Num.
878 3011 922 3043 15,
943 3011 985 3036 35,

403 3055 413 3069 ⁹
435 3057 507 3081 Vei-S.
528 3056 571 3081 29.
588 3069 624 3074 -
643 3056 699 3081 Duo
719 3062 794 3088 seqq.
813 3055 861 3080 loci
881 3058 940 3080 sunt
959 3056 1020 3080 Luc.
1046 3055 1088 3084 l8,
1114 3054 1152 3079 ll.
1170 3057 1196 3079 et
1214 3054 1290 3079 Rom.

337 3103 381 3132 10,
402 3102 425 3126 3.
445 3115 479 3119 —
499 3101 626 3132 Superius
646 3107 693 3131 pro
722 3098 841 3132 operatio
870 3098 1006 3125 servitutis
1036 3099 1080 3130 (ita
1102 3099 1122 3123 D
1141 3105 1155 3123 a
1175 3097 1290 3124 secunda

334 3146 424 3178 manu)
445 3146 463 3170 Α
475 3145 493 3171 C
505 3146 525 3170 H
544 3144 613 3171 actio
632 3143 781 3176 servitutis,
802 3144 860 3169 Vat.
879 3143 983 3169 occasio
1003 3143 1148 3169 servitutis.

403 3189 414 3203 ⁶
434 3190 508 3215 Vcrs.
528 3190 569 3215 25.
590 3203 624 3208 —-
644 3188 761 3214 Subinde
780 3189 906 3220 allegatur
927 3189 1013 3213 Matth.
1037 3188 1081 3219 15,
1102 3188 1125 3213 3.

405 3233 415 3247 ⁵
435 3235 508 3259 Vers.
529 3235 575 3264 20,
597 3233 640 3259 ubi
661 3240 708 3265 pio
725 3232 853 3266 peribunt
872 3233 891 3260 C
903 3233 922 3258 D
936 3233 956 3257 G
973 3232 1078 3266 peribit.
1095 3247 1128 3250 -—
1142 3233 1293 3265 Sequuntur

335 3279 426 3304 Ezecli.
445 3278 474 3308 7,
494 3278 536 3303 26.
555 3281 580 3303 et
599 3278 667 3303 loan.
688 3278 718 3307 3,
740 3278 780 3302 Ἰ10,

406 3320 416 3335 ⁶
437 3322 469 3347 lta
490 3322 567 3346 etiam
598 3321 680 3351 Beda,
706 3321 783 3347 Card.
812 3322 879 3353 llug.
909 3324 933 3346 et
959 3322 986 3346 B.
1013 3320 1107 3346 Albert.
1130 3321 1186 3352 (cfr.
1207 3321 1293 3346 Mattli.

338 3367 385 3397 12,
406 3366 429 3391 3.
450 3369 475 3391 et
495 3366 570 3390 Marc.
591 3366 619 3395 2,
640 3365 707 3397 25.);
723 3365 833 3397 Vulgata
849 3364 904 3391 illo.
918 3378 951 3384 -
967 3365 1089 3397 Sequitur
1103 3366 1120 3390 l.
1134 3365 1197 3396 Reg.
1213 3364 1255 3394 21,
1270 3365 1293 3388 11.

407 3408 416 3423 ⁷
437 3410 506 3435 Libr.
527 3410 542 3434 l.
563 3410 626 3441 Reg.
651 3410 694 3440 18,
716 3410 757 3434 22.
780 3413 804 3434 et
824 3409 871 3441 27,
891 3413 950 3441 post
968 3416 1047 3442 quem
1068 3410 1193 3441 allegatur
1213 3410 1256 3439 21,
1270 3409 1295 3434 5.

1425 2873 1435 2888 ⁸
1455 2875 1530 2900 Vers.
1556 2874 1580 2899 4.
1599 2877 1624 2899 et
1644 2874 1668 2899 5.

1426 2917 1437 2932 ⁹
1458 2920 1569 2951 Vulgata
1589 2920 1614 2944 et
1628 2924 1724 2951 panes.
1744 2931 1779 2937 -
1800 2917 1924 2950 Sequitur
1944 2916 2024 2942 Exod.
2044 2917 2090 2946 25,
2112 2917 2153 2946 30,
2168 2915 2214 2941 uhi
2227 2916 2317 2942 Glossa

1355 2963 1512 2991 ordinaria:
1535 2964 1661 2995 losephus
1681 2961 1729 2995 [ΙΙΙ.
1748 2962 1834 2995 Antiq.
1854 2969 1878 2988 c.
1898 2962 1928 2991 6,
1949 2962 1977 2991 2,
1991 2960 2032 2986 ed.
2048 2959 2138 2993 Didot]
2155 2960 2232 2991 dicit,
2252 2960 2318 2986 duo-

1355 3009 1441 3034 decim
1462 3014 1545 3039 panes
1563 3014 1594 3032 ex
1613 3007 1696 3032 simila
1717 3006 1787 3036 fleri,
1806 3006 1922 3038 singulos
1941 3012 1972 3030 ex
1990 3003 2096 3030 duabus
2121 3004 2245 3035 decimis,
2273 3004 2317 3037 qui

1357 3051 1472 3078 Sabbato
1492 3058 1571 3083 super
1591 3057 1708 3077 mensam
1729 3057 1772 3076 sex
1793 3050 1853 3075 hinc
1873 3053 1898 3074 et
1916 3055 1960 3074 sex
1979 3048 2040 3074 inde
2060 3047 2227 3080 ponebantur
2245 3053 2294 3074 etc.

1429 3094 1451 3109 ¹⁰
1471 3096 1603 3126 Vulgata:
1633 3094 1666 3121 Et
1689 3093 1866 3120 manducavit
1889 3094 1914 3119 et
1941 3091 2011 3118 dedit
2036 3091 2078 3118 his
2106 3091 2154 3126 qui
2171 3098 2233 3118 cum
2262 3091 2319 3125 ipso

1357 3143 1450 3172 erant,
1470 3146 1539 3173 quae
1567 3140 1645 3165 etiam
1675 3140 1753 3171 paulo
1784 3138 1893 3163 interius
1912 3144 1961 3169 pro
1991 3135 2064 3168 Quos
2084 3143 2139 3163 non
2160 3135 2254 3163 licebat
2273 3135 2318 3167 (ita

1357 3185 1435 3212 Card.
1454 3185 1531 3216 Hug.,
1551 3185 1579 3209 B.
1598 3184 1694 3210 Albert.
1715 3187 1740 3210 et
1759 3184 1891 3214 Lyranus;
1911 3182 1957 3207 cfr.
1978 3182 2065 3207 Matth.
2086 3182 2132 3212 12,
2153 3180 2177 3206 4.
2197 3184 2223 3206 et
2241 3180 2318 3205 Marc.

1359 3232 1388 3261 2,
1409 3230 1463 3262 26.)
1483 3229 1615 3254 substituit
1636 3227 1708 3259 Quos
1727 3234 1782 3253 non
1802 3226 1869 3253 licet.
1882 3239 1918 3245 -—
1931 3225 2050 3251 Subinde
2064 3225 2209 3257 allegantur
2224 3225 2239 3249 l.
2254 3224 2318 3255 fleg.

1359 3276 1408 3306 21,
1428 3274 1458 3305 63
1479 3275 1540 3299 Lev.
1561 3274 1609 3304 22,
1640 3273 1677 3298 10.
1705 3276 1731 3298 et
1760 3271 1808 3303 24,
1829 3271 1858 3301 9,
1878 3271 1904 3295 in
1923 3270 1998 3296 cuius
2026 3270 2078 3295 fine
2104 3269 2229 3301 Vulgata:
2256 3267 2319 3302 quia

1359 3319 1491 3346 sanetum
1510 3319 1669 3344 sanctorum
1688 3318 1727 3342 est
1745 3315 1776 3342 de
1803 3314 1944 3349 sacrificiis
1970 3313 2080 3340 Domini
2103 3313 2162 3340 iure
2177 3313 2317 3347 perpetuo.

1360 3377 1394 3382 —
1415 3363 1471 3388 Vnt.
1492 3362 1599 3387 interius
1618 3360 1714 3386 omittit
1733 3361 1828 3386 contra
1847 3359 1970 3393 Leqem...
1990 3359 2096 3385 tantum
2109 3355 2301 3384 sacerdotibus.

2332 2131 2401 2153 Etiam
2415 2130 2456 2152 soci

2346 2158 2449 2180 eiusdem.
