2476 3921
150 1067 271 1096 Appellatio

150 1095 272 1114 anthentica

141 1120 283 1140 desideratur.

146 1488 193 1515 Ipsa
208 1488 277 1509 datur.

170 2333 279 2354 Mirantur.

300 230 340 262 36

300 321 368 349 tur:
397 317 434 347 Et
457 316 615 347 (limarum
637 315 682 346 ad
706 314 816 346 illam.-
843 315 931 355 Quia
958 324 1050 347 nemo
1074 320 1119 346 esc
1143 315 1178 347 ia
1202 324 1252 346 co-

295 370 450 412 ynatione
475 373 551 405 tua,
576 368 635 410 qai
657 371 788 399 vocetur
811 366 870 400 lioc
893 368 1032 399 nomine.
1059 368 1117 400 Sed
1140 377 1250 400 eorum

299 422 443 454 instantia
466 421 552 453 nulla
575 424 660 459 erat,
685 420 773 462 quia,
797 420 968 453 secundum
987 420 1070 462 quod
1093 420 1167 452 dicit
1183 421 1252 452 Am-

297 475 421 507 brosius
436 475 464 512 ¹,
495 487 509 501 «
527 474 585 505 boc
614 482 726 506 nomen
758 482 819 505 non
844 476 892 505 est
915 473 1052 515 generis,
1085 473 1138 505 sed
1162 473 1250 505 vatis.

297 528 414 559 Habent
430 527 510 559 enim
535 527 594 559 lioc
610 527 722 559 merita
738 527 921 559 Sanctorum
934 551 941 564 ,
958 529 995 558 ut
1017 535 1035 558 a
1051 526 1115 559 Deo
1138 535 1251 558 nomen

296 581 464 622 accipiant,
489 580 569 612 sicut
587 579 674 612 Iacob
699 579 791 611 Israel
820 583 949 611 vocatus
973 582 1036 617 est,
1057 578 1184 611 Genesis
1200 578 1252 610 tri-

296 633 413 675 gesimo
429 632 579 670 secundo,
597 632 671 674 quia
695 632 771 664 vidit
787 632 887 664 Deum
901 644 935 670 »;
960 632 1003 664 sic
1019 632 1057 664 de
1074 632 1251 669 Salomone,

297 686 423 718 secundi
460 686 576 727 Regum
608 685 808 718 duodecimo}
839 685 998 717 «Vocavit
1033 694 1148 717 nomen
1183 684 1252 716 eius

297 738 452 770 amabilis
477 738 662 770 Domino».
690 738 724 769 Et
753 738 900 779 quoniam
922 737 1079 770 contentio
1103 740 1171 769 erat
1201 737 1252 769 hic

296 792 377 824 inter
401 792 531 833 gratiam
549 794 579 823 et
604 795 763 829 naturam,
788 791 869 823 inter
885 791 1123 832 appellationem
1140 791 1252 822 huma-

296 854 366 877 nam
391 848 422 877 et
446 844 666 877 revelationem
691 844 924 885 propheticam,
949 844 1018 876 ideo
1049 844 1253 885 requirebant

295 899 472 940 opinionem
505 902 681 939 paternam,
710 901 746 929 ut
777 897 842 938 ipse
867 897 1021 938 proferret
1049 897 1251 929 assertionem

297 952 519 984 authenticam.

391 1006 459 1036 III.
478 1004 577 1045 (Vers.
598 1003 673 1042 62).
699 1004 864 1044 Propterea
888 1003 1046 1044 sequitur:
1070 1002 1254 1034 lnnuebcmt

297 1062 406 1089 aulem
428 1056 523 1097 patri
546 1056 635 1093 eius,
660 1065 753 1097 quem
778 1055 865 1086 vellet
888 1055 1004 1086 vocari
1027 1064 1121 1092 eam;
1138 1055 1253 1086 inmte-

297 1109 392 1147 bant,
429 1109 574 1150 inquam,
611 1107 708 1139 surdo
739 1111 770 1139 et
805 1112 910 1144 muto,
946 1107 1033 1148 quia,
1066 1106 1147 1139 sicut
1178 1106 1253 1138 dicit

296 1162 476 1194 Ambrosius
494 1162 516 1199 2,
547 1174 561 1187 «
579 1160 781 1192 incredulitas
804 1160 931 1191 affatum
951 1160 977 1191 ei
1004 1159 1205 1200 surripuerat
1224 1161 1255 1190 et

296 1215 438 1246 auditum
457 1226 490 1251 »;
516 1216 546 1245 et
570 1216 673 1244 tamen
697 1212 736 1243 ab
759 1221 796 1244 eo
821 1211 1042 1252 requirebant,
1067 1211 1141 1252 quia
1161 1219 1254 1251 penes

297 1267 398 1307 ipsum
437 1265 591 1297 residebat
627 1263 797 1296 auctoritas
835 1262 1037 1300 nominandi,
1074 1266 1140 1294 tum
1180 1262 1255 1303 quia

296 1322 401 1359 pater,
429 1321 494 1350 tum
519 1318 594 1359 quia
617 1316 777 1354 sacerdos,
802 1319 869 1347 tum
894 1316 966 1357 quia
999 1319 1104 1347 ortum
1131 1314 1184 1346 filii
1208 1314 1254 1346 di-

297 1372 367 1403 vina
392 1371 581 1403 revelatione
606 1370 825 1411 praesciverat.

388 1425 458 1455 IIQ.
485 1423 585 1462 (Vers.
612 1422 687 1461 63).
715 1422 750 1453 Et
773 1421 927 1462 quianon
954 1424 1075 1462 poterat
1106 1429 1181 1452 voce
1206 1428 1254 1451 re-

297 1476 463 1517 spondere,
490 1484 584 1506 manu
601 1477 632 1506 et
649 1474 760 1505 litteris
776 1476 823 1505 cst
847 1474 983 1511 locutus,
1009 1477 1039 1505 et
1056 1473 1124 1504 ideo
1149 1472 1255 1504 subdi-

298 1534 372 1561 tur:
413 1530 449 1560 Et
481 1527 656 1569 poetata-ns
693 1526 913 1568 pupillarem,
949 1526 1083 1567 scripsit
1121 1526 1254 1557 dicens.-

299 1583 438 1614 Jocmnes
473 1585 519 1613 esc
542 1590 659 1612 ¹nomen
682 1580 773 1617 etus;
809 1580 897 1620 quasi
921 1579 1019 1611 dicat:
1056 1587 1169 1610 nomen
1194 1587 1255 1609 non

298 1635 437 1675 impono,
474 1634 525 1666 sed
563 1633 744 1675 impositum
779 1632 925 1669 declaro;
963 1640 1060 1672 supra
1095 1631 1254 1663 eodem-⁹⁸:

302 1687 465 1718 «Vocabis
498 1695 608 1718 nomen
646 1685 714 1717 eius
739 1685 882 1717 Ioannem
900 1698 934 1722 »,
971 1683 1144 1716 secundum
1180 1683 1256 1714 illud

298 1740 391 1772 Isaiae
416 1739 655 1781 quadragesimo
679 1747 778 1770 nono:
808 1737 992 1769 «Dominus
1020 1736 1059 1768 ab
1084 1740 1176 1768 utero
1203 1745 1256 1767 vo-

298 1794 378 1826 cavit
403 1802 466 1831 me,
490 1792 528 1824 de
552 1795 661 1824 ventre
685 1791 794 1823 matris
818 1800 905 1823 meae
926 1790 1108 1823 recordatus
1131 1793 1179 1822 est
1202 1798 1257 1821 no-

299 1846 389 1878 minis
413 1846 472 1877 mei
492 1859 520 1876 ».
548 1845 583 1877 Iit
607 1848 691 1877 recte
714 1844 830 1876 dicitur
854 1843 1017 1885 scriptum
1050 1846 1178 1884 propter
1203 1842 1257 1873 fir-

299 1900 436 1931 mitatem
456 1898 665 1935 indelebilem,
683 1901 718 1929 ut
742 1897 925 1929 ostendatur
951 1905 1063 1928 nomen
1085 1896 1153 1927 eius
1180 1895 1256 1927 scri-

299 1957 385 1994 ptum
412 1953 441 1983 in
469 1952 547 1984 libro
565 1951 660 1989 vitae,
678 1951 758 1983 sicut
774 1950 999 1991 discipulorum
1025 1949 1155 1987 Cliristi3
1177 1948 1258 1980 infra

298 2006 464 2037 (lecinio4:
500 2017 514 2032 «
539 2004 693 2041 Gaudete,
730 2003 804 2045 quia
840 2003 965 2034 nomina
1000 2006 1105 2034 vestra
1140 2002 1257 2043 scripta

297 2062 371 2090 sunt
405 2058 436 2089 in
472 2057 609 2089 caelis».
636 2058 678 2089 De
714 2057 772 2088 hac
806 2056 964 2097 scriptura
999 2056 1114 2088 dicitur
1142 2057 1257 2097 Apoca—

300 2111 394 2151 lypsis
420 2111 528 2143 terlio:
559 2123 573 2138 (ι
590 2110 649 2151 Qui
674 2110 798 2147 Vlcerit,
823 2110 957 2142 scribam
982 2118 1077 2150 super
1106 2118 1178 2141 eum
1203 2118 1257 2141 no-

298 2172 368 2195 men
395 2163 448 2195 Dei
473 2163 531 2195 mei
557 2166 587 2194 et
618 2172 730 2195 nomen
755 2163 888 2195 civitatis
919 2163 974 2195 Dei
1000 2162 1059 2194 mei
1084 2171 1182 2195 novae
1214 2162 1258 2194 Ic-

299 2216 435 2248 rusalem
451 2228 480 2253 »;
499 2219 530 2248 et
543 2224 656 2248 rursus
672 2215 823 2248 secundo:
846 2229 860 2243 a
874 2215 959 2248 Dabo
972 2216 998 2248 ei
1017 2216 1171 2248 calculum
1186 2224 1257 2247 can—

299 2268 421 2306 didum,
454 2272 485 2300 et
508 2269 539 2300 in
572 2268 691 2300 calculo
715 2277 826 2300 nomen
855 2268 1026 2309 scriptum,
1059 2268 1143 2310 quod
1167 2277 1258 2300 nemo

300 2321 374 2358 scit,
392 2321 448 2353 nisi
467 2321 520 2362 qui
538 2321 649 2361 accipit
666 2334 695 2352 n.
710 2339 753 2344 -—
768 2321 802 2352 Et
818 2320 891 2362 quia
908 2330 1034 2353 causam
1052 2321 1148 2353 buius
1163 2321 1258 2353 deno-

299 2374 477 2419 minationis
501 2374 698 2411 nescierunt,
724 2373 792 2405 ideo
808 2373 966 2415 sequitur:
994 2375 1031 2405 Ει
1047 2374 1166 2406 mirati
1180 2378 1259 2405 sunt

299 2427 467 2465 aaiversi;
491 2427 598 2459 Glossa
611 2427 638 2458 ⁵:
669 2440 683 2454 «
703 2427 831 2468 Propter
848 2427 1081 2459 consonantiam
1107 2427 1188 2459 inter
1205 2437 1258 2469 pa-

299 2483 378 2512 trem
405 2483 435 2512 et
460 2484 590 2512 matrem
608 2493 644 2518 »,
669 2483 704 2511 ut
728 2479 789 2511 iam
812 2492 826 2506 α
845 2479 875 2511 in
899 2488 953 2511 ore
969 2479 1105 2511 duorum
1131 2480 1257 2512 testium

905 226 1097 259 COMMENT.
1123 227 1159 259 IN
1182 226 1419 260 EVANGELIUM
1444 227 1560 259 LUCAE
1585 228 1615 259 C.
1642 227 1662 258 Ι.

1317 318 1414 347 staret
1430 315 1506 347 illud
1524 314 1656 347 verbum
1675 328 1703 346 ».
1723 314 1777 346 Vel
1790 314 1882 346 etiam
1898 314 2017 347 mirati
2031 319 2109 347 sum
2125 316 2156 347 in
2173 325 2271 357 puero

1317 370 1432 399 tantam
1457 367 1723 408 praerogativam;
1749 366 1950 399 Ecclesiastici
1969 367 2133 400 undecimo
2156 367 2272 400 dicitur

1316 420 1354 452 de
1378 420 1446 452 viro
1470 421 1568 453 iusto:
1598 433 1613 448 «
1631 420 1714 452 Deus
1730 420 1880 452 exaltavit
1904 420 2008 459 illum,
2025 424 2055 453 et
2078 420 2183 453 mirati
2199 425 2273 453 sunt

1316 473 1347 505 in
1372 473 1424 505 illo
1456 473 1545 505 multi
1569 476 1600 505 et
1633 473 1867 505 honoraverunt
1902 473 2001 506 Deum
2023 486 2054 505 ».
2090 473 2176 506 Unde
2207 474 2273 515 ipse

1316 529 1438 567 poterat
1460 526 1564 558 dicere
1588 526 1665 558 illud
1689 526 1863 567 Sapientiae
1886 529 2009 558 octavo:
2035 539 2050 554 «
2067 526 2171 558 Facies
2187 527 2273 567 prin-

1316 579 1420 620 cipum
1446 579 1646 611 mirabuntur
1671 587 1720 610 me
1736 591 1766 609 ».
1793 578 1824 610 In
1849 587 1912 620 quo
1936 578 2096 617 docemur,
2121 578 2205 620 quod
2227 578 2274 610 di-

1317 632 1462 663 vinorum
1487 631 1723 673 privilegiorum
1743 631 1978 672 praerogativae
1995 630 2093 672 magis
2116 634 2190 662 sunt
2214 631 2273 663 hu-

1316 684 1431 717 militer
1455 687 1486 716 et
1514 684 1617 716 sobrie
1640 684 1854 722 admirandae,
1879 693 1975 725 quam
2000 683 2172 725 procaciter
2204 692 2274 725 per-

1317 737 1512 769 scrutandae.

1410 790 1480 822 113.
1508 790 1735 832 Spiriiualz'ter
1764 794 1857 828 nota,
1882 790 1965 831 quod
1989 798 2045 831 per
2070 788 2275 822 Zachariam

1318 842 1502 884 intelligitur
1526 846 1617 875 vetus
1641 843 1866 880 sacerdotium,
1882 851 1938 884 per
1956 842 2113 874 loannem
2135 851 2273 881 novum;

1318 899 1348 928 et
1379 896 1454 937 quia
1485 899 1576 928 vetus
1607 899 1637 927 et
1661 904 1777 927 novum
1801 895 1951 927 differunt
1982 894 2064 927 sicut
2094 895 2275 928 memoriale

1317 948 1458 980 muneris
1481 952 1512 980 et
1536 948 1640 989 ipsum
1674 957 1812 986 munus;
1838 948 1906 980 ideo
1937 950 2020 979 recte
2052 947 2103 979 ille
2135 947 2275 980 denomi-

1318 1005 1412 1033 natur
1436 1011 1454 1032 a
1481 1000 1686 1039 memoriali,
1718 1001 1775 1033 iste
1809 1009 1882 1032 vero
1909 1009 1928 1032 a
1956 1009 2091 1031 mamre
2120 1000 2275 1041 [Ji-aliae,-

1318 1058 1348 1086 et
1373 1055 1431 1086 hoc
1467 1054 1593 1095 quidem
1619 1054 1693 1085 satis
1729 1056 1827 1091 recte,
1863 1053 1937 1094 quia
1972 1053 2124 1085 memoria
2158 1053 2211 1085 Dei
2244 1053 2276 1085 in

1318 1107 1407 1139 nobis
1431 1110 1560 1149 generat
1583 1106 1761 1138 affectiones
1784 1106 1911 1138 virtutis
1928 1109 1959 1138 et
1982 1106 2110 1147 gratiae.
2129 1106 2205 1138 Nam
2221 1107 2275 1148 qui

1318 1160 1386 1192 vult
1409 1168 1477 1192 esse
1512 1160 1652 1191 Ioannes
1687 1167 1743 1200 per
1767 1159 1916 1200 gratiam,
1952 1162 2093 1200 oportet,
2130 1159 2213 1200 quod
2237 1159 2277 1191 sit

1319 1210 1508 1244 Zacharias
1532 1212 1621 1252 prius
1645 1220 1707 1253 perf
1725 1211 1859 1243 divinam
1885 1211 2077 1244 memoriam.
2112 1212 2277 1244 Zacharias

1319 1264 1401 1296 enim
1425 1273 1550 1295 memor
1577 1264 1635 1295 Dei
1657 1264 1901 1305 interpretatur;
1919 1264 2102 1296 Psalmus⁶:
2133 1277 2148 1292 «
2164 1265 2277 1297 Memo-

1318 1317 1451 1349 moriam
1477 1317 1548 1349 fecit
1572 1317 1763 1349 mirabilium
1781 1326 1912 1350 suorum
1930 1330 1964 1356 ›>;
1991 1317 2087 1349 Exodi
2105 1318 2275 1360 vigesimo:

1324 1383 1339 1398 «
1356 1370 1458 1402 Altare
1481 1369 1519 1402 de
1544 1372 1628 1401 terra
1651 1369 1769 1401 facietis
1793 1370 1887 1407 mihi,
1912 1373 1943 1401 et
1966 1369 2103 1401 offeretis
2125 1378 2220 1411 super
2241 1379 2277 1403 eo

1320 1423 1502 1455 holocausta
1526 1426 1556 1454 et
1580 1422 1709 1464 pacifica
1736 1427 1857 1461 vestra,
1882 1431 1956 1455 oves
1986 1425 2106 1454 vestras
2129 1426 2160 1455 et
2183 1423 2278 1457 boves

1320 1475 1351 1507 in
1375 1475 1460 1507 ouini
1485 1475 1568 1513 loco,
1595 1475 1623 1507 in
1649 1485 1712 1517 quo
1735 1469 1887 1507 memoria
1909 1475 2004 1508 fuerit
2028 1475 2162 1508 nominis
2194 1477 2276 1516 mei,

1321 1528 1442 1560 veniam
1468 1527 1506 1559 ad
1530 1531 1559 1559 to
1582 1532 1613 1560 et
1637 1528 1816 1561 benedicam
1840 1529 1942 1560 tibi».

1414 1581 1484 1612 Illi.
1510 1581 1608 1613 Debet
1631 1585 1735 1613 autem
1763 1581 1894 1622 quilibet
1918 1591 1985 1614 esse
2018 1590 2137 1614 memor
2160 1591 2277 1614 sacra-

1320 1638 1507 1665 mentorum
1532 1633 1583 1665 Dei
1601 1633 1639 1665 ad
1655 1634 1853 1666 credendam
1877 1638 1908 1667 et
1924 1634 2163 1675 confitendum;
2182 1635 2278 1668 Exodi

1321 1686 1442 1718 decimo
1467 1686 1559 1718 tertio
1573 1686 1584 1704 ⁷
1609 1686 1724 1718 dicitur
1748 1687 1786 1719 de
1802 1697 1882 1729 agno
1898 1688 2053 1729 paschali:
2077 1700 2091 1716 «
2108 1687 2173 1719 Erit
2189 1688 2277 1730 quasi

1322 1739 1446 1780 signum
1470 1739 1500 1770 in
1526 1748 1621 1771 manu
1646 1743 1700 1771 tua
1723 1744 1753 1772 ot
1777 1741 1864 1782 quasi
1887 1740 2068 1773 memoriale
2084 1744 2156 1773 ante
2172 1741 2279 1774 oculos

1323 1795 1393 1824 tuos
1407 1804 1436 1830 »;
1454 1792 1614 1833 sequitur:
1638 1805 1652 1820 a
1670 1793 1831 1826 Custodies
1848 1793 2063 1826 huiuscemodi
2081 1794 2202 1826 cultum
2219 1796 2280 1826 sta-

1324 1849 1391 1877 tuto
1424 1848 1564 1886 tempore
1595 1855 1613 1876 a
1640 1845 1751 1878 diebus
1780 1847 1809 1878 in
1834 1847 1899 1879 dies
1917 1860 1946 1878 ».
1971 1866 2015 1870 —
2041 1846 2281 1887 Beneficiorum

1322 1898 1360 1930 ad
1373 1898 1628 1940 reyratiamlum
1642 1910 1651 1935 ;
1664 1899 1897 1932 Deuteronomii
1914 1900 2036 1932 decimo
2052 1903 2142 1932 sexto
2155 1899 2185 1931 ⁸:
2201 1913 2216 1928 (ι
2229 1900 2280 1932 Se-

1322 1955 1406 1993 ptem
1430 1950 1541 1983 diebus
1565 1951 1706 1985 comedes
1730 1952 1848 1994 absque
1864 1953 2017 1985 fermento
2034 1953 2210 1985 afflictionis
2226 1962 2281 1994 pa-

1322 2012 1392 2036 nem
1405 2029 1412 2041 ,
1437 2002 1585 2044 quoniam
1610 2003 1641 2035 in
1665 2013 1780 2044 pavore
1796 2014 1942 2046 egressus
1958 2014 1991 2038 es
2007 2005 2045 2038 de
2066 2007 2220 2047 Aegypto,
2246 2009 2281 2038 ut

1322 2055 1502 2088 memineris
1526 2055 1585 2087 diei
1610 2057 1795 2098 egressionis
1819 2061 1892 2090 tuae
1915 2058 1953 2090 de
1977 2059 2112 2100 Aegypto
2136 2058 2283 2091 omnibus

1322 2110 1433 2142 diebus
1449 2109 1530 2141 vitae
1545 2111 1618 2140 tuae
1634 2121 1665 2147 »;
1683 2110 1836 2143 Psalmus:
1858 2125 1872 2139 «
1890 2112 2068 2143 Memoriam
2091 2111 2163 2143 fecit
2179 2125 2194 2140 n
2223 2115 2280 2144 etc.

1322 2181 1366 2186 —
1390 2161 1597 2194 ludicrorum
1633 2161 1670 2193 ad
1699 2161 1977 2203 formidamlum;
2002 2164 2206 2196 Ecclesiastici
2229 2163 2282 2197 de-

1323 2216 1403 2248 cimo
1420 2218 1529 2247 octavo
1542 2214 1572 2245 ⁹:
1595 2227 1610 2241 α
1624 2215 1776 2247 Memento
1792 2216 1857 2249 irae
1875 2217 1905 2248 in
1922 2217 1971 2249 die
1987 2216 2281 2256 consummationis,

1323 2272 1354 2301 et
1389 2271 1515 2308 tempus
1550 2267 1767 2300 retributionis
1802 2269 1831 2300 in
1868 2270 2106 2302 couversatione
2139 2269 2225 2302 faciei
2251 2282 2281 2309 »;

1324 2321 1486 2353 Psalmns:
1516 2333 1531 2348 <1
1549 2320 1665 2352 Memor
1689 2320 1732 2352 fui
1751 2321 1937 2355 iudiciorum
1961 2326 2089 2355 tuorum
2106 2332 2125 2355 a
2140 2323 2281 2362 saeculo,

1323 2374 1453 2406 Domine
1470 2387 1499 2404 ».
1526 2391 1566 2395 —
1593 2373 1843 2405 Promissoram
1866 2375 1904 2407 ad
1928 2376 2204 2417 exspectandum;
2227 2376 2282 2408 Ec-

1324 2426 1486 2459 clesiastici
1511 2425 1693 2458 undecimo:
1724 2438 1738 2453 «
1756 2426 1786 2457 In
1811 2426 1859 2459 die
1877 2428 2031 2460 malorum
2055 2437 2094 2460 ne
2118 2428 2282 2472 immemor

1324 2480 1366 2512 sis
1383 2480 1539 2511 bonorum
1558 2492 1587 2510 n.
1602 2497 1645 2501 -
1661 2478 1900 2512 Mamlatorum
1915 2481 1953 2513 ad
1969 2479 2163 2523 faciendum
2173 2493 2184 2518 ‚·
2201 2481 2282 2513 Psal-

372 2671 379 2684 ¹
401 2671 470 2696 Libr.
492 2672 517 2696 lI.
540 2671 562 2695 in
583 2672 645 2696 Luc.
670 2679 694 2696 n.
715 2671 763 2696 32:
787 2681 797 2693 ι
814 2672 842 2695 Ει
863 2671 928 2696 bene
947 2671 1066 2696 additur:
1093 2671 1163 2702 Quia
1181 2677 1259 2697 nemo

300 2716 328 2741 in
347 2715 505 2748 coynatione
524 2715 579 2740 eins
599 2714 742 2740 vocabatur
761 2714 810 2741 hoc
829 2714 950 2746 nomine,
972 2718 998 2740 ut
1018 2715 1144 2747 intelligas
1163 2723 1257 2741 nomen

301 2767 351 2785 non
372 2759 476 2791 generis
494 2767 565 2789 esse„
585 2759 631 2784 sed
651 2760 717 2785 vatis
731 2769 756 2785 n.
779 2759 841 2791 lbid:
863 2767 890 2784 n.
910 2760 957 2785 31:
977 2759 1079 2784 Habent
1098 2761 1147 2785 boc
1167 2760 1259 2785 merita

301 2806 469 2834 Sanctorum,
490 2807 518 2828 ut
536 2811 549 2828 a
572 2804 624 2828 Deo
644 2810 739 2829 nomen
759 2804 893 2835 accipiant.
914 2804 956 2829 Sic
976 2804 1052 2829 Iacob
1072 2805 1146 2829 lsrael
1166 2804 1260 2829 dicitur

301 2848 377 2881 [Gen.
398 2849 446 2878 32,
461 2847 531 2881 28.],
551 2848 610 2880 quia
626 2849 708 2873 Deum
729 2848 801 2873 vidit.
822 2849 862 2872 Sic
878 2848 1002 2873 Dominus
1022 2851 1109 2873 noster
1129 2849 1198 2874 lesus
1217 2856 1260 2873 no-

302 2893 416 2917 minatus
435 2895 487 2923 est,
513 2894 652 2923 antequam
679 2895 754 2916 natus
773 2894 820 2916 etc.
848 2891 964 2917 Subinde
989 2892 1114 2923 allegatur
1140 2893 1166 2917 lt.
1193 2893 1257 2923 Reg.

304 2937 351 2966 ⁴2,
372 2937 414 2961 25.

375 2978 385 2992 ²
406 2979 475 3004 Libr.
495 2980 520 3003 Il.
541 2979 568 3003 in
588 2980 649 3004 Luc.
673 2986 696 3004 n.
717 2979 760 3004 32.
779 2982 804 3004 et
823 2979 892 3010 apud
912 2980 1044 3010 Lyranum
1065 2983 1092 3005 ut
1114 2981 1202 3005 Glossa
1224 2979 1260 3006 in-

303 3023 464 3049 terlinearis.
484 3037 519 3042 —-
540 3023 646 3048 Interius
667 3030 714 3055 pro
734 3025 825 3048 orcum
837 3023 900 3056 fila,
920 3024 991 3056 quod
1012 3023 1108 3049 habent
1127 3025 1220 3055 codd,
1241 3025 1260 3049 D

304 3068 327 3099 (a
348 3069 460 3093 secunda
482 3069 571 3100 manu)
592 3074 703 3098 nomen,
725 3067 781 3092 Vat.
801 3068 893 3093 ortum
911 3074 1001 3093 auum.

377 3111 386 3125 ¹³
409 3114 480 3137 Vers.
501 3113 550 3142 ⁴3,
569 3116 628 3143 post
647 3118 726 3144 quem
746 3112 864 3144 sequitur
884 3112 938 3137 lsai.
959 3112 1007 3142 49,
1028 3111 1054 3137 I.

375 3155 385 3168 ⁴
407 3156 478 3181 Vers.
500 3157 542 3181 20.
562 3169 596 3174 —
616 3157 672 3181 Duo
692 3163 766 3187 seqq.
785 3156 832 3181 loci
852 3159 911 3180 sunt
931 3156 1010 3187 Apoc.
1032 3157 1060 3186 3,
1082 3157 1123 3181 42.
1136 3160 1161 3181 et
1174 3158 1204 3187 2,
1220 3157 1262 3182 ⁴7.

378 3198 388 3212 ⁶
408 3200 509 3225 Scilicet
521 3199 718 3226 interlinearis:
732 3201 769 3225 De
783 3200 962 3225 convenientia
975 3200 1040 3225 inter
1053 3204 1102 3225 etc.
1115 3200 1167 3225 Csr.
1180 3201 1262 3226 Theo-

306 3244 430 3275 phyma„
451 3244 478 3268 in
498 3245 567 3269 hunc
586 3244 651 3269 Ioc.:
671 3245 701 3269 Et
718 3244 780 3276 qula
799 3243 964 3277 [Zacharias]
982 3244 1135 3275 astipulatus
1154 3248 1263 3270 estsen-

307 3287 400 3311 tentiae
419 3288 506 3312 uxoris
524 3288 549 3312 in
569 3288 674 3313 nomine
693 3288 783 3319 pueri,
802 3287 991 3319 obstupescunt
1004 3294 1177 3318 omnes;non
1192 3289 1260 3314 enim

307 3335 362 3356 erut
380 3332 404 3356 in
425 3332 580 3363 cognatione
599 3339 690 3357 eorum
709 3332 840 3364 quispiam
853 3332 909 3357 eius
922 3333 1049 3363 nominis,
1064 3336 1091 3358 ut
1103 3333 1163 3365 quis
1175 3333 1262 3358 dicere

308 3374 402 3406 possit,
422 3375 493 3406 quod
512 3378 571 3400 ante
590 3377 694 3407 tempus
712 3374 746 3400 de
766 3376 814 3399 lioc
833 3374 912 3400 umbo
932 3375 1071 3400 tructarint.
1091 3388 1125 3394 —
1145 3375 1262 3401 Subinde

1324 2673 1468 2703 allegantur
1488 2672 1563 2696 Deut.
1584 2671 1631 2701 ¹10,
1653 2670 1703 2701 ὥς
1723 2669 1798 2695 Eccli.
1819 2669 1859 2702 Μ,
1882 2670 1921 2694 i3.
1942 2674 1966 2696 et
1985 2673 2045 2703 Sap.
2066 2672 2095 2702 8,
2118 2672 2126 2696 'l
2136 2672 2158 2696 I.
2178 2685 2212 2690 —
2230 2672 2282 2697 Ali-

1323 2720 1422 2748 quanto
1442 2716 1549 2741 inferius
1569 2722 1616 2747 pro
1635 2713 1827 2745 admirandae,
1857 2714 1928 2746 quod
1948 2715 2026 2741 habet
2045 2716 2080 2748 D,
2100 2716 2140 2741 alii
2160 2715 2238 2741 codd.
2258 2719 2282 2741 et

1325 2760 1382 2785 Vat.
1402 2759 1615 2785 annuntiandae.

1396 2802 1407 2817 Β
1427 2805 1519 2829 Psalm.
1542 2805 1606 2834 ΜΟ,
1627 2803 1650 2829 t.
1670 2817 1705 2822 —
1725 2803 1847 2835 Sequitur
1877 2803 1955 2828 Exod.
1983 2804 2030 2834 20,
2050 2804 2092 2829 24.
2111 2818 2146 2823 —
2164 2804 2281 2835 Hieron,

1325 2848 1358 2872 de
1379 2848 1480 2872 Nomin.
1502 2847 1649 2877 Hebraicis,
1675 2847 1735 2872 novi
1765 2846 1924 2877 testamenti,
1953 2846 1985 2871 do
2014 2847 2157 2873 Matiliaeo:
2183 2847 2283 2884 Zaclta-

1324 2892 1381 2923 ria,
1402 2892 1526 2917 momoria
1548 2892 1666 2922 Domini,
1680 2893 1721 2917 vel
1735 2898 1836 2918 memor
1855 2890 1965 2915 Domini.
1986 2890 2047 2915 ibid.
2068 2892 2100 2916 ‹le
2119 2893 2175 2917 Act.
2193 2893 2282 2924 Apost.

1325 2937 1358 2961 dc
1378 2937 1487 2961 Ioanne:
1508 2937 1635 2967 loannes,
1656 2937 1680 2961 in
1699 2943 1752 2968 quo
1772 2938 1810 2960 est
1838 2934 1935 2966 gratia,
1955 2934 1996 2958 vel
2015 2935 2118 2960 Domini
2138 2936 2229 2967 gratia.
2247 2949 2282 2954 —

1325 2980 1456 3012 Expositio
1476 2981 1539 3005 baec
1559 2981 1666 3011 mystica
1687 2980 1831 3005 insinuatur
1850 2986 1864 3004 a
1884 2979 1973 3003 Glossa
2002 2978 2144 3005 ordinaria
2169 2980 2195 3004 in
2220 2980 2282 3005 Luc.

1327 3026 1350 3056 ri,
1364 3025 1412 3055 59,
1426 3032 1494 3057 quae
1513 3028 1598 3049 sumta
1618 3028 1657 3049 est
1675 3031 1705 3049 ox
1719 3024 1802 3054 Beda,
1817 3024 1883 3048 Soet.
1897 3023 1913 3048 I.
1929 3022 2020 3047 nomn.
2035 3022 2078 3047 lib.
2092 3024 2119 3048 II.
2132 3024 2222 3049 homil.
2236 3023 2281 3055 ⁴4,

1326 3068 1351 3093 in
1365 3068 1500 3093 nativitate
1513 3069 1539 3092 S.
1554 3069 1621 3093 toan.
1642 3068 1716 3098 Bapt.
1734 3067 1787 3092 Cl'r.
1807 3067 1883 3091 etiam
1904 3065 2048 3091 comment.
2070 3066 2094 3090 in
2114 3067 2176 3091 Luc.
2197 3067 2221 3097 t,
2240 3067 2282 3092 64.

1327 3125 1361 3130 --
1379 3112 1506 3143 Superius
1527 3119 1574 3143 pro
1594 3113 1705 3144 perierat
1722 3111 1872 3144 affectiones
1893 3110 1949 3135 Vat.
1969 3111 2082 3142 acuerat
2100 3110 2216 3143 affectus.

1397 3154 1406 3169 ⁷
1420 3156 1493 3181 Vers.
1505 3156 1529 3186 9,
1541 3156 1565 3180 in
1576 3163 1628 3187 quo
1640 3162 1687 3186 pro
1697 3154 1853 3181 memoriale
1866 3155 1976 3186 Vulgata
1986 3152 2188 3179 monimentum.
2199 3154 2283 3181 Codd.

1326 3201 1415 3231 legunt
1433 3198 1590 3225 memoriale
1609 3198 1731 3224 omnibus
1752 3198 1867 3232 [diebus]
1888 3198 1956 3225 ritae
1975 3199 2049 3228 tuae,
2071 3198 2167 3223 omisso
2187 3206 2213 3223 v.
2234 3199 2280 3231 to,

1326 3244 1372 3276 qui
1385 3244 1510 3276 sequitur.
1524 3243 1580 3268 Non
1593 3242 1669 3274 pauci
1690 3243 1766 3268 codd.
1786 3243 1907 3269 omittunt
1924 3243 2001 3268 etiam
2021 3248 2076 3274 seq.
2096 3241 2170 3267 Deut.
2191 3243 2236 3272 16,
2256 3243 2282 3268 3.

1396 3286 1407 3301 ⁶
1429 3289 1500 3313 vers.
1521 3288 1545 3312 3.
1564 3298 1599 3306 —·
1618 3286 1735 3312 Subinde
1763 3287 1888 3319 allegatur
1914 3288 1953 3312 I‘s.
1984 3287 2049 3317 tto,
2070 3285 2098 3319 ⁴5,
2117 3293 2197 3319 quem
2225 3288 2281 3312 Vat.

1326 3332 1429 3357 omittit.

1398 3373 1409 3388 ⁹
1428 3376 1500 3400 Vera.
1521 3375 1562 3400 24.
1584 3390 1617 3393 —
1638 3375 1787 3407 Sequuntur
1807 3376 1846 3401 ΡΞ.
1869 3376 1932 3407 ΜΒ,
1953 3376 1995 3401 52.
2015 3379 2039 3400 et
2059 3375 2132 3401 Eccli.
2154 3375 2194 3405 il,
2214 3375 2256 3400 27.

2303 796 2410 823 Expositio

2292 822 2416 850 spititualis.

2296 1587 2375 1609 Decem
2389 1587 2438 1609 veri-

2319 1616 2386 1636 tatum
2391 1619 2440 1645 *moe

2320 1647 2365 1662 mor
2379 1647 2416 1662 sto.
