2427 3872
424 243 484 271 PEC

141 288 185 314 Vll
204 287 250 314 371
276 283 309 313 40
328 301 363 308 -
381 288 482 314 Peccati
506 289 579 315 radix
604 296 652 315 nos
674 289 782 315 retrahit

141 338 157 357 a
175 332 282 358 caritate
297 331 390 358 Christi
403 331 467 359 ibid.
478 346 514 352 —
527 339 605 359 omne
617 333 738 366 provenit
750 339 780 358 ex

142 375 227 402 tribus
244 376 461 408 concupiscentiis
481 377 527 402 111
550 378 584 402 93
727 407 729 413 y

122 422 125 423 ’
194 435 231 439 --
249 420 334 446 Homo
358 427 406 452 per
425 427 453 446 se
469 420 556 453 ipsum
581 423 666 453 potest
684 420 782 447 habere

141 464 243 502 peccati
260 464 389 497 notitiam,
407 465 455 491 sed
473 465 631 498 plerumque
650 472 702 491 non
722 464 782 490 facit

141 508 198 535 sine
216 508 385 541 suggestione
403 508 502 535 diaboli
521 509 553 535 Vl
573 509 624 535 368
638 509 672 534 68
685 523 721 528 —
733 509 781 535 Ho-

142 550 241 580 minem
260 553 294 579 ad
312 555 450 585 peccatum
470 553 599 579 inducunt
617 555 699 579 status
724 560 782 579 con-

141 597 299 623 versationis
317 597 481 629 mundanae,
494 597 663 629 congregatio
676 597 782 623 societa-

142 641 174 668 tis
193 641 291 673 malae,
304 641 384 667 ardor
399 633 628 673 concupiscentiae
642 641 694 667 613
709 648 734 667 ν.
750 641 781 667 17

195 699 231 704 —-
259 686 427 711 peccatorum
455 685 607 711 occasiones
628 687 689 711 sunt
716 685 781 711 ratio

143 729 220 756 taedii
240 729 309 755 vitae
328 729 361 755 Vl
381 729 415 755 25
434 736 461 755 v.
481 730 514 755 ⁴6
533 743 569 748 -—
588 729 718 755 Securitas
743 732 782 755 est

142 774 285 800 multorum
304 774 409 800 occasio
424 776 593 806 peccatorum
611 774 646 799 72
665 780 691 799 v.
711 774 727 799 3
746 788 782 792 -

143 818 303 844 Universitas
321 821 489 850 pcccatorum
508 825 540 844 ex
564 821 677 851 quatuor
695 818 782 844 causis

142 862 225 889 oritur
249 862 293 888 Vll
313 862 363 888 434
388 862 421 888 26
442 877 476 881 -—
495 863 662 888 Peccatorum
687 868 782 888 causae

143 906 314 938 designantur
341 906 367 932 in
385 909 499 939 quatuor
524 907 645 939 personis
668 914 683 933 a
709 907 782 940 lepra

143 951 245 977 infectis
262 950 325 978 ibid.

201 1007 234 1012 ——
247 1000 374 1026 magnum
388 995 427 1020 est
439 994 563 1026 spernere
576 994 659 1020 Deum
672 995 716 1020 Vll
730 995 776 1020 261

143 1038 178 1064 27
191 1052 226 1057 -
238 1038 324 1064 maius
335 1041 375 1067 est
387 1038 503 1065 veritatis
523 1039 683 1071 contemptio
701 1046 781 1073 quam

142 1082 226 1109 libido
238 1083 395 1109 carnalitatis
408 1083 459 1109 259
474 1084 502 1109 21
520 1098 556 1102 -
570 1084 660 1110 mundi
674 1087 713 1110 est
726 1084 783 1110 infl-

143 1126 235 1153 delitas
248 1127 281 1153 Vl
295 1126 346 1153 458
362 1128 393 1153 ⁴8
406 1142 442 1146 -
455 1128 600 1154 maximum
619 1131 659 1154 est
671 1128 696 1154 in
709 1127 781 1155 Chri-

144 1174 214 1198 stum
233 1178 288 1198 non
306 1172 414 1198 credere
427 1172 470 1198 Vll
485 1172 535 1198 498
550 1173 583 1198 69
600 1168 784 1199 —lnsldelitas

144 1218 255 1241 vocatur
265 1217 402 1248 peccatum
413 1216 617 1242 antonomastice
624 1217 657 1243 Vl
668 1217 720 1243 204
730 1224 757 1243 v.
768 1218 783 1243 2

199 1274 235 1278 —
262 1260 371 1292 Propter
397 1261 535 1292 peccatum
562 1261 641 1293 primi
669 1261 785 1294 parentis

145 1307 233 1330 nostra
252 1304 293 1330 vis
311 1304 443 1331 rationalis
466 1304 577 1331 libenter
596 1306 739 1332 luxuriatur
757 1306 784 1331 in

144 1348 295 1381 cognitione
313 1351 474 1375 terrenorum
489 1349 522 1375 Vl
543 1350 575 1375 ⁴8
595 1357 623 1375 v.
643 1350 675 1376 13
688 1364 724 1369 -
737 1351 785 1376 Per

144 1393 272 1425 originale
291 1396 429 1425 peccatum
449 1394 571 1420 homines
589 1394 656 1427 lapsi
674 1395 784 1420 suntin

144 1441 255 1470 puteum
277 1438 505 1470 concupiscentiae
529 1441 555 1464 et
574 1438 600 1464 in
618 1438 729 1465 limbum
749 1439 785 1465 in-

145 1482 269 1508 fernalem
298 1483 340 1508 Vll
369 1483 415 1508 36⁴
441 1483 474 1508 13
495 1496 529 1501 -
548 1483 676 1515 originale
700 1484 785 1510 aufert

144 1533 252 1553 sensum
279 1527 435 1559 cognitionis
459 1534 507 1559 per
536 1527 712 1560 ignorantiam
733 1528 782 1554 128

144 1571 179 1597 60
197 1585 234 1591 -
251 1571 379 1603 originale
396 1572 482 1598 aufert
500 1574 601 1598 motum
621 1575 722 1598 rectum
735 1579 784 1605 per

145 1615 386 1647 concupiscentiam
404 1615 466 1643 ibid.
490 1614 538 1635 --”
551 1616 677 1649 originale
697 1617 785 1644 reddit

146 1657 287 1686 tremulitm
307 1660 374 1686 sicut
392 1661 520 1693 paralysis
532 1659 594 1687 ibid.
613 1676 649 1680 —
667 1661 784 1694 Origina-

146 1704 177 1731 lis
195 1704 296 1737 peccati
309 1706 432 1738 sequelae
452 1708 514 1732 sunt
534 1706 695 1739 ignorantia,
716 1706 786 1733 infir-

146 1749 235 1782 mitas,
254 1749 351 1775 malitia
370 1752 396 1775 et
414 1750 625 1782 concupiscentia
642 1750 705 1778 ibid.

200 1808 235 1812 -—
254 1801 301 1826 per
319 1794 495 1820 excellentiam
512 1795 608 1821 dicitur
626 1795 660 1822 de
678 1798 786 1828 peccato

147 1838 174 1864 in
192 1838 317 1870 Spiritum
335 1841 468 1872 sanctum,
487 1839 560 1872 quod
578 1842 618 1866 est
636 1847 709 1866 mere
728 1847 786 1873 pec-

146 1885 247 1914 catum,
272 1883 369 1909 nullam
394 1877 568 1915 praetendens
591 1884 784 1911 excusationem

146 1927 180 1953 Vl
200 1926 251 1953 456
271 1927 287 1952 6
305 1942 342 1946 -—
360 1935 391 1953 ex
408 1930 479 1954 certa
497 1928 594 1954 malitia
613 1929 709 1955 dicitur
721 1936 786 1956 esse

146 1971 174 1998 in
194 1971 321 2005 Spiritum
340 1974 460 1998 sanctum
473 1975 499 1998 et
517 1979 570 1998 non
583 1973 723 2000 remittitur
743 1974 786 2000 Vll

146 2016 199 2042 314
219 2016 262 2048 15,
287 2016 320 2042 16
340 2030 374 2035 --
392 2016 420 2042 111
439 2017 564 2049 Spiritum
590 2020 709 2044 sanctum
732 2019 786 2045 nul-

145 2060 200 2087 lum
220 2059 299 2086 habet
317 2061 431 2086 colorem
446 2061 619 2088 excusationis
637 2069 686 2089 nec
705 2069 787 2089 mere-

147 2108 189 2131 tur
208 2105 389 2131 remissionem
415 2104 477 2132 ibid.
497 2120 531 2124 —
551 2106 607 2132 eius
632 2107 729 2133 malitia
747 2110 787 2134 est

147 2149 173 2176 in
191 2157 311 2183 summo,
331 2150 393 2183 quia
413 2150 438 2175 in
457 2150 594 2183 vituperiis
613 2151 659 2177 Dei
678 2152 787 2178 delecta-

147 2196 190 2220 tur
208 2193 270 2220 ibid.
289 2208 325 2213 -
344 2194 371 2220 in
390 2194 516 2227 Spiritum
535 2198 655 2221 sanctum
679 2195 786 2222 inhono-

147 2241 188 2264 rat
205 2241 287 2264 totam
316 2238 470 2265 Trinitatem
489 2238 523 2265 ib.
553 2239 585 2264 16
604 2254 640 2259 -
658 2247 690 2266 ex
715 2240 786 2272 igno-

147 2283 230 2309 rantia
249 2283 346 2309 dicitur
358 2290 428 2309 -esse
447 2284 473 2308 in
497 2283 590 2309 Filium
613 2286 639 2309 et
656 2284 787 2311 remissio-

147 2334 208 2354 nem
227 2330 315 2360 potest
333 2327 460 2360 consequi
478 2326 512 2353 ib.
533 2328 566 2353 ⁴5
585 2341 620 2346 -—-

201 2385 237 2391 —
255 2371 373 2404 capitalia
398 2373 458 2397 sunt
479 2373 580 2403 septem
609 2372 654 2397 Vll
680 2372 730 2398 139
751 2372 779 2398 21

147 2430 182 2435 -—-
201 2416 256 2441 Non
280 2418 320 2441 est
338 2418 475 2447 peccatum
494 2415 605 2447 capitale
624 2416 693 2442 circa
711 2416 786 2442 audi-

139 2462 219 2491 ·tum,
237 2460 305 2486 sicut
322 2460 391 2486 circa
410 2462 508 2485 tactum
528 2462 554 2485 et
572 2464 678 2491 gustum
698 2460 732 2486 Vl
751 2461 785 2486 23

146 2512 174 2538 q.
195 2505 204 2530 ⁴
227 2517 264 2523 —
282 2504 401 2536 capitalia
415 2504 620 2536 correspondent
638 2503 673 2530 ad
685 2507 786 2537 septem

147 2548 291 2575 accidentia
310 2548 460 2580 hydropisis
476 2548 519 2574 Vll
538 2548 585 2574 361
611 2549 638 2574 11

209 2606 244 2612 --
257 2592 412 2625 generaliter
430 2592 525 2618 dicitur
543 2599 591 2625 per
609 2593 786 2619 excellentiam

148 2637 183 2663 de
195 2637 308 2663 diversis
320 2635 462 2674 generibus
475 2639 643 2669 peccatorum
658 2638 690 2663 Vl
706 2637 756 2663 456
770 2638 786 2663 6

202 2695 238 2701 -
256 2681 367 2707 carnalia
386 2683 448 2707 sunt
461 2683 567 2713 peccata
586 2681 716 2708 interioris
732 2681 788 2708 libi-

148 2726 230 2759 dinis,
243 2725 436 2752 commixtionis
455 2725 619 2757 innaturalis,
638 2725 771 2758 bigamiae
779 2746 792 2760 ‚-

149 2770 284 2801 adulterii,
313 2769 489 2796 fornicationis
516 2770 550 2796 Vl
578 2771 629 2796 202
653 2777 680 2796 ν.
700 2771 733 2796 26
753 2785 788 2789 -

148 2829 185 2834 -
203 2814 316 2840 carnalia
336 2816 425 2840 contra
443 2816 564 2840 naturam
581 2816 642 2840 sunt
659 2814 788 2847 bigamia,

149 2858 321 2891 adulterium,
340 2858 473 2884 fornicatio
490 2857 556 2885 ibid.
567 2873 603 2877 —
616 2858 744 2890 carnalia,
762 2859 788 2884 li-

149 2905 191 2929 cet
208 2902 259 2929 sint
277 2902 386 2928 minoris
405 2902 513 2934 culpae,
531 2905 592 2928 sunt
604 2905 691 2928 tamen
710 2903 788 2929 maio-

149 2946 186 2973 ris
203 2946 327 2973 infamiae
346 2946 397 2972 112
416 2953 443 2972 v.
462 2946 477 2972 4
497 2961 532 2965 -—
551 2947 577 2972 ln
602 2946 717 2979 peccatis
735 2954 789 2973 car-

149 2990 253 3017 nalibus
263 2997 315 3016 non
328 2991 412 3016 solum
423 2989 585 3022 dissipantur
594 2990 698 3016 animae
709 2991 789 3022 vires,

149 3041 243 3063 verum
262 3035 341 3061 etiam
359 3034 478 3066 corporis
496 3034 615 3060 membra
633 3038 659 3061 et
683 3035 791 3061 divitiae

150 3079 309 3112 temporales
327 3079 372 3105 Vll
395 3079 441 3105 391
472 3078 507 3104 25
525 3092 562 3098 -
580 3079 665 3105 carnis
688 3081 727 3105 est
751 3086 791 3105 so·

151 3123 221 3156 lum,
239 3123 313 3156 quod
340 3122 448 3148 minime
466 3122 553 3155 palliat
577 3129 605 3148 se
632 3122 683 3148 sub
701 3123 789 3155 specie

151 3167 255 3193 virtutis
282 3166 334 3193 372
366 3166 399 3192 43
426 3181 462 3185 -
481 3166 567 3198 magis
585 3169 625 3192 est
642 3166 790 3193 excusabile

151 3213 259 3243 propter
277 3210 405 3237 maiorem
424 3211 581 3243 pronitatem
605 3211 790 3243 concupiscen-

151 3255 202 3281 tiae
220 3253 281 3280 ibid.
300 3269 336 3273 —
354 3254 471 3281 luxuriae
487 3258 548 3281 sunt
567 3255 665 3281 urticae
684 3254 735 3280 504
756 3255 788 3280 12

205 3312 241 3320 -·-
250 3298 392 3331 spiritualia
405 3299 517 3326 maxime
533 3299 662 3331 dissipant
673 3299 788 3324 animam

152 3349 200 3375 per
212 3339 381 3376 superbiam,
394 3343 498 3369 inanem
512 3343 635 3376 gloriam,
648 3343 788 3376 invidiam,
827 3341 976 3368 interiorem
1001 3342 1181 3368 contritionem
1206 3340 1268 3368 ibid.
1286 3356 1320 3360 —
1340 3340 1465 3367 Dominus

806 200 843 232 IN
866 199 1159 232 COMMENTARIOS
1183 200 1212 232 S.
1237 200 1462 233 SCRIPTURAE

818 287 981 313 iracundiam
1010 290 1036 313 et
1067 287 1179 313 acidia'm
1209 288 1251 313 Vll
1280 288 1326 313 391
1361 289 1394 314 25
1422 302 1457 308 -

818 331 961 363 spiritualia
981 332 1130 364 frequenter
1143 332 1315 364 praecipitant
1327 333 1353 358 in
1370 339 1457 358 carna-

818 376 850 401 lia
870 374 932 402 ibid.

871 434 906 438 —
928 420 1066 445 Peccatum
1091 426 1196 452 semper
1221 421 1390 453 consequitur
1415 422 1457 446 vel

819 463 957 489 comitatur
970 463 1067 489 malum
1083 470 1185 495 poenae
1197 464 1230 490 Vl
1250 465 1302 490 219
1321 472 1348 490 v.
1371 466 1404 490 10
1423 480 1457 483 -

819 508 927 533 Peccato
952 507 1095 539 respondet
1126 514 1249 533 mensura
1275 515 1375 540 poenae
1404 509 1456 534 209

819 559 844 576 v.
859 552 869 576 ⁴
893 565 929 570 —
948 552 1057 577 mortale
1070 558 1122 577 non
1139 554 1225 584 potest
1238 555 1338 578 tantum
1359 553 1456 584 puniri,

818 599 946 628 quantum
966 598 1081 621 meretur
1101 596 1143 622 Vll
1164 596 1215 621 160
1241 596 1270 621 91
1293 611 1329 615 -
1349 597 1458 622 mortale

818 639 982 665 aeternaliter
1016 639 1124 671 punitur
1155 638 1216 666 ibid.
1248 655 1283 658 —
1315 641 1459 672 temporale

818 683 930 716 acquirit
947 684 1051 710 exilium
1075 686 1233 716 perpetuum
1254 683 1317 710 ibid.
1335 698 1370 703 —
1388 691 1460 710 acce-

818 728 882 753 lerat
901 730 1011 753 mortem
1035 728 1069 753 Vl
1098 728 1131 753 60
1160 735 1186 753 v.
1217 729 1249 753 18
1268 742 1304 747 -
1323 731 1362 754 est
1381 735 1459 754 causa

818 772 961 798 exterminii
981 772 1007 797 in
1036 772 1167 804 praesenti
1196 775 1280 798 morte
1305 773 1355 798 ⁴⁴7
1378 780 1406 799 v.
1426 773 1459 798 ⁴4

818 829 854 835 —-
872 816 967 842 dicitur
980 823 1052 842 mors
1072 817 1236 849 temporalis,
1249 817 1312 850 quia
1328 820 1398 843 extra
1413 820 1460 843 ter-

819 860 920 886 minum
941 860 1010 886 vitae
1033 863 1143 887 naturae
1170 861 1244 893 ponit
1262 860 1325 887 ibid.
1343 876 1379 879 —
1398 862 1459 888 dici-

819 907 861 930 tur
879 911 951 930 mors
970 905 1136 937 gehennalis,
1156 905 1218 938 quia
1237 906 1311 937 ponit
1329 909 1399 931 extra
1413 908 1460 932 ter-

820 951 904 977 minos
930 951 1030 983 gloriae
1056 950 1118 977 ibid.
1137 965 1173 970 —
1192 952 1347 984 angelorum
1371 952 1458 978 statim

820 995 869 1021 fuit
886 995 1007 1027 punitum
1022 996 1071 1021 183
1092 1003 1120 1021 ν.
1139 995 1172 1021 24
1285 999 1288 1002 ’

872 1054 907 1058 -
926 1039 1003 1066 nobis
1015 1040 1121 1072 pariunt
1139 1040 1226 1066 debita
1235 1062 1242 1074 ‚
1255 1048 1323 1074 quae
1336 1048 1388 1067 non
1402 1048 1460 1073 pos-

819 1091 912 1110 sumus
929 1085 1033 1116 solvere
1052 1085 1094 1110 Vll
1108 1085 1155 1111 281
1180 1086 1212 1111 15
1231 1099 1267 1105 -
1286 1088 1346 1112 sunt
1358 1085 1459 1117 debita,

819 1128 918 1162 quibus
936 1128 1044 1161 obligati
1062 1136 1155 1155 sumus
1173 1129 1235 1156 ibid.
1248 1130 1418 1156 —iteratum
1432 1130 1460 1156 sst

821 1173 896 1205 peius
910 1176 1018 1206 propter
1031 1174 1263 1205 recidivationem,
1283 1174 1340 1200 sive
1352 1177 1460 1207 propter

821 1218 966 1251 iniquitatis
978 1218 1182 1250 duplicationem
1201 1226 1248 1251 per
1267 1219 1459 1245 simulationem

822 1262 874 1288 295
893 1262 927 1288 57

874 1321 910 1325 -
923 1308 1071 1340 frequenter
1084 1307 1275 1334 consideranda
1288 1311 1349 1334 sunt
1362 1308 1394 1334 Vl
1410 1307 1461 1334 374

822 1351 838 1376 9
857 1364 892 1370 -
910 1351 1079 1377 Peccatorum
1099 1349 1252 1384 recogitatio
1272 1352 1394 1378 fecundat
1410 1352 1462 1378 ani-

821 1402 893 1421 mam
914 1395 956 1421 Vll
975 1395 1027 1421 340
1048 1396 1080 1421 13
1099 1409 1135 1415 —-
1148 1396 1317 1422 memoranda
1331 1403 1417 1430 usque
1428 1397 1463 1422 ad

822 1439 929 1465 minima
950 1440 982 1466 Vl
1002 1439 1054 1465 565
1074 1440 1089 1464 3
1110 1453 1141 1458 —-
1160 1441 1329 1466 Peccatorum
1343 1441 1463 1467 recorda-

821 1484 857 1509 tio
875 1483 1038 1516 significatur
1058 1491 1105 1515 per
1124 1484 1240 1510 cinerem
1254 1485 1384 1510 minutum
1398 1484 1461 1511 ibid.

821 1541 856 1547 —-
875 1528 1045 1554 Peccatorum
1064 1528 1184 1554 contritio
1203 1528 1283 1554 debet
1301 1536 1360 1555 esse
1372 1536 1461 1555 amara

820 1571 882 1599 ibid.
901 1587 937 1590 —
956 1573 1079 1604 lugentur
1102 1572 1127 1598 in
1146 1573 1228 1599 domo'
1247 1574 1333 1599 luctus
1352 1574 1386 1599 55
1405 1581 1431 1599 ν.
1446 1574 1462 1599 3

821 1630 857 1636 —-
875 1617 975 1643 Peccati
994 1617 1109 1643 desertio
1122 1619 1147 1643 et
1159 1618 1291 1649 elongatio
1310 1617 1344 1643 ab
1361 1618 1404 1644 illo
1424 1621 1463 1644 est

822 1655 1004 1687 satisfactionis
1022 1661 1124 1687 initium
1144 1661 1188 1687 Vll
1208 1661 1260 1687 394
1280 1662 1313 1688 32
1326 1676 1362 1681 -
1376 1663 1407 1692 ln
1425 1669 1463 1688 re-

823 1706 911 1732 medio
929 1708 969 1731 est
987 1706 1091 1732 aversio
1109 1713 1123 1731 a
1137 1709 1247 1738 peccato
1265 1713 1313 1739 per
1332 1707 1464 1739 poeniten-

823 1750 885 1776 tiam
905 1752 930 1776 et
948 1750 1087 1776 conversio
1115 1750 1149 1776 ad
1176 1750 1260 1776 Deum
1283 1758 1332 1783 per
1350 1751 1464 1777 benevo-

823 1794 927 1820 lentiam
949 1794 1000 1820 183
1019 1794 1053 1820 67

875 1852 912 1858 -
930 1839 1061 1871 Sapientia
1081 1842 1121 1865 est
1137 1840 1175 1865 sal
1188 1839 1338 1866 custodiens
1350 1847 1364 1865 a
1378 1843 1465 1872 putre-

823 1883 933 1910 factione
952 1884 1053 1916 peccati
1071 1884 1105 1910 Vl
1126 1884 1177 1910 147
1196 1891 1222 1910 v.
1242 1885 1275 1909 10
1295 1898 1330 1903 -
1348 1884 1414 1911 Cum
1428 1885 1465 1911 di-

822 1928 884 1954 vina
902 1928 987 1960 gratia
1004 1928 1151 1954 necessaria
1170 1931 1209 1954 est
1221 1929 1340 1955 custodia
1353 1929 1465 1961 discipli-

823 1980 873 1999 nae
885 1973 920 1999 ad
932 1973 1054 1999 evitanda
1068 1976 1176 2005 peccata
1190 1973 1233 1999 Vll
1248 1973 1298 1999 109
1317 1974 1351 1999 86
1369 1988 1405 1992 -
1417 1974 1464 1999 De-

824 2016 920 2043 bemus
936 2017 1021 2043 Deum
1041 2017 1136 2043 imitari
1151 2017 1176 2043 in
1189 2017 1313 2050 fugiendo
1327 2020 1463 2050 peccatum

824 2061 857 2087 Vl
877 2061 924 2088 551
948 2062 965 2087 5
978 2075 1014 2081 -
1027 2062 1126 2093 fugitur
1139 2064 1165 2087 et
1178 2061 1203 2087 in
1216 2069 1244 2087 se
1257 2065 1282 2087 et
1295 2062 1321 2087 in
1333 2062 1464 2088 consortio

824 2103 875 2132 Vls
888 2106 937 2131 122
958 2106 991 2131 36
1010 2120 1046 2124 -
1065 2106 1151 2131 Homo
1169 2105 1249 2131 debet
1267 2105 1317 2132 sibi
1336 2113 1430 2132 cavere
1449 2113 1463 2131 a

823 2150 923 2182 peccati
942 2149 1081 2175 occasione
1100 2150 1132 2175 Vl
1152 2150 1199 2176 591
1223 2157 1251 2175 ν.
1271 2149 1303 2175 43
1323 2163 1359 2169 -—
1379 2150 1464 2176 Homo

822 2193 901 2220 debet
919 2190 1044 2220 desistere
1062 2200 1077 2219 a
1096 2193 1196 2225 peccati
1214 2194 1365 2225 operatione
1383 2193 1446 2220 ibid.

875 2252 912 2257 —
930 2238 1028 2264 Macula
1049 2238 1149 2270 peccati
1168 2237 1350 2264 abominabilis
1368 2241 1420 2271 est,
1439 2240 1464 2264 et

823 2282 883 2308 ideo
902 2282 1002 2314 indiget
1019 2283 1115 2313 lavari,
1134 2285 1222 2309 reatus
1242 2283 1343 2315 peccati
1356 2283 1390 2309 ad
1405 2290 1465 2315 poe-

823 2333 884 2352 nam
903 2326 1091 2352 intolerabilem
1110 2326 1222 2359 obligat,
1242 2329 1267 2352 et
1285 2327 1346 2353 ideo
1364 2327 1465 2359 indiget

823 2370 889 2402 tolli;
914 2371 1012 2396 offensa
1036 2370 1136 2403 peccati
1162 2370 1344 2397 inexcusabilis
1366 2374 1420 2404 est,
1439 2374 1465 2397 et

823 2415 883 2441 ideo
902 2415 1002 2447 indiget
1019 2415 1116 2441 remitti
1135 2415 1168 2441 Vl
1189 2415 1240 2441 543
1261 2414 1276 2442 4
1292 2429 1328 2434 -
1340 2415 1464 2441 dicuntur

823 2459 934 2490 remitti,
953 2459 1063 2491 dimitti,
1082 2459 1220 2492 mundari,
1239 2460 1339 2490 sanari,
1365 2460 1417 2491 tegi
1439 2463 1465 2485 et

823 2504 917 2530 redimi
936 2504 980 2529 Vll
1001 2503 1052 2529 125
1072 2503 1105 2529 48
1124 2517 1159 2523 -
1178 2503 1317 2529 liberaliter
1339 2506 1370 2529 et.
1390 2503 1464 2529 mise-

823 2548 960 2574 ricorditer
978 2548 1145 2573 remittuntur
1165 2547 1215 2572 ⁴85
1234 2547 1268 2573 73
1286 2562 1321 2566 -
1333 2550 1462 2580 quantum

823 2592 858 2618 ad
876 2593 982 2624 culpam
1001 2591 1139 2617 remittitur
1158 2598 1172 2616 a
1191 2592 1247 2616 solo
1265 2592 1319 2617 Deo
1332 2591 1463 2622 effective,

824 2636 957 2662 meritorie
975 2643 990 2661 a
1014 2635 1117 2662 Christo
1136 2636 1254 2668 homine,
1275 2635 1430 2668 dispositive
1448 2642 1462 2660 a

824 2681 960 2707 sacerdote
983 2681 1132 2706 conferente
1157 2680 1324 2706 Sacramenta
1352 2679 1385 2704 Vl
1411 2679 1462 2704 514

826 2725 858 2751 49
871 2740 906 2744 -
919 2727 1046 2758 quantum
1060 2724 1094 2750 ad
1107 2731 1232 2756 poenam,
1247 2724 1355 2749 remissa
1369 2723 1446 2755 culpa
1455 2742 1462 2754 ,

824 2769 963 2795 remittitur
981 2768 1160 2801 principaliter
1178 2775 1193 2793 a
1215 2767 1317 2794 Chr1sto
1342 2767 1463 2800 homine,

825 2813 1026 2840 ministerialiter
1044 2820 1059 2838 a
1085 2812 1220 2838 sacerdote
1245 2811 1307 2838 ibid.
1325 2826 1361 2830 ——-
1380 2805 1464 2837 dimit-

825 2861 915 2884 tuntur
933 2860 959 2884 et
976 2858 1114 2883 solvuntur
1132 2863 1179 2889 per
1204 2857 1291 2882 oleum
1317 2855 1464 2881 misericor-

825 2902 885 2928 diae
908 2901 1001 2928 Christi
1026 2901 1069 2927 Vll
1088 2901 1135 2926 281
1160 2901 1194 2926 15
1212 2915 1246 2919 —
1267 2900 1307 2926 Ad
1327 2900 1464 2931 impetran-

825 2947 887 2973 dam
906 2948 1074 2979 peccatorum
1100 2945 1205 2970 veniam
1231 2944 1361 2970 dimittere
1386 2942 1463 2969 debe-

826 2997 886 3017 mus
910 2990 981 3016 omni
999 2988 1106 3015 debenti
1124 2988 1201 3015 nobis
1220 2987 1280 3015 ibid.
1302 3003 1335 3006 —
1353 2987 1464 3014 venialia

825 3035 992 3061 remittuntur
1010 3041 1057 3066 per
1076 3036 1135 3059 octo
1155 3033 1242 3059 media
1260 3033 1310 3059 456
1325 3033 1358 3058 22
1370 3046 1406 3051 —
1418 3033 1466 3058 Re-

826 3079 916 3104 missio
935 3078 1035 3110 peccati
1053 3078 1164 3110 figurata
1178 3077 1225 3104 fuit
1237 3084 1285 3109 per
1298 3076 1465 3102 remissiones

826 3124 906 3148 factas
924 3121 975 3148 sub
993 3123 1099 3148 lonatha
1118 3122 1151 3147 98
1171 3129 1198 3147 v.
1219 3122 1246 3147 41

878 3180 914 3185 —
932 3168 993 3192 sunt
1010 3168 1081 3191 extra
1100 3166 1256 3197 nuntianda,
1270 3172 1302 3191 ne
1315 3166 1466 3197 putrescant

827 3211 858 3236 Vl
872 3209 924 3236 374
937 3211 953 3235 9
973 3224 1008 3229 -
1023 3210 1142 3245 Vulnera!
1159 3213 1326 3242 peccatorum
1347 3212 1466 3241 tempore

826 3254 892 3286 legis
904 3254 1020 3280 veritatis
1033 3254 1163 3280 revelatae
1176 3253 1335 3280 ostendenda
1349 3255 1410 3278 sunt
1422 3252 1465 3278 Vll

828 3298 873 3324 121
898 3299 927 3324 3-1
944 3312 980 3318 -
993 3299 1014 3324 Α
1027 3298 1140 3331 peccatis
1148 3298 1281 3332 vDominus
1294 3296 1404 3323 mundat
1416 3303 1464 3328 per

2064 204 2124 235 811

1786 246 1847 270 pen

1495 288 1557 320 ligat
1576 288 1610 314 ad
1629 291 1841 315 sacramentalem
1862 290 2050 316 confessionem
2074 298 2131 323 pec-

1495 335 1612 357 catorum
1633 332 1693 358 ibid.

1549 377 1643 402 Ρεοτυ5
1661 392 1695 395 -
1715 378 1762 403 Per
1782 381 1872 409 pectus
1892 379 2040 410 intelligitur
2058 386 2132 405 mens

1496 420 1527 445 Vl
1553 420 1604 445 598
1631 421 1646 445 2
1665 434 1700 439 -
1719 422 1830 453 Quando
1857 423 2000 453 percutitur
2026 427 2132 454 pectus,

1495 464 1637 489 ostenditur
1650 471 1695 490 cor
1708 466 1836 497 supplicio
1850 466 1959 497 dignum
1974 467 2016 492 Vll
2032 467 2082 492 455
2097 468 2130 492 22

1495 522 1530 526 ——
1549 508 1665 533 tunditur
1684 509 1709 534 in
1729 510 1893 535 confessione
1918 500 1943 535 in
1972 511 2133 542 redargutio-

1496 559 1557 576 nem
1576 556 1602 577 ct
1627 553 1812 584 poenitentiam
1840 554 1889 579 456
1914 555 1947 579 22
1967 569 2001 572 -
2021 555 2134 580 Pectoris

1496 596 1583 621 tunsio
1596 596 1664 621 valet
1676 597 1710 621 ad
1724 597 1903 623 remissionem
1918 598 2057 623 venialium
2072 598 2133 624 ibid.

1550 640 1657 665 Peccata
1671 654 1706 659 —
1719 643 1757 666 cst
1770 642 1893 673 perfectio
1905 643 2021 667 fortunae
2032 643 2063 668 Vl
2085 643 2127 667 161

1498 691 1524 709 v.
1544 683 1558 709 4
1577 697 1613 703 -
1632 684 1700 710 bene
1718 692 1829 717 expensa
1851 686 1919 711 utilis
1938 689 1977 712 cst
1999 687 2031 712 58
2055 694 2081 712 v.
2102 687 2133 712 13

1493 741 1532 746 -
1550 728 1606 753 sine
1630 729 1756 760 sapientia
1781 729 1869 755 tribuit
1889 733 1999 755 mortem
2020 730 2081 756 ibid.
2100 745 2135 749 -—

1497 775 1605 804 propter
1615 773 1884 799 accommodationem
1899 781 1951 799 non
1964 774 2136 800 deterioratur

1498 816 1541 841 Vtt
1562 816 1613 842 157
1632 817 1661 842 81
1687 831 1720 835 -
1740 824 1787 849 per
1806 825 1833 843 se
1852 825 1903 843 non
1924 819 2060 844 fructificat
2074 818 2135 845 ibid.

1497 875 1532 878 —
1550 860 1607 886 eius
1626 860 1719 887 utilitas
1739 865 1777 887 est
1802 869 1832 887 ex
1858 866 1931 894 parte
1957 863 2050 889 utentis
2074 862 2135 889 ibid.

1496 919 1531 924 —
1550 905 1672 931 continue
1691 906 1822 932 consumit
1840 910 1865 932 ct
1884 907 2002 932 devastat
2021 906 2082 933 ibid.

1550 963 1585 968 —
1604 949 1653 982 Qui
1673 950 1740 975 male
1758 950 1892 982 dispensat
1917 951 2054 983 pecuniam
2080 958 2136 983 per·

1497 993 1535 1019 dit
1554 993 1714 1026 felicitatem,
1739 994 1870 1020 caritatem
1896 998 1922 1020 et.
1946 995 2069 1021 iustitiam
2095 996 2136 1021 vu

1497 1037 1547 1063 409
1569 1039 1601 1063 18
1619 1052 1655 1058 --
1674 1039 1723 1071 Qui
1742 1045 1802 1064 cum
1815 1046 1906 1065 amore
1919 1040 2044 1071 pecunias
2057 1040 2138 1072 possi-

1496 1083 1560 1109 dent
1578 1086 1604 1108 et
1622 1083 1648 1108 in
1666 1083 1704 1109 eis
1720 1084 1858 1109 confidunt
1876 1084 1981 1109 difficile
2005 1084 2138 1110 intrabunt

1497 1128 1522 1152 in
1548 1134 1658 1159 regnum
1686 1127 1731 1152 Dei
1751 1127 1802 1152 464
1823 1127 1855 1152 43
1875 1141 1910 1147 -
1929 1128 2064 1160 perdenda
2084 1133 2136 1161 cst,

1498 1178 1531 1197 ne
1549 1172 1642 1204 perdat
1660 1178 1839 1203 possessorem
1859 1172 1911 1197 317
1931 1173 1964 1198 25
1984 1187 2018 1191 -
2034 1174 2137 1198 Amato-

1498 1223 1540 1242 res
1559 1216 1686 1248 pecuniae
1699 1216 1781 1241 Deum
1795 1222 1885 1242 amare
1898 1223 1948 1242 non
1963 1220 2071 1248 possunt
2085 1217 2135 1242 410

1499 1261 1528 1286 21
1552 1275 1587 1279 -
1605 1260 1644 1286 Ob
1658 1267 1774 1286 amorem
1788 1261 1915 1292 pecuniae
1928 1260 2089 1286 subvertitur
2102 1261 2138 1287 iu-

1499 1305 1566 1331 stitia
1586 1305 1618 1330 Vl
1638 1305 1671 1330 86
1690 1312 1718 1330 v.
1740 1305 1770 1329 19
1790 1318 1825 1323 -
1844 1305 1914 1330 Multi
1939 1305 2078 1337 pecuniam
2096 1313 2136 1331 su-

1499 1356 1547 1381 per
1566 1349 1653 1375 omnia
1674 1343 1787 1381 diligunt
1805 1348 1868 1375 ibid.

1553 1408 1588 1412 —-
1601 1393 1678 1419 nobis
1691 1400 1814 1419 concessa
1828 1394 1861 1419 ad
1876 1394 2084 1420 fructificandum
2099 1397 2138 1420 est

1499 1438 1621 1470 scientia,
1635 1438 1716 1470 gratia
1738 1441 1763 1463 et
1781 1438 1899 1464 doctrina
1912 1438 1957 1464 Dei
1973 1438 2017 1464 Vll
2038 1438 2088 1464 485
2104 1439 2137 1464 36

1500 1497 1535 1501 --
1548 1483 1585 1508 De
1600 1482 1710 1514 pecunia
1729 1482 1854 1515 spirituali
1872 1489 1964 1508 usuras
1976 1483 2078 1515 quaerit
2091 1483 2139 1509 Do-

1501 1528 1587 1553 minus
1606 1526 1667 1553 t'bid.
1693 1526 1695 1529 ’

1553 1572 1652 1597 Paion
1670 1585 1706 1591 -
1724 1578 1811 1604 error,
1839 1571 1913 1604 quod
1941 1577 1988 1603 per
2014 1571 2140 1597 naturalia

1499 1616 1625 1648 contingit
1643 1616 1738 1642 mereri
1757 1616 1790 1641 Vl
1809 1616 1860 1641 264
1881 1616 1914 1641 87

1553 1661 1704 1687 ΡειιιοΑΝυ5
1720 1674 1757 1680 —-
1773 1661 1854 1686 fertur
1866 1661 1952 1692 pullos
1964 1667 2027 1686 suos
2039 1661 2141 1686 occisos

1500 1705 1587 1731 triduo
1615 1705 1706 1736 lugere
1732 1707 1758 1734 et
1786 1708 1846 1737 post
1871 1708 1956 1730 rostro
1983 1705 2139 1737 sanguinem

1501 1756 1578 1775 suum
1597 1749 1706 1775 fundere
1725 1752 1751 1775 et
1768 1749 1806 1775 sic
1824 1748 1960 1775 vivificare
1980 1749 2020 1774 Vll
2040 1748 2091 1774 357
2104 1749 2138 1774 74

1554 1794 1640 1819 Pecus
1658 1807 1694 1813 —
1711 1794 1737 1819 In
1763 1793 1829 1826 pelle
1854 1793 2015 1825 significatur
2034 1793 2140 1819 mortifl-

1501 1838 1568 1864 catio
1587 1837 1672 1864 carnis
1691 1838 1724 1863 Vl
1743 1837 1794 1863 598
1816 1838 1831 1863 3

1554 1883 1622 1908 Pt-:RA
1639 1897 1674 1900 —
1693 1882 1822 1914 significat
1840 1883 1960 1908 aflectum
1980 1882 2082 1914 pietatis
2096 1882 2140 1907 Vll

1501 1926 1554 1952 554
1565 1926 1598 1952 48
1608 1939 1645 1946 -
1653 1927 1809 1952 assumenda
1821 1927 1895 1952 estin
1906 1926 2070 1952 tribulatione
2078 1925 2138 1951 ibid.

1553 1971 1672 1996 Panemo
1690 1984 1726 1990 —
1743 1973 1783 1996 est
1801 1970 1844 1996 via
1857 1971 1891 1996 ad
1903 1976 1955 1996 non
1969 1977 2026 1996 osse
2041 1970 2072 1995 Vl
2088 1970 2138 1995 ⁴⁴7

1501 2022 1528 2040 v.
1542 2015 1575 2040 13
1589 2029 1623 2034 -
1636 2014 1736 2041 Causae
1749 2014 1903 2046 perditionis
1920 2014 2066 2040 animarum
2079 2016 2140 2039 sunt

1500 2058 1640 2085 duodecim
1659 2059 1704 2084 Vll
1722 2059 1774 2084 337
1793 2058 1809 2083 5
1828 2073 1863 2076 -
1876 2059 1924 2084 Per
1936 2058 2057 2084 accidens
2069 2061 2139 2083 etex

1500 2095 1671 2136 consequenti
1690 2105 1816 2135 appetunt
1835 2102 2010 2134 perditionem
2028 2102 2074 2135 qui
2096 2109 2140 2134 ap-

1500 2150 1592 2180 petunt
1603 2149 1704 2179 actum,
1723 2147 1768 2179 qui
1787 2149 1826 2172 est.
1842 2153 1920 2172 causa
1933 2147 2087 2178 perditionis
2105 2147 2138 2172 Vt

1501 2192 1551 2216 116
1565 2198 1591 2217 v.
1606 2191 1638 2216 -12
1654 2204 1689 2210 ·—-
1706 2191 1795 2216 Nullus
1808 2191 1875 2222 perit
1886 2194 1995 2223 propter
2007 2191 2137 2217 defectum

1499 2236 1612 2268 pastoris
1630 2234 1737 2265 Christi,
1756 2235 1802 2260 sed
1821 2235 1866 2267 qui
1886 2238 1993 2266 propter
2013 2235 2138 2260 malitiam

1500 2286 1575 2305 suam
1601 2286 1630 2305 se
1655 2279 1769 2311 perdunt
1794 2279 1844 2304 329
1865 2279 1899 2304 64
1917 2292 1952 2298 -
1970 2279 2052 2304 Nemo
2071 2279 2139 2311 perit

1500 2331 1563 2350 casu
1584 2330 1632 2349 nec
1649 2323 1743 2350 Christi
1762 2324 1935 2355 negligentia,
1960 2324 2006 2349 sed
2031 2324 2137 2356 propria

1501 2368 1597 2393 malitia
1617 2367 1667 2393 472
1688 2367 1721 2393 24
1740 2381 1775 2387 -
1794 2368 1852 2393 Mali
1870 2368 2016 2399 perduntur
2035 2374 2082 2400 per
2101 2375 2139 2393 re-

1500 2411 1682 2444 probationem
1708 2412 1759 2437 328
1779 2412 1813 2437 60
1833 2426 1867 2430 -
1885 2412 1975 2437 Nullus
2000 2409 2139 2444 praedesti-

1500 2459 1575 2482 natus
1594 2457 1662 2488 perit
1681 2455 1731 2482 474
1752 2457 1784 2482 33
1805 2470 1839 2474 -
1858 2459 1963 2482 aeterna
1988 2463 2041 2482 non
2066 2459 2105 2482 est
2123 2463 2137 2481 a

1500 2503 1604 2532 natura⁷
1624 2500 1671 2526 sed
1685 2507 1699 2525 a
1712 2501 1845 2526 voluntate
1860 2507 1983 2532 perversa
2002 2500 2049 2526 117
2064 2508 2090 2526 v.
2105 2500 2137 2526 ⁴4

1552 2545 1737 2570 Peat-:omxxrto
1756 2559 1791 2563 —
1810 2544 1870 2570 vita
1895 2548 1981 2570 nostra
2007 2548 2046 2570 est
2064 2545 2138 2577 quasi

1499 2589 1674 2621 peregrinatio
1688 2588 1721 2614 Vl
1735 2589 1767 2614 53
1782 2596 1808 2614 ν.
1824 2589 1832 2613 ⁴
1848 2602 1882 2608 —
1895 2589 1985 2622 Aquae
1998 2589 2138 2614 transeunti

1499 2636 1685 2665 comparantur
1698 2633 1829 2664 peregrini
1849 2633 1882 2658 88
1902 2640 1928 2658 v.
1953 2634 1958 2658 1
1977 2647 2009 2651 -
2022 2633 2139 2659 Christus

1499 2680 1538 2703 est
1556 2677 1713 2709 peregrinus
1732 2677 1757 2702 in
1777 2676 1904 2702 membris
1924 2677 1966 2703 Vll
1986 2677 2037 2702 593
2058 2678 2091 2703 23

1553 2721 1677 2747 Psnrscrt
1696 2735 1731 2739 ——
1750 2724 1810 2746 sunt
1828 2721 1873 2754 qui
1893 2721 2000 2753 implent
2023 2722 2142 2747 volunta-

1500 2768 1553 2791 tem
1572 2765 1689 2791 divinam
1711 2765 1829 2791 faciendo
1854 2768 2006 2798 praecepta,
2032 2765 2139 2791 vitando

1499 2809 1630 2842 prohibita
1649 2812 1676 2835 et
1694 2809 1827 2841 implendo
1846 2809 1952 2834 consilia
1971 2809 2014 2835 Vll
2035 2809 2085 2835 463
2105 2809 2133 2835 41

1501 2868 1538 2881 —.
1553 2861 1567 2879 a
1587 2854 1670 2886 gratia
1689 2853 1800 2885 Spiritus
1819 2853 1900 2879 sancti
1913 2853 2066 2878 inflammati
2079 2857 2140 2879 sunt

1501 2901 1529 2924 ut
1547 2898 1628 2930 ignis,
1648 2900 1676 2923 ut
1700 2904 1806 2923 sursum
1832 2897 1939 2923 tendant
1963 2904 2010 2929 per
2035 2897 2139 2923 deside-

1500 2942 1568 2968 rium
1593 2945 1619 2967 et
1643 2941 1677 2966 ad
1702 2941 1834 2973 proximos
1853 2948 1900 2973 per
1928 2941 2084 2967 beneficium
2105 2941 2138 2967 84

1501 2985 1535 3012 54
1552 2999 1588 3004 —
1607 2985 1731 3011 Perfectio
1748 2985 1859 3020 *animae
1883 2985 1995 3011 devotae
2023 2985 2139 3011 consistit

1501 3030 1526 3055 in
1545 3029 1711 3055 ascendendo
1730 3036 1791 3055 cum
1810 3035 1900 3054 amore
1919 3032 1945 3054 et
1963 3029 2102 3055 devotione
2114 3032 2140 3054 et

1501 3074 1527 3100 in
1545 3073 1729 3100 descendendo
1743 3080 1804 3099 cum
1818 3073 1972 3099 contritione
1984 3076 2009 3099 et
2022 3080 2139 3105 compas-

1501 3119 1574 3144 sione
1593 3118 1627 3144 58
1646 3118 1679 3143 57
1698 3132 1734 3136 -
1752 3116 1861 3143 Habitus
1880 3117 1983 3143 virtutis
1995 3121 2020 3143 et
2033 3117 2139 3149 spiritus

1501 3161 1616 3187 veritatis
1629 3161 1725 3187 faciunt
1738 3161 1870 3187 hominem
1884 3162 2028 3193 perfectum
2042 3161 2067 3186 in
2082 3168 2139 3187 san-

1501 3206 1588 3232 ctitate
1606 3204 1640 3232 ib.
1659 3205 1692 3231 58
1705 3220 1740 3224 -
1753 3205 1845 3231 Anima
1864 3205 1998 3237 perficitur
2011 3206 2139 3238 complete

1502 3250 1528 3275 in
1548 3250 1588 3276 his
1606 3256 1675 3282 quae
1694 3252 1754 3275 sunt
1772 3249 1861 3275 altiora
1881 3249 1936 3281 ipsa
1956 3249 1988 3274 Vl
2005 3248 2038 3274 54
2058 3256 2083 3282 q.
2104 3250 2120 3274 2

1555 3307 1590 3313 -
1615 3297 1754 3319 moventur
1781 3299 1871 3319 amore
1899 3293 1942 3318 Vll
1972 3293 2021 3318 152
2045 3293 2079 3318 611
2103 3306 2139 3312 -

1503 3338 1591 3365 omnia
1601 3338 1753 3370 temporalia
1763 3341 1922 3370 postponunt
1929 3340 1953 3363 et
1960 3337 2021 3363 solis
2030 3337 2140 3362 aetern'm
