2476 3921
0 833 2 838 Ι
28 864 29 867 ,
42 847 139 874 figurae.

36 1113 139 1136 Tertium.

12 1759 141 1781 Notandum.

104 1816 108 1822 ›
160 1805 198 1834 ut
228 1801 283 1844 qui
307 1801 356 1834 sui
388 1811 495 1835 amore
519 1798 726 1835 immoderato
753 1802 882 1835 offendit
906 1802 1006 1835 Deum
1032 1803 1127 1835 simul

21 2187 86 2208 Amor
100 2187 144 2214 pri-

25 2215 68 2235 vati
82 2214 141 2236 boni.

731 214 926 248 COMMENT.
951 216 988 249 IN
1013 216 1251 249 EVANGELIUM
1275 218 1394 250 LUCAE
1418 219 1450 251 C.
1475 220 1562 252 XVll.

157 302 349 336 ostendendo
372 311 462 336 suam
486 302 661 335 fatuitatem
684 302 737 335 det
759 303 828 336 aliis
855 303 1024 346 sapientiae
1048 313 1121 337 con-

158 356 351 394 dimentum,
383 358 420 388 ut
442 356 551 388 nullus
573 355 703 398 aspiciat
726 359 923 396 retrorsum,
947 357 1120 390 secundum

158 408 236 442 illud
259 408 344 451 quod
367 408 484 442 dicitur
507 418 606 451 supra
629 408 750 442 decimo
773 413 889 451 quarto
903 411 933 442 ¹:
964 423 980 438 «ι
1000 410 1120 443 Bonum

158 465 207 495 est
229 462 292 501 sal;
317 462 430 504 quodsi
446 462 492 495 sal
508 462 688 501 evanuerit,
713 462 744 495 in
769 472 833 505 quo
850 463 1004 496 salietur?
1020 463 1060 496 ad
1076 463 1122 496 ni-

158 515 260 548 hilum
284 515 366 549 valet
398 515 514 548 ultra»
542 519 600 549 etc.
632 516 719 549 Unde
751 515 875 549 Glossa:
906 530 922 546 α
945 516 1033 550 Uxor
1067 517 1123 550 Lot

158 568 313 611 significat
336 569 468 611 eosqui
491 569 523 602 in
547 565 752 603 tribulatione
776 573 863 603 retro
895 570 1069 613 respiciunt
1092 574 1123 604 et

159 631 192 655 se
215 631 234 654 a
257 631 312 664 spe
335 622 459 655 divinae
482 622 700 665 promissionis
722 626 889 662 avertunt;
913 627 944 656 et
967 623 1037 656 ideo
1061 627 1125 657 sta-

159 679 215 708 tua
237 675 311 709 salis
333 675 415 709 facta
438 679 499 715 est,
524 675 599 718 quia
615 675 811 709 admonendo
835 677 993 717 homines,
1018 686 1058 710 ne
1082 677 1123 710 si-

159 728 245 761 milia
267 729 400 768 faciant,
424 729 520 762 corda
550 738 660 762 eorum
686 730 810 769 condit,
834 739 873 763 ne
905 730 967 763 sint
991 731 1068 763 fatui
1090 744 1121 763 ».

158 783 221 815 Hoc
243 786 350 816 autem
374 792 435 816 non
453 785 576 816 tantum
600 787 648 816 est
664 784 866 826 exemplum,
891 793 1002 817 verum
1027 785 1120 817 etiam

158 837 262 879 figura
285 837 341 870 et2
373 837 583 880 praesagium.
615 838 691 870 Nam
716 838 798 871 sic‘ut
822 838 899 871 illud
932 838 1122 871 incendium

158 880 313 932 significat
344 890 437 923 finale
468 890 620 923 iudicium
652 891 837 931 imminens,
870 891 914 925 sic
945 901 1034 924 uxor
1066 892 1125 924 Lot

159 947 246 977 retro
269 944 423 986 aspiciens
446 944 566 978 animas
590 945 783 978 effeminatas
806 948 838 978 01
861 946 1017 985 carnales,
1042 954 1124 988 quae

158 997 359 1030 retrocedent
381 1001 412 1030 et
435 997 659 1039 apostatabunt
682 998 713 1030 in
738 998 791 1031 illa
814 998 1027 1031 tribulatione.

249 1050 300 1083 56.
319 1050 420 1090 (Vers.
439 1050 517 1086 33).
534 1051 639 1084 Tertio
655 1055 810 1093 quantum
835 1051 872 1084 ad
890 1052 1055 1084 rationem
1068 1061 1124 1095 pe-

158 1104 263 1137 riculi
284 1104 409 1138 subdit:
433 1105 639 1147 Quicumque
654 1106 834 1149 quaesierit
851 1106 1005 1139 animam
1023 1116 1124 1139 suam

158 1157 291 1191 saluam
325 1157 456 1200 facere,
489 1167 546 1200 per
583 1168 722 1191 amorem
754 1159 935 1201 privatum;
971 1160 1125 1202 accipitur

159 1211 244 1245 enim
269 1211 319 1244 hic
351 1211 470 1245 anim-a
493 1221 552 1254 pro
584 1212 648 1245 vita
672 1213 808 1252 carnali,
840 1213 878 1246 de
910 1223 974 1256 qua
998 1214 1124 1247 Levitici

159 1265 280 1298 decimo
303 1265 479 1307 septimo⁸:
509 1278 525 1295 α
542 1265 650 1303 Anima
666 1266 768 1299 omnis
792 1267 896 1300 carnis
919 1267 950 1299 in
973 1268 1125 1309 sanguine

160 1322 209 1352 est
224 1331 260 1359 »;
277 1319 400 1359 Glossa,
417 1319 475 1352 ibi:
499 1319 629 1352 «Vitam
653 1320 796 1362 corporis
811 1321 935 1353 vocavit
955 1321 1122 1359 animam,

160 1382 223 1406 non
239 1373 391 1412 animam,
408 1382 490 1416 quae
513 1373 629 1416 migrat
645 1383 663 1406 a
686 1383 833 1416 corpore,
850 1374 903 1407 sed
925 1384 1007 1417 quae
1024 1378 1125 1408 morte

161 1426 271 1459 iinitur
288 1439 318 1458 ».
343 1426 427 1459 Hanc
450 1427 575 1469 quaerit
591 1427 713 1460 salvare
733 1427 787 1469 001
812 1427 906 1460 nimis
922 1437 990 1460 eam
1011 1428 1125 1470 diligit;

160 1479 245 1512 unde
268 1479 402 1512 61055111ι
422 1488 519 1521 super
542 1479 620 1512 illud
636 1480 836 1524 quicumque
854 1480 1035 1524 quaesierit
1050 1481 1125 1513 ani-

161 1542 253 1565 mam
276 1542 376 1565 suam
400 1532 532 1565 salvam
558 1532 689 1575 facere.-
724 1546 740 1562 «
756 1533 815 1575 Qui
845 1534 940 1566 vitam
966 1534 1124 1567 carnalem

161 1586 317 1628 negando,
334 1586 495 1619 Christum
512 1586 543 1619 in
562 1586 679 1619 mundo
695 1587 818 1620 salvare
833 1587 1013 1621 voluerit».
1027 1606 1069 1612 -—-
1082 1588 1127 1621 De

160 1648 225 1682 quo
248 1639 372 1673 subdit:
397 1640 518 1673 Perdet
540 1650 613 1672 eam
627 1640 651 1680 ⁵,
676 1640 708 1673 id
731 1644 779 1674 est
799 1650 855 1683 per
879 1641 1021 1674 divinum
1046 1641 1127 1674 iudi-

161 1693 263 1733 cium;
288 1693 411 1727 loannis
426 1693 630 1727 duodecimo:
660 1707 675 1723 «
693 1694 751 1736 Qui
769 1698 853 1727 amat
876 1695 1014 1728 animam
1036 1704 1126 1728 suam

161 1747 274 1790 perdet
297 1756 365 1781 eam
382 1761 412 1780 ».
439 1747 475 1780 Et
498 1748 626 1790 quidem
650 1748 711 1781 hoc
735 1748 789 1781 tiet
809 1748 893 1781 iusto
917 1748 970 1782 Dei
996 1749 1126 1788 iudicio,

161 1854 272 1897 perdat
295 1855 431 1888 divinam
455 1855 633 1888 felicitatem
650 1858 682 1888 et
697 1856 819 1888 animae
843 1856 987 1888 salutem.
1015 1856 1051 1888 Et
1067 1856 1127 1889 boc

161 1911 226 1947 est,
243 1908 332 1950 quia,
349 1908 483 1941 amando
498 1909 616 1941 bonum
642 1908 866 1946 commutabile
887 1918 985 1951 supra
1009 1909 1127 1942 incom-

162 1961 331 2001 mutabile,
362 1962 462 2004 diligit
493 1962 708 2005 iniquitatem;
744 1963 928 1996 Psalmusss:
964 1963 1055 2004 «Qui
1080 1963 1131 2006 di—⁴

163 2015 231 2057 ligit
253 2015 450 2058 iniquitatem
467 2015 532 2048 odit
555 2015 692 2048 animam
708 2025 797 2049 suam
815 2028 851 2056 »;
877 2020 908 2049 et
925 2026 1015 2056 vere,
1036 2016 1126 2059 0010,

163 2069 246 2102 sicut
269 2069 386 2102 dicitur
410 2069 556 2102 Matthaei
580 2069 703 2102 decimo
727 2074 834 2109 sexto,
864 2083 879 2099 «
900 2070 976 2112 quid
1000 2070 1137 2114 prodest·

163 2122 300 2162 homini,
337 2123 361 2155 51
398 2122 551 2155 mundum
587 2123 772 2156 universum
809 2124 968 2163 lucretur,
1004 2124 1126 2157 animae

163 2185 239 2208 vero
262 2185 338 2209 suae
361 2175 586 2209 detrimentum
612 2176 751 2218 patiatur
768 2180 807 2209 »ἵ
831 2177 940 2209 Το1105
969 2177 1066 2219 igitur
1090 2177 1127 2209 il-

162 2229 225 2262 lius
258 2229 391 2271 periculi
415 2229 496 2262 ratio
530 2233 578 2262 est
602 2230 766 2262 conversio
801 2230 839 2262 ad
865 2231 1040 2272 privatam
1073 2230 1126 2263 bo-

162 2292 264 2321 nam,
289 2292 353 2325 quo
376 2283 448 2325 quis
471 2283 565 2316 nimis
597 2292 630 2316 se
652 2283 756 2325 ipsum
785 2283 886 2325 diligit
909 2287 940 2316 et
964 2292 997 2317 se
1020 2284 1125 2326 ipsum

163 2336 257 2369 nimis
272 2336 443 2379 diligendo,
460 2337 532 2378 plus
548 2337 653 2370 debito
669 2337 806 2370 afficitur
823 2337 908 2370 circa
927 2337 1045 2370 bonum
1062 2338 1126 2381 pri-

163 2392 271 2423 vatum
298 2390 453 2433 sperando
476 2395 507 2423 et
530 2390 694 2433 gaudendo
717 2391 756 2423 de
779 2391 848 2424 eius
871 2391 1062 2433 praesentia,
1088 2391 1126 2423 ti-

162 2443 276 2476 mendo
301 2447 332 2476 et
363 2443 496 2477 dolendo
519 2444 558 2476 de
589 2444 658 2477 eius
689 2444 839 2477 absentia.
873 2444 909 2477 Et
941 2444 1000 2477 hoc
1024 2447 1124 2477 totum

160 2497 249 2529 -venit
272 2506 311 2530 ex
338 2506 445 2530 amore
468 2497 582 2539 privati
606 2498 678 2530 boni
693 2524 700 2536 ,
725 2498 780 2540 qui
813 2498 950 2531 maxime
982 2498 1126 2540 regnabit

2075 228 2140 260 445

1186 307 1217 337 et
1239 305 1333 338 nimis
1356 315 1389 339 se
1413 307 1497 349 ipsos
1519 308 1691 351 diligendo,
1717 312 1779 344 Deo
1804 322 1836 345 se
1860 313 1991 347 reddent
2013 324 2143 354 exosos;

1187 358 1281 391 Isaiae
1305 359 1455 401 vigesimo
1478 365 1604 394 octavo:
1628 376 1643 391 «
1660 363 1904 406 coangustatum
1922 371 1969 399 est
1993 371 2144 407 stratum,

1187 410 1230 443 ita
1254 414 1290 443 ut
1303 411 1383 445 alter
1399 412 1539 452 decidat,
1563 418 1595 447 et
1611 416 1740 456 pallium
1766 417 1862 456 breve
1878 423 2052 461 0110111000
2073 429 2146 462 ope-

1188 464 1252 497 rire
1275 474 1337 497 non
1362 469 1495 507 potest»
1524 471 1582 500 etc.

1278 520 1330 551 57.
1355 519 1475 560 Quarto
1495 524 1648 561 quantum
1670 522 1708 554 ad
1732 523 1893 556 rationem
1913 526 2050 558 remedii
2072 527 2146 559 sub-
2165 536 2276 563 omnum.

1187 571 1250 604 dit:
1282 572 1321 604 Ec
1355 573 1553 616 quicumque
1585 574 1768 615 perdiderit
1803 576 1914 615 illam,
1948 587 2004 619 per
2040 579 2147 611 odium

1187 625 1289 658 omnis
1320 626 1521 658 carnalitatis.
1555 626 1663 659 Vitam
1694 636 1830 669 namque
1859 631 1997 671 perdere
2032 631 2148 664 dicitur

1187 678 1241 720 001
1266 679 1482 712 carnalitatem
1503 680 1601 721 ipsius
1625 681 1838 723 crucifigendo
1856 682 2069 725 persequitur,
2094 685 2150 717 sic—

1187 735 1223 764 ut
1255 731 1371 764 Paulus
1401 731 1476 765 dicit
1510 732 1549 765 ad
1572 733 1695 766 Galatas
1726 735 1884 776 quintossz
1916 749 1931 763 «
1953 736 2011 777 Qui
2044 740 2149 769 autem

1187 789 1262 818 sunt
1285 785 1401 819 Christi
1433 787 1672 819 carnem'suam
1706 788 1938 821 crucifixerunt
1961 798 2033 821 cum
2068 790 2151 822 vitiis

1187 843 1218 872 et
1242 840 1551 882 concupiscentiis».
1577 840 1647 874 Ideo
1666 841 1733 883 ipse
1757 842 1880 874 dicebat
1900 842 1938 875 ad
1962 843 2085 876 Galatas
2102 852 2151 876 se-

1188 893 1309 925 cundo:
1339 906 1354 922 «
1379 893 1504 926 Christo
1535 894 1683 927 confixus
1714 904 1784 927 sum
1810 896 1907 928 cruci.
1935 896 2011 928 Vivo
2043 900 2149 929 autem

1188 956 1260 989 ego,
1277 947 1338 979 iam
1356 956 1417 990 non
1435 956 1507 989 ego,
1532 947 1609 980 vivit
1625 957 1700 980 vero
1725 948 1755 980 in
1773 957 1822 981 me
1845 949 1990 982 Christus
2003 963 2034 981 n.
2053 950 2151 983 Huius

1188 1000 1373 1042 exemplum
1397 1000 1533 1033 ostendit
1557 1002 1690 1034 Actuum
1715 1002 1908 1044 vigesimo⁹z
1938 1016 1952 1031 α
1970 1003 2101 1036 Vincula
2121 1007 2152 1036 et

1189 1053 1408 1087 tribulationes
1433 1054 1629 1096 lerosolymis
1661 1064 1710 1087 me
1734 1059 1870 1088 manent.
1904 1056 1960 1088 Sed
1994 1056 2071 1089 nihil
2096 1057 2152 1089 lio-

1189 1116 1262 1139 rum
1287 1116 1417 1147 vereor3
1448 1117 1510 1140 non
1542 1108 1625 1140 enim
1650 1108 1728 1141 facio
1752 1109 1887 1142 animam
1912 1119 2011 1142 meam
2037 1110 2153 1152 pretio-

1189 1160 1304 1192 siorem
1322 1169 1417 1202 quain
1443 1169 1492 1193 me
1509 1161 1613 1202 ipsum
1626 1187 1633 1200 ,
1657 1161 1829 1195 dummodo
1845 1171 2060 1195 consummem
2077 1172 2151 1196 cur-

1190 1222 1260 1246 sum
1297 1223 1403 1246 meum
1437 1211 1468 1247 et
1500 1214 1633 1247 verbum
1665 1215 1849 1255 ministerii,
1882 1216 1966 1258 quod
1997 1217 2149 1258 accepi».

1190 1267 1243 1299 1110
1267 1267 1364 1309 igitur
1386 1267 1506 1310 perdit,
1531 1268 1585 1311 001
1611 1269 1775 1310 perditioni
1802 1270 1933 1311 exponit
1964 1279 2022 1312 pro
2045 1279 2153 1303 amore

1190 1321 1259 1353 lesu
1275 1320 1406 1360 Christi;
1424 1324 1455 1354 et
1471 1321 1510 1354 de
1526 1322 1586 1354 11οο
1602 1322 1768 1355 subditur:
1792 1322 1977 1364 Vi'vifi'cabic
1993 1334 2078 1362 eam,
2096 1333 2152 1366 per

1190 1374 1367 1415 praemium
1392 1378 1539 1407 aeternae
1563 1374 1737 1414 felicitatis;
1762 1375 1883 1408 loannis
1910 1376 2094 1409 duodecimo
2108 1377 2151 1408 ¹⁰:

1196 1440 1210 1456 α
1228 1427 1288 1468 Qui
1311 1427 1376 1460 odit
1396 1428 1531 1460 animam
1550 1437 1639 1461 suam
1664 1429 1694 1461 in
1713 1429 1772 1461 hoc
1798 1429 1915 1462 mundo
1932 1430 1962 1462 in
1988 1431 2082 1462 vitam
2100 1439 2152 1463 ae-

1190 1485 1312 1514 ternam
1337 1481 1474 1514 custodit
1497 1491 1564 1514 eam
1584 1496 1613 1514 ».
1640 1483 1675 1514 Et
1701 1483 1780 1515 ratio
1801 1483 1896 1515 huius
1920 1487 1984 1522 est,
2009 1485 2083 1525 quia
2107 1484 2152 1516 di-

1190 1543 1272 1576 gnus
1295 1538 1343 1567 est
1365 1544 1383 1567 a
1409 1535 1539 1567 Domino
1563 1535 1690 1568 liberari
1714 1536 1768 1578 qui
1790 1536 1889 1578 diligit
1905 1545 1977 1569 eum
1996 1546 2097 1578 05000
2114 1537 2153 1569 ad

1191 1588 1298 1621 odium
1323 1588 1391 1627 sui;
1414 1589 1613 1631 Apocalypsis
1629 1589 1815 1622 duodecimo
1832 1591 1877 1622 ll:
1901 1603 1916 1618 «ι
1934 1590 1990 1632 Ipsi
2009 1590 2154 1623 vicerunt

1191 1651 1266 1675 eum
1289 1645 1419 1684 propter
1444 1643 1627 1684 sanguinem
1652 1643 1727 1685 Agni
1751 1647 1782 1676 et
1798 1647 1928 1685 propter
1952 1643 2085 1676 verbum
2109 1647 2154 1676 te-

1192 1695 1327 1728 stimonii
1346 1695 1413 1734 sui,
1430 1698 1538 1728 0111011
1563 1695 1746 1728 dilexerunt
1761 1696 1880 1729 animas
1905 1705 1978 1729 suas
2002 1705 2103 1738 05000
2120 1696 2152 1728 10

1193 1751 1326 1781 mortem
1345 1762 1374 1780 n.
1399 1748 1457 1790 Qui
1484 1748 1527 1781 sic
1551 1749 1652 1791 diligit
1674 1749 1775 1782 Deum
1807 1758 1930 1782 summe
1953 1749 2070 1791 diligit,
2104 1758 2153 1782 se-

1192 1802 1332 1835 cundum
1358 1802 1434 1835 illud
1460 1802 1581 1835 loannis
1604 1803 1725 1836 decimo
1740 1803 1868 1845 quinto:
1899 1817 1914 1832 α
1931 1804 2076 1836 Maiorem
2101 1812 2153 1836 ca-

1192 1856 1317 1888 ritatem
1344 1864 1435 1888 nemo
1461 1855 1571 1894 habet,
1597 1865 1691 1898 quam
1717 1860 1752 1889 ut
1776 1857 1911 1889 animam
1936 1865 2024 1889 suam
2060 1860 2154 1898 ponat

1192 1909 1264 1951 quis
1288 1918 1345 1950 pro
1369 1909 1478 1941 amicis
1501 1909 1567 1942 suis
1585 1922 1614 1940 ».
1637 1909 1673 1940 Ε1
1696 1909 1843 1951 quoniam
1868 1909 1913 1942 sic
1936 1913 1982 1942 est
2006 1910 2152 1951 diligens,

1191 1962 1306 2005 dignus
1322 1965 1369 1995 est
1384 1961 1499 2004 cliliyz',
1517 1961 1690 1994 secundum
1715 1962 1791 1994 illud
1810 1963 2051 1995 proverbiorum
2068 1966 2153 1994 octa-

1192 2026 1231 2049 vo
1245 2017 1288 2048 12;
1319 2029 1335 2045 «ι
1353 2016 1414 2058 Ego
1437 2016 1601 2057 diligentes
1618 2025 1667 2048 me
1683 2015 1777 2057 diligo
1795 2028 1829 2054 »ς
1854 2016 1947 2048 etiam
1971 2016 2083 2048 merito
2106 2015 2153 2048 di-

1191 2079 1273 2113 gnus
1300 2074 1348 2103 est
1370 2069 1571 2103 aeternaliter
1595 2069 1764 2110 vivificari
1786 2073 1816 2102 et
1840 2069 1879 2102 ab
1903 2069 1985 2101 omni
2012 2069 2153 2111 periculo

1192 2124 1336 2162 liberari;
1362 2123 1560 2166 Apocalypsis
1592 2123 1741 2165 septimo:
1770 2135 1785 2151 α
1804 2122 1836 2154 111
1862 2122 1915 2164 001
1940 2122 2043 2155 amicti
2077 2126 2152 2155 sunt

1191 2178 1279 2210 stolis
1302 2177 1395 2216 albis,
1424 2177 1479 2219 (101
1507 2179 1582 2210 50111
1611 2180 1642 2209 01
1670 2176 1753 2209 unde
1784 2179 1968 2209 venerunt?
2001 2175 2035 2207 Et
2070 2175 2152 2208 dixit

1190 2231 1288 2263 mihi:
1313 2231 1346 2263 Hi
1371 2234 1446 2263 sunt
1477 2230 1531 2272 qui
1557 2233 1713 2263 venerunt
1743 2230 1782 2262 de
1807 2238 1918 2271 magna
1950 2229 2152 2261 tribulatione

1190 2288 1221 2317 et
1245 2285 1391 2317 laverunt
1423 2284 1518 2316 stolas
1542 2292 1616 2316 suas
1647 2286 1678 2316 et
1701 2283 1927 2316 dealbaverunt
1946 2291 1998 2315 eas
2026 2282 2057 2314 in
2081 2291 2153 2315 san-

1190 2338 1285 2380 guine
1308 2337 1394 2379 Agni.
1419 2337 1489 2370 Ideo
1513 2340 1584 2370 ante
1617 2337 1766 2369 thronum
1793 2336 1847 2368 Dei
1871 2339 1962 2374 sunt,
1994 2344 2055 2367 non
2080 2344 2152 2368 esu-

1190 2391 1273 2423 rient
1300 2399 1403 2432 neque
1420 2390 1525 2423 sitient
1548 2390 1700 2432 amplius,
1726 2398 1828 2431 neque
1860 2388 1948 2421 cadet
1964 2397 2060 2430 super
2083 2388 2151 2421 illos

1190 2443 1236 2476 sol
1260 2452 1363 2485 neque
1387 2443 1473 2476 ullus
1492 2447 1615 2481 aestus,
1640 2442 1789 2485 quoniam
1814 2443 1930 2483 Agnus,
1954 2441 2008 2483 qui
2030 2441 2060 2473 in
2087 2449 2151 2474 me-

1188 2496 1239 2529 dio
1265 2496 1370 2529 throni
1398 2499 1462 2535 est,
1488 2500 1575 2538 reget
1598 2496 1667 2529 illos
1698 2499 1729 2528 et
1751 2495 1884 2528 deducet
1912 2503 1964 2528 eos
1996 2495 2034 2527 ad
2066 2495 2148 2527 vitae

2170 961 2295 987 Exemplum

2198 988 2267 1009 Pauli.

2173 1493 2243 1516 Ratio.

1189 2550 1290 2583 fontes
1313 2559 1470 2592 aquarum
1486 2563 1517 2582 ».
2191 2587 2196 2590 ι

1279 2605 1331 2636 58.
1356 2604 1458 2645 (Vers.
1484 2603 1561 2644 341.
1594 2604 1672 2636 Dico
1695 2603 1799 2636 vobis:
1829 2603 1868 2635 1η
1893 2603 1951 2635 ziza
1975 2607 2064 2635 nocte
2088 2606 2146 2635 etc.
2161 2587 2307 2635 αξὲὶῗὲηῗξῗς.

2164 2642 2207 2661 tum
2219 2643 2309 2666 tangun-

163 2550 195 2582 in
219 2550 281 2583 fine
304 2550 427 2589 mundi;
445 2550 601 2584 secundae
624 2551 663 2583 ad
680 2551 879 2584 Timotheum
904 2551 1037 2584 tertio⁷:
1059 2564 1075 2580 «
1092 2551 1124 2583 ln
1155 2543 1159 2689 l

1190 2658 1356 2700 Postquam
1380 2657 1546 2700 descripsit
1576 2657 1725 2690 evadendi
1750 2657 1894 2696 modum,
1920 2656 1970 2689 hic
1998 2655 2148 2688 describit
2181 2669 2215 2687 mr
2232 2668 2282 2689 ma.

164 2602 341 2636 novissimis
363 2604 475 2637 diebus
505 2604 667 2637 instabunt
696 2608 838 2647 tempora
868 2604 1062 2647 periculosa,
1094 2608 1126 2637 et

162 2659 259 2689 erunt
282 2657 424 2691 homines
447 2666 480 2691 se
496 2657 580 2700 ipsos
603 2661 757 2698 amantes,
775 2658 898 2701 cupidi,
923 2656 1028 2691 elati»
1049 2661 1123 2698 etc.;

236 2903 245 2918 ¹
265 2904 340 2930 Vers.
359 2903 408 2935 34;
428 2905 475 2930 cfr.
494 2905 580 2930 Matth.
601 2904 631 2937 5,
652 2905 694 2931 13.
707 2919 742 2925 -
755 2906 843 2931 610550
858 2913 914 2939 seq.
928 2909 966 2932 est
979 2901 1123 2932 ordinaria
1153 2900 1157 2902 ⁵

164 2948 206 2981 (ox
226 2949 310 2980 Beda,
329 2948 376 2981 qui
395 2948 514 2981 sequitur
532 2950 657 2981 August„
677 2951 705 2975 11.
724 2950 773 2982 Qq.
793 2950 958 2982 Evangelior.
976 2958 1001 2983 q.
1024 2950 1076 2983 43.)
1100 2951 1124 2976 in

164 2993 226 3019 Luc.
251 2993 290 3024 17,
310 2993 353 3019 32.
367 3006 403 3012 --
416 2993 543 3024 Superius
559 3000 608 3025 pro
620 3000 701 3020 suam
719 2994 872 3028 fatuitatem
888 2995 907 3019 B
918 2994 936 3021 C
948 2995 969 3020 D
979 2995 999 3020 G
1010 2995 1031 3020 H
1044 3001 1125 3021 suam

162 3036 340 3064 sterilitatem.

237 3080 247 3096 ²
267 3081 326 3108 Vnt.
345 3088 439 3108 verum
457 3081 537 3108 etiam
550 3081 700 3117 significat,
719 3090 788 3115 (1000
807 3083 885 3108 0110111
899 3083 1007 3109 inferius
1026 3091 1074 3116 pro
1087 3084 1125 3118 ef-

161 3125 309 3159 feminatas
328 3125 461 3152 substituit
478 3126 595 3161 effoeta-3.

236 3168 247 3183 ¹³
267 3169 341 3195 Vers.
362 3170 410 3203 14;
428 3171 474 3196 cfr.
494 3178 520 3196 v.
540 3171 583 3201 11,
601 3170 627 3197 in
646 3177 726 3204 quem
746 3171 837 3197 Glossa
856 3178 927 3204 seq.;
947 3172 1003 3204 ipsa
1022 3175 1062 3198 est
1080 3179 1125 3199 or-

164 3212 275 3240 dinaria
294 3205 335 3247 Gex
349 3214 472 3247 August„
491 3216 540 3248 Qq.
560 3216 585 3241 in
597 3216 660 3242 Lev.
679 3223 706 3249 q.
720 3215 763 3242 51.
781 3223 806 3242 11.
828 3216 876 3250 1.),
895 3216 922 3242 111
935 3223 988 3250 000
1007 3224 1056 3249 pro
1068 3223 1124 3243 non

163 3256 287 3284 anima-m
307 3261 390 3284 textus
408 3259 542 3291 originalis
560 3266 615 3286 mm
633 3259 725 3286 vitam.

237 3302 248 3316 ¹
269 3302 373 3329 Scilicet
390 3302 533 3330 ordinaria
553 3304 595 3337 (ex
614 3305 705 3338 Beda),
724 3305 749 3331 in
768 3305 844 3331 cuius
862 3305 914 3331 ssne
933 3306 956 3331 11
974 3312 1035 3331 cum
1055 3307 1124 3331 textu

164 3340 285 3378 originali
304 3347 377 3373 addit
395 3346 422 3373 in
440 3347 535 3381 futuro
550 3348 647 3382 perdet
663 3356 733 3376 eam.
747 3364 783 3369 —
797 3351 830 3376 Ex
843 3350 937 3376 eodem
952 3349 1022 3376 Beda*
1034 3349 1123 3375 Glossa

165 3391 245 3417 etiam
264 3391 342 3417 aliam
361 3392 549 3424 expositionem
569 3391 713 3425 subiungit.

1260 2904 1271 2920 ⁶
1293 2907 1347 2931 Vat.
1370 2913 1430 2931 cum
1453 2905 1561 2936 Vulgata
1582 2892 1674 2936 iltam';
1694 2904 1739 2929 cfr.
1759 2909 1837 2935 supra
1857 2909 1918 2935 pag.
1938 2903 2003 2935 228,
2022 2906 2081 2928 nota
2102 2903 2146 2928 12.

1189 2954 1214 2976 et
1233 2951 1311 2976 Marc.
1330 2950 1359 2981 8,
1380 2950 1422 2975 35.
1441 2963 1476 2968 -
1496 2949 1618 2982 Sequitur
1637 2949 1706 2973 10011.
1726 2949 1772 2977 12,
1793 2948 1834 2973 25.

1259 2993 1270 3009 ⁶
1291 2995 1385 3020 Psalm.
1406 2994 1452 3024 10,
1473 2994 1501 3023 6,
1522 2996 1580 3025 post
1599 2999 1679 3025 quem
1700 2992 1786 3017 Matth.
1808 2992 1854 3022 16,
1874 2991 1920 3022 26,
1942 2990 1984 3016 ubi
2005 2998 2053 3023 pro
2063 2990 2148 3024 prod-

1188 3041 1228 3066 est
1245 3039 1324 3065 codd.
1338 3037 1460 3072 proficit,
1480 3038 1513 3063 de
1532 3044 1585 3069 quo
1604 3043 1682 3069 supra
1703 3043 1726 3062 c.
1746 3036 1771 3061 9.
1793 3042 1816 3060 11.
1839 3035 1880 3060 40.

1261 3082 1270 3098 ⁷
1290 3084 1365 3109 Vers.
1385 3083 1410 3107 -1,
1429 3085 1455 3107 et
1473 3081 1568 3107 deinde
1588 3081 1644 3106 lsai.
1663 3081 1711 3112 28,
1731 3080 1774 3105 20.

1260 3127 1271 3142 Β
1291 3128 1364 3153 Vera.
1385 3126 1432 3157 21,
1452 3128 1511 3158 post
1530 3132 1610 3158 quem
1630 3126 1661 3155 2,
1685 3125 1723 3149 19.
1742 3130 1797 3156 seq.
1817 3137 1850 3142 -
1870 3124 1997 3155 Superius
2019 3131 2068 3155 pro
2088 3130 2148 3150 cru-

1189 3170 1318 3206 cifigendo
1337 3170 1418 3196 CDIl
1438 3168 1594 3196 cruciando.
1863 3163 1866 3166 ⁴

1260 3214 1272 3230 ⁹
1290 3216 1364 3241 Vers.
1384 3215 1425 3240 23.
1445 3217 1470 3239 et
1489 3213 1531 3239 24.

1263 3259 1286 3273 ¹⁰
1308 3259 1382 3284 Vers.
1409 3258 1451 3284 25.
1470 3272 1504 3276 —
1524 3257 1650 3288 Superius
1669 3255 1779 3281 vocibus
1797 3254 1946 3288 perditioni
1961 3254 2075 3288 exponit
2091 3255 2149 3280 Vnt.

1189 3303 1310 3336 praefigit
1327 3310 1364 3329 se.

1260 3347 1280 3362 ¹²
1303 3348 1376 3373 Vei-s.
1396 3347 1437 3372 11.
1456 3359 1492 3365 -—
1514 3345 1631 3371 Subinde
1649 3345 1776 3377 allegatur
1795 3344 1863 3370 loun.
1883 3344 1930 3375 15,
1953 3345 1991 3369 13.

1260 3391 1282 3406 ¹²
1302 3392 1375 3417 Ver-s.
1398 3391 1439 3424 17,
1458 3393 1483 3416 01
1502 3390 1598 3416 deinde
1617 3391 1698 3421 Apoc.
1716 3389 1742 3422 7,
1763 3388 1853 3415 13-17.
