2476 3921
741 256 936 291 COMMENT.
964 255 999 288 IN
1023 254 1264 288 EVANGELIUM
1288 254 1406 288 LUCAE
1431 256 1463 288 C.
1488 256 1562 288 xlx.

153 359 191 383 ea
206 363 236 381 ».
261 348 384 381 Dicitur
399 350 505 380 autem
521 346 659 388 populus
682 345 807 388 gentilis
824 344 940 387 pullus
964 343 1120 383 asininas

153 405 283 446 propter
318 400 519 434 stoliditatem
554 398 769 441 ignorantiae;
806 397 858 430 Iob
898 397 1064 430 undecimo
1087 397 1118 428 ¹:

159 469 175 485 «
190 455 246 489 Vir
269 463 370 488 vanus
393 453 424 486 in
449 452 630 495 superbiam
654 451 789 494 erigitur
812 454 844 484 et
875 454 1025 492 tanquam
1049 450 1120 492 pul-

153 510 220 543 lum
243 507 352 551 onagri
376 507 512 545 liberum
529 514 563 539 se
582 508 693 538 natum
714 508 805 547 putat
820 516 856 546 »;
882 503 936 537 sed
960 503 1121 546 alligatus

152 562 269 598 dicitur
292 560 422 594 funibus
447 561 666 602 peccatorum,
691 557 865 591 secundum
887 556 964 590 illud
988 556 1121 589 Prover—

153 616 279 649 biorum
302 614 431 662 quinto:
461 626 476 641 «ι
493 612 634 646 Funibus
656 614 857 654 peccatorum
883 610 1019 653 quisque
1047 618 1120 642 con-

9 682 134 715 sonandum.
153 669 321 711 stringitur
337 681 367 699 ».
386 667 422 700 Et
446 666 495 699 his
510 666 641 699 funibus
665 674 726 697 non
743 667 867 697 tantum
891 664 1029 706 populus
1045 672 1120 706 gen-

153 721 233 754 tium
257 720 372 763 ligatus
395 722 480 758 erat,
504 727 616 751 verum
640 717 734 751 etiam
758 726 930 760 synagoga;
955 717 1040 750 unde
1067 725 1120 749 su-

153 781 211 817 pra
242 773 364 807 decimo
396 772 506 806 tertio:
537 785 552 800 «
573 772 657 804 Hanc
689 774 795 804 autem
831 770 927 803 tiliam
959 770 1119 809 Abrahae,

149 835 249 869 quam
273 826 412 868 alligavit
435 828 577 864 satanas,
601 833 684 864 ecce,
708 824 768 857 iam
793 824 902 857 decem
925 826 956 857 et
980 826 1049 856 octo
1065 832 1121 856 an-

153 880 217 920 nis,
234 888 337 912 nonne
353 879 494 921 oportuit
513 878 590 912 solvi
608 878 768 911 avinculo
784 881 826 910 »2
843 878 879 910 Et
894 877 1010 910 dicitur
1027 877 1119 910 etiam

153 942 221 967 esse
245 933 444 971 indomitus,
462 932 537 975 quia
560 932 687 965 carebat
706 931 790 964 omni
808 931 960 974 regimine
983 930 1120 973 discipli-

153 996 212 1020 nae
235 986 301 1020 Dei.
333 986 420 1019 Unde
443 985 595 1019 Glossass:
629 999 641 1013 α
658 986 856 1018 lntroeuntes
880 985 910 1017 in
945 985 1119 1024 mnndum,

153 1040 385 1083 praedicatores
401 1039 592 1073 invenerunt
613 1039 763 1081 populum
782 1039 945 1071 nationum
970 1038 1120 1080 perfidiae

146 1093 287 1127 x‘mculis
310 1093 489 1145 irretitum,
514 1093 649 1125 liberum
679 1095 710 1125 et
742 1092 911 1132 lascivum,
944 1092 1001 1125 eui
1027 1101 1119 1124 nemo

154 1156 304 1191 unquam
331 1145 506 1179 hominum
529 1145 716 1184 insederat,
741 1145 771 1178 id
799 1148 861 1185 est,
885 1146 993 1179 nullus
1024 1145 1119 1178 ratio-

153 1200 233 1233 nalis
256 1199 366 1234 doctor
391 1198 517 1232 frenum
542 1198 747 1231 correctionis
770 1198 966 1240 imposuit».
992 1199 1036 1231 De
1059 1199 1120 1231 hoc

153 1262 229 1296 ergo
253 1252 381 1285 mandat
411 1251 589 1294 discipulis,
614 1254 651 1284 ut
674 1251 813 1290 solvant,
839 1251 1013 1284 secundum
1042 1251 1119 1284 illud

153 1306 298 1340 Matthaei
323 1305 445 1338 decimo
468 1304 619 1338 octavoss:
642 1317 658 1333 (ι
674 1304 769 1337 Amen
793 1304 863 1337 dico
887 1305 993 1338 vobis:
1018 1305 1120 1346 Quae-

153 1368 290 1402 cumque
314 1358 471 1391 solveritis
495 1366 592 1400 super
619 1360 756 1396 terram,
780 1361 876 1391 erunt
907 1353 1010 1391 soluta
1033 1361 1064 1391 et
1087 1358 1119 1391 in

153 1413 238 1446 caelo
255 1427 285 1445 n.
310 1413 372 1446 Hoc
395 1417 501 1445 autem
526 1421 589 1444 non
613 1415 660 1444 est
676 1411 796 1444 virtute
820 1411 977 1450 humana,
1003 1411 1056 1444 sed
1073 1411 1120 1443 di-

153 1467 246 1506 vina3
271 1469 401 1509 propter
426 1465 511 1508 quod
533 1465 586 1498 Iob
618 1464 779 1507 trigesimo
803 1473 904 1497 nono:
934 1478 948 1492 «
966 1464 1043 1506 Quis
1074 1464 1120 1497 di-

153 1519 238 1553 misit
253 1528 408 1562 onagrum
432 1519 584 1566 liberum‚
601 1521 632 1551 et
656 1518 783 1551 vincula
798 1518 867 1551 eius
884 1518 956 1560 quis
973 1518 1093 1550 solvit»
1107 1521 1120 1550 ‘2

154 1573 189 1605 Et
213 1575 288 1605 tunc
312 1572 365 1614 qui
391 1572 525 1605 solvitur
540 1571 580 1604 ad
596 1571 698 1605 lesum
714 1570 901 1610 adducitur;
927 1570 1023 1603 Isaiae
1047 1579 1120 1603 sex-

153 1627 336 1669 agesimo4:
362 1639 382 1660 μ
399 1625 587 1668 Aperientur
618 1628 728 1667 portae
759 1629 833 1658 tuae
864 1624 991 1667 iugiter,
1016 1627 1053 1656 ut
1075 1624 1120 1659 af-

153 1680 274 1722 feratur
305 1679 344 1712 ad
380 1683 410 1712 te
434 1678 586 1712 fortitudo
621 1678 781 1721 gentium,
817 1681 849 1711 et
883 1686 974 1720 reges
1009 1686 1119 1710 earum

153 1733 352 1766 adducantur
368 1746 399 1765 υ.

243 1786 296 1819 [17.
329 1786 430 1828 (Vers.
456 1786 534 1827 31.).
559 1786 665 1819 Tertio
696 1785 798 1828 quoad
830 1786 1033 1818 mandatam
1060 1794 1120 1829 po-

0 1852 139 1883 timerium«
154 1840 342 1873 testativum
362 1849 423 1883 per
447 1839 577 1872 eulmen
600 1838 813 1872 auctoritatis
833 1837 1026 1880 praecelsae
1045 1837 1120 1870 sub-

4 1881 254 1926 '⁰²⁸⁵²²²¹v⁰¹¹¹'slitur:
282 1894 322 1926 Et
343 1893 376 1926 si
397 1893 474 1936 quis
505 1902 562 1925 vos
585 1891 864 1934 interrogaverit:
892 1891 1005 1932 Quare
1027 1890 1121 1923 solvi-

155 1946 219 1979 tis?
244 1946 363 1980 scilicet
390 1948 622 1978 contrectantes
654 1953 722 1978 rem
745 1944 897 1983 alienam;
926 1943 976 1976 sie
1005 1943 1121 1986 dicetis

154 1999 201 2033 οἰ.-
228 1999 316 2040 Quia
347 1999 509 2031 Dominus
541 2007 678 2041 operam
702 1997 774 2030 eius
805 1997 988 2036 desiderat,
1015 1999 1052 2029 ut
1084 2005 1121 2031 eo

155 2055 264 2086 utatur
288 2055 438 2095 tanquam
464 2061 498 2085 re
530 2051 668 2094 propria.
693 2051 747 2084 Hic
771 2051 817 2084 aa
847 2050 993 2083 litteram
1016 2053 1121 2083 osten-

154 2106 217 2148 dit,
241 2105 326 2148 quod
349 2105 494 2139 Christus
510 2105 658 2138 dominus
682 2108 750 2138 erat
766 2104 926 2143 omnium,
951 2104 1040 2146 quia,
1058 2113 1122 2146 qua

154 2159 275 2193 ratione
297 2159 444 2192 dominus
475 2162 544 2192 erat
566 2159 663 2197 asini,
695 2161 727 2192 et
750 2158 984 2191 universorum.
1019 2157 1055 2190 Et
1086 2160 1122 2190 ut

154 2212 318 2246 dominum
342 2221 375 2246 se
399 2212 553 2255 significet
576 2212 729 2252 omnium,
754 2212 944 2255 generaliter
968 2220 1001 2244 se
1017 2211 1121 2253 ipsum

156 2269 246 2299 vocat
277 2266 461 2299 dominam.
486 2266 573 2299 Unde
596 2266 663 2309 ipse
690 2265 766 2299 dicit
796 2265 835 2298 de
859 2274 892 2299 se
915 2265 1038 2298 loannis
1069 2264 1123 2297 de-

156 2319 240 2369 cipio
262 2320 396 2353 tertio⁶:
420 2333 436 2349 «
452 2320 514 2353 Vos
537 2320 655 2353 vocatis
672 2328 722 2353 me
742 2319 902 2363 magister
926 2322 957 2352 et
972 2318 1123 2357 domine,

156 2377 187 2406 ct
210 2373 290 2406 bene
313 2373 433 2413 dicitis;
459 2382 528 2406 sum
553 2373 670 2407 etenim
686 2387 717 2405 ».
746 2373 822 2406 Nam
852 2386 867 2402 κ
889 2373 955 2415 ipse
979 2375 1043 2411 est,
1068 2371 1123 2414 qui

156 2425 251 2459 habet
274 2425 306 2458 in
330 2426 517 2459 vestimento
540 2429 571 2459 et
586 2426 618 2458 in
639 2426 757 2459 femore
781 2435 840 2459 suo
857 2425 1033 2468 scriptum:
1057 2425 1124 2458 Rex

157 2487 267 2521 regum
301 2482 332 2512 et
355 2479 507 2512 Dominus
523 2479 751 2512 dominantium
768 2492 799 2511 ».
824 2479 911 2512 Unde
934 2483 965 2512 et
989 2479 1046 2512 sibi
1078 2478 1124 2511 di·
1153 2504 1160 2508 .

157 2531 241 2564 citur
272 2532 349 2565 illud
384 2532 495 2565 Esther
530 2532 650 2565 decimo
687 2532 801 2565 tertio:
840 2545 855 2560 α
879 2532 1010 2565 Domine
1041 2532 1125 2564 Deus

157 2585 372 2627 omnipotens,
397 2586 427 2618 in
459 2585 576 2618 ditione
607 2589 662 2618 tua
690 2589 805 2618 cuncta
837 2588 911 2618 sunt
943 2585 1061 2628 posita,
1094 2589 1125 2617 et

160 2807 201 2839 gis
219 2810 342 2839 traxerat,
371 2814 507 2839 synagoga
536 2807 708 2839 intelligatur;
731 2806 825 2838 pullus
847 2805 936 2832 asinae
960 2806 1075 2832 lascivus
1099 2809 1125 2832 et

160 2850 247 2882 111101·Γ
259 2851 376 2882 gentium
393 2851 517 2883 populus.

232 2893 240 2908 ¹
262 2894 338 2920 Vers.
358 2895 399 2920 12.
419 2909 454 2914 -
474 2895 530 2921 Duo
550 2902 625 2928 seqq.
652 2895 700 2921 loci
726 2898 787 2921 sunt
806 2895 882 2920 prov.
902 2894 932 2925 5,
955 2895 997 2919 22.
1017 2897 1043 2919 et
1062 2894 1124 2920 Luc.

165 2938 205 2970 13,
219 2938 262 2964 16.
281 2952 319 2963 -1
335 2939 463 2971 Superius
482 2942 542 2971 post
551 2939 672 2973 populas
685 2938 791 2973 gentilis
805 2938 863 2975 Vat.
883 2936 1054 2971 prosequitur
1066 2937 1125 2971 pnl-

162 2981 206 3008 lus
224 2981 318 3008 asinae
333 2984 447 3016 propter
466 2983 639 3010 stoliditatem
658 2982 767 3017 inpertit.

233 3024 243 3040 ²
264 3027 365 3052 Scilicet
383 3026 526 3054 ordinaria
546 3027 587 3061 (ex
606 3028 698 3061 Beda),
711 3028 738 3054 iu
756 3028 832 3054 cuius
851 3028 903 3053 tine
915 3034 964 3060 pro
984 3026 1125 3054 correctio-

161 3069 204 3096 m‘s
224 3069 305 3096 ACD
323 3077 384 3096 cum
404 3071 473 3097 Beda
493 3072 678 3106 correptionis.

234 3111 245 3127 ⁸
265 3114 339 3139 vers.
361 3115 402 3140 18.
421 3128 457 3134 -—
476 3116 601 3149 Sequltur
620 3116 665 3142 lob
685 3117 732 3148 39,
752 3116 778 3142 5.

233 3157 244 3171 ⁴
264 3157 339 3183 Vers.
360 3158 402 3190 tt,
424 3157 469 3184 ubi
490 3166 538 3191 pro
557 3166 634 3194 reyes
647 3167 745 3187 earum
765 3160 809 3192 (1111
829 3160 910 3186 etiam
921 3159 1046 3192 Vulgata)
1067 3159 1126 3186 Vat-

163 3208 224 3227 eum
244 3200 365 3233 pluribus
383 3201 462 3227 codd.
480 3209 557 3236 reyes
576 3210 680 3230 eorum.
699 3218 734 3223 —
753 3203 890 3236 Anibi-os,
910 3204 954 3229 lX.
974 3203 999 3229 in
1021 3204 1084 3229 Luc.
1103 3210 1127 3229 c.

165 3247 206 3271 19.
226 3252 253 3271 11.
273 3246 303 3271 3:
326 3255 339 3269 ot
353 3246 409 3272 Non
428 3249 530 3278 poterat
549 3246 660 3282 [pullus]
680 3248 747 3275 solvi
771 3247 823 3274 nisi
849 3248 921 3274 iussu
941 3248 1059 3279 Domini;
1079 3248 1127 3273 sol·

164 3291 202 3316 vit
219 3296 281 3316 eum
300 3296 394 3315 manus
418 3290 574 3322 apostolicam
594 3291 651 3317 tulis
674 3295 762 3324 actus,
778 3292 838 3318 talis
862 3292 931 3324 vita,
956 3292 1012 3318 talis
1031 3291 1124 3324 gratia.

164 3335 224 3361 Esto
243 3334 313 3367 talis,
332 3337 362 3360 ut
379 3337 405 3360 et
428 3337 454 3360 tu
472 3334 557 3366 possis
576 3335 670 3367 ligatos
694 3337 797 3363 solvere
813 3336 923 3363 n.;lbid.
947 3340 974 3362 11.
993 3337 1024 3362 6:
1044 3335 1127 3361 Alieni

164 3379 283 3412 alligant,
298 3381 325 3404 ut
337 3378 503 3410 possideant,
523 3378 570 3405 iste
583 3379 674 3412 solvit,
688 3384 716 3407 ut
729 3384 829 3413 teneam
846 3380 1045 3407 vehementiora
1057 3380 1126 3405 enim

165 3423 233 3449 dona
254 3422 326 3449 novit
344 3429 402 3449 esse
420 3429 500 3455 quam
520 3422 635 3449 vincula.

272 3475 301 3503 S.
319 3475 425 3503 Bonav.
437 3489 472 3495 -
487 3475 565 3502 Tom.
583 3476 637 3502 Vll.

2079 258 2141 291 [4859

1185 352 1246 375 non
1271 347 1318 376 est
1341 344 1395 386 qui
1428 348 1500 377 tuae
1525 346 1670 378 resistere
1695 346 1791 387 possit
1824 347 2022 379 voluntati».
2053 361 2067 374 α
2086 348 2144 379 Do—

1185 396 1290 429 minus
1313 397 1535 430 universorum
1569 401 1602 430 tu
1627 406 1660 430 es
1684 412 1714 430 ».
1746 417 1785 421 —
1814 399 1991 431 Secundum
2030 404 2143 443 myste-
2165 409 2273 435 amomo

1184 449 1278 483 rium
1308 453 1414 483 autem
1448 451 1525 483 haee
1548 451 1641 484 debet
1671 460 1740 484 esse
1771 452 1932 493 responsio
1964 452 2144 494 praedican-
2173 439 2268 462 “ffl'oe'

1186 503 1264 536 tium
1290 507 1322 536 et
1344 504 1592 544 absolventium,
1609 505 1663 547 qui
1689 515 1749 537 non
1774 505 1892 538 faciunt
1909 506 1967 538 hoc
1991 506 2028 538 ad
2044 507 2144 545 aliud,

1185 557 1244 590 nisi
1268 560 1305 589 ut
1327 557 1366 590 ad
1389 557 1550 590 Christum
1576 558 1702 590 trahant
1719 561 1866 600 tanquam
1892 559 1930 591 ad
1955 568 2065 592 verum
2088 560 2145 592 Do-

1185 609 1325 649 minum,
1350 610 1404 652 qui
1430 610 1524 643 habet
1547 610 1737 643 desiderium
1761 611 1949 643 animarum.
1974 612 2048 643 Nam
2082 613 2146 653 ipse

1185 662 1260 695 dicit
1295 663 1539 696 Proverbiorum
1574 664 1724 697 octavo⁸:
1754 677 1769 692 α
1793 664 1926 696 Deliciae
1962 674 2048 697 meae
2080 675 2146 698 esst·

1186 724 1258 748 cum
1284 715 1356 748 filiis
1377 716 1539 748 hominum
1557 729 1588 748 n.
1607 716 1673 758 lpse
1697 717 1779 749 enim
1797 716 1953 749 desiderat
1977 717 2145 759 principari

1185 769 1290 809 cordi,
1316 770 1390 812 quia
1411 770 1476 812 ipse
1500 770 1586 803 solus
1603 774 1650 803 est
1674 770 1833 803 Dominus.
1860 770 1944 803 l'nde
1961 771 2017 803 etsi
2042 771 2147 804 (1111110-
2170 780 2297 801 Somnium.

1185 823 1241 856 lus
1260 823 1358 866 ligare
1381 824 1584 865 permittatur
1608 833 1664 865 per
1687 828 1833 866 peccata,
1858 833 1919 856 non
1945 827 2046 857 tamen
2080 825 2146 857 vin-

1185 876 1268 910 dicat
1291 877 1349 910 sibi
1374 886 1470 919 super
1502 877 1685 910 rationalem
1718 877 1863 919 spiritum
1889 877 2062 910 dominium
2096 888 2148 911 ve-

1185 939 1268 963 rum.
1287 930 1323 962 Et
1339 931 1398 963 hoc
1414 934 1461 963 est
1477 930 1561 973 quod
1577 930 1652 963 dicit
1668 931 1851 964 Ambrosius
1864 931 1891 963 ⁷:
1913 946 1928 960 α
1946 932 2144 964 Dominatum

1185 983 1301 1026 inquit,
1326 983 1383 1016 sibi
1416 983 1573 1029 vindicare
1597 993 1659 1016 non
1683 987 1823 1026 poterat,
1848 993 1942 1026 quem
1974 985 2146 1017 dominum

1184 1037 1314 1076 fecerat,
1339 1046 1401 1069 non
1426 1040 1558 1076 natura,
1582 1037 1635 1070 sed
1660 1037 1762 1079 culpa.
1789 1037 1825 1069 Et
1847 1038 1916 1070 ideo
1940 1047 2011 1071 cum
2045 1039 2146 1071 domi—

1183 1100 1249 1123 nus
1272 1090 1403 1129 dicitur,
1432 1099 1516 1123 unus
1546 1091 1736 1133 agnoscitur.
1771 1091 1845 1123 Nam
1879 1091 1936 1123 etsi
1968 1091 2066 1123 multi
2097 1092 2147 1124 (lii

1184 1147 1215 1177 et
1241 1144 1340 1176 malti
1362 1143 1504 1182 domini,
1529 1144 1716 1186 generaliter
1742 1147 1845 1177 tamen
1877 1154 1967 1177 unas
2002 1145 2088 1177 Deus
2115 1149 2146 1178 et

1184 1207 1274 1230 unus
1291 1197 1497 1235 Dominum,-
1513 1197 1597 1230 unde
1614 1197 1733 1239 primae
1749 1197 1787 1230 ad
1804 1197 1981 1230 Corinthios
1997 1202 2106 1230 octavo
2117 1198 2143 1230 ⁸:

1190 1264 1205 1279 «
1221 1251 1296 1283 Nam
1318 1250 1374 1283 etsi
1401 1253 1475 1283 sunt
1498 1250 1551 1292 qui
1576 1250 1721 1283 dicantur
1745 1251 1785 1283 dii
1812 1251 1877 1291 sive
1902 1251 1931 1285 in
1953 1252 2055 1290 caelo,
2081 1252 2145 1284 sive

1184 1305 1216 1337 in
1239 1298 1343 1343 terra;
1376 1303 1530 1346 siquidem
1555 1307 1629 1336 sunt
1653 1303 1693 1336 dii
1721 1304 1809 1336 multi
1834 1308 1865 1337 et
1896 1304 2011 1337 domini
2036 1305 2144 1343 multi;

1184 1357 1275 1390 nobis
1297 1361 1402 1390 tamen
1419 1366 1503 1390 unus
1527 1361 1573 1390 est
1590 1357 1673 1390 Deus
1695 1360 1726 1389 et
1742 1367 1826 1390 unus
1844 1357 1994 1390 Dominus
2018 1357 2143 1390 lesus».

1185 1410 1238 1443 Hic
1262 1410 1414 1443 Dominus
1438 1410 1525 1443 nullo
1549 1410 1682 1452 indiget,
1700 1409 1873 1442 secundum
1898 1410 1974 1443 illud
1992 1410 2145 1442 Psalmi0:

1190 1477 1205 1492 «
1222 1463 1295 1496 Dixi
1319 1463 1469 1496 Domino:
1498 1463 1583 1496 Deus
1616 1472 1706 1496 meus
1737 1472 1770 1496 es
1796 1467 1847 1502 tu,
1871 1463 2019 1505 quoniam
2051 1463 2146 1496 bono-

1185 1525 1257 1549 rum
1274 1525 1418 1548 meorum
1443 1525 1505 1548 non
1523 1525 1595 1557 eges
1613 1528 1646 1555 »3
1671 1519 1702 1548 et
1719 1518 1822 1548 tamen
1847 1515 2003 1548 desiderat
2019 1524 2146 1557 operam

1185 1572 1312 1602 nostrae
1348 1569 1479 1607 salutis;
1516 1569 1636 1611 primae
1675 1568 1712 1601 ad
1749 1569 1948 1601 Timotheum
1988 1568 2146 1601 secundo:

1191 1636 1207 1652 «
1223 1623 1312 1662 Vult,
1337 1631 1448 1655 omnes
1470 1622 1615 1654 homines
1639 1622 1741 1654 salvos
1764 1621 1832 1654 fieri
1857 1624 1888 1654 et
1903 1621 1942 1654 ad
1958 1621 2146 1663 agnitionem

1185 1676 1327 1709 veritatis
1345 1675 1451 1708 venire
1469 1689 1499 1707 ».
1530 1688 1546 1703 «
1562 1675 1642 1707 Haec
1665 1675 1748 1707 enim
1767 1678 1814 1707 est
1830 1674 1975 1707 voluntas
1991 1674 2061 1713 Dei,
2078 1683 2148 1706 san-

1185 1729 1333 1763 ctificatio
1357 1733 1464 1762 vestra
1480 1742 1510 1761 ι).

1276 1783 1329 1815 [18.
1354 1783 1456 1823 (Vers.
1475 1782 1552 1824 32).
1571 1781 1735 1814 Abierant
1758 1786 1869 1814 autem
1886 1782 1946 1825 qui
1968 1781 2064 1813 missi
2078 1780 2149 1823 fue—
2176 1791 2316 1821 secundom-

1185 1840 1265 1869 rant
1278 1836 1306 1855 ¹⁰
1322 1839 1381 1869 etc.
1399 1836 1567 1877 Postquam
1592 1835 1801 1868 manifestavit
1825 1835 1942 1877 regiam
1964 1838 2147 1876 potestatem
2162 1820 2316 1874 ῗὲῗῃωξὲςῗέἑῖἱ

1181 1889 1217 1923 jn
1241 1889 1367 1922 Christo
1391 1897 1448 1930 per
1479 1888 1697 1921 excellentiam
1731 1888 1762 1920 in
1795 1887 1994 1930 imperando,
2020 1887 2070 1920 hic
2101 1870 2316 1927 se-li‘mdssfft'fflssl

1186 1942 1328 1975 cundo¹¹
1354 1941 1531 1974 manifestat
1553 1950 1620 1974 eam
1646 1950 1702 1983 per
1734 1940 1977 1983 discipulorum
2001 1940 2147 1972 obedien·
2171 1924 2305 1971 ²¹³⁰301¹133¹²¹¹'

1186 1995 1269 2028 tiam
1293 1994 1329 2027 in
1353 1994 1564 2037 obsequendo.
1589 1994 1679 2026 Circa
1698 1993 1782 2035 quod
1806 1992 2027 2034 explicandum
2045 1995 2149 2024 osten-

1185 2048 1273 2081 ditur
1297 2048 1332 2080 iu
1361 2046 1523 2089 discipulis
1554 2045 1704 2088 perfectio
1734 2045 1927 2078 obedientiae
1959 2045 1989 2077 in
2022 2043 2147 2083 eundo,

1186 2101 1389 2146 exsequendo
1412 2104 1442 2134 et
1466 2100 1641 2133 redeundo.

1278 2155 1380 2188 Primo
1404 2154 1501 2197 igitur
1524 2156 1678 2196 quantum
1702 2152 1741 2185 ad
1766 2151 1981 2185 obedientiam
2005 2151 2148 2193 (llseipu-
2168 2160 2294 2190 obedierim

1188 2210 1298 2243 lorum
1318 2216 1380 2251 per
1399 2211 1614 2250 praeceptum
1646 2205 1795 2239 etmtz'um
1818 2205 1951 2238 dicitur:
1985 2204 2149 2237 Abierant
2174 2194 2195 2208 ¹¹²
2211 2189 2289 2208 ²⁰⁰⁶0'

1188 2266 1299 2296 autem
1323 2261 1382 2306 qai
1405 2261 1501 2294 missi
1522 2260 1676 2303 fuerant,
1700 2263 1729 2292 et
1752 2259 1962 2297 invenerunt,
1985 2258 2072 2290 sieut
2099 2258 2148 2290 cli-

1188 2317 1239 2350 aeit
1262 2316 1344 2355 illis,
1369 2318 1508 2348 stantem
1521 2314 1663 2357 pullum.
1681 2314 1713 2346 In
1738 2322 1802 2356 quo
1821 2316 1969 2355 apparet,
1993 2311 2077 2353 quod
2094 2311 2147 2353 qui

1188 2370 1316 2407 Christo
1337 2369 1552 2410 obtemperat,
1576 2367 1675 2409 decipi
1700 2376 1762 2399 non
1783 2369 1900 2408 potest,
1926 2365 1999 2407 quia
2023 2365 2087 2406 ipse
2104 2364 2147 2397 sic

1189 2422 1342 2466 praecipit
1366 2421 1560 2464 praesentia,
1585 2420 1669 2463 quod
1693 2419 1828 2462 praescit
1856 2419 1971 2451 futura.
1997 2417 2082 2450 [nde
2110 2417 2148 2449 ad

1189 2477 1345 2511 Hebraeos
1380 2478 1495 2518 quarto
1509 2475 1553 2506 ¹²:
1584 2473 1727 2506 «Omnia
1762 2472 1845 2505 nuda
1869 2476 1899 2505 et
1934 2476 2041 2514 aperta
2075 2474 2150 2504 sunt

1189 2531 1289 2564 oculis
1305 2530 1389 2569 eius,
1405 2529 1443 2562 ad
1460 2537 1553 2570 quem
1568 2527 1656 2560 nobis
1670 2535 1772 2559 sermo
1785 2539 1815 2557 ».
1831 2544 1870 2549 —
1885 2525 2061 2558 Secundum
2079 2534 2148 2567 my·
2169 2531 2300 2558 maenum.

1189 2583 1330 2617 sterium
1365 2585 1470 2615 autem
1506 2579 1740 2623 significationis
1774 2578 1915 2620 discipuli
1956 2577 2149 2610 invenerunt

1262 2803 1272 2818 ⁶
1292 2804 1368 2829 Vers.
1392 2803 1430 2828 ¹3,
1443 2815 1478 2820 —
1491 2801 1644 2833 >Sequuntur
1657 2801 1737 2830 Apoc.
1762 2798 1805 2828 19,
1830 2797 1867 2821 15.
1881 2803 1937 2828 seq.
1956 2800 1980 2821 et
2000 2796 2149 2825 tisthai-w,

1190 2849 1215 2874 9.
1234 2852 1260 2874 et
1282 2849 1322 2876 lt.

1261 2891 1272 2906 θ
1290 2893 1366 2917 Vers.
1387 2891 1414 2915 31
1426 2909 1434 2923 ,
1453 2892 1513 2921 post
1533 2894 1611 2921 quem
1632 2887 1703 2912 Vah:
1723 2886 1782 2919 lpse
1800 2883 1933 2910 desiderat
1951 2889 1998 2909 cor
2016 2882 2147 2913 hominis,

1191 2937 1269 2963 Prov.
1290 2934 1348 2966 25,
1372 2932 1429 2961 26.-
1450 2931 1562 2963 l‘raebe,
1582 2931 1616 2956 illi
1636 2930 1686 2960 mi,
1707 2932 1838 2954 cortuum
1859 2927 1936 2958 milii;
1957 2926 2020 2960 quia
2040 2926 2095 2959 ipse
2110 2933 2149 2953 so-

1190 2981 1234 3007 [us
1254 2979 1376 3013 [ACDF
1399 2976 1498 3010 solum]
1519 2980 1567 3001 etc.
1587 2988 1622 2994 —
1645 2973 1771 3005 Superius
1794 2978 1842 3004 pro
1867 2970 1916 2996 hoc
1940 2969 1976 2996 ad
1999 2969 2076 2996 aliud
2100 2970 2148 2994 Fu

1189 3025 1239 3052 hoc
1258 3023 1295 3051 ob,
1309 3022 1393 3050 allud.

1262 3068 1271 3083 ⁷
1291 3067 1361 3094 Libr.
1381 3067 1423 3093 tx.
1444 3066 1469 3092 in
1490 3066 1552 3091 Luc.
1570 3071 1593 3096 c..
1615 3064 1656 3089 19.
1676 3070 1701 3089 n.
1722 3062 1745 3087 5.
1766 3062 1815 3087 Pro
1835 3066 1910 3094 quem
1927 3058 2065 3085 dominum
2085 3059 2150 3091 sece-

1189 3116 1236 3141 ral
1255 3114 1334 3147 (hanc
1359 3112 1496 3138 lectionem
1522 3110 1599 3135 etiam
1620 3107 1728 3134 Mam-inl
1754 3106 1779 3131 in
1799 3108 1858 3131 nota
1884 3104 1984 3130 adiecta
2004 3104 2149 3131 recensent)

1190 3159 1249 3185 Yat.
1269 3163 1330 3183 cum
1350 3159 1419 3182 textu
1438 3153 1559 3186 originali
1578 3158 1656 3186 quem
1675 3157 1752 3177 reum
1775 3149 1882 3182 fecerat.
1909 3147 2038 3173 Sententia
2058 3147 2150 3178 allega-

1189 3204 1266 3234 gatur
1286 3199 1430 3225 secundum
1450 3198 1568 3223 Glossam
1588 3192 1759 3221 ordinariam
1778 3192 1804 3217 in
1824 3192 1884 3217 Luc.
1909 3190 1953 3222 19,
1974 3190 2015 3215 30.

1261 3242 1272 3257 ⁸
1293 3243 1367 3268 Vers.
1389 3242 1413 3267 5.
1431 3244 1460 3267 et
1478 3241 1504 3266 6.

1260 3287 1272 3302 ⁹
1292 3288 1386 3313 Psalm.
1407 3286 1452 3317 15,
1482 3286 1512 3317 2,
1537 3284 1581 3310 cul
1608 3282 1804 3313 subiunguntur
1826 3281 1842 3306 1.
1869 3279 1936 3305 Tim.
1966 3279 1995 3309 Ξ,
2025 3278 2048 3303 6.
2077 3282 2102 3304 et
2131 3279 2148 3304 l.

1191 3333 1282 3358 Thess.
1304 3331 1334 3361 4,
1355 3331 1378 3356 3.

1262 3373 1284 3390 ¹⁰
1303 3374 1354 3401 Csr.
1376 3379 1455 3405 suprn
1475 3379 1538 3405 pag.
1559 3371 1624 3402 487,
1643 3373 1702 3396 nota
1724 3369 1747 3394 9.

1262 3418 1283 3433 ¹¹
1303 3418 1372 3444 Vide
1391 3423 1471 3449 supra
1491 3423 1517 3442 n.
1539 3415 1580 3442 43.
1971 3410 1991 3425 ¹³
2013 3411 2087 3436 vers.
2111 3410 2149 3435 13.

2008 3463 2041 3488 62
