2476 3921
281 228 320 258 10
905 221 1125 255 PROOEMIUM
1149 222 1406 255 COMMENTARH
1432 223 1467 255 lN
1492 223 1624 256 LUCAM.

276 313 502 356 generationis,
527 312 644 345 scilicet
667 310 871 343 recurrentis
887 310 922 342 in
941 310 1065 348 Deum;
1081 310 1233 348 introitu,

276 366 360 405 dico,
385 366 547 404 admisso,
571 365 601 397 id
626 368 673 397 est
703 364 837 396 deducto
862 373 924 405 per
955 361 1103 401 Nathan,
1125 362 1233 404 lilium

276 418 390 457 David,
422 419 662 451 demonstraret
692 415 936 460 requirentibus
960 415 1079 454 Deum,
1103 415 1139 447 in
1170 424 1234 458 quo

276 470 523 513 apprehendens
558 475 650 509 erat,
686 470 803 503 scilicet
838 470 938 502 Deum
954 470 975 500 ¹.
1004 468 1057 501 Hic
1081 468 1233 507 ostendit,

275 533 332 566 per
355 524 516 556 Christum
550 526 697 565 oportere
731 522 769 555 ad
805 522 928 554 Patrem
961 521 1079 559 redire;
1109 524 1140 553 et
1175 521 1234 553 hoc

276 581 322 610 est
354 577 438 619 quod
473 577 596 610 subdit:
627 577 665 609 Ut
685 576 890 619 praedicans
925 574 1113 607 hominibus
1139 573 1234 607 Chri-

274 635 363 662 stum
383 640 506 668 suum,
542 632 649 662 noster
684 630 767 662 enim
799 632 846 661 est
880 628 1042 667 Christus;
1074 627 1156 660 infra
1187 636 1235 660 se-

275 683 377 716 cundo
391 684 421 715 ²:
441 696 455 711 α
468 683 564 715 Natus
577 686 624 715 est
636 682 726 714 nobis
739 681 830 714 hodie
843 682 984 715 Salvator
1001 681 1109 713 mundi
1122 694 1137 709 »
1156 684 1233 720 etc.;

275 746 358 778 opus
377 735 518 778 perfecti
540 734 699 774 hominis,
723 734 754 767 id
778 738 825 767 est
848 734 1002 773 hominis,
1026 734 1058 766 in
1083 743 1146 776 quo
1162 743 1234 775 per-

274 789 354 822 fecta
377 792 452 822 sunt
483 789 604 827 omnia,
628 788 738 820 redire
775 788 809 820 in
831 797 883 826 se,
910 787 968 820 hoc
991 790 1038 819 est
1062 787 1094 819 in
1118 789 1234 819 statum

274 851 385 881 suum,
410 842 449 875 de
472 852 536 884 quo
560 841 690 880 cecidit;
714 851 774 883 per
798 841 925 873 Filium
941 839 1081 883 faceret,
1107 849 1164 882 per
1188 840 1235 871 Fi-

275 896 353 929 lium
377 896 494 929 scilicet
517 895 572 928 Dei
608 898 639 928 et
670 894 822 934 hominis,
847 894 949 927 Iesum
972 894 1152 932 Christum,
1177 893 1237 938 qui

273 949 450 992 praebebat
473 950 534 981 iter
558 949 594 981 in
620 947 768 987 Christo,
793 948 823 980 id
856 951 903 980 est
934 947 1116 980 ostendebat
1143 956 1235 989 prae-

274 1003 342 1036 beri
355 1003 367 1022 3
391 1002 611 1040 venientibus,
636 1001 754 1034 scilicet
769 1001 808 1033 ad
825 1001 942 1039 Deum,
960 1010 1023 1042 per
1043 1000 1152 1033 David
1171 1009 1235 1042 pa-

275 1061 356 1088 trem
367 1082 375 1094 ,
394 1056 514 1088 Nathan
531 1055 648 1088 scilicet
664 1055 713 1087 vel
729 1054 863 1092 Christi;
881 1054 941 1086 hoc
956 1057 1003 1086 est
1018 1053 1133 1091 dicere,
1149 1053 1234 1095 quod

274 1109 397 1141 volebat
419 1108 451 1140 in
475 1108 528 1140 illa
549 1107 728 1149 genealogia
751 1110 821 1148 post
844 1106 1036 1147 baptismum
1059 1104 1234 1144 ostendere,

274 1161 431 1203 quomodo
454 1170 511 1202 per
535 1160 694 1192 Christum
719 1162 843 1201 oportet
863 1168 919 1191 nos
940 1161 1140 1200 regeneratos
1164 1157 1235 1193 ned-

274 1215 319 1247 ire
354 1214 393 1246 ad
428 1214 545 1252 Deum,
582 1213 620 1245 ad
653 1213 799 1255 Ephesios
834 1212 978 1253 primo4:
1009 1211 1235 1252 «Complacuit

273 1267 304 1299 in
329 1267 453 1300 Christo
476 1270 657 1299 restaurare
681 1274 762 1308 quae
786 1265 816 1297 in
842 1265 936 1297 caelis
959 1267 990 1297 et
1013 1273 1095 1306 quae
1119 1264 1150 1296 in
1175 1267 1236 1296 ter-

274 1321 317 1353 ris
341 1324 415 1353 sunt
430 1334 461 1352 ».

1391 311 1440 342 10.
1459 310 1641 349 Secund05,
1668 311 1769 353 quoad
1794 311 1911 345 librum
1934 321 2111 350 annexum,
2140 312 2258 345 scilicet

1299 363 1403 395 Actus
1416 362 1665 404 Apostolorum,
1691 363 1814 396 subdit:
1840 364 1904 397 Cui
1926 365 2035 397 Lucae
2057 374 2124 397 non
2146 365 2258 397 imme-

1298 415 1363 448 rito
1386 415 1638 448 scribendorum
1659 416 1757 448 etiam
1775 418 1921 449 Aetuum
1946 417 2179 459 Apostolorum
2201 427 2258 459 po-

1299 472 1397 500 testas
1421 468 1457 500 in
1472 468 1656 501 ministerio
1679 469 1783 501 datur
1807 473 1864 502 etc.
1889 478 1991 512 usque
2014 470 2071 502 ibi:
2099 470 2260 502 Dominus

1298 520 1450 564 eleyisset.
1469 522 1504 554 Et
1520 521 1589 554 vult
1604 521 1722 560 dicere,
1736 522 1821 564 quod
1835 523 1934 564 magis
1950 523 2145 564 competebat
2160 523 2259 556 Lucae

1298 573 1477 607 describere
1500 576 1593 607 Actus
1617 583 1712 616 quam
1728 575 1779 607 alii
1801 575 2028 617 Evangelistae,
2053 576 2127 618 quia
2150 576 2261 617 agebat

1299 627 1337 660 de
1353 627 1492 666 Christo,
1517 628 1548 660 in
1573 631 1726 669 quantum
1745 637 1801 670 per
1817 628 1948 670 gratiam
1966 628 2136 661 reducebat
2151 628 2189 660 ad
2206 629 2260 660 Pa-

1300 684 1399 720 trem;
1424 685 1455 714 et
1479 681 1537 714 hoc
1573 684 1620 714 est
1654 681 1739 723 quod
1774 681 1934 723 potissime
1969 681 2197 716 determinatur
2228 682 2260 714 in

1299 734 1426 766 Actibus
1450 734 1684 776 Apostolorum;
1709 734 1793 776 quod
1808 737 1912 773 notat,
1930 743 2002 767 cum
2019 734 2109 767 dicit:
2140 734 2180 767 Ut
2196 734 2260 767 Deo

1299 788 1335 820 in
1371 788 1474 820 Deum
1503 787 1618 829 pleno‚·
1654 788 1713 820 hoc
1751 792 1798 820 est
1832 788 1923 830 plene
1959 797 2015 830 per
2046 788 2260 821 ascensionem

1299 844 1438 879 ostenso,
1462 849 1519 882 per
1542 850 1637 883 quam
1661 841 1754 874 datus
1777 844 1825 874 est
1848 841 1938 883 plene
1962 841 2098 883 Spiritus
2122 845 2259 879 sanctus,

1300 895 1390 927 tieret
1413 894 1654 927 consummatio
1677 894 1708 926 in
1736 894 1847 933 Paulo,
1871 894 1926 936 qui
1958 894 2017 927 suit
2048 904 2109 926 vas
2138 894 2260 926 electio-

1298 948 1352 980 nis
1365 948 1389 986 ⁶,
1414 947 1587 980 seeundum
1612 947 1743 989 gratiam
1769 947 1980 989 praecipuam.
2005 947 2091 980 Unde
2107 947 2145 979 ad
2163 947 2262 988 Ephe-

1299 1001 1361 1034 sios
1384 1004 1512 1043 quarto:
1534 1014 1549 1029 <t
1567 1001 1626 1042 Qui
1642 1001 1802 1033 descendit
1817 1001 1883 1042 ipse
1900 1004 1965 1040 est,
1982 1001 2036 1043 qui
2052 1000 2209 1037 ascendit,
2226 1002 2262 1032 ut

1299 1053 1483 1095 adimpleret
1507 1054 1611 1086 omnia
1626 1066 1657 1092 »;
1674 1053 1712 1086 ad
1731 1054 1879 1095 Ephesios
1896 1054 2014 1096 primo:
2033 1067 2048 1081 α
2062 1054 2165 1095 Ipsum
2178 1053 2263 1086 dedit

1299 1109 1394 1147 caput
1418 1115 1514 1148 super
1530 1115 1654 1138 omnem
1671 1106 1855 1145 Ecclesiam,
1879 1115 1960 1148 quae
1977 1109 2024 1139 est
2040 1115 2155 1148 corpus
2175 1106 2261 1144 eius,

1299 1161 1330 1191 et
1353 1158 1515 1200 plenitudo
1530 1158 1615 1191 illius
1631 1156 1685 1201 qui
1702 1159 1808 1191 omnia
1824 1159 1855 1191 in
1872 1159 2018 1191 omnibus
2038 1159 2261 1201 adimplevit».

2290 320 2396 345 Secundo,

2270 346 2340 374 quoad
2347 346 2415 367 Actus

2287 373 2399 400 Apostolo-

2313 405 2368 420 rum.

1391 1213 1441 1243 ll.
1466 1212 1588 1250 Tertio,
1613 1215 1768 1254 quantum
1791 1212 1830 1244 ad
1854 1215 2050 1253 praesentem
2064 1211 2427 1254 proloyum:'rer2io,quoaa

1301 1265 1395 1305 Quod
1411 1268 1440 1296 et
1456 1264 1633 1311 leyentibus
1649 1268 1677 1297 et
1692 1264 1937 1308 requirentibus
1953 1265 2014 1297 etsi
2026 1275 2086 1307 per
2106 1264 2261 1307 sinyula,

1298 1318 1329 1350 id
1345 1321 1393 1351 est
1408 1318 1587 1360 singillatim
1606 1321 1637 1350 et
1652 1317 1795 1351 distincte
1811 1318 1917 1350 omnia
1933 1318 2101 1360 praedicta,
2118 1317 2263 1349 tractari

274 1526 404 1559 admisso,
426 1528 474 1552 hoc
495 1530 533 1552 est
552 1533 612 1552 cum
634 1526 794 1552 admissione
812 1532 858 1551 seu
878 1526 1027 1557 receptione
1040 1526 1065 1550 in
1086 1525 1170 1557 ipsam
1192 1532 1233 1556 ge-

274 1571 419 1603 neatogiam
440 1569 639 1604 indiffertibilis
664 1569 724 1601 Dei,
749 1570 775 1595 id
795 1572 834 1595 est
853 1570 949 1595 summi
975 1569 1072 1600 Patris,
1091 1569 1136 1601 qui
1156 1572 1194 1594 est
1219 1576 1233 1593 a

274 1616 337 1641 Filio
356 1615 555 1647 inseparabilis;
574 1618 699 1647 tanquam
719 1615 836 1646 apertius
860 1614 972 1640 diceret:
992 1614 1058 1645 Apte
1071 1614 1141 1639 Deus
1161 1614 1234 1638 Pater

274 1661 299 1685 in
319 1660 413 1686 Christi
432 1659 585 1691 genealogia
603 1659 760 1689 admittitur,
780 1665 841 1683 cum
856 1658 939 1684 Adam
959 1658 1027 1683 tilius
1040 1658 1065 1682 in
1085 1658 1178 1683 eadem
1192 1664 1235 1688 ge-

275 1704 393 1735 nealogia
413 1703 610 1736 pronuntiatur,
629 1703 753 1735 quoniam
774 1702 830 1733 ipse
851 1703 924 1727 Pater
943 1709 957 1726 a
976 1702 1039 1727 Filio
1053 1701 1235 1732 inseparabilis

274 1752 320 1774 est.
340 1749 389 1774 Alii
409 1755 525 1781 namque
544 1751 570 1773 et
589 1749 645 1773 loco
665 1751 690 1773 et
709 1751 828 1779 tempore
847 1753 861 1771 a
881 1746 940 1772 siliis
959 1746 1013 1772 suis
1032 1749 1092 1772 suut
1117 1746 1235 1778 disperti-

274 1793 347 1819 biles.
367 1793 432 1826 Quia
452 1800 515 1818 vero
528 1799 649 1830 summus
668 1792 742 1817 Pater
761 1798 867 1823 semper
886 1791 911 1816 in
931 1791 994 1816 Filio
1014 1794 1039 1816 et
1052 1791 1131 1816 Filius
1150 1790 1176 1815 in
1189 1791 1235 1815 Pa-

274 1841 311 1864 tre
336 1837 542 1869 inseparabiliter
562 1840 662 1868 manet,
682 1837 706 1861 in
726 1836 819 1861 eadem
839 1836 893 1861 Filii
914 1836 991 1861 etiam
1011 1835 1158 1861 secundum
1180 1841 1236 1859 car-

273 1890 333 1908 nem
353 1882 505 1914 genealogia
531 1882 605 1908 Pater
630 1881 731 1907 admitti
751 1881 852 1907 debuit.
876 1894 912 1899 —
936 1880 1043 1905 inferius
1069 1879 1181 1905 vocibus
1207 1880 1237 1905 ut

273 1927 386 1953 introitu
414 1928 435 1952 G
465 1927 593 1952 interserit
621 1926 666 1958 in,·
694 1925 807 1951 subinde
835 1932 884 1957 pro
911 1924 1045 1956 admisso,
1075 1923 1102 1949 id
1129 1925 1167 1950 est
1195 1923 1236 1949 tle-

273 1971 352 1998 ducto
380 1972 401 1997 D
434 1970 566 2003 admisse,
593 1970 620 1996 id
644 1972 682 1997 est
709 1970 780 2004 facto
807 1969 848 1996 vel
872 1971 977 2003 recepto
1007 1969 1038 2002 (G
1066 1968 1093 1994 id
1112 1970 1151 2007 est
1175 1967 1236 1994 inde

274 2016 380 2048 ducto).
413 2017 439 2041 10
471 2016 491 2040 Α
521 2015 637 2041 58811οἀ0
670 2022 763 2040 manus
789 2016 855 2040 hanc
887 2014 1023 2040 lectionem
1055 2013 1162 2045 posuit:
1195 2020 1236 2039 re-

274 2059 423 2092 currentis,
444 2059 472 2085 id
490 2061 529 2086 est
556 2059 716 2093 retroqrade
744 2058 943 2093 praecedentis,-
969 2057 997 2084 in
1016 2058 1118 2089 Deum,
1144 2056 1173 2083 id
1197 2058 1237 2083 est

273 2111 358 2138 usque
377 2103 413 2130 ad
431 2104 516 2130 Deum
525 2113 535 2135 ,·
561 2105 591 2129 ut
610 2103 738 2135 introitu,
764 2102 791 2128 id
809 2104 849 2129 est
873 2102 963 2134 initio,
989 2102 1108 2128 admisso
1133 2105 1183 2127 etc.
1200 2115 1236 2120 —

274 2149 368 2180 Lyrani
394 2148 484 2173 Glossa
512 2147 695 2174 interlinearis
721 2147 802 2173 dicit:
828 2146 962 2179 admisso,
992 2147 1018 2172 id
1046 2150 1085 2172 est
1113 2146 1236 2172 deducto.

274 2192 351 2218 Card.
371 2193 463 2223 nugo:
488 2191 622 2218 admisso:
652 2191 679 2216 id
706 2194 746 2217 est
773 2191 896 2222 deducto,
916 2194 941 2216 et
960 2192 1010 2217 1108
1031 2198 1083 2224 per
1110 2190 1235 2222 Nathan,

274 2236 362 2271 filium
381 2235 476 2262 David.
500 2236 567 2261 lutra
590 2236 653 2261 dicit
671 2234 758 2261 David
774 2236 899 2268 patrem,·
917 2235 993 2266 vide,
1013 2235 1075 2268 quia
1094 2236 1236 2261 Matthaeus

275 2286 300 2307 et
318 2283 401 2307 Lucas
420 2281 579 2306 conveniunt
598 2280 623 2305 in
644 2279 763 2312 patribus
783 2279 816 2305 011
836 2279 969 2305 Abraham
989 2287 1073 2312 usque
1092 2280 1125 2305 ad
1140 2280 1233 2306 David.

274 2326 374 2352 Deinde
392 2325 561 2355 dissentiunt,
582 2324 643 2357 quia
663 2324 806 2349 Matthaeus
825 2324 904 2349 texuit
923 2324 1103 2355 genealogiam
1123 2331 1137 2348 a
1151 2324 1236 2349 David

274 2377 322 2403 per
347 2371 530 2402 Salomonem,
554 2370 637 2395 Lucas
661 2376 675 2394 a
700 2368 785 2394 David
810 2375 858 2400 per
883 2368 981 2393 Nathan
1009 2368 1090 2393 tilium
1116 2368 1173 2393 eius
1193 2368 1236 2393 ad-

274 2413 404 2447 optivum‘.

346 2459 355 2473 ¹
376 2461 401 2485 ln
427 2460 447 2484 Α
467 2459 581 2485 secunda
608 2466 701 2484 manus
721 2458 747 2483 111
774 2458 893 2489 margine
912 2458 1021 2489 posuit:
1046 2457 1101 2484 Hoc
1125 2459 1163 2483 est
1185 2464 1236 2490 per

275 2504 440 2531 consimilem
464 2503 635 2538 filiationem,
659 2510 727 2536 quae
751 2501 805 2536 suit
831 2502 859 2527 in
885 2501 1008 2534 Nathan,
1038 2503 1162 2535 oportere
1186 2507 1236 2527 nos

274 2548 362 2574 redire
380 2548 417 2576 ad
435 2549 536 2579 Deum,
556 2547 606 2574 hoc
625 2549 664 2573 est
679 2554 729 2581 per
748 2546 927 2580 adoptionem.
947 2560 981 2565 —
1000 2546 1153 2572 immediate
1176 2548 1237 2578 post

275 2600 322 2625 pro
342 2593 389 2619 llic
409 2592 535 2623 ostendit,
556 2592 628 2625 quod
648 2592 746 2617 11011801
766 2592 862 2623 ΕΙΙΚ,
883 2591 903 2616 D
923 2590 950 2617 itt
969 2592 1008 2617 est
1033 2590 1195 2622 ostenderet,
1215 2591 1236 2615 A

275 2637 317 2663 liic
336 2637 491 2664 ostenderet.

346 2680 356 2694 ²
377 2682 451 2707 Vers.
475 2682 515 2706 11.
536 2695 569 2699 —-
590 2681 711 2706 Sedulius
731 2681 837 2706 scotus:
858 2680 995 2713 Sequitur:
1020 2681 1052 2705 ut
1074 2678 1235 2713 praedicans

276 2725 303 2751 in
326 2725 478 2752 hominibus
505 2725 643 2752 Christum
667 2732 764 2756 suum,
786 2728 812 2750 et
830 2725 930 2757 reliqua
951 2731 1053 2757 usquc:
1072 2724 1101 2750 in
1121 2723 1235 2750 Christo.

277 2770 351 2795 Pater
371 2770 435 2795 inter
455 2770 574 2795 homines
592 2769 724 2795 Christum
745 2776 822 2794 suum
843 2769 991 2800 praedicat,
1009 2775 1062 2794 non
1076 2769 1161 2794 solum
1174 2775 1236 2794 cum

276 2815 309 2840 ad
329 2816 419 2840 horam
446 2813 609 2846 baptismatis
635 2821 685 2839 vox
711 2818 818 2845 paterna
842 2814 875 2838 de
900 2812 971 2839 nube
998 2814 1110 2839 intonuit
1132 2813 1235 2839 dicens:

279 2859 318 2884 Tu
337 2866 364 2884 es
385 2858 469 2884 Filius
494 2865 570 2884 meus
594 2858 722 2889 dilectus,
749 2857 776 2883 in
796 2858 819 2883 te
838 2856 905 2883 milii
928 2857 1090 2891 complacuit
1109 2856 1186 2891 [Luc.
1206 2857 1235 2888 3,

277 2903 323 2934 22,
344 2902 388 2927 ubi
409 2903 520 2934 Vulgata
549 2901 729 2935 complacuiJ,
757 2902 803 2927 sed
823 2905 848 2927 et
871 2901 988 2934 quotidie
1013 2908 1098 2934 usque
1122 2901 1156 2927 ad
1175 2908 1237 2927 con-

276 2947 478 2973 summationem
504 2946 599 2972 saecuti
626 2947 790 2978 unigenitum
816 2946 907 2971 Filium
937 2949 990 2971 toto
1015 2946 1079 2971 orbe
1108 2949 1236 2971 terrarum

277 2992 389 3024 perora
410 2991 547 3017 doctorum
578 2991 753 3023 evangelizat,
773 2994 902 3023 quatenus
927 2997 994 3023 opus
1015 2989 1129 3024 perfecti
1155 2989 1237 3016 homi-

276 3035 331 3067 nis,
358 3036 382 3061 id
404 3039 443 3061 est
461 3042 528 3067 opus
549 3035 609 3065 Dei,
629 3035 699 3068 quod
720 3038 759 3060 est
777 3035 907 3066 perfectus
933 3035 1011 3059 homo
1040 3034 1073 3059 ad
1094 3033 1237 3065 imaginem

277 3080 316 3105 sui
344 3080 486 3105 conditoris
513 3082 658 3110 recreatus,
691 3078 779 3105 redire
807 3078 836 3104 in
866 3085 893 3104 se
921 3085 971 3111 per
1003 3077 1104 3104 Filium
1134 3077 1236 3111 faeiat,

278 3125 341 3150 dum
361 3131 439 3150 nemo
459 3124 530 3149 venit
549 3124 582 3149 ad
602 3124 703 3149 Patrem
724 3123 773 3148 nisi
802 3130 849 3155 per
868 3122 976 3154 Filium,
1004 3122 1141 3155 quomodo
1160 3128 1237 3147 nemo

277 3168 346 3194 venit
366 3168 399 3193 ad
419 3168 525 3200 Filium,
545 3167 600 3194 nisi
627 3168 707 3194 Pater
735 3166 852 3194 traoeerit
877 3173 939 3193 eunt
958 3165 1042 3200 [loan.
1062 3167 1091 3197 6,
1116 3165 1177 3199 tt.].
1198 3166 1238 3191 Ad

278 3213 327 3237 hoe
355 3213 423 3237 enim
450 3213 540 3237 attinet
568 3212 629 3238 illud
661 3212 734 3245 quod
760 3211 1082 3247 protinusradiungitur:
1114 3210 1167 3242 Qui
1188 3217 1237 3244 per

278 3255 365 3282 David
391 3257 497 3289 patrem
528 3255 690 3282 venientibus
721 3255 771 3282 iter
796 3255 940 3289 praebebat
969 3254 996 3281 in
1029 3254 1142 3282 Christo.
1172 3255 1237 3280 Nam

279 3300 304 3325 in
323 3307 367 3332 eo,
387 3301 459 3332 quod
479 3301 621 3326 Matthaeus
640 3307 686 3332 per
706 3303 792 3332 patres
811 3300 837 3325 in
862 3300 929 3325 tilios
947 3300 1042 3325 seriem
1069 3299 1238 3331 genealogiae

280 3344 420 3369 Salvatoris
448 3348 562 3375 enarrat,
583 3345 632 3369 hoc
660 3344 806 3376 specialiter
834 3344 960 3374 insinuat,
990 3351 1051 3369 cum
1081 3351 1127 3376 per
1156 3343 1238 3369 Patris

280 3388 395 3413 notitiam
416 3388 566 3420 pervenitur
595 3388 628 3414 ad
656 3389 767 3419 Filium3
788 3388 812 3413 in
838 3395 870 3413 eo
890 3395 967 3420 vero,
993 3388 1066 3421 quod
1086 3388 1170 3414 Lucas
1190 3395 1237 3419 per

1270 1540 1273 1542 -
1297 1525 1365 1550 tillos
1384 1525 1410 1557 ip
1424 1528 1511 1556 patres
1530 1525 1653 1556 recurrit,
1668 1524 1730 1550 illud
1747 1525 1838 1555 procul
1860 1524 1943 1550 dubio
1964 1524 2072 1555 indicat,
2095 1524 2156 1556 quia
2183 1531 2261 1549 nemo

1298 1569 1331 1594 ad
1351 1570 1452 1594 Patrem
1472 1568 1521 1594 nisi
1541 1575 1588 1600 per
1608 1569 1698 1594 Filium
1718 1569 1797 1593 venit.
1816 1582 1852 1587 —
1867 1569 1957 1593 Glossa
1986 1567 2169 1594 interlinearis
2189 1567 2261 1600 apud

1298 1614 1446 1645 Lyranum:
1471 1612 1545 1646 Opus
1567 1612 1680 1646 perfecti
1697 1612 1826 1644 homin-is,
1856 1612 1882 1638 id
1911 1616 1950 1638 est.
1977 1613 2126 1643 hominem,
2153 1612 2180 1637 in
2208 1620 2262 1645 quo

1299 1658 1412 1690 perfecta
1431 1660 1491 1683 sunt
1511 1664 1591 1689 opera
1611 1664 1654 1683 sex
1674 1656 1792 1687 dierum,
1812 1657 1854 1682 vel
1874 1660 1982 1688 propter
2001 1664 2081 1689 quem
2102 1657 2189 1682 0111010
2203 1661 2263 1682 51101

1299 1702 1426 1734 perfecta,
1455 1701 1544 1727 redire
1563 1700 1591 1727 in
1619 1708 1661 1733 se,
1690 1701 1722 1727 ad
1743 1704 1839 1726 statum
1859 1701 1930 1726 unde
1948 1701 2088 1727 ceciderat.
2112 1700 2163 1727 Ct‘r.
2185 1700 2263 1727 Card.

1300 1747 1391 1777 Hugo,
1411 1746 1456 1779 qui
1476 1746 1587 1771 eandem
1608 1745 1717 1777 praebet
1736 1746 1944 1778 explicationem.

1371 1788 1382 1804 ¹³
1401 1791 1435 1816 Ex
1455 1791 1538 1816 EGK
1563 1790 1715 1816 addidimus
1733 1789 1870 1825 praeberi,
1893 1791 1914 1816 Α
1931 1797 1981 1824 per
2002 1790 2137 1817 Christum
2163 1792 2189 1817 et
2207 1790 2261 1824 qni-

1300 1833 1364 1865 bus,
1383 1835 1428 1868 qui
1448 1835 1526 1860 etiam
1547 1835 1660 1860 subinde
1680 1838 1800 1868 postper
1821 1834 1908 1861 David
1926 1835 2045 1867 adiungit
2064 1834 2092 1860 id
2104 1836 2143 1861 est
2152 1842 2203 1868 per
2216 1834 2263 1860 ltu-

1299 1878 1439 1905 mz'litatem
1461 1878 1555 1905 David.
1575 1894 1608 1897 —
1627 1880 1717 1905 Glossa
1736 1878 1919 1905 interlinearis
1944 1879 2016 1911 apud
2041 1879 2187 1911 Lyranum:
2217 1878 2265 1912 qui

1296 1930 1346 1957 per
1366 1923 1453 1949 David
1477 1925 1599 1956 patrem,
1628 1923 1721 1949 Christi
1742 1924 1781 1949 vel
1811 1924 1923 1955 Nathan,
1952 1922 2117 1955 venientibus
2146 1923 2209 1955 iter,
2229 1923 2263 1949 ad

1301 1967 1399 1999 Deum,
1416 1966 1574 2000 praebebat,
1599 1967 1626 1992 id
1651 1970 1702 1999 est,
1731 1966 1852 1998 praeberi
1875 1966 2038 1993 ostendebat.
2066 1966 2142 1993 Card.
2168 1967 2263 1998 Ilugo:

1302 2011 1368 2044 Qui,
1388 2012 1485 2037 scilicet
1503 2012 1599 2043 Lucas,
1615 2010 1762 2045 praebebat
1780 2011 1844 2043 iter,
1860 2011 1886 2037 id
1899 2014 1950 2044 est,
1964 2011 2084 2043 praeberi
2096 2011 2263 2044 ostendebat,

1300 2056 1328 2082 in
1348 2055 1467 2088 Christo,
1487 2056 1514 2081 id
1539 2058 1577 2081 est
1596 2062 1643 2087 per
1661 2055 1794 2081 Christum
1814 2055 1861 2081 iter
1888 2055 2046 2081 ascendendi
2070 2055 2095 2081 in
2113 2056 2206 2081 Deum.
2233 2056 2264 2081 Et

1300 2100 1418 2134 quibus?
1443 2099 1611 2127 Venientibus
1627 2107 1678 2133 per
1697 2099 1798 2131 David,
1818 2100 1844 2125 id
1859 2103 1897 2125 est
1911 2107 1958 2132 per
1975 2100 2146 2125 humilitatem
2166 2100 2263 2133 David,

1300 2147 1373 2177 dico,
1389 2147 1511 2179 patrem,
1531 2144 1625 2171 Christi
1645 2145 1687 2171 vel
1706 2145 1816 2170 Nathan.

1371 2189 1383 2204 ⁴
1403 2191 1477 2216 Vers.
1499 2190 1541 2216 to.

1371 2233 1382 2248 ⁶
1402 2234 1466 2260 Cod.
1485 2235 1506 2259 D
1526 2234 1599 2260 addit
1618 2233 1766 2260 ostenditur
1786 2240 1871 2260 causa
1889 2233 2027 2267 formalis.

1371 2277 1383 2293 θ
1402 2279 1457 2305 Α81.
1476 2280 1506 2310 9,
1526 2280 1569 2304 15.
1587 2293 1622 2298 -
1642 2280 1792 2312 Sequuntur
1812 2279 1877 2310 Eph.
1898 2278 1926 2309 4,
1947 2278 1987 2303 ¹10.
2003 2281 2028 2304 et
2053 2279 2077 2308 1,
2097 2279 2141 2303 22.
2162 2285 2264 2311 seq.—

1300 2324 1391 2349 Glossa
1420 2322 1603 2349 interlinearis
1634 2323 1706 2354 apud
1731 2324 1884 2354 Lyranum:
1917 2322 2036 2348 Potestas
2062 2321 2089 2347 in
2114 2321 2263 2348 ministerio

1301 2367 1397 2399 (latur,
1416 2367 1484 2393 liene
1503 2368 1528 2392 in
1544 2367 1700 2400 ministerio,
1720 2367 1782 2400 quia
1802 2366 1870 2392 bene
1883 2367 2000 2399 scripsit,
2020 2370 2048 2393 ut
2064 2367 2116 2393 Deo
2135 2366 2162 2392 in
2177 2367 2264 2393 Deum

1297 2411 1393 2444 pleno,
1416 2412 1484 2437 (licta
1505 2412 1670 2443 ascensione,
1691 2412 1715 2437 in
1736 2419 1788 2445 qua
1814 2413 1907 2444 plenus
1927 2412 1996 2437 Deus
2021 2418 2078 2436 esse
2105 2411 2262 2443 comparuit.

1302 2456 1423 2481 sedulius
1442 2456 1548 2481 Scottis:
1575 2455 1716 2488 Sequitur:
1740 2455 1786 2482 cui
1809 2456 1922 2482 Lucae...
1938 2456 2057 2488 potestas
2082 2455 2110 2481 in
2135 2454 2263 2489 mysterio

1301 2498 1393 2525 datur.
1428 2500 1482 2524 Non
1511 2500 1568 2524 sine
1595 2499 1682 2525 arcani
1710 2500 1793 2531 gratia
1823 2500 1939 2531 mysterii
1972 2499 2041 2525 idem
2070 2500 2153 2525 Lucas
2185 2499 2265 2525 Actus

1300 2543 1456 2574 conscripsit
1474 2543 1644 2575 apostolicos,
1664 2543 1705 2568 cui
1726 2544 1794 2569 Deus
1820 2543 1853 2568 illi
1874 2546 1997 2576 tanquam
2022 2543 2209 2575 Apostolorum
2228 2543 2264 2569 di-

1301 2589 1366 2614 lecto
1385 2588 1526 2620 discipulo,
1546 2588 1592 2620 qui
1611 2595 1801 2620 nonnunquam
1821 2588 1901 2619 gestis
1931 2595 2023 2614 eorum
2044 2589 2177 2621 intererat,
2198 2590 2264 2614 110118

1300 2635 1454 2665 potestatem
1468 2635 1640 2657 concesserat.
1661 2632 1737 2664 Quod
1751 2632 1871 2663 protinus
1881 2632 2035 2663 mysterium
2050 2632 2188 2664 panditur,
2202 2639 2264 2657 cum

1300 2676 1473 2703 subinfertur:
1492 2678 1525 2702 ut
1537 2676 1590 2702 Deo
1604 2676 1632 2702 in
1646 2676 1732 2702 Deum
1741 2675 1835 2709 pleno,
1856 2680 1881 2701 et
1900 2676 2000 2708 reliqua
2014 2683 2112 2709 usque:
2132 2675 2263 2702 Dominus

1291 2721 1428 2759 elegisset.
1449 2722 1511 2747 Nota
1539 2721 1644 2746 historia
1671 2724 1724 2751 est,
1744 2720 1810 2745 sicut
1837 2721 1864 2745 in
1883 2719 1991 2746 Actibus
2015 2721 2199 2752 Apostolorum
2220 2720 2263 2754 [l,

1301 2767 1345 2793 24.
1372 2765 1460 2799 seqq]
1486 2767 1608 2797 refertur,
1634 2765 1706 2798 quod
1726 2765 1843 2790 oratione
1863 2764 1897 2789 ab
1916 2765 2047 2796 Apostolis
2067 2766 2147 2796 tacta,
2173 2764 2264 2791 cecidit

1300 2817 1361 2837 sors
1380 2817 1462 2843 super
1482 2809 1628 2841 Matltiam,
1648 2809 1693 2842 qui
1717 2810 1804 2835 locum
1825 2808 1903 2834 ludae
1922 2808 2064 2840 proditoris
2083 2808 2261 2840 suppleverat.

1300 2855 1374 2881 Unde
1398 2855 1578 2880 duodenarius
1606 2861 1747 2885 numerus,
1767 2854 1812 2887 qui
1837 2854 1963 2885 mysticus
1987 2856 2039 2884 est,
2064 2853 2153 2878 dix-ina
2178 2852 2265 2884 ‹lispo-

1301 2903 1377 2925 nente
1397 2899 1537 2931 sapientia,
1562 2899 1609 2924 suit
1628 2899 1800 2930 completus...
1820 2897 2001 2923 Duodeuarius
2020 2897 2119 2931 quippe
2138 2903 2265 2922 numerus

1301 2951 1429 2975 magnum
1449 2944 1474 2968 in
1493 2950 1521 2969 58
1535 2943 1648 2969 continet
1667 2943 1837 2974 mysterium,
1850 2949 1929 2975 quem
1951 2946 2002 2967 tres
2016 2945 2121 2974 quater,
2140 2944 2185 2966 aut
2202 2948 2264 2974 qua-

1302 2991 1360 3014 tuor
1381 2991 1418 3013 ter
1437 2987 1765 3020 consummant·,iltudque
1782 2986 1906 3012 nimirum
1927 2986 2053 3017 insinuat,
2072 2985 2144 3018 quod
2159 2988 2264 3010 sanctae

1302 3032 1434 3058 Trinitatis
1453 3032 1518 3057 tides
1536 3038 1584 3064 per
1603 3034 1716 3064 quatuor
1736 3030 1827 3056 mundi
1847 3031 1939 3062 plagas
1958 3037 2004 3056 ore
2027 3029 2169 3061 apostolico
2188 3036 2264 3061 prae-

1302 3077 1384 3103 dicari
1403 3076 1524 3109 deberet,
1544 3076 1590 3109 qui
1609 3075 1789 3102 duodenarius
1802 3081 1928 3100 numerus
1947 3077 2008 3100 tunc
2022 3074 2046 3099 in
2066 3073 2197 3105 Apostolis
2210 3073 2264 3105 ple-

1302 3121 1369 3146 niter
1388 3121 1471 3146 suerat
1489 3120 1649 3152 completus,
1669 3120 1722 3145 Deo
1736 3118 1764 3144 in
1779 3119 1863 3144 Deum
1879 3117 1976 3151 pleno,
1995 3118 2019 3143 et
2034 3116 2090 3151 filio
2103 3115 2263 3150 perditionis

1302 3164 1446 3196 emuncto,
1467 3171 1527 3190 cum
1553 3167 1612 3196 post
1631 3163 1816 3195 triumphalem
1841 3161 2037 3187 resurrectionis
2061 3163 2087 3186 et
2106 3160 2264 3186 ascensionis

1302 3209 1449 3235 dominicae
1477 3208 1587 3240 gloriam
1607 3207 1724 3234 Christus
1744 3208 1798 3233 Deo
1823 3207 1915 3238 plenus
1941 3205 2076 3237 discipulis
2099 3205 2192 3230 claruit
2215 3208 2264 3231 etc.

1301 3267 1337 3272 —
1350 3253 1477 3285 Superius
1496 3255 1556 3285 post
1578 3252 1627 3278 ltoc
1646 3253 1684 3278 est
1709 3252 1730 3277 D
1749 3250 1932 3283 prosequitur:
1959 3248 2081 3276 Christus
2101 3255 2152 3282 per
2171 3255 2264 3275 ascen-

1301 3297 1403 3324 sionem
1422 3299 1543 3324 ostensus
1563 3298 1601 3323 est
1616 3296 1729 3330 plenus,
1749 3294 1776 3321 id
1794 3296 1832 3321 est
1848 3293 1984 3327 perfectus
2004 3293 2090 3325 Deus,
2106 3300 2157 3327 per
2181 3300 2264 3327 quam

1301 3341 1402 3369 scilicet
1417 3341 1600 3368 ascensionem
1618 3339 1740 3366 ascendit
1753 3339 1780 3365 in
1800 3339 1901 3370 Deum,
1921 3337 1950 3364 id
1962 3339 2001 3364 est
2018 3336 2055 3363 ad
2073 3337 2264 3371 aequalitatem

1303 3386 1350 3413 Dei
1369 3386 1472 3419 Patrz's,
1492 3386 1570 3419 plene
1589 3384 1744 3411 ascensione
1763 3385 1883 3415 ostensa,
1902 3389 1951 3416 per
1970 3389 2052 3416 quam
2072 3385 2121 3408 etc.

2279 1246 2335 1267 hune
2348 1245 2418 1273 prolo-

2315 1278 2372 1299 gum.
