2476 3921
150 687 180 708 De
196 686 285 708 celebri-

140 716 183 744 tate
200 712 284 743 praedi-

139 743 286 766 cationisqna·

140 770 188 788 tuor
212 769 285 787 notan-

140 796 182 815 tur.

183 900 284 921 Primum.

152 1323 288 1345 Praedicatio

170 1351 272 1378 perfecta.

160 1748 288 1771 Secundum.

205 2015 289 2041 Figura.

187 2387 290 2409 'rei-tium.

306 273 346 306 96

305 361 473 393 celebritas
494 359 529 391 in
543 356 792 400 praedicanda·
816 354 988 388 secundum
1006 356 1052 386 est
1069 352 1263 395 opportuni-

306 419 357 446 tas
381 413 414 445 in
433 410 676 453 testificand011
696 410 736 442 Et
751 408 836 441 venit
854 405 1046 445 Nazareth;
1072 406 1199 438 tertium
1216 408 1264 438 est

305 466 500 509 conyruitas
513 465 549 497 in
561 463 753 501 testimonio,
772 462 829 495 ibi:
848 461 995 503 Spiritus
1014 459 1148 492 Domini
1161 468 1263 501 super

304 530 354 552 me
376 522 453 558 etc.;
477 521 627 560 quartum
653 519 700 549 est
723 514 904 548 credulitas
928 514 963 545 in
986 512 1124 555 populo,
1149 515 1180 544 et
1203 512 1262 544 hoc

305 575 432 605 notatur
456 572 515 604 ibi:
544 571 581 602 Et
604 579 681 602 cum
701 568 871 611 plicuisset
895 566 1018 599 librum
1043 569 1101 598 etc.

394 625 552 666 Quantum
566 623 604 656 ad
618 622 757 665 primum
773 624 847 653 nota
857 646 864 659 ‚
881 619 965 662 quod
982 619 1150 651 celebritas
1163 627 1262 660 prae-

305 678 481 711 dicationis
508 676 623 709 Christi
648 685 689 708 ex
714 678 851 716 quatuor
875 673 1047 714 colligitur,
1080 671 1198 704 scilicet
1221 679 1263 703 ex

303 731 506 774 plenitudine
527 729 679 772 qratiae,
705 727 880 760 latitudine
910 725 1040 768 famae,
1069 724 1264 757 certitudine

306 785 476 817 doctrinae
499 787 530 816 et
553 781 785 825 maynitudine
808 779 982 823 efficaciae.

395 839 447 870 27.
473 837 573 878 (Vers.
602 836 676 877 14).
702 835 860 876 Quantum
878 833 916 865 ad
929 832 1168 875 plenitudinem
1182 839 1264 873 yra-

306 892 371 924 tiae
394 890 525 923 dicitur:
555 890 591 921 Et
614 897 786 931 repressus
809 890 855 919 est
878 887 970 918 Iesus
994 885 1030 917 in
1053 884 1175 917 virtute
1192 883 1265 925 Spi-

306 945 393 977 ritus
417 944 451 976 in
480 942 675 976 Galilaeam.
713 941 908 982 Reqressw,
934 938 1050 971 scilicet
1081 937 1120 969 ad
1143 935 1266 978 praedi-

307 998 457 1035 candum,
482 996 575 1038 quia,
599 994 772 1027 secundum
796 992 880 1035 quod
904 992 935 1024 in
961 990 1107 1023 Psalmo²
1131 989 1265 1027 dicitur,

313 1064 328 1079 «
344 1050 495 1082 Dominus
533 1048 618 1081 dabit
653 1047 786 1080 verbum
825 1044 1110 1087 evangelizantibus
1149 1043 1267 1075 virtute

307 1104 447 1136 multa».
474 1102 509 1134 Et
534 1102 604 1133 licet
629 1100 841 1132 infirmitatem
866 1097 1065 1131 assumsisset
1093 1105 1134 1129 ex
1158 1096 1266 1134 nobis,

308 1157 457 1189 virtutem
494 1158 599 1186 tamen
628 1152 811 1185 ostendebat
845 1160 886 1184 ex
910 1159 961 1189 se,
990 1150 1164 1183 secundum
1189 1148 1267 1181 illud

308 1208 480 1250 Sapientiae
504 1206 706 1239 duodecimo:
736 1218 751 1233 «ι
769 1205 924 1237 Virtutem
949 1203 1030 1236 enim
1048 1202 1195 1241 ostendis,
1213 1201 1267 1243 qui

307 1271 368 1294 non
400 1260 538 1294 crederis
561 1268 629 1292 esse
653 1259 684 1291 in
708 1259 826 1291 virtute
857 1260 1094 1290 consummatus
1110 1269 1141 1287 n.
1167 1256 1202 1288 Et
1227 1255 1268 1288 si*

309 1319 440 1357 gnanter
474 1314 608 1346 dicitur:
645 1313 685 1345 In
719 1311 840 1344 virtute
873 1310 1029 1352 Spiritus.
1067 1309 1149 1342 Talis
1184 1308 1267 1341 enim

309 1368 400 1401 debet
424 1376 491 1400 esse
514 1365 704 1409 praedicatio
739 1365 893 1407 perfecta,
918 1367 954 1396 ut
977 1364 1017 1396 sit
1040 1363 1150 1395 virtuti
1176 1362 1268 1404 spiri-

308 1421 383 1453 tuali
401 1420 582 1458 coniuncta,
607 1418 779 1451 secundum
797 1417 874 1449 illud
891 1417 1012 1458 primae
1035 1416 1074 1448 ad
1091 1415 1269 1448 Corinthios

308 1473 487 1506 secundo³:
519 1473 660 1505 «Sermo
688 1474 794 1503 noster
830 1474 860 1503 et
893 1469 1083 1511 praedicatio
1119 1477 1180 1501 non
1210 1468 1269 1501 fuit

309 1529 338 1561 in
364 1526 623 1570 persuasibilibus
647 1526 803 1558 humanae
827 1523 996 1565 sapientiae
1020 1522 1135 1561 verbis,
1160 1522 1214 1555 sed
1237 1522 1269 1554 in

309 1581 484 1614 ostensione
518 1579 649 1621 spiritus
683 1582 714 1611 et
750 1577 893 1615 virtutis,
918 1580 953 1609 ut
977 1576 1053 1609 fides
1078 1579 1183 1608 vestra
1206 1585 1268 1607 non

311 1635 350 1667 sit
374 1634 404 1666 in
429 1633 580 1674 sapientia
603 1631 755 1670 hominis,
781 1630 834 1663 sed
859 1631 889 1662 in
916 1630 1033 1662 virtute
1057 1629 1159 1662 Dei».

400 1687 451 1719 28.
477 1686 635 1727 Quantum
659 1684 697 1716 ad
722 1683 929 1716 latitudinem
952 1681 1067 1725 famae
1082 1681 1213 1714 dicitur:
1233 1682 1271 1713 Et

308 1739 407 1782 fama
429 1739 508 1771 exiit
528 1748 589 1780 per
613 1738 807 1770 universam
832 1736 996 1779 reyionem
1013 1736 1052 1768 de
1069 1735 1141 1773 illo,
1159 1743 1271 1767 secun-

309 1794 384 1826 dum
409 1792 486 1825 illud
511 1791 563 1824 lob
598 1791 749 1833 vigesimo
777 1791 927 1823 octav0⁴:
959 1803 974 1818 «
990 1789 1126 1821 Auribus
1154 1788 1271 1821 nostris

309 1847 487 1880 audivimus
510 1846 623 1878 famam
647 1845 715 1877 eius
731 1856 761 1883 »;
787 1843 927 1886 loquitur
951 1843 989 1876 de
1013 1843 1165 1885 sapientia
1180 1842 1270 1875 Chri-

309 1901 362 1939 sti,
387 1900 441 1942 qui
466 1903 513 1932 est
541 1911 557 1927 «
574 1898 627 1930 Dei
653 1898 756 1930 virtus
779 1900 810 1929 et
833 1896 984 1938 sapientia
1000 1910 1030 1928 ».
1048 1895 1124 1928 Huic
1141 1904 1271 1928 concor—

308 1954 360 1986 dat
382 1953 463 1985 alius
488 1951 699 1993 Evangelista;
724 1950 868 1983 Matthaei
887 1953 1016 1992 quarto:
1039 1962 1054 1977 «
1068 1949 1151 1981 Exiit
1166 1948 1271 1990 opinio

309 2007 347 2039 tle
375 2007 428 2038 illo
456 2006 486 2038 in
508 2005 688 2037 universam
714 2004 878 2046 Syriam».
906 2003 1003 2036 Huius
1027 2006 1132 2035 autem
1155 2001 1271 2044 siqura

310 2059 480 2101 praecessit
502 2059 534 2091 in
559 2058 741 2096 Salomone,
765 2057 804 2090 de
827 2066 892 2099 quo
923 2056 1038 2089 dicitur
1063 2055 1191 2088 secundi
1216 2056 1271 2087 Pa-

311 2113 524 2155 ralipomenon
541 2120 623 2143 nono
635 2111 659 2150 ⁵,
672 2110 756 2153 quod
777 2123 793 2138 «
806 2118 915 2142 omnes
931 2108 1149 2141 desiderabant
1166 2107 1272 2140 videre

311 2166 420 2198 faciem
444 2165 512 2198 eius
530 2176 559 2203 »;
583 2164 622 2197 de
647 2172 710 2206 quo
734 2162 936 2195 Ecclesiastici
961 2160 1201 2203 quadragesimo
1225 2169 1272 2193 se-

312 2219 423 2261 ptimo:
465 2217 539 2250 «Ad
574 2217 693 2250 insulas
724 2216 815 2258 longe
845 2215 1042 2256 divulgatum
1078 2216 1124 2246 est
1159 2222 1272 2246 nomen

313 2276 404 2305 tuum
421 2284 451 2303 n.

401 2325 453 2369 29«.
479 2324 580 2366 (Vers.
609 2323 683 2364 15.).
709 2323 868 2364 Quantum
892 2321 930 2354 ad
966 2320 1195 2353 certitudinem
1218 2319 1274 2352 do-

311 2378 438 2412 ctrinae
461 2377 688 2411 subditur:-Et
711 2376 780 2418 ipse
802 2374 937 2408 docebat
959 2374 996 2407 in
1018 2373 1200 2418 synayoqis
1224 2383 1274 2406 eo-

312 2442 408 2471 rum,
433 2441 493 2464 non
520 2431 549 2463 in
581 2430 722 2469 occulto,
759 2429 840 2462 sicut
875 2428 1036 2467 homines,
1067 2427 1121 2470 qui
1158 2427 1275 2460 habent

312 2489 488 2528 suspectam
512 2484 704 2523 doctrinam
730 2482 851 2516 loannis
867 2481 989 2515 decimo
1006 2484 1116 2514 octavo
1129 2480 1160 2513 ⁶:
1183 2493 1197 2509 α
1213 2480 1275 2522 Ego

312 2540 413 2582 palam
438 2539 562 2572 locutus
585 2547 656 2571 sum
680 2536 813 2576 mundo,
830 2545 888 2578 ego
904 2544 1028 2578 semper
1044 2534 1136 2568 docui
1153 2534 1184 2567 in
1202 2543 1275 2576 syn-

312 2593 417 2636 agogis
440 2596 472 2625 et
494 2592 525 2625 in
550 2592 685 2634 templo,
709 2590 763 2624 ubi
787 2599 896 2623 omnes
932 2589 1033 2623 ludaei
1071 2588 1274 2626 conveniunt,

313 2650 344 2679 et
366 2646 397 2678 in
422 2645 545 2678 occulto
576 2644 702 2677 locutus
736 2653 805 2677 sum
842 2642 920 2675 nihil
938 2656 967 2674 ».
995 2642 1127 2675 Econtra
1158 2641 1275 2674 dicitur

314 2699 465 2741 sapientia
495 2697 727 2731 haereticorum
768 2700 937 2736 «terrena,
973 2695 1133 2734 animalis,
1168 2686 1275 2727 diabo-

315 2753 373 2785 lica
389 2766 420 2790 n,
445 2760 526 2794 quae
548 2750 731 2792 designatur
755 2759 811 2792 per
834 2749 1006 2782 mulierem
1031 2748 1158 2781 malam
1166 2760 1177 2786 ,·
1202 2748 1275 2780 Pro-

316 2804 498 2837 verbiorum
533 2807 629 2835 nono:
659 2816 674 2831 «
692 2804 796 2845 Aquae
820 2802 955 2835 furtivae
990 2801 1147 2834 dulciores
1182 2804 1274 2839 sunt,

908 265 1099 298 COMMENT.
1126 264 1162 296 IN
1186 260 1424 297 EVANGELIUM
1449 259 1565 293 LUCAE
1590 259 1621 291 C.
1647 259 1694 291 lV.

1327 354 1358 383 et
1380 349 1469 391 panis
1493 348 1694 381 absconditus
1718 346 1845 379 suavior
1862 360 1891 377 n.
1909 345 1995 378 Unde
2011 344 2155 377 Christus
2178 344 2286 385 imple—

1326 404 1379 436 bat
1403 402 1479 435 illud
1505 401 1750 434 proverbiorum·
1770 399 1880 441 quinto
1894 399 1924 430 ⁷:
1954 398 2171 430 «Deriventur
2188 397 2287 430 fontes

1328 456 1372 488 tui
1397 455 1498 493 foras,
1523 458 1554 487 et
1579 454 1609 486 in
1634 453 1744 496 plateis
1767 461 1866 494 aquas
1890 455 1961 484 tuas
1984 451 2087 484 divide
2103 464 2133 482 ».
2160 451 2195 483 Et
2218 450 2287 483 ideo

1326 509 1442 542 dicitur
1466 507 1709 540 Proverbiorum
1742 506 1863 548 primo:
1894 518 1909 533 «
1927 504 2082 546 Sapientia
2117 504 2193 537 foris
2225 504 2287 536 cla-

1327 563 1431 601 mitat,
1455 562 1486 594 in
1511 561 1621 603 plateis
1644 560 1697 592 dat
1720 567 1828 592 vocem
1853 567 1942 591 suam
1960 571 1975 586 »
2005 561 2063 590 etc.

1417 615 1468 647 30.
1495 615 1653 655 Quantum
1678 612 1717 645 ad
1739 611 2004 654 maqnitudinem
2029 610 2194 654 efficaciae
2218 610 2289 643 sub-

1328 668 1480 701 infertur:
1500 668 1539 699 Et
1550 665 1836 709 maynificabatur
1849 664 1891 697 ab
1909 663 2073 702 omnibus,
2090 664 2165 706 quia
2181 672 2289 696 omnes

1329 721 1576 763 magnitudinem
1599 719 1755 752 efficaciae
1787 718 1963 751 sentiebant
1985 717 2080 756 adeO,
2105 720 2140 749 ut
2165 720 2290 759 possent

1328 775 1432 807 dicere
1456 773 1533 806 illud
1558 772 1667 805 Psalmi
1680 772 1708 804 ⁸:
1738 785 1752 800 «
1771 771 1964 814 Magnificata
1979 774 2027 804 est
2042 779 2144 812 usque
2167 770 2206 803 ad
2222 779 2290 803 cae-

1331 829 1376 860 los
1399 826 1613 860 misericordia
1630 829 1698 864 tua,
1716 828 1747 858 et
1763 833 1865 867 usque
1888 824 1926 857 ad
1944 824 2044 857 nubes
2060 824 2176 856 veritas
2193 826 2247 856 tua
2260 837 2290 862 »,

1330 881 1447 914 scilicet
1471 881 1502 912 in
1526 879 1765 922 praedicatione.
1791 879 1852 911 Nec
1877 878 2011 916 mirum,
2037 877 2111 919 quia
2135 876 2200 919 ipse
2224 879 2292 917 erat

1330 933 1381 965 ille
1405 933 1458 975 qui
1483 932 1664 973 designatur
1700 940 1756 973 per
1792 931 1879 963 illum
1916 931 2130 968 Salomonem,
2155 930 2193 962 de
2228 939 2292 972 quo

1331 987 1413 1019 tertii
1438 987 1555 1028 Regum
1580 985 1713 1017 decimo:
1745 998 1760 1012 «
1778 984 1992 1026 Magnificatus
2008 987 2055 1016 est
2071 993 2130 1016 rex
2148 984 2291 1016 Salomon

1331 1049 1428 1081 super
1451 1048 1560 1071 omnes
1584 1047 1674 1080 reges
1692 1038 1864 1070 universae
1897 1040 2001 1070 terrae
2025 1046 2100 1078 prae
2123 1036 2239 1069 divitiis
2263 1040 2294 1069 et

1332 1092 1512 1134 sapientia»
1543 1095 1616 1130 etc.;
1642 1091 1723 1123 infra
1758 1091 1907 1132 septimo:
1938 1103 1953 1118 «
1973 1090 2126 1131 Propheta
2160 1098 2293 1131 magnus

1332 1145 1474 1179 surrexit
1498 1145 1529 1177 in
1552 1144 1642 1176 nobis
1658 1158 1688 1175 ».

1422 1198 1474 1231 31.
1502 1199 1540 1230 Et
1563 1197 1649 1230 venit
1673 1196 1847 1229 Nazareth
1875 1200 1933 1230 etc.
1968 1197 2020 1229 Hic
2055 1205 2131 1229 vero
2166 1199 2294 1229 notatur

1332 1251 1566 1294 opportunitas
1584 1251 1624 1285 in
1650 1250 1872 1292 testificando,
1898 1259 1979 1292 quae
1996 1249 2168 1282 attenditur
2185 1250 2215 1282 in
2233 1249 2295 1282 cir-

1333 1305 1529 1339 cumstantiis
1560 1304 1823 1337 concurrentibus
1855 1304 1893 1336 ad
1928 1304 2005 1342 hoc,
2030 1303 2114 1346 quod
2151 1303 2295 1336 Christus

1333 1360 1451 1402 legeret
1486 1359 1517 1391 in
1550 1362 1720 1400 conspectu
1755 1366 1939 1400 synagogae.
1972 1357 2057 1390 Unde
2082 1361 2220 1399 quatuor
2244 1357 2295 1390 hic

1333 1416 1553 1446 connotantur.
1578 1412 1700 1445 Dicitur
1725 1411 1808 1444 enim
1838 1411 2000 1449 intrasse,
2025 1410 2232 1449 surrexisse,
2257 1410 2296 1443 li-

1334 1467 1433 1499 brum
1449 1466 1612 1509 accepisse
1628 1468 1659 1498 et
1674 1469 1845 1507 acceptum
1862 1464 2044 1497 revolvisse.
2063 1464 2142 1497 Haec
2158 1467 2296 1506 quatuor

1335 1520 1580 1552 introducuntur
1604 1519 1642 1551 ad
1666 1518 1905 1551 instructionem
1931 1517 2177 1560 quadriformem
2198 1517 2296 1549 homi-

1334 1582 1410 1606 num
1446 1572 1713 1614 perscrutantium
1751 1572 1932 1609 veritatem,
1962 1570 2079 1603 scilicet
2110 1570 2296 1603 vacationis

1335 1626 1373 1659 ad
1397 1625 1610 1658 meditandum
1622 1651 1629 1663 ‚
1651 1623 1928 1667 promptitudinis
1944 1623 1983 1655 ad
2000 1623 2166 1665 legendum
2177 1649 2184 1662 ,
2201 1632 2297 1655 man-

1335 1679 1523 1712 suetudinis
1562 1678 1600 1710 ad
1643 1677 1827 1710 discendum
1843 1702 1850 1715 ‚
1889 1676 2099 1709 certitudinis
2138 1675 2177 1708 ad
2216 1675 2296 1708 iudi-

1336 1733 1482 1767 candum.

1426 1786 1477 1819 32.
1504 1786 1605 1827 (Vers.
1645 1785 1719 1825 16.).
1756 1784 1799 1817 Ad
1830 1783 2071 1817 instructionem
2109 1782 2206 1825 igitur
2240 1791 2298 1815 va-

1336 1840 1477 1873 cationis
1508 1839 1554 1871 ad
1583 1838 1813 1871 meditandum
1849 1837 1966 1870 dicitur
2005 1846 2213 1880 synayoyam
2248 1836 2298 1869 in-

1337 1898 1461 1932 trasse,
1486 1902 1558 1925 cum
1582 1892 1643 1924 ait:
1669 1892 1708 1923 Et
1731 1891 1819 1923 venit
1843 1889 2035 1928 Nazareth,
2061 1889 2119 1922 ubi
2141 1893 2215 1922 erat
2236 1899 2298 1922 nu-

1337 1947 1456 1985 tritus;
1481 1951 1510 1979 et
1532 1945 1674 1979 intravit
1696 1945 1878 1977 secundum
1908 1944 2176 1976 consuetudinem
2199 1953 2299 1976 suam

1336 2001 1388 2034 die
1413 1999 1552 2033 Sabbati
1574 1999 1609 2031 in
1626 2008 1844 2042 synayoqam.
1871 1998 1949 2030 Haec
1971 1997 2054 2030 enim
2078 2001 2146 2030 erat
2170 2006 2301 2030 consue-

1337 2054 1414 2087 tudo
1437 2053 1612 2095 approbata
1632 2060 1674 2084 ex
1691 2052 1769 2093 Lege
1794 2051 1888 2092 Moysi
1906 2055 1937 2083 et
1961 2051 2196 2084 conversatione
2212 2051 2302 2084 Chri-

1338 2107 1387 2140 sti.
1424 2105 1499 2137 Hinc
1534 2104 1650 2137 dicitur
1684 2105 1817 2136 Actuum
1850 2103 1971 2136 decimo
2006 2104 2139 2145 septimo
2155 2103 2182 2142 ⁹,
2218 2104 2303 2145 quod

1344 2172 1359 2188 «ι
1383 2158 1498 2191 Paulus
1522 2156 1697 2190 secundum
1733 2156 1991 2189 consuetudinem
2023 2156 2106 2198 apud
2141 2156 2303 2189 Thessalo-

1339 2212 1441 2246 nicam
1474 2210 1611 2244 intrabat
1642 2210 1673 2242 in
1707 2218 1895 2252 synagogam
1927 2212 1958 2242 et
1989 2218 2046 2251 per
2078 2209 2138 2242 tria
2169 2209 2303 2243 Sabbata

1339 2264 1512 2299 disserebat
1535 2272 1608 2297 cum
1637 2263 1681 2297 eis
1705 2263 1743 2297 de
1767 2262 1939 2305 Scripturis
1964 2275 1993 2294 n.
2021 2262 2098 2296 Illud
2122 2262 2204 2296 enim
2236 2265 2304 2296 erat

1340 2320 1478 2360 tempus,
1504 2326 1568 2359 quo
1598 2315 1754 2349 debebant
1777 2324 1889 2349 vacare
1913 2315 1972 2357 legi
2004 2315 2068 2348 Dei.
2106 2315 2136 2348 ln
2162 2325 2226 2358 quo
2249 2315 2303 2348 do-

1340 2380 1466 2410 cemur,
1491 2370 1576 2413 quod
1600 2369 1726 2412 quando
1750 2369 1897 2402 volumus
1920 2369 1984 2401 Deo
2009 2369 2218 2409 sabbatizare,
2250 2369 2303 2403 de-

1340 2425 1451 2458 bemus
1479 2423 1663 2467 congregari
1688 2422 1829 2456 interius
1852 2425 1884 2455 et
1910 2421 1953 2455 ibi
1974 2422 2152 2464 quiescere;
2178 2422 2304 2465 Sapien-

1340 2479 1401 2512 tiae
1433 2480 1542 2511 octavo
1560 2477 1603 2509 ¹⁰:
1634 2490 1649 2505 «
1666 2476 1788 2509 Intrans
1812 2476 1844 2508 in
1868 2475 1997 2508 domum
2026 2485 2146 2516 meam,
2175 2475 2305 2518 conqui-

1340 2541 1444 2566 escam
1468 2540 1541 2565 cum
1558 2531 1610 2563 illa
1622 2543 1652 2562 n.
1671 2529 1700 2562 Si
1718 2529 1815 2571 igitur
1835 2528 2004 2562 Sabbatum
2021 2529 2166 2562 exterius
2181 2532 2303 2571 agatur,

1340 2589 1388 2620 est
1415 2585 1520 2618 irrisio
1550 2584 1757 2621 daemonum,
1790 2582 1964 2615 secundum
1995 2583 2073 2616 illud
2104 2583 2304 2616 Threnorum

1340 2640 1458 2682 primo:
1488 2651 1503 2667 «
1521 2637 1675 2670 Viderunt
1699 2644 1766 2669 eam
1793 2636 1898 2669 hostes
1922 2639 1952 2669 et
1975 2636 2155 2669 deriserunt
2172 2635 2305 2668 Sabbata

1341 2693 1409 2727 eius
1426 2705 1461 2731 »;
1479 2694 1510 2724 et
1526 2688 1708 2723 huiusmodi
1726 2689 1789 2722 Deo
1805 2698 1866 2722 non
1891 2689 2010 2732 placet,
2034 2689 2208 2723 secundum
2228 2687 2305 2721 illud

1341 2746 1436 2780 Isaiae
1460 2745 1580 2787 primo:
1611 2756 1626 2771 «
1642 2742 1839 2776 Neomeniam
1864 2747 1895 2776 et
1912 2743 2081 2776 Sabbatum
2106 2746 2137 2776 et
2160 2741 2305 2775 solemni-

1341 2802 1421 2832 tates
1445 2800 1565 2830 vestras
1588 2805 1650 2829 non
1674 2795 1772 2828 feram
1791 2809 1820 2828 ».
1848 2796 1882 2829 Et
1914 2796 1993 2829 ratio
2018 2795 2114 2829 huius
2137 2798 2199 2833 est,
2231 2794 2305 2837 quia

389 2959 397 2974 ¹
419 2960 492 2985 vers.
512 2959 554 2989 163
574 2958 677 2984 tertium
698 2957 809 2983 habetur
828 2965 853 2982 v.
877 2958 914 2982 18.
936 2961 961 2983 ct
980 2960 1102 2990 quartum
1123 2965 1149 2983 v,
1169 2958 1211 2983 20.

388 3002 398 3018 ²
419 3004 510 3029 psalm.
536 3003 581 3036 67,
609 3004 649 3028 ⁴2.
671 3017 704 3021 —
724 3002 847 3035 Sequitur
871 3002 930 3034 Sap.
958 3002 1003 3034 ⁴2,
1036 3002 1073 3028 17.
1098 3016 1132 3021 —
1152 3001 1280 3033 Superius

318 3053 377 3081 post
395 3048 431 3075 ad
446 3047 662 3082 praedzeandum
682 3047 740 3072 Vat.
760 3046 832 3072 addit
851 3045 879 3072 in
892 3045 1004 3072 virtute.

388 3091 399 3106 ⁰
420 3093 492 3119 Ver-s.
514 3092 538 3118 4.
561 3099 617 3124 seq.

388 3136 399 3151 ⁰
420 3137 494 3162 Vers.
516 3137 557 3162 22.
573 3150 606 3155 —
620 3135 737 3162 Subinde
749 3136 895 3167 allegantur
915 3135 931 3161 1.
951 3134 1010 3161 Cor.
1031 3135 1059 3167 l,
1079 3134 1126 3160 24:
1146 3134 1278 3161 Christum

319 3183 364 3208 Del
383 3182 506 3207 virtutem
526 3185 551 3207 et
570 3181 615 3206 Dei
635 3180 803 3213 snpientiam;
823 3180 911 3206 Matth.
931 3179 960 3211 4,
980 3179 1021 3205 24.
1195 3178 1197 3180 '

390 3224 400 3239 ⁶
420 3226 493 3251 Vers.
514 3226 560 3258 23,
589 3226 633 3250 cfr.
653 3226 690 3251 111.
710 3226 774 3257 Reg.
796 3225 841 3257 40,
862 3224 908 3255 24,
928 3224 973 3257 qui
993 3231 1006 3249 a
1036 3223 1114 3250 codd.
1142 3224 1278 3256 allegatur.

320 3285 353 3289 —
373 3270 496 3303 Sequitur
515 3270 591 3296 Eccli.
612 3270 666 3299 47:
679 3269 719 3295 ⁴7.

390 3313 401 3328 ⁰
422 3315 495 3340 vers.
515 3315 557 3339 20.
571 3328 604 3332 —
618 3314 676 3339 Duo
694 3320 767 3347 seqq.
782 3314 831 3339 loci
851 3316 911 3339 sunt
924 3314 972 3339 lac.
994 3313 1023 3344 3,
1039 3313 1089 3338 lb:
1109 3313 1165 3339 Non
1178 3316 1217 3339 est
1230 3313 1279 3339 ista

320 3359 447 3392 sapientia
467 3359 606 3385 desursum
626 3358 806 3389 descendens,
826 3357 872 3383 sed
893 3361 1009 3391 terrena,
1029 3357 1161 3390 animalis,
1190 3356 1280 3383 diabo-

320 3403 381 3434 lica;
401 3403 478 3428 Prov.
497 3403 522 3433 9,
545 3402 584 3428 «27.

391 3445 400 3460 ⁷
422 3447 496 3473 Vers.
521 3448 563 3478 16,
583 3450 641 3479 post
660 3453 739 3479 quem
765 3447 790 3477 1,
811 3447 852 3471 20.

1415 2953 1426 2968 ⁸
1445 2954 1538 2979 psalm.
1560 2952 1607 2983 56,
1627 2952 1668 2977 ll.
1687 2965 1722 2970 —
1743 2950 1860 2978 Subinde
1878 2952 2022 2983 allegantur
2043 2951 2078 2976 111.
2105 2951 2170 2982 neg.
2195 2951 2241 2981 40,
2262 2949 2305 2975 23.

1345 3000 1401 3033 (cfr.
1416 3000 1442 3024 ll.
1456 2997 1567 3029 paralip.
1589 2997 1618 3028 9,
1638 2996 1691 3028 22.)
1712 3000 1737 3022 et
1755 2997 1816 3022 Luc.
1837 2996 1866 3027 7,
1888 2996 1930 3021 46.

1415 3041 1426 3057 ⁹
1446 3043 1521 3069 Vers.
1544 3042 1568 3067 2.
1587 3054 1622 3060 -—
1641 3040 1724 3073 Beda,
1744 3041 1771 3066 ll.
1785 3040 1811 3066 in
1824 3040 1888 3066 Luc.
1908 3039 1936 3070 4,
1958 3039 2009 3064 46:
2029 3037 2177 3073 Synayoqa
2195 3039 2306 3068 Graece,

1344 3088 1433 3115 Latine
1458 3087 1553 3113 dicitur
1578 3085 1769 3119 congr-cyano,
1798 3091 1852 3118 quo
1871 3084 1985 3120 >nomine
2010 3090 2064 3109 non
2089 3083 2174 3108 solum
2204 3082 2307 3107 affluen-

1345 3133 1410 3158 tium
1430 3131 1567 3158 turbarum
1592 3131 1764 3159 conventum,
1784 3127 1829 3161 sed
1856 3130 1882 3153 et
1906 3127 2031 3158 domum,
2059 3132 2112 3159 qua
2140 3125 2174 3151 ad
2202 3124 2308 3151 audien-

1343 3178 1409 3204 dum
1438 3175 1615 3202 dicendumve
1644 3173 1688 3199 Dei
1710 3171 1822 3198 verbum
1843 3170 2033 3197 conveniebant
2058 3169 2160 3201 ludaei,
2184 3168 2307 3202 appellari

1343 3221 1469 3249 solebant.

1415 3264 1438 3280 ¹⁰
1457 3265 1531 3291 Vers.
1553 3265 1594 3290 ⁴6.
1607 3278 1642 3283 —
1656 3264 1806 3297 Sequuntur
1825 3262 1922 3288 Thren.
1944 3261 1971 3292 l,
1991 3260 2016 3286 7.
2037 3263 2062 3286 et
2082 3259 2139 3286 lsai.
2161 3260 2187 3291 1,
2209 3259 2249 3284 13.
2264 3258 2308 3284 Be·

1343 3312 1392 3342 da,
1411 3311 1459 3336 loc.
1479 3310 1536 3336 cit.:
1555 3308 1725 3336 Confluebant
1744 3311 1832 3334 autem
1852 3306 1893 3333 die
1912 3304 2026 3333 Sabbati
2043 3305 2070 3330 in
2089 3304 2246 3337 synagogis,
2266 3306 2308 3336 ut,

1344 3356 1412 3381 iuxta
1438 3354 1510 3388 quod
1540 3354 1666 3380 Dominus
1694 3352 1829 3385 praecepit
1857 3350 1911 3385 [ΡΒ.
1932 3350 1980 3382 45,
2002 3348 2071 3384 Μ.]ι
2096 3349 2194 3376 Vacate
2221 3349 2247 3374 et
2273 3346 2308 3373 vi-

1344 3399 1416 3432 dete,
1436 3398 1565 3433 quoniam
1583 3404 1631 3432 eqo
1650 3404 1712 3424 sum
1732 3397 1817 3428 Deus,
1841 3395 1937 3421 seriatis
1950 3394 2042 3420 mundi
2063 3393 2190 3428 negotiis,
2209 3392 2242 3418 ad
2257 3398 2308 3418 me-

1345 3443 1449 3470 ditanda
1470 3443 1546 3475 Legis
1566 3442 1662 3468 monita
1683 3441 1771 3474 quieto
1791 3440 1871 3466 corde
1890 3439 2042 3465 residerent.

2309 615 2418 642 Quartum.

2311 879 2395 906 Figura.

2313 1197 2345 1218 De
2359 1199 2451 1224 opportu-

2312 1224 2379 1245 nitate
2394 1224 2450 1245 testi·

2326 1250 2429 1272 ficationis

2309 1279 2399 1304 quatuor
2411 1283 2446 1298 no-

2340 1305 2418 1324 tantur.

2318 1781 2419 1803 Primum.

2324 2312 2450 2336 Notandum.

2326 2791 2395 2814 Ratio.

2473 621 2476 640 l

2474 731 2476 751 Ι
