2476 3921
149 426 234 455 Triplex
242 424 295 446 fllia-

164 454 226 473 1i0nis
246 457 293 478 pro-

163 479 250 506 prietas.

155 1276 251 1297 Christus
263 1281 300 1296 au-

154 1303 247 1324 diendus
253 1308 301 1323 cum

164 1329 292 1351 reverentia.

184 1649 236 1670 Cum
253 1649 304 1670 obe·

198 1676 287 1698 dientia.

191 1810 242 1830 Cum
257 1809 305 1830 dili-

212 1836 288 1863 genua.

184 2417 186 2419 .
199 2397 287 2424 Quarto,

166 2423 234 2449 quoad
259 2429 309 2445 con-

165 2450 308 2477 temptationis

174 2476 299 2498 subtractio-

166 2509 213 2524 nem
221 2505 309 2530 tanguam

188 2532 222 2551 tur
236 2530 286 2551 duo.

313 275 376 308 238

312 364 388 400 hoc,
414 361 497 404 quod
521 360 596 392 dicit
619 357 776 395 ctilectus;
808 357 839 388 in
863 365 927 398 quo
951 355 1106 392 declarat,
1132 354 1273 395 proprie-

313 420 405 448 tatem
439 413 595 446 filiationis
619 412 650 444 in
674 410 799 443 Christo
823 417 892 442 esse
911 407 1119 450 personalem
1144 410 1175 439 et
1199 416 1274 439 eon-

312 468 501 502 naturalem
526 470 557 499 et
578 464 796 508 coaequalem.
814 462 1000 495 Ostenditur
1012 460 1202 502 personalis
1218 468 1274 501 per

314 530 484 565 pronomen
496 545 503 558 ‚
522 519 606 561 quod
622 522 740 550 certam
765 516 960 548 demonstrat
983 522 1150 555 personam
1165 525 1173 551 ;
1190 512 1274 544 unde

314 577 379 617 ipse
411 573 532 606 dicebat
564 572 686 604 loannis
720 570 869 607 octav01‚
902 568 941 600 ad
976 566 1276 600 demonstrationem

314 636 466 671 personae
494 634 590 659 suae:
633 639 648 652 κ
674 624 736 666 Ego
768 622 976 664 principium,
1009 620 1062 662 qui
1101 623 1132 652 et
1164 620 1277 661 loquor

314 681 401 713 vobis
418 693 448 711 n.
477 697 515 702 —-
539 677 723 710 Ostenditur
755 674 987 708 connaturalis
1011 681 1067 715 per
1092 673 1168 710 hoc,
1193 669 1278 713 quod

314 735 388 767 dicit
410 742 518 770 meus,
543 730 717 764 secundum
742 728 816 761 illud
843 728 953 760 Psalmi
969 727 998 759 ²:
1029 739 1044 755 a
1061 726 1148 758 Dixit
1173 724 1278 757 Domi-

316 797 377 820 nus
399 787 436 819 ad
462 794 528 818 me:
546 784 642 816 Filius
658 792 747 816 meus
764 791 797 815 es
815 785 866 820 tu,
891 790 948 823 ego
973 780 1065 813 hodie
1088 779 1182 821 genui
1201 783 1231 811 te
1247 790 1278 816 »;

315 841 389 883 quia
414 840 510 872 alium
536 847 598 870 non
623 837 717 869 habet
739 840 861 878 patrem
890 835 948 867 nisi
979 835 1096 871 Deum,
1124 832 1162 865 ad
1187 832 1279 864 cuius

314 893 543 926 distinctionem
571 890 693 923 loannis
720 889 870 932 vigesimo
897 888 1029 920 dicitur:
1052 886 1218 919 «Ascendo
1240 885 1279 917 ad

315 948 436 979 Patrem
468 954 573 978 meum
605 947 637 977 et
668 944 789 976 Patrem
814 946 955 975 vestrum
973 955 1002 972 ».
1029 959 1072 963 -
1095 939 1280 972 ostenditur

315 1000 407 1033 etiam
437 998 625 1042 coaequatis
657 999 688 1029 in
722 998 798 1035 boc,
828 995 912 1038 quod
943 994 1028 1027 addit
1059 993 1215 1031 dilectus,
1249 992 1280 1024 id

316 1058 363 1086 est
380 1053 547 1094 praecipue
571 1055 603 1084 et
625 1060 766 1089 summe3
792 1050 875 1082 unde
899 1049 1098 1081 Canticorum
1124 1045 1278 1089 quint03:

322 1119 337 1135 ι
362 1106 500 1138 Dilectus
531 1113 622 1137 meus
653 1104 773 1136 electus
804 1111 845 1135 ex
877 1102 1016 1134 millibus
1032 1113 1063 1139 »3
1096 1104 1127 1132 et
1160 1099 1281 1132 loannis

316 1161 446 1202 quinto:
478 1172 493 1187 «
510 1159 599 1191 Pater
623 1158 724 1199 diligit
747 1157 857 1189 Filium
882 1160 913 1188 et
933 1155 1037 1187 omnia
1053 1153 1188 1187 ostendit
1204 1152 1231 1185 ei
1249 1166 1279 1184 n.

408 1214 458 1246 66.
487 1213 521 1245 Et
545 1212 620 1254 quia
644 1211 704 1244 ista
727 1211 844 1243 veritas
867 1209 944 1242 adeo
968 1212 1036 1241 erat
1052 1207 1228 1245 credibilis,
1247 1209 1282 1239 ut

318 1267 423 1300 omnia
446 1266 529 1298 dicta
552 1265 668 1297 Christi
693 1263 874 1296 ostenderet
905 1271 972 1295 esse
1004 1260 1180 1299 credenda3
1213 1259 1282 1292 ideo

318 1320 480 1362 adiungit:
506 1319 622 1361 Ipsum
646 1317 778 1356 audite,
804 1326 866 1349 non
890 1325 969 1348 aure
993 1315 1095 1347 solum
1120 1313 1281 1355 corporis,

319 1374 372 1407 sed
396 1374 489 1406 etiam
513 1372 633 1411 cordis,
659 1372 741 1404 sicut
765 1370 920 1412 Propheta
944 1370 975 1401 in
1000 1368 1167 1401 psalmos:
1191 1380 1206 1395 «
1223 1368 1283 1399 Au-

319 1428 421 1466 diam,
447 1426 522 1468 quid
548 1427 695 1468 loquatur
720 1425 751 1457 in
775 1433 825 1456 me
850 1423 1002 1455 Dominus
1018 1436 1048 1453 >›.
1075 1420 1214 1459 Audite,
1237 1421 1283 1452 in-

320 1490 434 1523 quam,
459 1489 531 1513 cum
555 1479 639 1512 omni
672 1478 875 1515 reverentia,
909 1475 1083 1509 secundum
1117 1474 1282 1507 consilium

321 1534 525 1567 Ecclesiastici
559 1533 719 1575 trigesimo
747 1531 932 1564 secundo⁵:
962 1543 977 1558 «
995 1529 1071 1562 Audi
1098 1532 1222 1567 tacens,
1254 1530 1285 1560 et

320 1597 378 1630 pro
403 1587 580 1620 reverentia
603 1586 729 1618 accedet
753 1585 807 1617 tibi
826 1585 908 1617 bona
924 1583 1025 1627 gr'atia
1041 1597 1071 1614 ι).
1091 1583 1206 1624 Ipsum
1223 1591 1286 1613 au-

321 1641 404 1679 dite,
437 1649 510 1673 cum
540 1640 623 1672 omni
657 1638 858 1676 obedientia,
883 1637 1055 1670 secundum
1081 1636 1158 1668 illud
1184 1635 1286 1667 Eccle-

322 1694 436 1727 siastici
461 1694 611 1736 vigesimo
635 1695 767 1734 quarto:
798 1705 813 1720 «
830 1691 889 1732 Qui
914 1690 1047 1723 audiunt
1071 1699 1121 1721 me
1134 1698 1196 1721 non
1213 1697 1287 1721 con-

324 1748 515 1786 fundentur,
539 1746 639 1788 etqui
658 1748 832 1787 operantur
850 1745 880 1776 in
904 1753 953 1776 me
976 1753 1037 1775 non
1064 1742 1285 1784 peccabunt».

323 1802 437 1843 Ipsum
464 1800 595 1838 audite,
620 1808 692 1832 cum
717 1798 801 1831 omni
826 1797 1018 1839 diliyentia;
1036 1795 1119 1828 unde
1136 1795 1217 1827 infra
1233 1794 1287 1826 de-

323 1855 403 1887 cimo
435 1863 538 1886 nono:
577 1852 718 1885 «Omnis
749 1852 886 1894 populus
917 1858 1090 1891 suspensus
1121 1852 1207 1887 erat,
1231 1857 1288 1880 au-

323 1908 411 1940 diens
435 1916 508 1940 eum
525 1921 540 1936 »
569 1910 627 1939 etc.
652 1924 697 1929 --
720 1906 799 1938 Haec
823 1908 929 1937 autem
953 1912 1016 1936 vox
1041 1902 1178 1934 firmavit
1194 1900 1289 1934 corda

324 1961 569 2003 discipulorum,
595 1963 631 1992 ut
653 1959 748 1992 etiam
773 1958 840 2000 ipsa
864 1966 974 1990 eorum
999 1955 1142 1988 doctrina
1165 1964 1207 1987 ex
1230 1955 1289 1986 hoc

324 2015 414 2048 fieret
437 2014 635 2052 authentica,
661 2012 835 2046 secundum
852 2011 928 2043 illud
946 2009 1100 2043 secundae
1125 2009 1206 2041 Petri
1224 2008 1290 2050 pri-

324 2069 418 2101 m0⁸:
441 2081 457 2097 α
473 2068 539 2100 Νο11
563 2067 646 2100 enim
671 2066 811 2099 indoctas
835 2065 957 2097 fabulas
981 2064 1098 2102 secuti,
1123 2066 1228 2095 notam
1245 2062 1289 2095 fe-

324 2123 426 2156 cimus
450 2121 538 2154 vobis
561 2120 684 2153 Domini
709 2119 807 2152 nostri
834 2119 902 2151 lesu
926 2118 1042 2150 Christi
1075 2117 1226 2149 virtutem
1258 2119 1289 2148 et

324 2176 532 2218 praesentiam
546 2200 553 2213 ,
576 2173 631 2207 sed
654 2172 868 2215 speculatores
892 2171 964 2204 sacti
989 2171 1073 2203 illius
1097 2169 1288 2212 magnitudi-

325 2229 383 2262 nis.
412 2228 572 2270 Accipiens
604 2227 687 2260 enirn
710 2235 729 2258 a
752 2226 816 2258 Deo
842 2226 930 2258 Patre
947 2238 962 2254 n
996 2227 1054 2257 etc.
1087 2232 1190 2266 usque
1221 2223 1289 2255 ibi:

332 2296 347 2311 «
363 2282 440 2314 Cum
465 2289 606 2314 essemus
631 2289 703 2313 cum
728 2279 796 2321 ipso
818 2279 850 2311 in
875 2282 979 2311 monte
1004 2281 1159 2311 sancto».

417 2335 468 2367 67.
494 2334 595 2373 (Vers.
621 2333 698 2373 36.).
727 2334 765 2365 Et
788 2333 869 2365 dum
893 2331 985 2374 fieret
1008 2341 1071 2364 vox
1095 2335 1152 2364 etc.
1171 2330 1224 2363 Hic
1242 2331 1290 2363 ul-

327 2389 403 2422 timo
417 2389 436 2407 ⁷·
446 2391 516 2430 post
539 2387 810 2429 contemplationis
834 2385 1134 2420 consummationem
1159 2384 1290 2417 subiun-

327 2443 372 2485 git
389 2441 583 2484 Evangelista
598 2441 705 2483 ipsius
721 2440 979 2473 subtractionem
989 2465 999 2478 ‚
1016 2438 1100 2471 circa
1113 2447 1210 2480 quam
1228 2437 1291 2470 duo

327 2494 499 2528 introducit
522 2493 737 2536 Evangelista:
767 2493 905 2535 primum
930 2496 977 2525 est
1000 2491 1128 2524 reditus
1151 2489 1291 2523 visionis

328 2548 461 2587 solitae,
487 2547 660 2580 secundum
685 2550 732 2580 est
756 2545 929 2578 occultatio
953 2545 1091 2577 visionis
1115 2548 1270 2577 ostensae.

916 265 1109 299 COMMENT.
1137 264 1171 297 ΙΝ
1196 263 1436 297 ΕνΑΝΟΕΗΗΜ
1460 261 1578 295 LUCAE
1602 261 1634 293 C.
1660 260 1707 293 lx.

1428 351 1531 384 Primo
1555 350 1652 392 igitur
1677 353 1833 391 quantum
1856 348 1894 380 ad
1918 347 2061 380 reditum
2088 347 2227 380 visionis
2249 356 2301 379 so·
2324 336 2437 402 Ressffiinl
2467 357 2471 382 1

2350 407 2439 437 solitam

1339 405 1415 437 litae
1438 404 1572 437 dicitur:
1610 404 1647 435 Et
1677 403 1758 435 dum
1787 401 1879 442 fieret
1901 410 1984 439 vox,
2009 400 2161 433 inventus
2184 403 2231 432 est
2257 400 2301 432 Ie—

1338 468 1398 489 sus
1428 457 1538 495 sotus,
1570 457 1688 489 scilicet
1719 456 1839 496 absque
1871 455 1974 495 Moyse
1998 457 2029 486 et
2053 454 2134 492 Elia,
2160 453 2241 485 sicut
2272 457 2303 485 et

1339 514 1412 542 ante
1436 519 1507 542 cum
1532 510 1577 542 eis
1600 512 1677 541 erat.
1712 508 1747 540 Et
1771 508 1831 540 hoc
1862 511 1909 540 est
1939 507 2025 548 quod
2047 507 2079 538 in
2103 505 2303 538 Canticorum

1340 562 1475 595 octavo8
1500 561 1698 594 desiderabat
1722 569 1856 602 sponsa:
1886 572 1901 588 «
1919 559 1995 600 Quis
2019 559 2094 591 mihi
2120 558 2172 591 det
2197 562 2227 591 te
2242 558 2304 590 fra-

1342 620 1423 648 trem
1447 624 1553 648 meum
1586 618 1748 656 sugentem
1773 613 1873 652 ubera
1896 613 2006 645 matris
2029 621 2135 650 meae,
2160 615 2195 644 ut
2218 611 2305 644 inve-

1342 669 1425 702 niam
1459 672 1489 701 te
1521 669 1623 701 solum
1654 667 1730 700 foris
1761 671 1792 699 et
1822 666 1987 698 deosculer
2018 669 2066 705 te,
2096 669 2127 698 et
2158 665 2219 698 iam
2255 673 2305 698 me

1343 731 1434 755 nemo
1457 721 1607 763 despiciat
1624 724 1661 753 »ἵ
1691 720 1726 753 Et
1750 720 1801 752 hic
1825 719 1894 752 ideo
1917 719 2007 751 solus
2032 728 2104 752 cum
2129 719 2174 752 eis
2198 719 2309 751 iuven-⁷

1344 780 1395 808 tus
1418 779 1482 814 est,
1507 779 1544 807 ut
1567 774 1741 816 intelligant
1765 773 1933 806 transitum
1958 773 2046 814 Legis
2069 775 2100 805 et
2123 772 2306 814 prophetiae

1343 832 1375 862 et
1401 829 1649 871 permanentiam
1680 827 1822 860 veritatis
1852 826 2066 868 evangelicae,
2099 826 2191 858 iuxta
2222 825 2307 868 quod

1343 883 1460 915 dicitur
1482 881 1628 914 Matthaei
1653 881 1803 922 vigesimo
1819 883 1933 922 quarto
1946 879 1975 911 ⁹:
1998 892 2014 907 α
2030 879 2157 912 Caelum
2175 883 2205 911 et
2222 882 2308 911 terra

1345 936 1541 974 transibunt,
1575 934 1671 967 verba
1703 938 1809 967 autem
1842 942 1911 966 mea
1943 942 2005 966 non
2041 932 2306 975 praeteribunt».

1344 989 1430 1023 Unde
1443 989 1472 1021 in
1486 988 1595 1021 Glossa
1608 987 1724 1021 Bedae:
1748 1001 1762 1016 «
1777 987 1873 1020 Solus
1889 987 2046 1025 cernitur,
2063 986 2155 1028 quia,
2174 986 2262 1028 Legis
2277 989 2309 1018 et

1345 1044 1573 1085 Prophetarum
1599 1042 1713 1074 umbra
1727 1041 1923 1080 discedente,
1940 1049 2052 1073 verum
2070 1041 2195 1080 lumen,
2217 1050 2309 1074 coru-

1345 1099 1450 1130 scante
1464 1095 1619 1138 Evangelii
1633 1095 1748 1137 gratia,
1765 1094 1925 1136 reperitur
1939 1108 1968 1125 ».
1995 1113 2035 1116 -
2061 1094 2130 1133 Vel,
2157 1097 2191 1126 ut
2206 1098 2310 1127 osten-

1346 1150 1415 1188 dat,
1449 1149 1534 1191 quod
1562 1149 1628 1190 ipse
1653 1152 1700 1181 est
1722 1149 1826 1187 solus,
1851 1147 1905 1189 qui
1929 1147 2109 1180 adorandus
2132 1151 2196 1186 est,
2221 1151 2252 1180 et
2282 1147 2309 1180 ei

1347 1203 1586 1236 tabernaculum
1611 1201 1839 1234 aedificandum
1850 1227 1857 1240 ,
1875 1201 1966 1233 iuxta
1982 1200 2059 1233 illud
2076 1200 2309 1233 Deuteronomii

1348 1260 1439 1290 sexto
1454 1256 1500 1287 ¹⁰:
1531 1269 1546 1284 «
1563 1256 1732 1288 Dominum
1756 1255 1857 1287 Deum
1875 1258 1966 1287 tuum
1983 1254 2107 1287 timebis
2131 1258 2162 1287 et
2185 1254 2229 1287 illi
2254 1255 2309 1287 soli

1348 1310 1466 1343 servies
1483 1323 1512 1341 ».
1539 1328 1580 1333 —
1606 1309 1678 1350 Vel,
1703 1313 1739 1341 ut
1763 1308 1923 1347 ostendat,
1948 1308 2031 1350 quod
2056 1308 2123 1350 ipse
2143 1306 2230 1341 solus
2246 1311 2310 1347 est,

1347 1364 1400 1406 qui
1419 1366 1521 1405 potest
1537 1363 1675 1401 salvare;
1694 1362 1776 1395 unde
1793 1363 1926 1394 Actuum
1950 1365 2065 1404 quarto
2079 1362 2122 1393 ¹¹:
2151 1374 2167 1390 «
2183 1362 2249 1394 Non
2266 1365 2313 1394 est

1348 1417 1433 1450 aliud
1447 1425 1560 1449 nomen
1579 1416 1638 1449 sub
1655 1416 1741 1449 caelo
1757 1415 1864 1448 datum
1883 1415 2079 1454 hominibus,
2096 1415 2127 1447 in
2144 1424 2208 1457 quo
2220 1424 2314 1457 opor-

1349 1475 1412 1504 teat
1434 1480 1497 1503 non
1521 1471 1623 1503 salvos
1646 1470 1714 1503 fieri
1733 1481 1764 1508 »;
1789 1473 1820 1502 et
1835 1469 1873 1501 ad
1892 1469 2046 1502 Hebraeos
2063 1469 2213 1511 septimo:
2237 1481 2252 1497 «
2270 1469 2313 1502 Ie-

1350 1534 1404 1558 sus
1420 1528 1537 1563 autem,
1554 1533 1591 1557 eo
1608 1523 1692 1566 quod
1709 1526 1833 1556 maneat
1849 1523 1881 1555 in
1897 1526 2073 1561 aeternum,
2087 1523 2313 1565 sempiternum

1349 1578 1445 1611 habet
1469 1577 1701 1615 sacerdotium;
1726 1576 1810 1609 unde
1841 1579 1874 1609 et
1904 1576 2026 1608 salvare
2059 1575 2090 1608 in
2124 1579 2312 1617 perpetuum

1350 1634 1469 1673 potest,
1494 1639 1618 1672 semper
1640 1630 1747 1663 vivens
1763 1629 1802 1662 ad
1819 1629 2082 1671 interpellandum
2103 1638 2162 1671 pro
2178 1629 2268 1662 nobis
2283 1641 2314 1661 ».

1442 1684 1492 1716 68.
1518 1683 1662 1716 Secundo
1683 1692 1759 1715 vero
1775 1687 1930 1724 quantum
1946 1682 1984 1714 ad
2002 1682 2251 1715 occultationem
2267 1681 2316 1714 vi-

1350 1738 1455 1771 sionis
1487 1741 1634 1769 ostensae
1666 1736 1835 1769 subditur:
1871 1736 1909 1768 Et
1933 1735 2000 1778 ipsi
2023 1739 2209 1768 tacuerunt.
2234 1735 2316 1768 Scie-

1351 1792 1427 1824 bant
1450 1790 1551 1829 enim,
1577 1789 1729 1831 scriptum
1748 1797 1815 1822 esse
1832 1788 1946 1821 Tobiae
1962 1788 2147 1821 duodecimo
2161 1788 2204 1820 ¹²:
2232 1801 2249 1817 «
2264 1789 2317 1821 Sa-

1352 1846 1548 1877 cramentum
1574 1843 1657 1885 regis
1681 1841 1873 1874 abscondere
1903 1841 2020 1874 bonum
2046 1844 2094 1874 est
2109 1855 2140 1873 n.
2172 1841 2317 1874 Nondum

1352 1897 1436 1930 enim
1467 1900 1535 1929 erat
1565 1899 1691 1938 tempus
1722 1895 1888 1937 loquendi,
1920 1895 1974 1928 sed
1998 1895 2098 1937 magis
2121 1894 2316 1934 occultandi,

1353 1950 1527 1984 secundum
1551 1949 1628 1982 illud
1654 1949 1855 1982 Ecclesiastae
1879 1949 1990 1981 tertio:
2014 1949 2179 1990 «Tempus
2196 1948 2316 1981 tacendi

1353 2008 1385 2037 et
1408 2008 1533 2046 tempus
1558 2003 1703 2045 loquendi
1722 2015 1753 2042 »;
1771 2006 1802 2035 et
1819 2002 2025 2035 Ecclesiastici
2043 2002 2210 2045 vigesimo:
2232 2015 2248 2031 «ι
2266 2002 2318 2035 Est

1354 2061 1474 2096 tacens,
1498 2057 1599 2091 sciens
1617 2061 1741 2099 tempus
1757 2056 1819 2098 apti
1841 2056 2002 2098 temporis.
2020 2056 2117 2089 Homo
2133 2056 2256 2098 sapiens
2272 2060 2318 2089 ta—

1353 2112 1435 2145 cebit
1458 2120 1561 2154 usque
1584 2111 1622 2144 ad
1647 2115 1790 2153 tempus,
1813 2110 1948 2143 lascivus
1964 2114 2070 2143 autem
2087 2113 2118 2143 et
2135 2110 2319 2152 imprudens

1353 2176 1416 2199 non
1440 2165 1578 2199 servabit
1602 2168 1727 2207 tempus
1743 2178 1773 2196 ».
1793 2183 1834 2188 -
1852 2164 1888 2196 Et
1905 2164 1983 2197 tales
2006 2163 2137 2196 fuerunt
2160 2163 2317 2205 Apostoli3

1353 2222 1483 2261 propter
1507 2218 1591 2261 quod
1616 2217 1764 2250 additur:
1790 2218 1829 2249 Et
1852 2216 1979 2249 nemini
2009 2216 2168 2249 dixerunt
2192 2215 2228 2248 in
2251 2215 2318 2248 illis

1354 2272 1469 2305 (liebus
1499 2272 1685 2316 quidquam
1709 2281 1748 2303 esc
1773 2269 1825 2303 his
1848 2279 1934 2313 quae
1957 2269 2133 2307 viderant;
2157 2278 2219 2300 non
2244 2267 2318 2310 quia

1354 2326 1470 2359 vellent
1493 2335 1533 2358 ex
1558 2325 1690 2357 avaritia
1710 2324 1869 2357 occultare
1880 2349 1887 2362 ,
1905 2322 1958 2356 sed
1975 2322 2050 2364 quia
2066 2331 2108 2354 ex
2124 2321 2230 2353 divina
2245 2321 2319 2354 obe-

1354 2379 1471 2412 dientia
1495 2379 1637 2412 reticere.
1664 2378 1868 2419 praeceperat
1891 2375 1973 2408 enim
1999 2376 2058 2408 hoc
2083 2374 2127 2407 eis
2152 2374 2317 2413 Dominus,

1355 2433 1528 2466 secundum
1545 2431 1623 2464 illud
1639 2430 1783 2463 Matthaei
1809 2429 1930 2462 decimo
1954 2428 2086 2470 septimo
2100 2428 2144 2459 1³:
2167 2440 2183 2456 «
2198 2427 2318 2460 Nemini

1354 2486 1500 2520 dixeritis
1523 2485 1694 2521 visionem,
1719 2483 1818 2516 donec
1841 2482 1937 2515 Filius
1961 2481 2097 2514 hominis
2125 2483 2270 2522 resurgat
2301 2488 2320 2512 a

1358 2540 1493 2574 mortuis
1509 2553 1539 2571 ι).

403 2732 411 2746 ¹
433 2733 506 2757 vers.
527 2731 570 2756 25.
588 2745 623 2749 -
642 2731 771 2762 Superius
791 2734 850 2762 post
872 2737 1022 2764 pronomen
1050 2731 1106 2755 Vat.
1133 2730 1205 2755 addit
1231 2727 1288 2759 hic,

332 2777 410 2802 nimis
429 2776 533 2806 stricte;
553 2775 614 2800 vide
635 2777 696 2800 tom.
717 2775 732 2799 1.
753 2781 816 2806 pag.
835 2775 901 2805 5¹5,
921 2777 981 2800 nota
1002 2774 1026 2799 4.
1046 2775 1132 2799 locum
1153 2773 1286 2798 Prisciani.

403 2819 414 2834 ²
434 2820 526 2845 Psalm.
546 2820 576 2848 ·2,
596 2819 621 2843 7.
640 2831 675 2837 -
695 2818 816 2851 Sequitur
836 2819 903 2843 loan.
924 2819 972 2849 20,
993 2818 1034 2843 «17.

403 2862 414 2877 ³
435 2864 508 2889 Vers.
542 2864 586 2894 10,
614 2866 673 2894 post
701 2869 782 2895 quem
812 2863 880 2888 ioan.
913 2862 943 2894 5,
973 2862 1015 2887 20.
1035 2875 1070 2880 —
1089 2860 1216 2893 Superius
1236 2862 1296 2891 post

331 2914 438 2935 summe
457 2908 478 2933 11
498 2907 570 2933 addit
588 2907 715 2938 intimus,
744 2907 801 2943 Vnt.
821 2906 926 2933 electus.
946 2906 997 2932 Cir.
1017 2912 1097 2937 supra
1117 2911 1139 2929 c.
1160 2905 1183 2928 3Δ
1205 2911 1230 2928 n.
1252 2902 1295 2928 55.

405 2951 416 2966 ⁴
437 2953 528 2978 Psalm.
549 2951 596 2983 st,
621 2951 646 2976 9.
665 2965 701 2970 -
721 2951 847 2983 Superius
876 2958 923 2982 pro
951 2950 1003 2976 ista
1031 2949 1131 2975 veritus
1160 2947 1194 2981 [ll
1223 2947 1296 2972 addit

335 2995 455 3029 ostensa]
474 2995 540 3022 adeo
560 2995 618 3020 Vat.
638 2994 689 3020 ista
708 2994 809 3020 veritas
828 3001 845 3020 a
868 2995 928 3020 Deo.

406 3039 417 3053 ⁵
437 3040 512 3066 Vers.
532 3040 556 3065 9.
575 3053 610 3058 —
630 3038 748 3064 Subinde
766 3039 913 3070 allegantur
933 3037 1007 3063 Eccli.
1028 3036 1076 3068 24,
1090 3036 1140 3061 30:
1156 3035 1210 3067 Oui
1221 3034 1298 3061 audit

335 3092 377 3112 me
396 3092 450 3112 non
470 3084 649 3119 confundetur
669 3088 717 3111 etc.
737 3087 763 3110 et
782 3084 842 3109 Luc.
865 3083 913 3113 19,
934 3081 975 3107 ts.
1120 3076 1124 3077 ⁷

406 3127 418 3143 ⁶
439 3129 511 3155 Vers.
525 3129 612 3154 16-18.
624 3129 673 3155 Pro
683 3128 804 3155 indoctas
817 3126 933 3161 fabulas,
950 3125 1022 3159 quod
1036 3125 1088 3150 iam
1102 3124 1205 3150 exhibet
1217 3124 1296 3155 Beda,

337 3174 448 3205 Vulgata
474 3173 565 3200 doctas
583 3172 692 3207 fabulas
712 3170 917 3206 (σεσοφισμένοις
936 3168 1043 3204 μύθοις).
1064 3168 1115 3194 cfr.
1136 3168 1215 3194 Biblia
1243 3177 1297 3195 ma-

337 3219 404 3245 xima
424 3221 472 3244 etc.
494 3219 561 3243 loan.
581 3218 614 3244 de
633 3218 655 3243 la
676 3218 762 3249 Hayc,
783 3216 827 3242 ubi
847 3215 985 3241 concordia
1000 3216 1092 3239 harum
1107 3215 1247 3240 lectionum
1260 3215 1297 3240 sic

338 3254 506 3295 proponitur,
526 3266 553 3288 ut
572 3262 665 3288 doctae
682 3260 805 3295 fabulae,
826 3260 842 3285 i.
863 3266 885 3285 e.
906 3259 938 3284 itu
959 3262 1052 3291 argute
1070 3260 1210 3290 contectae,
1224 3260 1297 3293 quod

338 3308 416 3333 etiam
436 3314 449 3332 a
461 3306 655 3345 'probabilitate
673 3305 847 3336 abhorreant,
866 3303 987 3330 indoctae
1006 3304 1055 3330 dici
1075 3304 1183 3337 possint.
1235 3331 1250 3338 ,

409 3349 419 3366 ’
439 3351 489 3378 Cir.
509 3358 588 3383 supra
610 3358 633 3376 n.
654 3351 696 3376 56.
716 3363 752 3369 —-
770 3349 878 3376 interius
898 3356 946 3381 pro
964 3349 1103 3383 subiunqit
1117 3350 1174 3375 vet.
1188 3348 1315 3383 colligit·

411 3394 422 3410 ⁸
441 3396 515 3421 Vers.
536 3395 560 3420 1.
581 3409 612 3412 -
632 3394 752 3425 Hieron„
773 3395 809 3420 ΙΙΙ.
829 3394 974 3420 Comment.
990 3394 1014 3419 in
1028 3395 1114 3420 Mutth.
1132 3393 1178 3425 ⁴7,
1193 3394 1223 3419 8:
1238 3392 1299 3420 Non

340 3439 465 3467 viderunt
483 3438 538 3466 nisi
554 3437 642 3465 solum
663 3439 766 3471 lesum,
787 3445 827 3469 ne,
846 3438 866 3464 si
888 3439 988 3470 Moyses
1006 3441 1031 3464 et
1051 3438 1118 3463 Elias
1135 3443 1299 3469 perseveras-

1357 2728 1414 2751 sent
1432 2731 1493 2750 cum
1514 2723 1640 2752 Domino,
1661 2721 1743 2746 Patris
1772 2727 1822 2746 vox
1851 2719 1986 2745 videretur
2015 2719 2125 2750 incerta,
2155 2719 2197 2744 cui
2217 2718 2321 2751 potissi-

1359 2776 1431 2795 mum
1452 2768 1526 2793 daret
1546 2766 1732 2792 testimonium.

1429 2811 1440 2826 ⁰
1460 2813 1534 2838 Vers.
1555 2811 1596 2836 ³5.
1619 2825 1650 2828 —
1670 2811 1774 2840 Glossa,
1794 2817 1864 2843 quae
1883 2810 2013 2842 sequitur,
2033 2812 2073 2834 est
2092 2808 2234 2835 ordimzria
2248 2809 2319 2841 apud

1359 2859 1490 2889 Lyrauum
1511 2855 1608 2888 (Strnb.
1628 2855 1652 2880 in
1675 2855 1759 2880 Matth.
1781 2854 1827 2885 ⁴7,
1848 2855 1883 2887 8.)
1909 2858 1934 2880 et
1961 2854 2107 2880 secundum
2137 2854 2255 2886 Hieron,
2284 2854 2320 2880 lll.

1358 2901 1504 2928 Comment.
1520 2901 1544 2925 in
1559 2900 1646 2925 Manli.
1670 2900 1713 2930 17,
1734 2900 1763 2931 8,
1783 2899 1808 2925 in
1829 2906 1908 2932 quem
1929 2900 2015 2925 locum
2036 2899 2123 2924 Beda:
2141 2899 2221 2924 Solus
2237 2899 2320 2931 lesus,

1359 2944 1451 2970 ablatis
1471 2945 1542 2970 nube
1561 2944 1648 2976 Moyse
1667 2946 1693 2969 et
1712 2944 1764 2969 Elia
1783 2943 1910 2974 cernitur,
1931 2950 1963 2968 ne
1982 2943 2109 2969 incertum
2134 2943 2268 2968 videretur
2285 2945 2322 2968 te-

1360 2989 1510 3015 stimonium
1525 2989 1588 3014 dare
1607 2989 1693 3020 Pater,
1713 2988 1770 3014 sive
1783 2988 1808 3014 in
1822 2988 1922 3015 Christo
1936 2988 2013 3020 Legis
2026 2987 2114 3013 nubila
2129 2990 2155 3013 et
2167 2987 2321 3020 prophetiae

1361 3034 1481 3067 mysteria
1503 3034 1607 3066 impleta
1628 3034 1789 3066 aperiuntur.
1815 3033 1867 3059 Csr.
1891 3033 2018 3065 Anselm.‚
2045 3033 2139 3058 Homil.
2165 3032 2188 3058 4.
2208 3046 2244 3051 —
2265 3033 2320 3058 Vat.

1360 3079 1455 3105 omittit
1474 3078 1568 3105 [ledae.

1433 3122 1454 3137 ¹⁰
1475 3124 1549 3149 Vers.
1573 3124 1613 3148 13.
1633 3137 1668 3142 -
1687 3124 1777 3149 Glossa
1797 3123 1823 3148 in
1842 3125 1902 3148 nota
1924 3123 2097 3154 praecedente
2117 3122 2244 3154 allegata:
2264 3121 2319 3147 Non

1360 3169 1440 3199 Elias,
1460 3175 1512 3194 non
1533 3169 1648 3200 Moyses,
1667 3168 1715 3194 sed
1733 3174 1813 3200 quem
1833 3159 1918 3193 solum
1938 3167 2046 3199 videtis,
2060 3166 2121 3192 huic
2135 3166 2269 3198 figendum
2284 3168 2323 3191 est

1360 3213 1558 3239 tabernaculum
1579 3213 1603 3238 in
1623 3213 1704 3238 corde
1722 3215 1772 3238 etc.
1791 3212 1843 3238 Ct'r.
1863 3212 1947 3243 Beda,
1968 3212 2004 3237 lll.
2024 3212 2052 3237 in
2072 3211 2148 3236 Mare.
2167 3210 2198 3241 9,
2217 3211 2242 3235 6.

1432 3257 1453 3272 ¹¹
1474 3258 1547 3283 Vers.
1572 3258 1615 3289 12,
1636 3261 1695 3289 post
1714 3264 1794 3290 quem
1814 3255 1892 3282 Hebr.
1913 3256 1943 3288 7,
1964 3255 2006 3281 24.
2027 3262 2082 3288 seq.

1433 3301 1456 3316 ¹⁹
1475 3302 1548 3328 Vers.
1561 3301 1586 3326 7.
1598 3314 1633 3321 —
1644 3302 1700 3327 Duo
1715 3308 1788 3334 seqq.
1803 3300 1853 3326 locl
1872 3303 1931 3326 sunt
1950 3301 2033 3326 Eccle.
2053 3300 2083 3330 3,
2102 3300 2129 3326 7.
2145 3303 2170 3325 et
2184 3298 2258 3324 Eccli.
2273 3299 2321 3329 20,

1363 3348 1387 3373 6.
1406 3354 1494 3380 seqq.;
1509 3353 1557 3378 pro
1571 3347 1675 3380 tempus
1688 3345 1747 3380 apti
1759 3344 1887 3379 temporis
1906 3344 1951 3377 (ita
1970 3345 2049 3370 etiarn
2069 3343 2147 3370 Cnrd.
2161 3343 2248 3376 Hugo)
2265 3342 2322 3368 Vul-

1363 3394 1422 3424 gata
1442 3393 1546 3424 tempus
1564 3392 1669 3424 aptum.
1688 3389 1739 3416 Csr.
1759 3396 1838 3422 supra
1859 3396 1919 3421 pag.
1940 3389 1988 3421 69,
2008 3391 2067 3414 nota
2089 3388 2113 3414 5.

1435 3435 1458 3453 ¹³
1476 3436 1551 3461 Vers.
1567 3435 1591 3461 9.
1605 3449 1641 3455 -
1654 3434 1780 3467 Superius
1793 3440 1842 3466 pro
1854 3433 1901 3460 sed
1913 3432 1978 3467 quia
1991 3434 2011 3458 Η
2025 3432 2080 3464 sed,
2096 3432 2153 3458 Vat.
2165 3430 2213 3458 sed
2224 3429 2321 3464 mauis.

2329 1094 2406 1117 Aliter.

2331 1309 2407 1331 Aliter.

2334 1682 2448 1714 Occi-:ltalia
2454 1698 2455 1701 ,

2347 1714 2434 1731 vtum-ua

2340 1738 2444 1758 ostensae.
