2476 3921
6 1763 129 1788 Notandum.

2 2405 133 2429 Uolandum.

732 226 924 259 COMMENT.
951 226 987 258 ΙΝ
1012 225 1249 259 EVANGELIUM
1274 227 1390 259 LUCAE
1415 227 1447 259 C.
1473 228 1547 260 Vlll:

155 315 399 354 lamentatrices,
431 319 462 347 et
492 319 654 348 assumant
684 323 781 357 super
811 324 867 348 vos
895 315 1064 347 lamentum
1083 327 1113 346 ».

156 367 209 399 Vel
234 366 355 409 flebant
381 370 511 409 propter
533 367 615 400 vitae
638 367 836 400 amissionem
862 371 893 400 et
915 366 1114 409 planyebant

154 424 282 462 propter
298 420 558 463 desperationem.
575 440 618 445 —-
636 421 672 453 Et
694 421 780 460 ideo,
804 420 879 462 quia
901 420 1113 458 excedebant,

154 474 369 507 confortantur
397 484 415 507 a
442 475 619 513 Salvatore‚
648 484 720 507 cum
749 474 880 507 dicitur:
911 474 953 506 At
981 473 1033 505 ille
1063 473 1113 505 di-

153 529 220 561 mic:
246 528 351 561 Nolite
372 528 468 571 flere,
493 528 667 562 secundum
692 528 768 560 illud
800 528 919 570 primae
951 526 989 558 ad
1020 526 1114 558 Thes-

153 581 360 614 salonicenses
383 584 498 623 quarto
511 581 539 612 ¹:
562 592 578 608 «
594 580 659 612 Non
676 579 902 613 contristemini
920 579 1001 612 sicut
1016 581 1048 611 et
1063 587 1114 611 ce-

155 634 226 673 teri,
244 634 297 676 qui
316 643 403 676 spem
419 643 482 668 non
498 634 614 666 habent
630 647 661 666 n.
679 652 722 657 —-
740 633 775 665 Et
791 633 860 666 ideo
876 633 1020 665 additur:
1038 631 1113 664 Non

153 692 197 720 est
213 691 347 720 mortua
361 687 490 729 puella,
510 688 568 720 sed
589 687 731 725 dormit,·
756 687 785 719 in
804 696 868 729 quo
885 696 946 719 non
972 688 1113 719 removet

153 739 262 772 mortis
289 739 470 779 veritatem,
503 740 557 772 sed
587 740 640 772 dat
675 739 859 786 resurgendi
891 738 1112 776 securitatem,

152 795 226 837 quia
249 798 371 837 poterat
396 803 464 828 eam
489 794 532 827 ita
554 794 687 827 faciliter
721 803 740 826 a
774 793 909 826 mortuis
940 792 1112 829 suscitare,

151 848 232 881 sicut
256 848 427 881 suscitatur
449 848 488 881 de
512 848 630 880 somnis
652 847 811 880 dormiens
834 856 853 879 a
877 846 1023 889 vigilante
1037 845 1058 876 ².
1078 844 1114 876 Et

153 906 319 945 propterea
348 903 392 935 sic
423 902 546 935 dicebat
577 902 698 935 loannis
723 902 906 935 undecimo:
928 915 943 930 «
959 902 1111 940 Lazarus,

151 956 270 988 amicus
286 959 408 994 noster,
424 955 541 988 dormit
554 968 584 994 ”3
609 959 640 988 et
664 959 751 998 post:
774 969 790 984 «
807 956 942 988 Lazarus
966 959 1113 988 mortuus

151 1012 198 1042 est
214 1022 244 1042 ι».
271 1009 356 1042 Unde
380 1009 500 1042 Beda⁸:
530 1022 545 1038 «
562 1010 685 1042 Mortua
708 1013 755 1042 est
772 1009 970 1048 hominibus,
988 1010 1042 1052 qui
1060 1018 1112 1042 su-

152 1062 264 1097 scitare
288 1072 349 1095 non
375 1066 521 1105 possunt,
549 1072 611 1095 non
639 1063 720 1102 Deo,
750 1063 799 1096 cui
828 1063 932 1095 anima
960 1063 1053 1102 vivit,
1082 1067 1112 1096 et

151 1124 225 1148 caro
247 1115 426 1148 suscitanda
441 1116 618 1158 quiescit».
638 1116 766 1158 Propter
791 1116 875 1158 quod
899 1110 1012 1149 merito
1040 1125 1112 1149 can-

153 1171 196 1201 tat
219 1169 366 1202 Ecclesia:
396 1182 411 1198 «
426 1170 556 1211 Regem,
582 1170 631 1202 cui
656 1170 761 1202 omnia
778 1170 905 1208 vivunt,
923 1169 1041 1208 venite,
1057 1169 1111 1201 ad-

151 1231 278 1256 oremus
296 1236 327 1264 23,
352 1222 384 1255 in
413 1222 523 1255 Officio
553 1222 790 1260 defunctorum:
827 1222 908 1254 infra
944 1222 1110 1264 vigesimo:

156 1276 253 1308 «Non
277 1279 324 1309 est
356 1276 440 1308 Deus
472 1278 688 1313 mortuorum,
721 1275 775 1308 sed
807 1275 970 1314 vivorum;
1003 1283 1112 1307 omnes

150 1329 232 1362 enim
259 1329 370 1362 vivunt
393 1329 420 1362 ei
439 1343 469 1361 ».
494 1328 647 1370 Quoniam
672 1338 747 1371 ergo
763 1329 841 1361 nihil
859 1329 991 1361 Domino
1016 1329 1111 1361 mori-

150 1385 218 1433 tur,
235 1385 265 1415 et
289 1391 438 1424 praesens
469 1382 577 1414 aderat
608 1381 707 1420 Deus;
736 1380 805 1414 ideo
834 1381 946 1414 merito
970 1381 1109 1413 dicebat:

151 1434 223 1468 Non
247 1440 293 1468 est
315 1439 452 1470 mortua
471 1435 593 1477 puella.

239 1489 290 1521 93.
317 1489 417 1530 (Vers.
445 1488 520 1530 53.).
547 1488 605 1522 Sed
632 1489 707 1531 quia
736 1502 751 1517 «
769 1489 862 1521 homo
878 1488 1021 1522 animalis
1048 1497 1111 1520 non

148 1541 280 1584 percipit
303 1550 340 1574 ea
363 1551 444 1585 quae
474 1542 529 1575 Dei
561 1546 683 1581 sunt»,
714 1542 834 1584 primae
865 1542 903 1575 ad
934 1542 1112 1574 Corinthios

150 1596 287 1629 secundo
300 1597 331 1635 4;
348 1596 418 1629 ideo
433 1596 578 1629 additur:
593 1597 632 1628 Et
644 1596 837 1629 deridebant
852 1606 939 1635 eum,
956 1596 1111 1635 scientes,

149 1650 237 1692 quod
267 1654 403 1682 mortua
434 1654 523 1682 esset.
552 1650 611 1692 Qui
635 1650 718 1683 enim
743 1652 850 1682 certus
873 1653 921 1690 est
944 1650 982 1683 de
1006 1650 1112 1692 aliquo

150 1713 211 1736 non
228 1704 330 1737 solum
352 1713 414 1736 non
442 1704 558 1743 credit,
576 1703 630 1737 sed
654 1703 747 1737 etiam
771 1703 893 1736 deridet
920 1704 1113 1746 persuaden-

151 1760 211 1790 tem
236 1757 440 1790 contrarium.
464 1757 500 1790 Et
516 1756 665 1799 quoniam
681 1756 785 1789 divina
798 1757 949 1799 sapientia
965 1757 1113 1800 frequen-

150 1813 198 1843 ter
214 1811 382 1853 persuadet
397 1811 592 1843 contrarium
609 1811 765 1843 humanae
781 1810 943 1849 scientiae,
962 1811 1034 1843 hinc
1051 1814 1112 1850 est,

150 1864 234 1907 quod
258 1865 352 1897 homo
375 1873 432 1906 per
455 1864 627 1896 humanam
644 1864 806 1897 scientiam
823 1863 933 1896 irridet
950 1864 1065 1903 Deum,
1083 1867 1114 1897 et

150 1918 194 1951 sic
210 1918 346 1951 efficitur
368 1917 501 1956 stultus;
529 1917 678 1950 Ieremiae
701 1916 865 1950 deci1no⁵:
895 1930 910 1946 α
924 1917 1046 1950 Stultus
1069 1917 1113 1950 fa-

151 1975 221 2005 ctus
244 1974 291 2004 est
307 1971 408 2004 omnis
432 1971 526 2003 homo
542 1979 560 2003 a
576 1970 706 2003 scientia
722 1979 780 2003 sua
792 1983 823 2002 ».
841 1970 942 2003 Stulta
966 1974 1013 2003 est
1029 1971 1113 2004 enim

151 2024 296 2064 scientia,
321 2033 401 2067 quae
425 2024 546 2057 deridet
569 2023 770 2066 sapientiam;
798 2024 918 2065 primae
942 2023 979 2056 ad
1005 2024 1114 2056 Corin-

151 2078 233 2111 thios
256 2078 373 2120 primo:
403 2091 419 2107 «
435 2078 568 2116 Stultam
600 2076 674 2110 fecit
693 2077 778 2110 Deus
809 2077 992 2119 sapientiam
1017 2078 1114 2110 huius

151 2131 307 2165 mundi».
325 2131 361 2164 Et
377 2131 466 2173 quia,
492 2130 666 2165 secundum
684 2130 769 2172 quod
792 2129 908 2163 dicitur
930 2130 1115 2163 Proverbio—

151 2194 224 2218 rum
240 2185 360 2218 decimo
384 2188 493 2217 octavo
506 2184 529 2223 ⁶,
551 2196 567 2212 <x
580 2193 642 2216 non
660 2183 771 2225 recipit
795 2183 912 2216 stultus
929 2183 1025 2216 verba
1042 2193 1115 2226 pru-

151 2238 292 2278 dentiae,
323 2238 382 2271 nisi
415 2247 451 2271 ea
481 2237 619 2276 dixeris,
644 2246 726 2279 quae
757 2240 926 2270 versantur
957 2237 988 2270 in
1020 2237 1115 2270 corde

152 2292 267 2331 eius»;
293 2292 362 2325 ideo
396 2291 446 2324 isti
483 2300 545 2323 non
581 2289 792 2332 recipiebant,
823 2290 878 2323 sed
912 2289 1113 2330 deridebant;

153 2346 396 2379 Proverbiorum
420 2345 542 2378 decimo
565 2344 694 2387 quinto:
724 2344 874 2377 «Stultus
889 2343 1000 2377 irridet
1023 2344 1116 2377 disci-

152 2400 269 2443 plinam
293 2399 392 2441 patris
415 2399 464 2433 sui
482 2411 513 2437 »ς
536 2401 567 2431 et
590 2398 659 2431 ideo
682 2407 744 2431 non
769 2401 859 2431 erant
887 2397 988 2430 idonei
1021 2401 1115 2431 testes

152 2453 192 2486 ad
215 2453 303 2486 vitae
327 2452 587 2491 restitutionem,
611 2452 666 2485 sed
699 2452 800 2484 solum
834 2451 873 2484 ad
896 2451 983 2483 vitae
1002 2451 1116 2494 perdi-

154 2507 282 2539 tionem.
307 2506 378 2539 ldeo
400 2506 530 2539 fuerunt
553 2505 661 2544 eiecti,
686 2504 859 2538 secundum
892 2504 976 2547 quod
999 2504 1134 2537 dicitur>

153 2559 300 2593 Matthaei
324 2559 450 2592 nono⁷z
480 2572 495 2588 α
512 2559 590 2592 Cum
614 2559 712 2591 eiecta
743 2561 825 2591 esset
850 2558 958 2597 turba,
986 2557 1116 2590 intravit

153 2616 185 2647 et
208 2613 310 2646 tenuit
332 2622 461 2646 manum
485 2612 609 2655 puellae
624 2625 639 2641 »
669 2615 727 2645 etc.

2073 229 2136 261 915

1268 315 1320 346 94.
1345 315 1446 356 (Vers.
1473 316 1548 356 54).
1576 317 1647 358 lpse
1671 322 1781 349 autem
1799 323 1907 349 tenens
1922 326 2061 349 manuni
2079 321 2137 349 etc.
2158 326 2252 356 rerum
2267 327 2302 347 de-

1178 367 1231 400 Hic
1255 368 1315 400 iam
1349 369 1441 401 tertio
1477 372 1547 410 post
1578 369 1763 402 soliditatem
1789 369 1859 402 fidei
1884 374 1914 402 et
1939 370 2136 402 idoneitatem
2172 352 2294 406 ιῗὲἱῖῗὲῗῗζῐ.

1178 421 1346 454 testimonii
1371 421 1573 464 subiungitur
1604 422 1793 455 sublimitas
1819 423 1953 465 imperii
1975 423 2139 455 suscitan-

1178 474 1220 506 tis
1242 478 1396 516 quantum
1420 475 1459 507 ad
1481 475 1661 517 potentiam
1690 476 1944 518 praecipientem
1978 480 2008 508 et
2039 485 2139 518 quan-

1178 530 1244 560 tum
1269 527 1308 560 ad
1332 528 1515 571 efficaciam
1539 528 1794 572 subsequentem.

1267 580 1371 613 Primo
1395 581 1491 623 igitur
1508 585 1661 623 quantum
1679 581 1716 613 ad
1731 582 1911 623 potentiam
1930 581 2138 624 praecipien-
2159 590 2190 611 ne
2205 591 2281 618 primo.

1178 636 1238 665 tem
1263 634 1397 666 dicitur:
1423 635 1495 676 lpse
1519 638 1626 666 tenens
1651 644 1789 666 manum
1821 635 1909 673 eius,
1939 644 1979 667 ex
2004 635 2139 666 virtutis

1177 686 1367 725 adiutorio,
1393 687 1565 719 secundum
1600 687 1675 719 illud
1702 687 1856 719 Psalmiss:
1886 700 1899 714 a
1919 687 2056 719 Dextera
2080 687 2140 719 Do-

1177 739 1252 771 mini
1277 739 1350 772 secit
1373 740 1522 772 virtutem
1541 754 1556 768 ιι
1577 744 1635 773 etc.
1654 740 1690 772 Et
1707 749 1820 773 rursus
1838 744 1959 782 poterat
1976 740 2078 781 puella
2094 739 2139 772 di-

1177 802 1267 827 cere:
1287 807 1302 822 «
1315 794 1454 827 Tenuisti
1473 803 1599 828 manum
1617 793 1781 827 dexteram
1799 803 1898 826 meam
1914 808 1943 825 n.
1957 813 2000 817 -
2015 794 2049 826 Et
2061 803 2139 836 quo-

1177 848 1261 880 niam
1291 857 1379 880 «non
1405 850 1453 880 est
1476 847 1658 879 abbreviata
1682 856 1795 879 manus
1812 847 1949 885 Domini,
1967 850 2003 879 ut
2019 847 2140 879 salvare

1177 910 1239 933 non
1257 901 1355 943 possit
1371 913 1401 939 n,
1419 900 1501 933 sicut
1516 900 1632 933 dicitur
1650 900 1744 933 Isaiae
1761 900 2022 943 quinquagesimo
2039 909 2139 938 nono:

1177 954 1246 987 ideo
1269 954 1413 986 additur:
1440 953 1606 986 Clamavit
1637 953 1766 985 dicens:
1793 953 1929 991 Puella,
1954 963 2074 995 surye,
2099 961 2140 985 ex

1178 1007 1318 1050 imperio
1342 1007 1547 1046 maiestatis,
1565 1006 1647 1039 sicut
1662 1006 1777 1039 dicitur
1795 1007 1916 1039 loannis
1933 1006 2138 1043 undecimo&

1183 1075 1198 1091 «
1215 1062 1297 1094 Voce
1321 1070 1434 1103 magna
1449 1060 1612 1093 clamavit:
1631 1060 1762 1099 Lazare,
1780 1060 1849 1093 veni
1868 1060 1952 1092 foras
1968 1073 1997 1091 n.
2016 1060 2139 1092 Clamor

1176 1119 1282 1148 autem
1308 1115 1366 1148 iste
1389 1115 1419 1147 in
1447 1123 1521 1147 voce
1545 1114 1697 1147 exteriori
1733 1113 1874 1156 designat
1898 1114 2139 1146 immensitatem

1176 1168 1207 1202 in
1232 1168 1350 1200 virtute
1374 1167 1534 1206 interiori,
1560 1167 1651 1199 iuxta
1674 1166 1759 1208 quod
1795 1167 1826 1199 in
1859 1167 1980 1200 Psalmo
2003 1166 2135 1198 dicitur:

1182 1234 1197 1249 α
1214 1221 1305 1253 Dabit
1329 1220 1396 1253 voci
1421 1229 1497 1252 suae
1522 1228 1629 1252 vocem
1654 1219 1824 1258 virtutis»,
1842 1220 1960 1252 scilicet
1984 1219 2138 1256 miraculi,

1176 1274 1349 1307 secundum
1374 1273 1452 1306 illud
1476 1273 1596 1315 primae
1620 1273 1658 1305 ad
1683 1273 1975 1306 Thessalonicenses
2006 1275 2138 1315 quarto:

1180 1340 1197 1355 «
1214 1327 1279 1369 lpse
1303 1326 1455 1359 Dominus
1479 1326 1509 1357 in
1535 1325 1624 1358 iussu
1649 1329 1679 1358 et
1702 1325 1732 1357 in
1752 1334 1827 1358 voce
1851 1325 2034 1367 Archangeli
2060 1325 2138 1357 etin

1175 1380 1251 1413 tuba
1275 1380 1328 1412 Dei
1353 1379 1520 1412 descendet
1543 1378 1582 1411 de
1599 1379 1701 1417 caelo,
1719 1382 1749 1411 et
1766 1379 1904 1417 mortui,
1929 1378 1982 1420 qui
2002 1378 2032 1410 in
2050 1378 2140 1410 Chri-

1175 1436 1223 1466 sto
1247 1436 1339 1471 sunt,
1363 1436 1530 1474 resurgent
1553 1431 1690 1473 primi».

1266 1487 1318 1519 95.
1344 1487 1445 1528 (Vers.
1483 1486 1559 1526 551).
1593 1485 1735 1518 Secundo
1771 1487 1925 1527 quantum
1962 1484 2001 1517 ad
2032 1483 2140 1527 effica-
2157 1495 2306 1517 nesecundo.

1176 1541 1264 1574 eiam
1287 1540 1533 1583 subsequentem
1566 1538 1730 1571 subditur:
1766 1539 1805 1570 Et
1828 1547 1981 1570 reversus
2005 1541 2050 1569 cst
2073 1537 2141 1579 spi-

1176 1595 1264 1627 ritus
1303 1594 1394 1632 eius,
1434 1602 1491 1635 per
1531 1592 1686 1624 intimam
1725 1591 1988 1624 coniunctionem
2002 1617 2012 1629 ‚
2051 1590 2142 1622 iuxta

1177 1648 1261 1691 quod
1284 1648 1400 1681 dicitur
1432 1647 1516 1680 tertii
1542 1647 1659 1688 Regum
1683 1645 1805 1679 decimo
1829 1645 1962 1687 septimo
1976 1645 2019 1675 ¹⁰:
2049 1657 2064 1671 α
2083 1644 2139 1676 Re-

1177 1712 1269 1736 versa
1292 1706 1339 1735 est
1362 1701 1466 1734 anima
1489 1700 1579 1743 pueri
1616 1700 1699 1732 intra
1722 1699 1844 1741 ipsum,
1869 1702 1900 1732 et
1924 1698 2041 1732 revixit
2058 1710 2089 1737 »3
2114 1702 2143 1730 et

1176 1755 1329 1789 surrexit
1358 1754 1528 1793 continuo,
1562 1762 1618 1796 per
1649 1753 1781 1786 vitalem
1806 1753 2038 1795 operationem.
2067 1752 2144 1784 Sur-

1177 1819 1252 1853 gere
1282 1810 1366 1843 enim
1390 1812 1437 1842 est
1465 1808 1605 1850 operatio
1637 1807 1789 1846 viventis,
1822 1807 1904 1840 sicut
1935 1806 2046 1839 cadere
2076 1815 2143 1839 mo-

1178 1864 1297 1897 rientis.

1269 1917 1320 1949 96.
1346 1916 1382 1948 Et
1405 1918 1496 1953 nota,
1521 1913 1605 1956 quod
1629 1914 1734 1956 puella
1757 1913 1816 1946 ista
1848 1913 1879 1945 in
1904 1913 2142 1946 resuscitatione
2162 1922 2236 1950 Quoad
2252 1925 2294 1943 tres

1178 1980 1236 2003 sua
1259 1969 1375 2002 dicitur
1398 1967 1602 2006 surrexisse,
1627 1970 1658 2000 et
1681 1966 1861 1999 adolescens
1889 1966 2063 2005 resedisse,
2089 1975 2143 1999 su·
2161 1952 2300 2003 ἷῗῗὲιὲῗἙῖῗῗ

1178 2033 1236 2066 pra
1260 2022 1393 2065 septimo
1408 2023 1443 2061 ¹1,
1469 2022 1604 2053 Lazarus
1628 2029 1703 2053 vero
1725 2020 1848 2062 liyatus
1864 2029 1988 2052 manus
2004 2023 2032 2052 et
2044 2020 2143 2062 pedes
2182 2003 2279 2024 ‘mum'

1174 2076 1357 2120 prodiisse,
1383 2074 1505 2107 loannis
1528 2073 1712 2112 undeci1n03
1737 2073 1829 2115 quia,
1863 2073 1944 2105 sicut
1975 2081 2072 2114 supra
2096 2076 2142 2105 ta-

1178 2133 1265 2165 ctum
1288 2129 1362 2168 fuit,
1387 2137 1444 2171 per
1465 2127 1611 2171 puellam
1635 2130 1793 2160 mortuam
1811 2127 1846 2159 in
1862 2126 1958 2159 domo
1979 2129 2142 2169 peccatum

1178 2183 1364 2225 intelligitur
1388 2180 1618 2224 equitationis,-
1634 2189 1691 2222 per
1712 2179 1944 2212 adolescentem
1966 2179 2001 2212 in
2021 2183 2142 2221 porta,

1179 2238 1343 2278 peccatum
1375 2233 1594 2277 operationis;
1618 2242 1674 2275 per
1698 2233 1876 2265 Lazarum
1907 2232 1943 2264 in
1973 2231 2142 2274 sepulcro,

1179 2292 1342 2332 peccatum
1359 2278 1616 2321 consuetudinis.
1636 2286 1671 2319 Et
1686 2286 1852 2328 quoniam,
1869 2285 2042 2319 secundum
2059 2285 2143 2327 quod

1179 2345 1306 2385 peccata
1329 2345 1404 2375 sunt
1420 2340 1582 2383 graviora,
1615 2340 1750 2373 maiores
1775 2340 1961 2382 relinquunt
1984 2339 2142 2381 sequelas;

1179 2396 1249 2429 ideo
1273 2396 1327 2439 qui
1356 2395 1458 2429 solum
1486 2393 1682 2436 cogitatione
1705 2394 1845 2436 peccavit
1870 2393 2046 2425 vivificatus
2069 2402 2144 2425 eon—

1180 2450 1273 2483 tinuo
1304 2449 1434 2492 sumit,
1466 2447 1540 2490 quia
1576 2456 1673 2489 parva
1702 2449 1844 2479 remanet
1878 2446 2065 2484 difficultas;
2089 2445 2144 2487 qui

1179 2512 1257 2537 vero
1281 2503 1311 2536 in
1337 2512 1451 2545 opere,
1468 2501 1572 2540 sedet,
1594 2500 1669 2543 quia
1692 2500 1796 2533 adhuc
1820 2500 1961 2542 pronitas
1984 2502 2143 2537 remanet;

1181 2557 1235 2600 qui
1260 2560 1366 2589 autem
1392 2556 1422 2589 in
1447 2554 1700 2593 consuetudine,
1727 2553 1851 2596 liyatus
1875 2557 1940 2592 est,
1957 2552 2032 2596 quia
2055 2552 2144 2585 valde

1181 2610 1276 2643 habet
1300 2610 1489 2652 pronitatem
1513 2609 1660 2651 ligantem
1685 2607 1716 2640 in
1741 2607 1822 2640 malo
1838 2610 1869 2640 et
1892 2606 2143 2649 praepedientem

227 2786 234 2800 ¹
258 2788 330 2813 vers.
351 2788 393 2813 13.
411 2801 446 2806 -
466 2787 593 2819 Superius
613 2787 633 2811 A
645 2787 666 2811 D
684 2786 806 2812 omittunt
826 2785 890 2820 quia
904 2785 1078 2818 incedebant,
1097 2786 1116 2811 ll

154 2839 218 2858 vero
238 2832 310 2857 addit
330 2831 357 2857 in
376 2831 440 2863 hoc,
460 2831 532 2865 quod
550 2838 605 2857 non
633 2829 775 2857 credebant
803 2829 845 2857 vel
863 2829 1009 2864 sperabant
1029 2829 1117 2864 ipsam

155 2878 384 2903 resurrecturam.

226 2919 237 2934 ⁹
258 2921 410 2946 Secundum
435 2920 560 2952 August.;
588 2921 634 2946 cfr.
663 2926 743 2951 supra
770 2926 831 2951 pag.
859 2919 925 2949 ΠΙ,
951 2922 1011 2944 nota
1032 2919 1058 2944 8.
1082 2932 1117 2937 -

158 2964 275 2991 Subinde
294 2965 438 2997 allegantur
467 2966 537 2990 ioan.
567 2965 594 2990 vlt
608 2984 614 2995 ,
638 2964 678 2989 tt.
697 2967 723 2989 et
743 2963 785 2989 44.
803 2977 839 2983 —-
858 2963 985 2995 Superius
1004 2970 1053 2995 pro
1072 2962 1119 2989 sed

155 3009 203 3036 dat
221 3008 383 3042 resur-pendi
400 3009 572 3036 securitatem
593 3009 637 3042 (ita
656 3009 678 3034 A
689 3009 719 3041 D)
735 3009 753 3034 E
765 3007 813 3034 sed
830 3015 926 3034 eorum
946 3006 1117 3034 incredulita-

155 3056 222 3085 tem,
242 3054 261 3079 B
290 3053 344 3080 sed⁴
363 3053 628 3086 ὴϊευοσαὺὶἰὶιαίετη,
649 3054 706 3079 Vat.
733 3060 793 3079 cum
823 3054 843 3078 H
872 3052 920 3080 sed
938 3050 1118 3079 irremediabi-

157 3098 268 3125 litatem.

228 3141 239 3156 ⁸
260 3143 329 3169 Lihr.
348 3143 387 3169 ΙΙΙ.
406 3143 431 3169 in
450 3144 512 3169 Luc.
532 3144 563 3175 8,
583 3143 626 3169 52.
647 3143 775 3168 Sententia
794 3143 922 3174 allegatur
941 3141 1031 3168 verbis
1049 3142 1120 3168 Glos—

158 3194 203 3213 sae
222 3186 387 3214 ordinariae.
407 3202 441 3207 -
461 3189 613 3221 Sequuntur
633 3187 812 3214 invitatorium
831 3186 909 3212 officii
935 3186 1118 3212 detunctorum

159 3233 200 3266 (ex
222 3232 352 3258 Breviorio
372 3233 499 3264 nomano)
519 3235 545 3258 et
563 3233 625 3258 Luc.
645 3233 692 3263 20,
711 3232 755 3257 38.

229 3275 240 3291 ⁴
261 3277 335 3302 vem.
360 3276 398 3302 ti.
415 3289 452 3297 ·-·
474 3277 564 3302 Glossa
589 3275 772 3303 interlinearis
799 3275 839 3309 (ex
867 3275 998 3306 Ambros.‚
1027 3275 1067 3301 vt.
1094 3275 1119 3300 in

158 3322 222 3347 Luc.
242 3329 268 3347 n.
289 3321 356 3355 62.):
377 3321 410 3348 Et
428 3320 586 3348 devidebant
603 3328 681 3353 eum,
700 3320 745 3353 qni
765 3326 817 3346 non
835 3320 918 3348 credit
937 3319 1047 3346 deridet.

230 3364 242 3379 ³
262 3365 337 3392 Vers.
357 3365 404 3398 lai,
424 3368 483 3398 post
502 3372 581 3399 quem
603 3366 619 3391 l.
638 3365 697 3392 Cor.
719 3365 746 3396 l,
766 3365 809 3391 20.

231 3408 242 3423 ⁶
264 3410 340 3436 Vers.
357 3411 386 3441 2,
406 3410 430 3435 in
449 3410 525 3436 cuius
544 3410 595 3436 tine
614 3417 662 3443 pro
687 3409 744 3436 eius
763 3410 783 3435 Α
796 3409 847 3435 DH
866 3415 925 3436 sno.
944 3422 979 3428 -·
998 3408 1121 3442 Sequitur

1181 2786 1258 2811 Prov.
1279 2784 1325 2815 115,
1344 2785 1371 2810 5.
1388 2798 1420 2802 —
1435 2783 1543 2809 interius
1556 2785 1615 2815 post
1635 2781 1680 2808 isti
1696 2787 1752 2808 non
1771 2779 1934 2814 recipiebant
1946 2780 1965 2805 Β
1979 2779 2052 2805 addit
2063 2777 2144 2805 rerba

1178 2828 1350 2864 prudentiae.

1253 2871 1263 2887 ⁷
1285 2874 1360 2899 Vers.
1373 2872 1416 2898 25.
1430 2872 1514 2898 Codd.
1529 2872 1548 2896 D
1559 2872 1579 2896 G
1599 2871 1701 2902 legunt:
1716 2869 1784 2896 Cum
1796 2869 1913 2896 eiecz'sset
1925 2867 2047 2898 turbam,
2064 2867 2146 2894 tenuit

1181 2924 1296 2943 manum
1315 2919 1365 2942 etc.
1378 2929 1414 2935 —
1432 2916 1522 2941 Glossa
1542 2913 1685 2941 ordinaria
1699 2913 1740 2946 (ex
1754 2913 1838 2944 Redin
1850 2914 1898 2939 cfr.
1911 2913 2025 2943 Hieron„
2040 2913 2057 2937 l.
2073 2910 2148 2937 Com-

1182 2965 1261 2987 ment.
1281 2961 1307 2987 in
1328 2961 1421 2986 matth:
1435 2960 1466 2992 9,
1485 2959 1538 2991 25.)
1560 2959 1584 2984 in
1604 2959 1666 2984 Luc.
1685 2959 1716 2990 8,
1735 2958 1783 2984 53;
1804 2957 1892 2983 Merito
1912 2957 2007 2983 exclusi
2028 2959 2089 2981 sunt
2101 2955 2146 2988 qui

1182 3006 1303 3032 deridere
1322 3011 1403 3038 quani
1423 3004 1532 3030 eredere
1551 3001 1696 3033 malebant,
1722 3001 1821 3033 indigni
1840 3001 1932 3029 videre
1950 2999 2148 3026 resurrectionis

1183 3051 1350 3077 miraculum.

1255 3094 1265 3109 ⁸
1285 3097 1379 3121 Psalm.
1405 3095 1466 3125 117,
1488 3094 1534 3125 16,
1561 3093 1603 3119 cui
1628 3091 1824 3124 subiunguntur
1852 3091 1892 3116 rs.
1912 3090 1961 3121 72,
1983 3089 2025 3115 24.
2044 3092 2070 3115 et
2089 3089 2145 3115 lsai.

1183 3141 1217 3166 59
1253 3141 1277 3166 l.

1225 3160 1232 3172 ¹
1255 3183 1267 3198 ⁹
1288 3185 1362 3210 vers.
1382 3183 1424 3209 43.
1443 3197 1477 3202 —
1498 3182 1554 3207 Duo
1573 3188 1648 3214 seqq.
1668 3181 1718 3206 loci
1736 3183 1797 3206 sunt
1816 3180 1858 3205 Ps.
1871 3179 1914 3210 67,
1928 3178 1970 3204 34.
1984 3178 2040 3204 etl.
2055 3178 2147 3203 Thess.

1186 3229 1215 3260 ⁴,
1235 3229 1278 3254 ⁴6.

1257 3271 1279 3287 ¹⁰
1301 3272 1374 3298 vers.
1394 3272 1436 3298 22.
1458 3285 1489 3290 —
1510 3270 1620 3296 interius
1638 3276 1687 3302 pro
1706 3268 1827 3303 operatio
1846 3266 1958 3294 tacentis
1978 3267 2036 3292 Vnt.
2055 3272 2148 3300 opero-

1184 3318 1221 3345 tio
1240 3316 1356 3344 virtutis.

1258 3360 1279 3376 ¹¹
1301 3363 1373 3387 Vers.
1395 3360 1442 3392 15,
1462 3362 1522 3392 post
1540 3365 1624 3392 quem
1641 3359 1708 3384 loun.
1732 3358 1756 3383 it
1769 3378 1775 3390 ,
1795 3357 1838 3383 44.
1851 3370 1887 3376 —
1901 3356 1936 3382 De
1956 3355 1996 3381 his
2016 3354 2098 3380 tribus
2111 3361 2148 3379 re-

1186 3406 1315 3433 suscitatis
1334 3407 1380 3432 cfr.
1400 3412 1479 3438 supra
1500 3411 1523 3430 c.
1542 3404 1567 3429 7.
1587 3411 1612 3429 n.
1632 3404 1674 3429 32.
