2427 3872
415 236 479 262 DEU

786 192 823 224 ΙΝ
845 191 1138 225 COMMENTARtOS
1161 192 1190 224 S.
1216 192 1441 226 SCRIPTURAE

174 295 209 302 -—
228 282 299 307 solus
326 280 419 307 liberat
447 287 462 306 a
485 280 554 306 malo
574 280 607 306 Vi
627 280 673 306 211
697 287 724 306 ν.
744 280 759 305 8
799 279 850 305 427
881 279 913 305 14
932 293 968 299 -
986 280 1058 306 50105
1086 280 1163 306 intrat
1192 280 1216 305 in
1245 281 1359 306 animam
1389 281 1438 306 illa-

119 340 156 345 —-
174 325 248 351 Ratio
268 327 380 351 movens
407 325 442 351 ad
466 324 624 350 salvandum
650 324 697 350 fuit
715 324 762 349 im-

119 370 245 396 mensitas
264 369 347 395 divini
366 369 466 395 amoris
489 368 524 394 ad
547 368 682 394 hominem
702 375 762 401 per-

119 413 204 440 ditum
223 414 275 439 282
295 413 329 439 26
347 428 383 432 -
402 413 531 439 Voluntas
549 413 595 438 Dei
615 415 654 438 est
673 415 760 438 nostra

119 459 190 484 salus
209 457 262 484 297
281 457 315 484 54
334 471 370 476 -
388 464 500 490 parvam
526 457 581 482 vim
601 457 661 482 facit
679 456 705 482 in
725 456 761 482 di-

119 502 190 528 vitiis
216 502 406 533 Ecclesiarum,
434 501 482 528 sed
511 507 636 533 magnam
663 501 761 526 101110-

118 553 198 572 sauro
217 546 364 572 animarum
380 545 431 572 413
452 546 484 571 12
505 545 534 571 2*
552 560 587 564 -
606 545 638 570 ad
659 545 761 570 salvan-

118 591 183 617 dum
213 590 348 617 hominem
379 590 461 616 nimia
492 589 673 615 misericordia
701 589 761 621 plus

118 636 206 667 dedit,
224 642 305 669 qnam
325 635 441 667 oportuit
460 635 512 660 282
526 634 559 659 26
573 643 609 653 2-
622 632 760 665 113110100-

119 683 238 707 testatem
248 679 400 705 vivificandi
410 682 436 705 et
446 678 621 704 mortificandi
633 678 684 703 212
691 685 718 703 v.
728 677 759 703 13

118 739 153 744 -
171 724 289 751 vivificat
306 726 425 750 mortuos
443 722 562 749 effective
581 722 628 749 561
653 729 679 747 v.
700 722 728 747 21

172 783 208 789 -
227 775 258 795 ex
277 767 404 800 operibus
422 767 477 794 suis
496 767 604 793 faciliter
614 768 700 799 potest
717 772 761 791 eo-

118 812 207 846 gnosoi
227 813 260 839 Vl
282 813 332 838 192
352 820 378 839 ν.
398 813 408 838 1
426 825 462 831 -
475 812 513 838 00
531 811 586 837 000
604 810 681 837 nobis
700 812 760 836 sunt

118 857 205 891 aliqua
230 857 364 883 manifesta
386 856 419 883 54
438 864 464 890 (1.
485 857 501 882 2
520 870 555 874 -
575 856 620 881 001
642 854 761 881 invisibi-

117 902 150 928 lia
163 903 394 934 repraesentantur
406 907 454 933 per
467 903 614 926 creaturam
633 903 758 932 tanquam

117 954 166 980 per
184 946 325 979 vestigium
340 946 391 972 158
410 953 438 971 v.
456 945 490 971 26
510 959 546 965 —
564 944 687 977 cognosci
702 946 760 976 pot-

118 994 158 1018 est
176 992 218 1018 vel
237 998 285 1024 per
304 993 485 1017 creaturarum
498 989 704 1022 pulcritudinem
718 989 759 1015 vel

117 1042 166 1068 per
184 1042 276 1061 earum
295 1035 419 1061 virtutem
433 1035 476 1060 vel
496 1041 544 1067 per
564 1037 706 1067 utrumque
724 1033 759 1058 si-

118 1081 172 1106 mul
194 1080 243 1106 193
263 1087 289 1105 ν.
310 1080 325 1105 2
338 1094 374 1098 --
387 1079 568 1105 manifestatur
587 1078 613 1104 in
632 1077 759 1110 operibns

118 1124 282 1151 miraculosis
298 1123 353 1150 ’372
367 1124 383 1150 3
397 1138 432 1143 -
444 1123 545 1150 13011105
563 1123 687 1155 cognosci
701 1125 758 1155 pot-

117 1172 156 1195 est
173 1176 254 1203 quam
274 1171 382 1194 naturae
401 1175 491 1194 rerum
510 1167 685 1194 saecularium
707 1167 758 1192 194

117 1220 144 1239 v.
164 1214 179 1239 8

170 1272 206 1277 —
224 1258 249 1283 in
268 1265 297 1284 se
309 1257 396 1284 videri
408 1264 460 1283 non
472 1259 558 1289 potest
571 1257 603 1282 Vl
619 1256 665 1282 191
683 1264 709 1282 v.
724 1256 757 1281 26

116 1317 152 1322 -
170 1309 221 1329 000
240 1302 347 1328 videtur
364 1309 413 1335 per
431 1304 549 1334 apertam
562 1301 691 1327 visionem
706 1300 758 1326 315

117 1347 161 1374 65.
180 1347 231 1373 330
250 1347 293 1378 69,
312 1347 347 1372 70
366 1360 402 1366 -
420 1346 512 1372 Αο11113
539 1353 703 1378 cognoscens
722 1346 759 1371 cf-

117 1393 213 1418 fectum
233 1391 281 1417 Dei
300 1391 327 1417 in
345 1398 375 1417 se
394 1391 466 1423 ipsa,
494 1394 581 1416 tamen
607 1397 661 1416 non
685 1390 758 1416 videt

117 1436 200 1462 Deum
220 1436 268 1462 331
290 1436 325 1461 78
340 1450 374 1454 --
388 1435 513 1461 Divinitas
525 1442 576 1461 non
591 1437 677 1467 potest
689 1441 758 1461 com-

117 1480 245 1513 prehendi
266 1481 308 1507 vll
328 1480 376 1506 591
401 1480 435 1506 26

169 1540 205 1543 -
223 1525 393 1557 cognoscitur
417 1524 469 1550 fide
488 1526 514 1550 et
531 1523 633 1550 ratione
653 1523 685 1549 Vl
706 1523 756 1549 192

117 1577 144 1596 v.
164 1570 173 1595 t
197 1583 233 1589 —
252 1570 298 1595 Dei
317 1569 490 1602 perfectiones
508 1570 590 1594 homo
605 1575 658 1594 non
673 1570 758 1601 potest

116 1620 277 1646 cognoscere
296 1613 345 1640 nisi
358 1620 407 1646 per
420 1613 499 1639 fidem
513 1615 539 1639 et
551 1612 684 1639 caritatem
705 1609 756 1637 537

116 1658 132 1683 8
151 1672 187 1678 -
205 1658 240 1684 31)
258 1657 408 1684 infidelibus
435 1664 489 1683 000
516 1657 683 1689 cognoscitur
705 1656 757 1682 249

117 1703 150 1728 13
169 1716 205 1723 -
222 1703 324 1729 Nomen
344 1703 389 1729 Dei
408 1705 500 1729 notum
520 1702 549 1727 fit
568 1700 691 1734 gentibus
710 1708 758 1734 per

115 1747 264 1780 passionem
284 1747 378 1773 Christi
398 1746 449 1773 418
470 1746 502 1773 40

169 1806 205 1810 ——-
225 1792 270 1818 Dei
283 1792 374 1818 notitia
387 1791 477 1824 incipit
490 1791 515 1816 in
529 1790 625 1823 gratia,
638 1790 686 1816 sed
698 1797 757 1816 con-

116 1839 265 1862 summatur
284 1837 309 1862 in
329 1836 413 1869 gioria
427 1836 535 1862 V11279
557 1835 590 1860 10
609 1849 642 1854 --
655 1834 756 1865 Notitia,

116 1888 170 1914 qua
180 1881 349 1913 cognoscitur
369 1881 452 1912 Deus,
465 1880 528 1914 quia
542 1882 588 1912 est,
601 1878 695 1905 liberat
707 1885 757 1904 nos

116 1925 151 1951 ab
170 1926 333 1958 insipientia;
352 1933 404 1959 qua
424 1925 600 1957 cognoscitur,
619 1924 684 1957 quid
703 1930 756 1949 non

117 1973 170 2002 est,
185 1969 220 1996 ab
233 1970 393 2002 idololatria;
413 1977 466 2003 qna
485 1968 663 2004 cognoscitur,
682 1967 756 1993 sicuti

116 2018 169 2047 est,
188 2014 222 2040 ab
241 2015 313 2041 omni
333 2014 438 2041 miseria
457 2015 509 2039 280
529 2014 556 2039 11
582 2027 616 2032 --
636 2013 681 2038 Dei
700 2019 757 2044 per-

117 2060 182 2086 fecta
201 2060 292 2085 notitia
312 2060 372 2086 facit
389 2066 439 2085 nos
457 2058 555 2085 similes
574 2058 644 2089 Deo,
663 2060 689 2083 et
701 2063 758 2089 per-

117 2104 182 2130 fecta
201 2104 344 2130 similitudo
371 2103 452 2135 filios,
480 2105 507 2129 et
533 2103 649 2135 perfecta
669 2101 757 2127 filiatio

117 2149 178 2174 facit
195 2148 401 2175 sanctificatione
426 2147 508 2174 divini
528 2146 644 2173 nominis
661 2146 758 2178 dignos

117 2191 180 2219 ibid.

169 2237 332 2269 —Cognitio
343 2238 390 2264 Dei
399 2237 530 2263 beatificat
540 2236 574 2262 Vi
587 2235 637 2262 442
651 2236 694 2261 32.
706 2235 756 2261 468

116 2281 133 2307 5
151 2296 187 2300 --
207 2282 334 2308 Divinitas
352 2281 486 2308 videbitur
505 2282 531 2307 in
551 2281 634 2313 patria
652 2280 704 2306 476
724 2279 756 2305 43

116 2340 152 2346 --
172 2327 336 2352 Divinitatem
355 2326 485 2353 videbunt
503 2326 551 2352 5011
571 2323 758 2351 1100110111.-

117 2372 187 2397 Deus
199 2378 251 2397 non
270 2374 357 2403 potest
375 2371 460 2397 videri
473 2371 521 2396 nisi
535 2370 589 2396 sola
603 2369 690 2395 divina
706 2370 759 2401 glo-

117 2416 155 2441 ria
176 2415 227 2442 477
249 2415 281 2441 47

170 2474 207 2480 —
226 2461 293 2486 Vere
312 2466 389 2486 nosse
408 2460 491 2485 Deum
511 2462 550 2484 est
567 2457 688 2483 mandata
702 2457 759 2483 eius

118 2512 226 2531 servare
253 2504 288 2530 Vl
312 2504 365 2530 370
387 2504 421 2530 79
441 2518 476 2522 -
496 2503 545 2536 Qui
565 2502 687 2528 mandata
706 2508 758 2527 non

118 2552 220 2580 servat,
239 2556 290 2575 non
311 2551 396 2581 potest
415 2549 497 2574 Deum
517 2554 580 2573 vere
599 2553 759 2579 cognoscere

118 2594 170 2620 343
190 2595 223 2620 22
243 2608 277 2612 —-
296 2592 416 2626 perhibet
434 2592 613 2618 testimonium
637 2592 759 2617 innocen-

119 2639 202 2669 tibus,
216 2638 320 2669 activis,
333 2637 544 2669 contemplativis
563 2636 616 2662 597
634 2643 662 2661 v.
680 2636 759 2661 28—

118 2683 174 2709 Non
183 2682 337 2715 prohibetur
344 2682 510 2708 considerare
518 2680 654 2707 manifesta
664 2680 697 2705 de
706 2680 758 2705 Deo

119 2727 153 2753 54
172 2735 199 2760 (1.
218 2728 234 2753 2
247 2741 282 2746 -
296 2727 342 2752 001
361 2726 488 2752 memoria
509 2726 535 2751 in
555 2724 632 2750 nobis
651 2726 759 2756 generat

119 2772 269 2798 affectiones
287 2771 391 2797 virtutis
410 2773 435 2796 et
454 2770 554 2802 gratiae
573 2769 617 2795 Vll
637 2769 669 2794 36
692 2768 741 2793 113

172 2830 208 2834 -
226 2815 320 2841 0111013
339 2813 495 2841 ordinantur
513 2814 547 2840 ad
571 2814 653 2839 Deum
685 2813 717 2838 vt
743 2812 758 2836 6

118 2867 146 2892 q.
166 2860 176 2885 1
200 2867 257 2892 arg.
276 2860 291 2885 2
306 2873 340 2878 -
355 2859 435 2885 Αο105
448 2858 601 2888 memoriae,
620 2857 759 2888 intelligen-

118 2904 182 2935 tiae,
201 2903 342 2929 voluntatis
355 2906 380 2929 et
392 2910 472 2935 opera
492 2903 519 2928 in
539 2902 622 2927 Deum
642 2904 704 2927 sunt
722 2907 759 2926 re-

118 2948 226 2974 ferenda
255 2948 297 2973 Vll
326 2947 376 2973 267
406 2946 440 2973 48
459 2961 494 2965 -
514 2946 619 2978 Triplex
642 2945 760 2971 defectus

119 2999 169 3018 nos
181 2992 303 3026 impedit,
317 2999 349 3017 ne
362 2991 472 3017 totaliter
484 2990 624 3017 tendamus
638 2990 662 3015 in
677 2990 759 3015 Deum

120 3036 172 3062 274
191 3037 221 3062 71
239 3050 274 3056 -
287 3036 327 3062 Αο
348 3036 431 3061 0011111
451 3035 592 3065 tendimus,
609 3034 636 3060 in
655 3041 708 3067 quo
722 3036 761 3059 est

120 3081 197 3114 quies
214 3083 240 3106 et
258 3081 316 3106 finis
339 3080 459 3106 omnium
479 3078 599 3105 laborum
619 3079 652 3104 88
672 3078 706 3104 63
725 3091 761 3097 -

120 3127 160 3150 051
178 3124 238 3151 finis
255 3125 374 3150 omnium
398 3124 444 3150 461
468 3124 503 3149 37
523 3138 556 3142 -
575 3123 648 3149 501115
666 3123 762 3148 50111011

122 3169 222 3195 11010101
242 3183 275 3187 -
295 3169 328 3195 Vl
349 3168 400 3194 437
420 3168 436 3193 9
454 3182 490 3188 —·
509 3167 588 3194 debet
615 3174 673 3193 esse
697 3166 762 3198 opti-

122 3219 196 3238 mum
216 3213 329 3239 hominis
348 3213 399 3238 208
419 3219 446 3238 ν.
471 3212 501 3237 17
520 3225 556 3231 -
574 3214 614 3237 051
626 3210 762 3237 beatitudo

122 3256 237 3282 hominis
254 3255 318 3282 ibid.
411 3255 413 3258 ⁴

798 324 885 350 hendo
905 324 956 350 433
977 324 1010 350 43
1030 323 1058 349 3*
1076 338 1112 343 -
1130 325 1202 350 νο011
1225 325 1258 350 30
1278 332 1328 350 nos
1345 332 1438 351 secun-

796 369 861 395 dum
880 369 1018 401 effectum,
1037 375 1089 394 non
1109 375 1157 400 per
1177 369 1316 394 essentiam
1338 369 1388 394 443
1402 370 1435 395 38

798 427 832 432 --
851 416 890 439 051
918 412 994 438 nobis
1021 413 1199 438 immediatior
1226 416 1252 438 et
1276 414 1437 445 praesentior

796 464 877 491 quam
897 457 1041 483 daemones
1060 457 1092 482 87
1113 464 1140 490 q.
1159 458 1175 482 2

850 515 885 520 -
903 501 976 527 Unus
994 508 1075 527 verus
1095 501 1164 527 Deus
1181 503 1221 527 est
1232 502 1400 534 quaerendus
1412 504 1438 527 et

796 546 877 578 digne
895 545 1021 572 colendus
1039 546 1072 572 Vi
1094 545 1143 570 199
1163 552 1190 571 ν.
1211 545 1244 570 14
1262 560 1298 563 -
1316 546 1343 571 in
1363 546 1437 572 tertio

797 590 921 616 mandato
940 590 1100 622 praecipitur
1116 591 1196 615 homo
1209 596 1305 615 vacare
1319 590 1372 615 Deo
1386 590 1436 615 308

797 636 826 660 31
853 634 890 667 t‘,
907 634 936 660 2·
960 648 997 654 -
1021 634 1119 660 directe
1138 634 1307 667 quaerendus
1331 634 1383 659 262
1402 634 1436 659 76

796 693 832 699 --
849 679 983 706 invenitur
996 677 1030 704 ab
1044 679 1084 704 his
1102 678 1147 711 qui
1167 678 1209 710 pie
1228 681 1254 703 et
1269 685 1321 703 non
1334 678 1437 703 curiose

796 726 928 757 quaerunt
948 723 999 749 193
1018 730 1045 748 v.
1065 723 1081 748 6
1099 737 1134 741 -
1154 722 1285 748 invenitur
1297 722 1437 754 00110100-

796 768 873 794 tionis
900 769 1022 793 affectum
1052 767 1103 793 194
1140 774 1167 792 ν.
1190 767 1205 792 6
1224 781 1260 785 -
1278 767 1437 799 Quaerentes

796 813 853 846 pie,
873 819 926 838 non
946 812 1064 844 curiose,
1083 811 1220 837 inveniunt
1238 818 1333 837 verum
1354 811 1435 836 Deum

796 856 858 884 ibid.

848 915 885 921 -
903 901 1038 933 Separatio
1057 908 1071 926 a
1092 901 1145 927 Deo
1173 903 1212 926 est
1241 907 1312 926 mors
1334 900 1437 926 animae

796 947 828 973 Vi
850 947 900 972 116
920 953 947 971 ν.
967 946 1000 971 12
1019 960 1055 964 -
1074 946 1157 971 000111
1180 945 1363 978 derelinquere
1382 952 1436 970 ma-

795 992 850 1017 lum
870 993 909 1017 est
937 993 1045 1023 propter
1072 997 1185 1022 poenam
1215 989 1305 1015 damni
1325 992 1350 1015 et
1368 996 1437 1014 ama-

795 1043 854 1062 rum
883 1038 992 1068 propter
1020 1041 1132 1067 poenam
1161 1041 1254 1060 sensus
1283 1034 1333 1059 129
1356 1041 1382 1059 ν.
1404 1034 1436 1059 10

795 1094 829 1099 -—
848 1080 898 1113 Qui
917 1080 1003 1112 perdit
1022 1079 1105 1105 Deum
1124 1086 1173 1111 per
1191 1085 1356 1111 consequens
1377 1085 1436 1110 per-

794 1125 833 1151 dit
851 1132 879 1151 se
898 1125 985 1157 ipsum
1005 1124 1048 1150 Vll
1068 1124 1119 1149 228
1139 1124 1173 1148 39

849 1183 882 1188 --
903 1170 985 1194 Deum
1004 1168 1100 1194 imitari
1129 1167 1259 1194 debemus
1283 1168 1350 1193 sicut
1369 1167 1436 1192 filius

795 1216 896 1247 patrem
926 1213 969 1239 Vll
1000 1213 1049 1238 158
1079 1213 1113 1238 85
1131 1226 1168 1232 -
1186 1215 1225 1238 051
1247 1212 1389 1237 imitandus
1408 1212 1435 1237 in

795 1258 919 1291 fugiendo
947 1260 1100 1290 peccatum,
1129 1257 1156 1282 in
1183 1256 1333 1289 superando
1363 1263 1436 1281 mun-

794 1304 874 1335 dum,
893 1303 919 1328 in
938 1302 1056 1328 faciendo
1075 1301 1199 1327 iustitiam
1229 1301 1262 1326 Vl
1288 1300 1334 1327 551
1365 1300 1382 1326 5
1400 1314 1436 1320 -

794 1349 876 1374 Nemo
895 1349 982 1380 potest
1001 1347 1082 1372 Deum
1103 1346 1178 1379 sequi
1198 1352 1246 1378 per
1265 1346 1436 1378 aequiparan-

794 1393 872 1424 tiam,
891 1391 958 1418 bene
986 1399 1034 1423 per
1057 1390 1249 1417 subiectionem
1268 1393 1295 1416 et
1312 1390 1436 1416 obedien-

794 1438 856 1463 tiam
875 1436 1008 1462 mediante
1027 1435 1109 1468 gratia
1129 1435 1164 1461 25
1182 1442 1209 1468 q.
1229 1436 1239 1460 1

847 1496 881 1501 -
899 1480 1028 1514 obsequio
1047 1483 1136 1506 nostro
1149 1486 1200 1505 non
1214 1479 1315 1511 indiget
1329 1479 1370 1505 Vll
1385 1479 1436 1505 400

795 1527 827 1553 48
845 1540 882 1546 -
900 1526 953 1552 000
973 1524 1155 1551 famulandum
1174 1527 1214 1550 est
1231 1527 1344 1557 utraque
1357 1531 1436 1549 manu

792 1574 818 1597 et
837 1573 889 1597 tota
909 1570 1004 1596 virtute
1024 1569 1058 1605 59
1079 1569 1113 1594 65
1132 1583 1168 1587 -
1188 1569 1241 1594 000
1265 1568 1435 1594 serviendum

793 1618 833 1642 est
850 1615 951 1641 ratione
969 1613 1065 1646 debiti,
1085 1614 1147 1647 quia
1167 1616 1207 1639 est
1225 1613 1359 1644 conditor,
1379 1620 1437 1645 pro-

794 1662 890 1691 tector,
908 1661 1084 1690 sustentator;
1103 1658 1204 1684 ratione
1217 1657 1361 1689 commodi,
1373 1657 1435 1690 quia

793 1704 900 1730 remittit
928 1704 1050 1735 culpam,
1078 1703 1194 1728 immittit
1221 1702 1348 1735 gratiam,
1375 1709 1437 1734 pro-

793 1749 870 1775 mittit
889 1748 998 1780 gloriam
1012 1755 1018 1781 ;
1037 1747 1139 1773 ratione
1156 1747 1270 1778 honesti,
1283 1747 1345 1780 quia
1359 1748 1438 1773 hone-

793 1796 862 1820 stum
881 1796 921 1819 est
941 1793 994 1818 Deo
1013 1792 1113 1818 servire
1131 1792 1232 1817 ratione
1251 1791 1379 1822 dominii;
1398 1798 1437 1817 ra-

793 1839 864 1864 tione
882 1837 975 1868 oflicii,
993 1836 1095 1862 ratione
1113 1836 1184 1862 servi
1197 1836 1229 1861 Vl
1250 1835 1301 1861 576
1322 1836 1346 1867 8,
1363 1836 1389 1866 9,
1404 1836 1436 1861 10

791 1897 828 1901 -
848 1882 909 1908 Veri
934 1881 979 1907 Dei
998 1880 1193 1907 commendatio
1212 1879 1387 1912 proficiscitur
1406 1887 1436 1906 ex

792 1927 876 1960 ipsius
894 1925 1019 1957 bonitate,
1037 1932 1068 1951 ex
1087 1925 1249 1950 credentium
1270 1924 1296 1950 in
1315 1931 1376 1950 eum
1396 1931 1437 1950 re-

793 1971 988 2002 muneratione,
1008 1977 1038 1996 ex
1057 1970 1188 1995 idolorum
1207 1969 1318 2000 vilitate,
1332 1976 1363 1994 ex
1382 1968 1437 1994 ido-

793 2015 968 2042 lolatrantium
987 2014 1181 2046 vituperatione
1200 2013 1252 2038 204
1271 2020 1298 2038 v.
1318 2013 1328 2038 1

847 2074 883 2078 -
895 2062 935 2086 051
953 2058 1130 2085 remunexstor
1148 2058 1294 2083 secundum
1311 2057 1435 2083 meritum

797 2105 828 2130 vl
851 2105 884 2130 92
907 2112 933 2130 v.
953 2105 969 2130 2
988 2118 1024 2122 —-
1042 2105 1192 2129 remunerat
1209 2102 1282 2128 aliter
1301 2101 1327 2127 in
1347 2103 1435 2127 futuro

794 2156 875 2183 quam
889 2149 916 2174 in
935 2148 1065 2181 praesenti
1085 2146 1120 2173 75
1138 2155 1166 2180 q.
1179 2146 1194 2172 4
1209 2161 1242 2165 —
1257 2149 1358 2172 tantum
1373 2153 1433 2172 cum

795 2193 871 2219 bonis
890 2193 939 2219 erit
956 2193 983 2218 in
998 2194 1081 2218 futura
1096 2192 1212 2217 claritate
1225 2190 1276 2216 434
1295 2191 1328 2216 52
1342 2204 1378 2210 -
1395 2194 1436 2216 051

795 2245 897 2264 merces
915 2237 1048 2263 bonorum
1069 2237 1110 2263 Vll
1133 2236 1183 2262 409
1204 2236 1236 2261 19

847 2295 883 2301 -
893 2285 955 2308 1000
965 2283 1079 2314 perfecte
1091 2283 1184 2313 regnat
1194 2280 1220 2306 in
1229 2280 1314 2311 nobis,
1327 2280 1434 2313 (103000

794 2334 888 2352 sumus
906 2327 1013 2352 omnino
1041 2326 1065 2352 ei
1092 2325 1219 2358 subiecti,
1242 2324 1315 2358 qnod
1334 2324 1383 2350 erit
1408 2324 1435 2349 in

796 2372 848 2397 fine
867 2371 910 2397 Vll
937 2371 988 2397 280
1018 2371 1049 2396 12
1069 2384 1104 2390 -
1123 2371 1148 2396 10
1177 2370 1226 2396 11115
1247 2370 1310 2396 solis
1327 2372 1435 2401 regnat,

795 2416 840 2449 qui
860 2416 949 2448 ipsum
974 2416 1088 2448 diligunt
1116 2415 1168 2440 347
1189 2414 1220 2440 42
1240 2428 1276 2433 -
1295 2414 1334 2440 Ad
1354 2420 1434 2446 quem

795 2461 868 2486 venit
887 2460 1026 2492 Dominus,
1040 2460 1063 2485 ei
1076 2460 1177 2485 nulium
1197 2458 1296 2484 bonum
1316 2458 1390 2484 deest
1403 2458 1435 2483 Vl

797 2505 848 2531 442
868 2505 901 2530 32
920 2518 957 2523 -
977 2507 1064 2530 manet
1083 2504 1108 2529 in
1128 2503 1246 2533 homine,
1260 2503 1347 2535 ipsum
1367 2502 1437 2528 Divi-

795 2550 882 2575 nitatis
900 2556 991 2574 amore
1010 2548 1172 2581 penetrando
1193 2546 1253 2574 ibid.
1267 2561 1303 2566 —
1315 2547 1385 2572 0005
1397 2549 1436 2572 051

795 2601 857 2619 cum
886 2593 1007 2625 homine,
1026 2592 1135 2625 quando
1155 2592 1295 2624 specialem
1315 2592 1435 2616 0110011101

796 2638 919 2670 producit
937 2637 962 2662 in
983 2637 1089 2663 homine
1108 2636 1159 2662 279
1180 2636 1195 2661 6

848 2696 884 2700 -
903 2682 988 2707 Homo
1007 2684 1046 2706 est
1063 2687 1124 2706 cum
1145 2681 1213 2711 Deo,
1232 2680 1339 2713 quando
1358 2679 1437 2705 habet

795 2726 946 2758 caritatem,
975 2733 1022 2757 per
1051 2732 1131 2758 quam
1161 2725 1286 2750 adhaeret
1318 2724 1371 2749 Deo
1402 2724 1436 2749 Vt

796 2771 847 2796 279
868 2770 883 2795 6
902 2784 937 2789 —
958 2770 984 2795 ln
1005 2770 1058 2795 Deo
1078 2772 1166 2795 manet
1193 2769 1239 2802 qui
1258 2769 1283 2794 in
1303 2768 1436 2794 Christum

795 2814 892 2846 credit,
912 2814 958 2847 (1111
978 2814 1062 2839 00001
1091 2813 1189 2845 diligit,
1214 2813 1258 2846 qui
1279 2813 1327 2845 ipsi
1347 2812 1437 2839 obedit

797 2858 848 2884 604
863 2865 889 2883 v.
903 2857 917 2883 4
928 2871 964 2877 -
973 2859 1091 2890 Tempus
1104 2857 1256 2891 acquirendi
1269 2860 1316 2889 est,
1329 2857 1437 2890 quando

796 2909 857 2928 cum
878 2903 932 2928 Deo
950 2902 1137 2934 coniungimur
1155 2903 1188 2927 30
1207 2909 1234 2927 ν.
1252 2902 1267 2927 6

850 2947 982 2972 —trahit
1001 2947 1035 2973 de
1065 2947 1165 2972 mundo
1193 2953 1261 2979 quos
1288 2949 1366 2971 vocat
1391 2953 1437 2978 per

797 2994 961 3024 praesentem
990 2991 1113 3016 iustitiam
1145 2992 1175 3016 vl
1205 2990 1255 3015 470
1280 2990 1311 3015 13
1331 3004 1367 3009 -
1385 2997 1436 3016 11011

797 3036 875 3062 trahit
892 3039 981 3061 contra
1002 3036 1161 3061 voluntatem
1182 3034 1228 3060 331
1251 3034 1285 3059 79
1308 3033 1336 3059 1·
1350 3041 1437 3060 -35-

797 3080 863 3106 515111
876 3080 976 3105 Sanctis
995 3080 1021 3105 in
1039 3080 1110 3105 omni
1131 3080 1202 3110 loco,
1222 3081 1329 3110 paratus
1348 3078 1382 3104 ad
1402 3079 1437 3105 iu-

797 3124 914 3150 vandum
935 3124 986 3150 233
1007 3131 1034 3150 v.
1053 3125 1087 3150 20
1100 3139 1135 3142 -
1151 3129 1235 3155 prope
1252 3125 1292 3149 est
1310 3123 1437 3149 tribulatis

797 3168 830 3194 ad
840 3168 1048 3194 succurrendum
1063 3169 1114 3194 323
1129 3168 1162 3193 28
1172 3182 1208 3186 -
1218 3168 1347 3193 confortat
1356 3167 1436 3193 corda

798 3212 888 3238 timida
902 3211 937 3238 ib.
949 3212 982 3238 29
997 3225 1033 3232 -
1045 3211 1111 3238 Cum
1131 3212 1259 3238 Dominus
1277 3211 1366 3243 adest,
1385 3219 1437 3237 non

798 3259 838 3282 est
855 3256 1004 3282 timendum
1024 3255 1058 3282 ib.
1075 3256 1109 3282 30
1122 3269 1158 3275 -
1170 3256 1257 3281 visitat
1269 3256 1438 3288 corripiendo

175 3313 211 3320 —
229 3300 331 3327 animas
349 3303 476 3334 tanquam
504 3306 615 3333 sponsas
642 3300 708 3325 zelat
729 3299 761 3324 Vi
799 3300 826 3326 in
845 3301 937 3332 culpa,
956 3300 1141 3332 locupletando
1161 3299 1186 3326 in
1212 3300 1310 3332 gratia,
1338 3299 1438 3325 beatifi-

124 3343 176 3370 115
194 3352 221 3371 ν.
241 3345 274 3370 10
287 3358 322 3364 -
335 3345 406 3371 50105
418 3348 458 3371 est
470 3344 591 3378 superlor
603 3344 661 3377 ipsa
674 3346 762 3370 mente
799 3344 883 3371 cando
902 3344 929 3370 in
948 3344 1030 3377 gloria
1049 3344 1101 3370 608
1116 3352 1140 3370 v.
1155 3345 1188 3370 22
1201 3359 1236 3363 -
1252 3343 1280 3370 in
1299 3343 1438 3370 animabus

2050 196 2113 230 735

1767 239 1831 265 DEU

1475 282 1570 308 sanctis
1588 283 1662 308 sedet
1681 287 1706 309 et
1724 284 1835 316 quiescit
1849 284 2002 316 praesidens
2021 287 2046 310 et
2066 285 2117 311 im-

1475 333 1571 358 perans
1599 327 1723 353 omnibus
1747 334 1837 353 earum
1858 328 1974 354 motibus
2003 332 2027 354 et
2056 330 2115 355 affe-

1474 370 1604 396 ctionibus
1627 372 1674 396 167
1695 379 1720 397 v.
1742 372 1757 397 4

1526 429 1561 433 -
1581 415 1689 449 apparot
1708 416 1860 442 sedentibus
1888 417 1913 442 in
1943 417 2113 443 meditatione

1474 460 1515 484 vel
1545 460 1569 485 in
1598 461 1869 493 sancta-collatione,
1897 461 2060 493 plorantibus
2086 462 2113 487 in

1473 503 1608 535 oratione,
1628 504 1773 530 fruentibus
1793 505 1818 530 in
1838 506 2056 537 contemplatione
2079 506 2111 531 vt

1474 548 1525 573 623
1555 548 1570 573 4
1599 562 1634 567 -
1662 552 1772 580 3003101
1806 550 1925 581 praelatis
1956 550 2113 575 consulenti-

1475 591 1538 623 bus,
1566 592 1749 624 offerentibus,
1778 593 2009 625 praedicantibus,
2029 594 2113 619 dedu-

1473 636 1593 662 centibus
1606 643 1715 669 gregem
1727 636 1797 662 bono
1810 638 1930 669 exemplo
1943 637 1978 663 ib.
1992 638 2007 663 5
2021 652 2056 657 —
2068 645 2113 670 ap-

1474 684 1548 712 paret
1567 681 1659 706 activis
1677 681 1868 707 revertentibus
1887 688 1934 714 per
1953 689 2032 713 opera
2053 689 2113 714 poe-

1473 724 1605 755 nitentiae,
1622 725 1818 757 proficientibus
1832 733 1878 758 per
1891 733 1972 758 opera
1986 725 2114 752 obedien-

1474 769 1537 801 tiae,
1556 770 1758 795 ascendentibus
1778 777 1824 802 per
1848 777 1927 802 opera
1948 771 2113 797 excellentiae

1473 813 1508 840 ib.
1527 814 1542 839 3
1561 828 1596 832 ——
1616 813 1740 840 beneficia
1770 821 1816 840 sua
1836 815 1949 840 ostendit
1969 814 2113 841 obedienti-

1474 858 1537 891 buS,
1551 858 1724 891 patientibus,
1738 858 1920 890 studentibus,
1933 860 2113 891 contemplan-

1474 903 1557 934 tibus,
1577 903 1787 935 praesidentibus
1811 904 1863 929 622
1882 911 1908 929 v.
1930 905 1939 928 1
1965 918 1998 922 -
2018 903 2114 930 benefl-

1473 948 1512 974 cia
1542 955 1589 974 sua
1621 947 1725 974 exhibet
1753 948 1857 979 activis,
1889 948 2111 980 contemplativis,

1473 994 1596 1025 praelatis
1616 993 1666 1018 623
1687 1000 1713 1019 v.
1733 993 1763 1018 14
1785 1007 1820 1012 -
1839 997 1951 1025 0000031
1969 1000 2015 1019 cor
2028 994 2113 1019 bomi-

1473 1039 1513 1064 nis
1532 1038 1645 1069 deliciis,
1673 1038 1848 1070 permittendo
1876 1038 1962 1069 ipsum
1985 1038 2053 1063 insto
2075 1038 2113 1063 iu-

1473 1083 1541 1108 dicio
1561 1083 1686 1114 occupari
1705 1085 1730 1108 et
1749 1082 1868 1108 oblivisci
1892 1086 2058 1108 aeternorum
2079 1082 2112 1108 49

1473 1134 1499 1160 q.
1533 1126 1547 1152 4
1579 1140 1614 1146 -
1646 1127 1706 1152 facit
1735 1126 1785 1152 sibi
1817 1127 2033 1160 appropinquare
2064 1134 2113 1159 per

1473 1171 1664 1202 obedientiam,
1689 1172 1874 1204 poenitentiam
1903 1175 1929 1197 ct
1956 1172 2112 1203 sapientiam

1474 1217 1515 1242 Vll
1537 1216 1588 1241 488
1608 1216 1641 1241 44
1660 1231 1696 1234 -
1716 1216 1765 1248 Qui
1786 1216 1869 1241 Deum
1888 1217 1998 1241 honorat
2015 1223 2112 1248 appro-

1473 1261 1584 1294 pinquat
1608 1261 1641 1286 ad
1669 1261 1756 1292 ipsum
1776 1264 1801 1286 ct
1828 1261 1946 1286 elevatur
1973 1261 2007 1287 ad
2035 1260 2113 1287 subli-

1473 1305 1556 1331 miora
1576 1305 1628 1331 365
1648 1305 1682 1330 25

1527 1364 1562 1368 -
1581 1356 1610 1375 50
1628 1349 1781 1381 abscondit,
1801 1356 1861 1375 cnm
1882 1350 2048 1381 spiritualiter
2061 1356 2113 1376 non

1473 1395 1582 1420 sentitur
1602 1394 1634 1419 Vl
1655 1393 1706 1419 577
1724 1395 1732 1418 1
1750 1408 1783 1412 —-
1798 1401 1826 1419 se
1840 1393 1978 1420 abscondit
1997 1395 2114 1427 aliquan-

1474 1439 1522 1471 do,
1542 1442 1570 1464 ut
1588 1439 1706 1470 deserat,
1735 1439 1775 1463 vel
1802 1442 1830 1464 ut
1855 1439 1993 1470 corripiat,
2020 1439 2060 1463 vel
2085 1442 2114 1464 01

1474 1486 1630 1515 promoveat
1643 1482 1678 1509 ib.
1691 1483 1706 1508 2
1722 1497 1754 1501 -
1767 1481 1906 1508 abscondit
1917 1490 1944 1508 se
1958 1489 1972 1508 a
1986 1483 2060 1508 maliS
2079 1482 2114 1508 ad

1474 1527 1660 1558 deserendum,
1670 1527 1705 1552 ab
1715 1527 1824 1552 infirmis
1834 1527 1868 1552 ad
1881 1527 2088 1559 corripiendum,
2098 1534 2113 1552 a

1475 1571 1551 1597 bonis
1568 1571 1602 1597 ad
1627 1571 1839 1603 promovendum
1869 1570 1931 1597 ibid.
1952 1585 1988 1590 —
2006 1571 2116 1597 abscon—

1473 1616 1544 1642 ditur
1563 1616 1597 1642 ab
1617 1616 1713 1647 eiectis,
1739 1618 1768 1641 ut
1796 1615 1910 1647 corrigat
1937 1616 2057 1648 cuipam,
2085 1619 2115 1641 ut

1474 1661 1593 1687 humiliet
1612 1664 1741 1693 mentem,
1756 1663 1784 1686 ut
1796 1660 1889 1686 excitet
1902 1660 2036 1686 caritatem
2050 1659 2082 1687 ib.
2097 1661 2113 1686 3

1473 1721 1509 1724 -
1527 1705 1666 1731 abscondit
1684 1712 1713 1731 se
1732 1712 1746 1730 a
1766 1704 1856 1736 bonis,
1875 1705 1923 1731 sed
1937 1704 1970 1730 ab
1984 1705 2048 1737 ipsis
2060 1712 2114 1731 non

1474 1750 1572 1776 recedit
1591 1750 1642 1775 578
1663 1750 1678 1775 3

1526 1810 1562 1814 -
1581 1802 1634 1820 000
1654 1794 1810 1827 derelinquit
1830 1794 1939 1820 Sanctos
1953 1793 1986 1819 ab
1999 1794 2064 1826 ipsis
2077 1801 2116 1820 re—

1474 1839 1592 1865 cedendo
1605 1839 1638 1865 Vl
1654 1839 1705 1865 175
1719 1846 1744 1864 v.
1762 1839 1791 1864 12
1811 1852 1846 1858 ——
1865 1837 2040 1870 Cogitationes
2054 1846 2115 1870 per-

1474 1891 1567 1910 versae
1586 1886 1707 1915 separant
1726 1890 1740 1908 a
1761 1883 1814 1908 Deo
1836 1884 1886 1908 112
1906 1890 1932 1908 v.
1953 1884 1967 1908 3
1981 1897 2016 1902 —
2029 1884 2114 1915 repul·

1473 1936 1519 1954 sus
1537 1927 1656 1954 abscedit
1675 1928 1718 1953 Vll
1738 1927 1789 1953 207
1809 1927 1842 1952 64
1863 1942 1895 1946 —
1916 1935 1967 1953 non
1991 1928 2116 1961 relinquit

1473 1980 1536 2004 nos,
1555 1972 1606 1998 nisi
1626 1972 1699 2004 prius
1718 1979 1778 1997 eum
1799 1972 1972 2004 repellamus,
1991 1972 2054 2005 quin
2069 1979 2114 2004 po-

1473 2017 1525 2043 tius
1543 2023 1571 2042 se
1590 2016 1687 2048 ingerit
1706 2023 1753 2048 per
1772 2016 1883 2048 gratiam
1904 2015 1966 2042 ibid.
1988 2030 2024 2035 —
2042 2016 2113 2042 Deus

1472 2063 1593 2087 excaecat
1611 2064 1637 2086 et
1654 2060 1769 2086 obdurat
1787 2060 1932 2086 deserendo
1953 2060 2004 2086 424
2023 2060 2057 2086 70

1525 2120 1561 2125 —
1581 2106 1689 2131 Sanctos
1707 2105 1812 2130 exaudit
1839 2108 1865 2130 et
1886 2112 1938 2130 non
1961 2108 2114 2137 peccatores

1473 2151 1506 2176 Vl
1526 2150 1577 2176 226
1598 2157 1624 2174 v.
1644 2150 1673 2175 21
1691 2163 1727 2168 -
1740 2148 1849 2174 libenter
1868 2149 1973 2175 exaudit
1986 2156 2031 2175 eos
2044 2155 2113 2182 quos

1471 2198 1543 2220 amat
1561 2194 1613 2220 464
1632 2194 1675 2225 40,
1694 2193 1722 2219 41
1740 2207 1775 2213 -
1788 2193 1873 2225 magis
1891 2193 1966 2219 audit
1983 2193 2112 2225 gemitum

1473 2239 1560 2265 cordis
1579 2246 1659 2272 quam
1679 2245 1773 2264 sonum
1793 2238 1847 2263 oris
1861 2238 1911 2263 402
1926 2238 1958 2263 43
1972 2251 2008 2257 -
2021 2245 2113 2271 (103111-

1472 2284 1514 2309 vis
1532 2284 1594 2309 velit
1613 2283 1692 2314 dare,
1711 2282 1881 2308 nihilominus
1900 2283 1955 2308 vult
1967 2283 2055 2314 rogari
2069 2282 2112 2308 Vll

1475 2329 1524 2354 108
1544 2329 1573 2354 81
1597 2343 1633 2346 -
1652 2334 1704 2353 non
1723 2328 1809 2352 statim
1829 2333 1857 2352 se
1870 2327 1962 2358 offert,
1982 2330 2009 2352 ut
2029 2327 2113 2352 hurni-

1472 2373 1522 2398 lius
1541 2376 1566 2398 et
1585 2372 1736 2404 vigilantius
1754 2372 1903 2405 requiratur
1924 2371 1969 2397 431
1996 2372 2027 2397 18

1526 2431 1560 2435 -
1579 2417 1646 2442 ultra
1665 2419 1780 2442 nostram
1801 2416 1971 2448 indigentiam
1989 2419 2075 2448 potest
2087 2419 2114 2442 01

1473 2464 1580 2493 paratus
1608 2464 1647 2486 est
1675 2461 1738 2486 dare
1767 2461 1798 2485 Vl
1828 2461 1879 2485 322
1900 2461 1933 2485 23
1953 2475 1988 2478 -
2007 2467 2113 2492 semper

1473 2506 1532 2538 plus
1550 2504 1649 2537 tribuit,
1668 2512 1748 2537 quam
1768 2507 1875 2536 rogatur
1889 2504 1933 2530 Vll
1953 2505 2004 2531 580
2025 2505 2053 2530 51
2077 2518 2113 2524 -

1473 2550 1518 2576 031
1536 2549 1717 2575 sufficientiam
1738 2549 1825 2575 cordis
1845 2556 1892 2581 per
1905 2550 2031 2581 gratiam,
2044 2556 2114 2582 quae

1473 2601 1526 2620 non
1545 2597 1631 2626 potest
1650 2594 1705 2620 dari
1725 2601 1773 2626 per
1793 2594 1932 2626 pecuniam
1954 2593 2004 2619 465
2026 2593 2058 2619 46
2077 2607 2114 2613 -

1473 2646 1520 2665 sua
1541 2645 1637 2671 magna
1651 2638 1767 2671 potentia
1786 2637 1820 2664 ab
1840 2644 1930 2663 amore
1948 2641 2113 2664 terrenorum

1473 2684 1506 2709 ad
1526 2683 1659 2709 caritatem
1678 2687 1844 2708 aeternorum
1864 2682 1993 2708 convertit
2012 2681 2073 2709 ibid.

1529 2742 1563 2746 —-
1582 2727 1687 2760 plebem
1707 2727 1853 2759 simplicem
1872 2727 2008 2760 requisivit
2023 2727 2066 2752 Vll
2079 2727 2113 2752 53

1474 2773 1507 2798 39
1526 2786 1563 2792 —-
1580 2772 1652 2804 eligit
1670 2772 1815 2804 simplices,
1844 2774 1872 2797 ut
1900 2771 2042 2797 confundat
2063 2772 2114 2796 alta

1475 2817 1566 2843 mundi
1595 2820 1621 2842 et
1648 2816 1767 2842 ostendat
1792 2816 1915 2841 virtutem
1939 2815 2057 2841 divinam
2081 2815 2113 2840 vt

1474 2862 1525 2887 268
1548 2861 1592 2886 101
1617 2875 1652 2880 -
1669 2860 1743 2893 10011,
1755 2861 1833 2892 elegit
1846 2864 1870 2885 et
1883 2860 2054 2886 sanctificavit
2066 2866 2115 2891 per

1475 2904 1585 2936 gratiam
1605 2903 1738 2929 electionis
1757 2903 1918 2928 Patriarchas
1940 2903 1988 2927 166
2009 2910 2036 2927 v.
2050 2902 2059 2927 1
2077 2916 2115 2921 -

1473 2948 1550 2973 00010
1570 2946 1740 2979 benignitatis
1758 2946 1864 2978 respicit
1877 2946 1910 2971 ad
1924 2953 2055 2978 pauperes
2069 2946 2113 2972 Vll

1474 2992 1520 3018 521
1551 2992 1566 3016 3
1593 3005 1628 3010 -
1655 2991 1764 3022 suscipit
1792 2990 1936 3016 oblationes
1963 2997 2113 3022 pauperum

1473 3038 1717 3069 quantumcumque
1737 3041 1832 3066 parvas
1852 3033 1914 3060 ibid.

1527 3093 1562 3098 -—
1581 3079 1684 3104 locutus
1693 3081 1731 3104 est
1745 3078 1778 3104 ad
1793 3082 1880 3110 patres
1893 3081 2003 3110 nostres,
2017 3084 2114 3110 nempe

1474 3124 1506 3149 ad
1528 3126 1614 3155 patres
1634 3126 1751 3154 tempore
1770 3123 1836 3154 legis
1849 3126 1971 3153 naturae,
1990 3126 2015 3148 et
2035 3122 2115 3147 Abra-

1474 3169 1523 3193 hae
1542 3167 1688 3199 specialiter
1718 3166 1760 3192 th
1789 3166 1822 3191 33
1853 3167 1903 3191 100
1923 3166 2004 3191 —in
2026 3166 2114 3198 effigie

1474 3213 1588 3237 humana
1608 3217 1655 3242 per
1674 3209 1819 3236 subiectam
1833 3213 1980 3236 creaturam
1996 3211 2118 3243 frequen·

1475 3259 1513 3281 ter
1540 3254 1662 3287 apparuit
1690 3255 1785 3280 sanctis
1812 3253 1932 3280 Patribus
1955 3254 2005 3279 390
2025 3255 2058 3279 22
2078 3267 2118 3273 ——

1475 3299 1589 3332 loquitur
1608 3298 1686 3325 nobis
1704 3299 1799 3331 signis,
1812 3298 1916 3329 litteris,
1930 3298 2040 3329 nuntiis,
2056 3305 2119 3323 ver—

1475 3342 1516 3369 bis
1535 3344 1568 3369 111
1587 3343 1638 3368 577
1658 3350 1685 3369 ν.
1704 3343 1737 3369 63
