2476 3921
23 432 153 456 Notandum.

4 802 109 825 'Defectus
123 801 154 823 le-

54 828 121 850 ctuli.«

46 1439 154 1467 Expositi«)

51 1466 147 1494 mystica.

66 2129 160 2151 Mon-alls.

178 3368 180 3372 ·
190 3359 248 3383 nota
269 3356 293 3382 3.

770 225 964 258 COMMENT.
988 225 1025 257 IN
1050 225 1287 258 EVANGELIUM
1311 226 1427 259 LUCAE
1451 227 1482 259 C.
1509 228 1541 259 lt.

172 326 276 350 eorem
312 316 435 355 induit,
470 315 614 348 amictus
650 314 773 347 lumine
809 314 897 346 sieut
934 313 1128 346 vestimento.

172 369 281 403 Utilior
304 368 458 411 siquidem
481 371 528 401 est
556 368 587 400 in
611 367 760 400 conflictu
783 366 880 399 lorica
910 365 1012 398 ferrea
1035 373 1129 407 quam

172 422 252 456 stola
275 422 373 461 linea,
397 421 469 455 licet
492 421 545 453 illa
568 420 608 453 sit
630 420 736 458 oneri,
761 420 838 452 haec
859 418 970 451 honori
988 431 1018 450 ».
1038 436 1077 441 -
1096 417 1131 450 Et

171 476 203 509 in
228 476 287 508 hoc
318 474 562 517 reprehenditur
592 473 702 506 cultas
736 473 876 505 vestium
901 471 1129 513 pretiosarum

172 531 302 571 propter
317 526 401 570 quod
417 527 533 560 dicitur
550 525 695 558 Matthaei
713 525 879 558 undecimo
895 527 922 556 ¹:
945 537 961 552 α
976 524 1035 566 Qui
1053 524 1130 556 mol-

172 582 255 615 libus
279 581 456 614 induuntur
486 580 518 612 in
554 579 700 612 domibus
731 587 842 620 regum
874 581 948 610 sunt
966 589 996 616 »;
1021 580 1053 610 et
1076 577 1130 609 Ec-

172 633 333 673 clesiastici
369 631 553 666 undecimo:
591 645 605 660 a
624 632 655 664 ln
691 631 806 664 vestitu
840 640 879 664 ne
903 631 1048 673 glorieris
1072 640 1131 662 un-

172 696 267 730 quam
285 700 315 718 ι).

264 741 313 772 152.
340 740 470 781 Propter
493 737 651 780 defectum
685 737 793 770 lectuli
823 737 948 770 subdit:
974 738 1014 770 Ει
1037 737 1131 769 ree-li-

171 793 266 827 navz‘t
296 802 371 825 eum
403 792 439 825 in
465 791 660 834 praesepio,
686 800 746 823 non
778 791 808 823 in
838 790 1004 829 cubiculo,
1029 790 1071 823 ita
1095 794 1131 823 ut

171 847 391 881 verificaretur
414 845 492 878 illud
516 845 660 877 Matthaei
684 845 838 877 octavo2:
861 857 876 872 α
895 844 1010 886 Vulpes
1026 844 1131 876 foveas

171 899 303 938 habent,
320 902 351 931 et
367 898 513 931 volucres
537 897 614 930 caeli
638 896 745 937 nidos;
763 897 858 930 Filius
873 901 979 930 autem
996 896 1132 929 hominis

171 961 233 986 non
259 952 366 990 habet,
390 951 444 984 ubi
469 954 564 993 caput
586 959 680 983 suum
705 951 877 983 reclinet».
904 950 935 982 ln
957 950 1133 992 praesepio.

171 1006 300 1049 ponitur
322 1004 484 1043 Christus,
508 1008 544 1036 ut
567 1003 752 1037 ostendatur
775 1003 852 1036 illud
877 1003 998 1035 loannis
1026 1006 1131 1035 sexto:

177 1072 193 1088 «
210 1059 272 1101 Ego
295 1067 365 1091 sum
391 1056 480 1099 panis
503 1056 613 1095 vivus,
637 1057 691 1098 qui
720 1056 759 1089 de
782 1056 868 1089 caelo
891 1055 1076 1094 descendi»;
1101 1059 1132 1088 et

171 1115 208 1145 ut
234 1111 453 1145 verificaretur
484 1110 562 1143 illud
594 1110 688 1143 lsaiae
719 1110 840 1152 primo:
871 1109 1053 1151 «Cognovit
1077 1109 1132 1142 bos

171 1173 384 1207 possessorem
408 1173 513 1203 suum,
538 1168 569 1196 et
592 1163 700 1196 asinus
720 1172 870 1205 praesepe
893 1163 1010 1195 domini
1034 1162 1083 1195 sui
1101 1174 1131 1201 »;

171 1221 203 1252 et
225 1218 303 1251 illud
327 1215 471 1250 Habacuc
502 1217 596 1249 tertio
619 1216 793 1249 secundum
818 1216 1037 1258 Septuaginta:
1068 1228 1083 1244 α
1100 1215 1131 1247 ln

172 1272 274 1305 medio
297 1271 435 1304 duorum
469 1270 650 1303 animalium
675 1270 898 1308 innotesceris,
922 1279 994 1303 cum
1018 1278 1133 1311 appro—

172 1325 394 1368 pinquaverint
417 1324 509 1363 anni,
533 1323 731 1366 cognosceris
748 1337 763 1352 2>
792 1327 851 1356 etc.

264 1377 313 1410 13.
339 1377 371 1410 ln
396 1377 455 1409 hoc
478 1380 585 1409 autem
609 1375 782 1408 secundum
810 1376 989 1419 mysticum
1012 1374 1133 1406 intelle—

173 1436 279 1471 ctum,
308 1430 393 1474 quod
424 1434 518 1463 natus
549 1433 596 1462 est
629 1429 665 1462 in
698 1427 896 1465 Bethlehem,
929 1428 1132 1470 intelligitur,

173 1485 258 1528 quod
281 1488 329 1518 est
353 1483 441 1526 panis
465 1483 574 1521 vivus;
599 1480 780 1515 Bethlehem
803 1481 916 1514 domus
932 1481 1021 1523 panis
1038 1481 1134 1513 inter-

175 1542 319 1582 pretatur
332 1538 355 1570 ³.
381 1538 412 1571 ln
436 1537 513 1575 hoc,
537 1535 623 1579 quod
654 1536 689 1569 in
719 1535 892 1578 praesepio
916 1535 1055 1577 positus,
1080 1543 1135 1567 no-

175 1596 279 1632 tatur,
304 1591 388 1635 quod
416 1594 463 1624 est
491 1590 581 1623 cibus
612 1589 800 1631 simplicium
833 1593 864 1621 et
889 1588 1056 1621 humilium
1085 1596 1135 1620 ra-

175 1647 258 1680 tione
282 1646 386 1682 carnis
408 1648 584 1683 assumtae;
602 1643 697 1676 lsaiae
718 1642 976 1685 quadragesimo:
999 1655 1014 1670 α
1027 1641 1136 1674 Omnis

175 1709 249 1734 caro
272 1700 417 1738 foenum,
441 1701 472 1731 et
495 1697 596 1730 omnis
617 1697 716 1739 gloria
738 1696 807 1729 eius
828 1696 916 1738 quasi
936 1696 994 1728 ssos
1009 1695 1090 1728 foeni
1104 1709 1134 1727 n.

176 1754 209 1786 ln
233 1754 311 1792 hoc,
335 1752 420 1795 quod
444 1751 479 1784 in
502 1750 609 1783 medio
631 1749 780 1781 decorum
803 1748 1024 1787 animalium,
1039 1748 1136 1790 signi-

175 1806 306 1845 ficatur,
331 1805 415 1847 quod
438 1805 470 1837 in
495 1804 554 1836 hoc
577 1805 669 1845 pastu
692 1805 723 1834 et
739 1805 864 1843 pastore
881 1801 963 1833 uniri
981 1801 1137 1834 debebant

175 1868 290 1902 pecora
312 1858 446 1900 duplicis
469 1857 579 1897 ovilis,
602 1855 724 1888 loannis
747 1854 912 1887 decimo⁴:
935 1867 950 1882 (ι
966 1853 1047 1886 Alias
1062 1862 1136 1886 oves

176 1910 292 1950 habeo,
315 1920 396 1953 quae
420 1919 482 1943 non
505 1913 579 1947 sunt
603 1918 644 1942 ex
670 1909 728 1941 hoc
751 1907 842 1946 ovili3
867 1912 898 1940 et
921 1907 990 1940 illas
1013 1910 1137 1948 oportet

176 1972 228 1996 me
251 1963 425 2002 adducere,
442 1966 473 1995 et
489 1971 597 1996 vocem
614 1970 716 1995 meam
733 1961 881 1999 audient,
905 1963 936 1993 et
960 1960 1013 1993 fiet
1036 1969 1136 1993 unum

176 2017 258 2050 ovile
281 2020 313 2050 et
336 2025 420 2049 unus
442 2019 549 2058 pastor
564 2029 596 2048 ».

266 2069 438 2102 Moraliter
460 2072 492 2101 et
515 2069 560 2101 ad
584 2068 729 2101 litteram
746 2068 777 2101 in
795 2069 855 2101 hoc
870 2068 1031 2103 damnavit
1046 2067 1137 2100 Chri-

178 2128 247 2158 stus
275 2123 370 2156 lectos
400 2122 572 2161 delicatos,
604 2126 714 2154 contra
748 2131 846 2164 quos,
878 2123 969 2154 Amos
1001 2125 1092 2154 sexto
1105 2121 1136 2153 ⁵:

2106 232 2148 263 Ιι7

1200 326 1215 341 α
1232 314 1293 346 Vae
1318 314 1423 353 vobis,
1448 316 1501 357 qui
1526 316 1669 348 dormitis
1698 317 1727 348 in
1745 317 1840 349 'lectis
1870 318 2018 350 eburneis
2048 322 2079 351 et
2109 319 2150 350 la-

1194 367 1311 400 scivitis
1335 367 1365 399 in
1390 368 1537 400 stratis»!

1286 420 1334 451 14.
1363 420 1490 461 Propter
1515 420 1675 463 defectum
1699 421 1882 454 hahitaeuli
1913 423 2035 455 subdit:
2062 424 2150 463 Quia

1193 482 1260 504 non
1283 476 1356 505 erat
1371 473 1418 505 eis
1434 473 1524 505 locu-s*
1547 474 1582 505 in
1606 474 1798 507 diversorio.
1820 476 2046 508 Diaei-soriam
2064 485 2150 508 nam-

1194 534 1256 566 que
1291 526 1462 558 secundum
1496 526 1672 559 lsidorum⁸
1696 527 1829 566 dicitur,
1854 537 1890 560 eo
1914 529 1997 570 quod
2033 529 2146 561 diversi

1195 578 1234 610 ibi
1260 579 1462 617 conveniant,
1487 583 1518 611 et
1550 579 1600 612 hic
1631 583 1678 612 est
1714 580 1800 613 locus
1825 584 1950 622 patens;
1975 581 2147 614 secundum

1195 631 1307 664 Bedam
1333 641 1423 671 vero,
1448 641 1484 665 eo
1508 632 1591 674 quod
1619 633 1743 666 diversa
1779 633 1890 666 habeat
1913 634 2049 672 orificia;
2076 644 2145 666 nam

1194 688 1242 717 est
1265 685 1367 726 platea
1389 694 1488 718 vacua
1511 685 1592 718 inter
1615 685 1694 718 duos
1718 686 1818 725 vicos,
1844 686 1961 719 habens
1985 687 2147 719 introitum

1194 741 1226 770 et
1248 738 1369 770 exitum
1394 738 1432 770 ad
1456 741 1646 780 utrumque,
1671 743 1701 771 et
1718 743 1845 780 propter
1864 739 2077 781 intemperiem
2097 741 2147 772 ae-

1196 791 1240 823 ris
1263 791 1411 833 superius
1435 795 1598 833 cooperta,
1623 795 1659 824 ut
1683 792 1722 824 ibi
1740 793 1823 824 cives
1839 793 2005 825 convenire
2028 793 2064 824 ani
2087 794 2149 825 col-

1196 843 1387 885 loquendum
1413 844 1541 886 possint.
1567 844 1619 876 llic
1636 844 1756 886 peperit
1772 845 1860 886 virgo
1876 845 1981 883 Maria,
1998 846 2071 887 quia
2088 856 2148 878 non

1196 897 1352 929 habebant
1375 897 1521 935 domum,
1546 898 1576 929 in
1594 907 1657 939 qua
1674 901 1799 939 possent
1815 898 1980 940 hospitari,
1997 899 2061 931 sive
2077 899 2150 941 quia

1196 958 1352 992 pauperes
1375 954 1482 988 erant,
1508 950 1572 983 sive
1596 951 1671 992 quia
1688 951 1775 990 tarde
1793 956 1950 984 venerant.
1969 952 2028 984 Hoc
2046 956 2149 984 autem

1196 1006 1264 1035 erat
1287 1006 1426 1041 arctum,
1459 1003 1505 1035 vel
1535 1003 1628 1036 etiam
1659 1003 1728 1035 aliis
1763 1004 1936 1046 repletum,
1962 1005 2004 1036 ita
2028 1009 2062 1036 ut
2091 1014 2150 1036 non

1196 1056 1327 1089 haberet
1351 1056 1454 1089 locum
1479 1056 1535 1089 nisi
1571 1057 1672 1089 locum
1704 1057 1915 1103 arctissimum
1942 1058 2022 1090 inter
2060 1058 2152 1090 bruta

1196 1109 1357 1148 animalia;
1382 1110 1465 1142 unde
1489 1114 1612 1152 poterat
1627 1110 1770 1143 Christus
1786 1110 1889 1143 dicere
1906 1111 1982 1143 illud
2000 1111 2151 1143 Psalmi⁷t

1201 1175 1216 1191 α
1234 1163 1271 1195 Ut
1296 1163 1471 1195 iumentum
1495 1163 1596 1195 sactus
1620 1172 1689 1195 sum
1714 1164 1796 1205 apud
1823 1168 1869 1202 te,
1894 1167 1925 1196 et
1949 1173 2005 1206 ego
2029 1173 2152 1206 semper

1197 1221 1299 1249 tecum
1317 1228 1348 1255 »3
1373 1220 1404 1249 et
1440 1216 1634 1249 verificatum
1669 1220 1716 1249 est
1751 1217 1826 1249 illud
1864 1218 2008 1250 {eremiae
2032 1217 2152 1250 decimo

1196 1273 1324 1312 quarto:
1355 1282 1370 1298 «
1386 1270 1490 1310 Quare
1514 1270 1595 1302 sicut
1619 1270 1718 1301 viator
1742 1270 1871 1302 futurus
1894 1279 1927 1303 es
1952 1270 1981 1302 in
2008 1275 2092 1302 terra
2120 1275 2150 1303 et

1197 1322 1285 1365 quasi
1310 1323 1439 1355 colonus
1461 1322 1620 1354 declinans
1643 1322 1681 1354 ad
1706 1323 1916 1355 manendum?
1940 1324 2044 1364 Quare
2068 1324 2152 1356 lutu-

1198 1384 1253 1408 rus
1277 1384 1310 1408 es
1343 1375 1427 1407 velut
1463 1374 1510 1406 vir
1545 1384 1659 1416 vagus,
1685 1380 1720 1408 ut
1751 1375 1857 1414 sortis,
1886 1376 1938 1417 qui
1965 1385 2025 1408 non
2051 1380 2152 1417 potest

1198 1428 1339 1460 salvare?
1363 1429 1409 1460 Tu
1434 1430 1539 1460 autem
1564 1428 1594 1459 in
1619 1428 1707 1460 nobis
1736 1437 1787 1466 es,
1813 1428 1958 1466 Domine,
1984 1432 2015 1461 et
2039 1438 2151 1461 nomen

1198 1484 1289 1513 tuum
1314 1481 1491 1513 invocatum
1516 1485 1563 1513 est
1590 1490 1685 1523 super
1710 1491 1766 1513 nos
1783 1495 1797 1509 n
1827 1486 1885 1514 etc.
1912 1500 1951 1504 -—
1979 1482 2014 1514 Et
2038 1482 2068 1513 in
2095 1483 2153 1514 hoc

1198 1534 1366 1567 damnatur
1396 1533 1627 1574 aedificiorum
1660 1534 1855 1576 amplitudo,
1880 1534 2052 1567 secundum
2078 1535 2154 1566 illud

1200 1587 1294 1620 Isaiae
1318 1587 1471 1629 quintossz
1506 1588 1618 1626 «Vae,
1643 1588 1695 1629 qui
1733 1587 1920 1629 coniungitis
1954 1587 2082 1619 domum
2118 1587 2156 1619 ad

1199 1641 1338 1680 domum,
1356 1644 1386 1673 et
1403 1650 1514 1683 agrum
1532 1650 1608 1683 agro
1621 1641 1773 1682 copulatis
1786 1644 1815 1673 »t
1834 1641 2040 1683 Augustinus:
2062 1654 2077 1669 α
2092 1641 2155 1673 Non

1199 1698 1274 1727 erat·
1291 1694 1333 1726 illi
1358 1694 1417 1726 nisi
1441 1694 1586 1736 angustia
1609 1694 1639 1726 in
1664 1694 1835 1732 terris,-ut
1859 1698 1893 1726 tu
1917 1695 1942 1727 ei
1970 1695 2071 1727 locum
2089 1703 2157 1727 cor-

1199 1747 1247 1780 dis
1271 1747 1316 1780 tui
1342 1747 1399 1779 sibi
1432 1747 1596 1789 proprium
1625 1747 1781 1780 dilatares.
1811 1748 1905 1780 Filius
1937 1748 2072 1780 hominis
2096 1757 2158 1780 non

1200 1801 1312 1839 habet,
1336 1801 1390 1833 ubi
1413 1804 1507 1842 caput
1530 1809 1623 1833 suum
1650 1800 1796 1839 reclinet,
1822 1803 1853 1832 et
1877 1804 1912 1832 tu
1927 1800 2030 1842 ampla
2046 1800 2159 1842 palatia

1199 1858 1231 1887 et
1254 1854 1395 1895 ingentes
1419 1853 1559 1895 porticus
1582 1853 1703 1886 metiris
1719 1866 1749 1884 ».

2167 430 2264 452 Defectus
2280 432 2315 453 ln-

2190 458 2284 479 bimam.

2174 1486 2304 1508 Notandum.

1293 1908 1342 1939 15.
1367 1907 1416 1939 Sic
1439 1915 1514 1949 ergo
1545 1906 1706 1939 Christum
1734 1906 1928 1948 paupercula
1957 1911 2057 1939 mater
2080 1910 2311 1948 pau-¹¹wi2·³tic·⁴¹cl

1201 1969 1309 2003 perem
1332 1960 1471 2002 peperit,
1495 1962 1531 1992 ut
1566 1968 1622 1992 nos
1650 1959 1688 1991 ad
1717 1962 1932 2001 paupertatem
1957 1959 2105 1991 invitaret
2127 1963 2157 1991 et

1201 2023 1258 2048 sua
1282 2013 1386 2056 inopia
1408 2013 1540 2052 ditaret,
1565 2012 1737 2046 secundum
1762 2012 1839 2044 illud
1863 2011 2016 2045 secundae
2040 2012 2077 2044 ad
2101 2011 2158 2043 Co-

1201 2067 1335 2101 rinthios
1358 2071 1468 2100 octavo
1482 2067 1512 2099 ⁹:
1535 2079 1551 2095 α
1567 2066 1657 2100 Scitis
1680 2066 1812 2108 gratiam
1837 2065 1959 2098 Domini
1975 2065 2072 2098 nostri
2091 2066 2158 2098 lesu

1201 2121 1334 2160 Christi,
1358 2120 1428 2163 qui,
1453 2129 1524 2153 cum
1549 2122 1631 2153 esset
1647 2119 1748 2158 dives,
1765 2122 1893 2161 propter
1911 2128 1966 2151 vos
1982 2127 2098 2161 egenus
2114 2118 2158 2151 sa-

251 2334 260 2349 ¹
282 2335 355 2361 Vers.
376 2334 407 2365 8,
427 2336 486 2365 post
504 2338 584 2366 quem
603 2332 681 2358 Eccli.
702 2332 743 2363 11,
764 2331 788 2357 6.

251 2378 262 2394 ²
283 2379 358 2404 Vers.
377 2378 419 2404 20.
439 2391 474 2397 —
493 2378 558 2403 Tres
577 2384 651 2410 seqq.
670 2376 718 2402 loci
738 2379 799 2402 sunt
815 2376 883 2402 loan.
898 2376 930 2406 6,
944 2375 992 2407 41,
1006 2376 1062 2402 lsai.
1078 2377 1102 2408 1,
1115 2377 1140 2402 3.

180 2427 206 2450 et
224 2422 321 2449 Habnc.
344 2423 372 2455 3,
393 2423 423 2453 2,
442 2421 487 2448 ubi
507 2422 637 2453 Vulgata:
666 2420 792 2452 Domine,
811 2427 878 2452 opus
902 2424 976 2446 tuum
1006 2421 1031 2446 in
1053 2421 1140 2447 medio

181 2475 311 2494 annornm
330 2467 436 2492 vivifica
455 2466 527 2492 illud.
547 2466 572 2491 ln
593 2465 680 2491 medio
699 2472 827 2491 annorum
847 2464 1030 2490 notumvsacies
1043 2467 1092 2490 etc.
1106 2479 1141 2483 —

183 2513 268 2544 Beda,
288 2513 304 2538 l.
325 2512 349 2537 in
368 2512 431 2537 Luc.
450 2512 480 2543 2,
498 2510 529 2536 7:
554 2519 566 2533 α
579 2510 629 2542 Qui
648 2509 723 2542 panis
741 2512 780 2534 est
799 2509 975 2541 Angelorum,
995 2508 1021 2534 in
1040 2515 1142 2541 praese-

182 2558 226 2589 pio
251 2557 404 2588 reclinatur,
433 2559 461 2581 ut
488 2562 536 2580 nos
564 2554 639 2587 quasi
659 2557 746 2580 sancta
765 2553 886 2579 animalia
906 2553 991 2579 carnis
1009 2559 1073 2579 suae
1091 2553 1142 2578 rru-

183 2605 271 2628 mento
291 2601 389 2627 reliciat
403 2611 428 2626 υ.
448 2600 519 2626 ldem
548 2599 611 2625 dicit
634 2600 758 2631 Gregor.,
785 2598 801 2624 l.
820 2598 915 2624 Homil.
935 2597 960 2623 in
980 2598 1079 2630 Evang.
1099 2598 1142 2623 ho-

183 2647 236 2673 mil.
256 2647 281 2672 8.
303 2653 329 2672 n.
351 2646 375 2671 1.
874 2658 876 2660 -

253 2688 264 2704 ³
283 2690 403 2722 Hieron,
422 2690 502 2722 Epist.
523 2690 582 2715 108.
603 2689 677 2721 (alias
696 2688 749 2722 27.)
770 2696 794 2714 n.
816 2688 864 2714 1οι
884 2688 960 2714 Salve
980 2687 1143 2718 Bethlehem,

183 2735 279 2762 domus
295 2734 392 2769 punis,
413 2735 438 2760 in
457 2742 508 2768 qua
529 2738 604 2760 natus
623 2737 662 2760 est
681 2734 720 2760 ille
741 2734 827 2766 panis,
846 2733 892 2767 qui
905 2734 939 2760 tle
951 2733 1023 2759 caelo
1036 2733 1144 2759 descen-

183 2780 229 2806 dit.
249 2793 284 2799 —
303 2779 427 2813 Sequitur
446 2779 502 2805 lsai.
522 2779 569 2811 40,
595 2779 626 2811 6,
653 2778 697 2804 ubi
722 2778 833 2810 Vulgata
858 2777 909 2811 flos
932 2777 997 2811 agri
1020 2784 1069 2810 pro
1094 2776 1144 2811 flos

183 2823 267 2858 foeni,
286 2823 358 2857 quod
378 2822 501 2849 exhibent
519 2822 684 2854 septuaginta
698 2823 867 2855 interpretes;
886 2823 931 2848 cfr.
952 2822 1001 2848 luc.
1021 2821 1045 2855 1,
1066 2821 1108 2847 10.
1120 2823 1145 2847 et

185 2869 201 2893 l.
222 2868 288 2893 Petr.
309 2868 334 2899 1,
354 2867 397 2893 24.
638 2886 642 2891 .

256 2911 267 2925 ·
283 2912 357 2937 vers.
372 2906 463 2937 16’.-
476 2907 595 2942 merom,
610 2912 637 2938 ll.
650 2911 798 2938 Comment.
811 2911 836 2937 in
851 2910 948 2937 Habac.
962 2911 987 2942 3,
1002 2911 1032 2936 2:
1052 2911 1083 2937 ln
1095 2917 1147 2937 me-

185 2955 229 2982 dio
241 2954 360 2982 duorum
373 2954 536 2982 animalium
549 2955 727 2989 cognosceris.
746 2955 825 2989 Quod
843 2956 917 2982 multi
932 2958 1025 2988 putant
1038 2956 1071 2981 de
1084 2955 1146 2981 Filio

186 3000 292 3031 intelligi
312 3003 338 3026 et
356 2999 453 3032 Spiritu
473 3003 578 3031 sancto,
596 3007 628 3025 eo
642 3000 716 3033 quod
728 3000 803 3026 Pater
816 3007 864 3033 per
877 3001 971 3026 Filium
991 3000 1148 3032 intelligatur

186 3049 212 3071 et
232 3044 388 3076 Spiritum...
409 3044 488 3070 Porro
507 3044 617 3076 simplex
644 3044 822 3083 interpretatio
847 3048 873 3070 et
901 3044 991 3077 opinio
1017 3044 1089 3076 vulgi
1114 3044 1147 3070 de

190 3090 324 3116 Salvatore
342 3088 476 3121 inlelligit,
495 3089 567 3122 quod
587 3089 653 3115 inter
670 3089 739 3115 duos
757 3090 868 3116 latrones
887 3089 1027 3116 crucifixus
1045 3089 1148 3122 agnitus

187 3134 220 3160 sit
240 3133 329 3168 [Mure.
349 3133 395 3164 15,
417 3133 461 3159 27.
479 3136 505 3159 et
523 3134 593 3159 loan.
616 3133 664 3164 19,
685 3133 748 3165 18.].
776 3133 826 3166 Qui
854 3137 942 3159 autem
968 3133 1073 3165 melius,
1098 3135 1149 3159 hoc

187 3178 295 3209 dicunt,
314 3176 438 3211 quod'in
467 3177 552 3209 prima
572 3177 696 3209 Ecclesia,
716 3184 785 3210 quae
813 3178 847 3204 de
875 3178 1074 3204 circumcisione
1103 3178 1150 3203 suit

187 3227 214 3249 et
232 3222 266 3249 de
286 3222 423 3254 praeputio
442 3224 617 3254 congregata,
641 3221 748 3247 duobus
767 3223 873 3254 populis
891 3229 920 3248 se
939 3223 998 3248 hinc
1017 3222 1078 3248 inde
1096 3222 1150 3247 cin-

189 3266 324 3300 gentibus,
343 3265 486 3292 intellectus
504 3265 537 3291 sit
556 3265 674 3291 Salvator
693 3269 719 3291 et
737 3266 860 3292 creditus.
882 3267 947 3302 Sunt
965 3266 1010 3300 qui
1030 3266 1084 3292 duo
1097 3266 1149 3292 ani-

190 3311 289 3344 malta,
300 3311 355 3337 duo
373 3310 517 3343 intelligant
535 3312 689 3336 testamenta
710 3313 760 3336 etc.
778 3309 830 3337 Csr.
850 3314 913 3337 tom.
933 3311 974 3337 Vl.
1001 3317 1064 3343 pag.
1089 3310 1150 3343 541,

996 3353 1007 3369 ⁵
1026 3355 1103 3381 Vers.
1125 3354 1149 3380 4.

260 3398 272 3415 ⁶
291 3399 362 3426 Libr.
380 3400 439 3427 XV.
457 3400 603 3433 Etymolog.
623 3406 647 3427 c.
662 3400 687 3426 3.
700 3407 726 3426 n.
740 3400 788 3426 1οε
809 3409 822 3423 α
837 3399 1024 3427 Diuersom’um
1036 3399 1150 3432 dictum,

1204 2341 1236 2359 eo
1255 2333 1327 2366 quod
1346 2340 1377 2359 ex
1396 2333 1508 2359 diversis
1539 2333 1588 2359 vils
1613 2332 1649 2358 ibi
1668 2333 1839 2359 conveniatur
1852 2342 1878 2357 ν).
1897 2330 2057 2362 Etymologia
2077 2330 2160 2355 dix-ei·-

1204 2378 1281 2409 sorii,
1300 2385 1369 2411 quae
1387 2377 1537 2404 attribuitur
1565 2377 1665 2408 Bedae,
1695 2378 1841 2403 insinuatur
1860 2383 1874 2402 a
1894 2376 1983 2402 Glossa
2002 2375 2156 2405 ordinaria,

1204 2428 1285 2454 quam
1313 2421 1416 2454 absque
1443 2413 1548 2447 nomine
1573 2422 1686 2447 auctoris
1711 2422 1784 2447 affert
1802 2421 1920 2452 Lyn-anus
1940 2420 1977 2451 (in
1997 2421 2065 2444 hunc
2085 2420 2161 2445 loen:

1207 2474 1221 2487 α
1235 2465 1416 2491 Diversori‘um
1445 2469 1484 2491 est
1512 2466 1608 2491 domus
1632 2466 1698 2491 inter
1718 2465 1785 2491 duos
1804 2471 1908 2495 muros,
1928 2464 1994 2489 duas
2013 2464 2102 2489 ianuas
2121 2465 2163 2488 lia-

1205 2507 1278 2534 bens.
1297 2509 1404 2540 Figurat
1422 2510 1563 2535 Ecclesiam
1588 2510 1654 2535 inter
1679 2509 1830 2541 paradisum
1857 2512 1882 2534 et
1902 2508 2028 2534 mundum
2043 2518 2068 2532 υ.
2086 2508 2163 2533 Card.

1205 2553 1299 2585 Hugo:
1319 2553 1469 2579 Secundum
1490 2553 1587 2579 Bedam
1617 2553 1803 2585 [diversorium
1832 2551 1951 2585 dicitur],
1979 2552 2039 2584 quia
2060 2552 2162 2577 dii‘eisa

1205 2597 1285 2623 habet
1302 2597 1417 2629 orillcia,
1436 2597 1464 2623 id
1482 2601 1521 2623 est
1539 2604 1594 2623 ora.
1614 2598 1657 2623 Est
1675 2597 1745 2623 enim
1766 2598 1848 2630 platea
1869 2604 1951 2623 vacua
1971 2597 2036 2622 inter
2050 2597 2116 2622 duos
2129 2596 2165 2621 vi-

1206 2649 1252 2668 cos
1270 2645 1319 2673 etc.
1337 2655 1374 2661 —
1392 2642 1441 2668 Pro
1469 2641 1574 2677 orificia
1592 2642 1611 2668 C
1623 2642 1675 2667 DH
1694 2641 1790 2676 officia.
1812 2642 1937 2674 Superius
1957 2648 2005 2673 pro
2024 2643 2048 2667 et
2067 2641 2109 2667 hic
2127 2643 2165 2667 es!

1207 2687 1266 2713 Vat.
1284 2687 1309 2713 ec
1326 2686 1365 2713 sic
1382 2688 1428 2713 est.

1278 2729 1289 2745 ‘¹
1308 2731 1401 2757 Psalm.
1420 2731 1470 2762 72,
1490 2730 1533 2756 23.
1552 2744 1587 2749 —
1607 2730 1730 2763 Sequitur
1759 2730 1806 2755 ler.
1831 2729 1878 2761 44,
1899 2730 1922 2754 8.
1943 2736 2013 2762 seq.,
2034 2729 2078 2755 ubi
2106 2730 2167 2755 Vul-

1208 2779 1286 2809 gata:
1307 2775 1398 2808 Quare
1417 2774 1497 2809 qnasi
1512 2774 1623 2801 colonus
1641 2774 1753 2808 futurus
1773 2781 1799 2800 es
1819 2773 1845 2799 in
1861 2776 1934 2800 terra
1950 2775 1974 2799 et
1987 2773 2067 2807 quasi
2080 2774 2166 2800 [ἱαιον

1208 2820 1346 2848 declinans
1363 2823 1414 2846 etc.

1280 2863 1291 2879 ⁸
1311 2866 1385 2892 Vers.
1415 2865 1439 2890 8.
1467 2878 1502 2884 -
1529 2864 1567 2890 De
1594 2863 1720 2889 sententia
1749 2863 1876 2894 August,
1906 2862 1929 2887 in
1958 2869 2009 2894 qua
2040 2863 2166 2894 allegatur

1210 2911 1271 2936 Luc.
1291 2910 1322 2941 9,
1342 2909 1391 2941 58,
1410 2910 1456 2935 cfr.
1476 2909 1509 2934 de
1528 2907 1723 2934 Catechizandis
1745 2905 1879 2936 Rudibus,
1903 2913 1926 2931 c.
1946 2906 1987 2931 22.
2008 2913 2034 2931 n.
2055 2905 2095 2931 40.
2115 2906 2168 2930 Pla-

1210 2955 1270 2981 nius
1290 2955 1315 2980 S.
1334 2952 1574 2986 Maximus,·episc.
1593 2952 1763 2982 Tam-inens,
1783 2951 1875 2976 Homil.
1890 2950 1992 2975 liiemnl.
2014 2950 2103 2975 homil.
2126 2950 2166 2974 ll.

1195 2999 1256 3033 ,(de
1275 2998 1379 3025 Domini
1398 2998 1478 3023 nativ.
1498 2998 1551 3030 6.):
1581 2996 1703 3029 Nunquid
1732 2999 1817 3021 tantae
1844 2995 1911 3020 illius
1939 2997 2011 3019 erant
2032 2994 2168 3025 angustiae

1199 3043 1369 3075 mansionis,
1389 3046 1418 3068 ut
1442 3042 1494 3068 nati
1521 3041 1571 3068 sub
1600 3042 1664 3067 hora
1688 3040 1791 3072 parvuli
1819 3038 1937 3065 membra
1965 3045 2017 3064 non
2042 3039 2167 3069 caperet?

1212 3089 1264 3115 Sed
1285 3088 1382 3115 idcirco
1401 3087 1512 3119 mystico
1540 3087 1649 3112 refertur
1673 3091 1810 3115 sermone,
1830 3091 1880 3109 non
1902 3083 2018 3109 invenire
2037 3083 2122 3108 locum
2142 3082 2174 3118 in-

1212 3133 1375 3164 diversorio;
1404 3132 1465 3164 quia
1494 3131 1628 3163 ingressus
1657 3129 1786 3155 mundum
1812 3128 1928 3154 Christus
1957 3127 2051 3157 fldem,
2072 3127 2096 3151 in
2116 3133 2168 3159 qua

1213 3177 1296 3210 possit
1314 3176 1495 3209 requiescere,
1517 3182 1568 3200 non
1588 3174 1698 3204 invenit,
1714 3176 1741 3199 ut
1753 3172 1788 3198 ait
1802 3173 1858 3204 ipse
1871 3171 1895 3197 in
1910 3171 2051 3203 Evangelio
2065 3171 2169 3196 dicens:

1216 3220 1300 3248 Filius
1319 3221 1410 3246 autem
1429 3218 1546 3245 hominis
1564 3225 1619 3245 non
1638 3216 1729 3248 habet,
1758 3215 1806 3242 ubi
1830 3217 1913 3249 caput
1939 3222 2020 3241 suum
2050 3213 2167 3241 reclinet.

1213 3265 1288 3292 Unde
1306 3264 1487 3293 advertimus,
1505 3263 1566 3296 quia
1586 3262 1679 3288 unicus
1699 3261 1743 3287 Dei
1763 3260 1840 3286 Filius
1859 3267 1910 3285 non
1937 3259 1962 3284 in
1987 3259 2108 3291 spatiosis
2126 3259 2170 3284 do-

1215 3309 1302 3335 mibus
1329 3308 1478 3340 auratisque
1505 3306 1686 3340 laquearibus,
1705 3306 1750 3332 sed
1771 3305 1795 3330 in
1816 3304 1868 3330 ilde
1886 3303 2048 3330 credentium
2067 3303 2169 3336 requie-

1214 3354 1270 3380 scit.
1288 3367 1324 3373 --
1343 3353 1392 3378 Pro
1410 3351 1464 3383 illi,
1485 3351 1558 3384 quod
1577 3351 1598 3376 D
1617 3350 1724 3381 omittit,
1744 3349 1763 3376 C
1781 3348 1844 3380 sibi,
1868 3349 1885 3374 F
1897 3349 1917 3373 G
1937 3347 1980 3374 ibi.

1286 3395 1298 3411 ⁹
1316 3397 1391 3423 Vers.
1410 3396 1436 3422 9.

2165 1939 2320 1964 paupertatem.
