2476 3921
134 991 263 1014 Secundum.

120 1097 176 1124 Quid
187 1099 229 1118 tres
240 1096 270 1117 vi-

162 1124 232 1150 gillae.

133 1788 227 1815 Quatuor
241 1787 270 1808 vi-

167 1815 238 1840 gillae.

284 255 347 288 326
871 245 1065 279 COMMENT.
1090 244 1126 276 IN
1151 242 1391 276 EVANGELIUM
1414 241 1533 274 LUCAE
1557 240 1588 273 C.
1613 240 1673 273 XII.

283 341 458 376 refectionis
475 337 695 375 indeficientis;
721 334 917 377 Apocalypsis
941 333 1072 375 septimo
1087 334 1116 364 ¹:
1142 345 1158 361 α
1174 333 1240 365 Νοῐ]

284 395 423 428 esurient
446 401 548 434 neque
563 390 677 424 sitient
695 388 838 430 -amplius
856 400 886 426 »;
917 400 932 416 «
948 386 1096 429 quoniam
1120 386 1240 428 Agnus,

283 448 335 490 qui
360 448 390 479 in
415 445 516 478 medio
552 443 657 477 throni
681 446 745 480 est,
770 444 857 483 reget
880 441 949 474 illos
984 443 1015 473 et
1045 439 1180 472 deducet
1202 439 1241 472 ad

282 501 364 533 vitae
387 500 486 531 sontes
517 504 673 538 aquarum
689 508 719 526 ».
750 507 765 523 «ι
784 494 865 526 Beati
896 493 1010 535 igitur,
1034 493 1089 535 qui
1113 492 1151 525 ad
1175 501 1241 526 coe·

282 562 354 586 nam
378 552 559 593 nuptiarum
595 548 670 591 Agni
694 547 794 581 vocati
818 550 892 580 sunt
908 560 939 586 n,
964 546 1161 588 Apocalypsis
1188 546 1242 579 de-

283 606 363 639 cimo
388 613 485 642 nono;
510 604 541 635 in
558 612 621 644 qua
645 602 749 644 Agnus
773 601 839 634 sine
862 600 986 632 macula
1009 600 1070 635 erit
1085 609 1241 642 sponsusS,

283 659 393 697 cibus,
426 657 581 689 dominus
604 659 636 688 et
658 655 830 692 ‘ministem
859 653 1042 686 Psalmus2:
1072 665 1088 681 «ι
1105 653 1242 686 Inebria-

282 712 402 745 buntur
426 710 465 743 ab
496 709 640 742 ubertate
667 708 779 741 domus
803 711 892 746 tuae,
917 710 948 739 et
982 710 1122 739 torrente
1153 707 1243 739 volu-

282 765 375 807 ptatis
398 767 471 797 tuae
495 763 615 805 potabis
639 771 691 795 eos
707 775 737 793 n.
763 761 830 803 lpse
853 760 1059 793 ministrabit
1074 764 1106 793 et
1121 760 1243 793 invita-

284 818 347 857 bit,
372 817 546 851 secundum
570 815 647 848 illud
671 815 871 847 Canticorum
895 814 1023 856 quinto:
1046 813 1242 853 «comedite,

283 871 389 910 amici,
413 874 444 904 et
467 870 563 902 bibite
579 872 610 902 et
633 867 849 906 inebriamini,
873 866 1073 899 carissimi».

374 925 424 955 57.
444 923 544 964 (vers.
574 922 650 962 38.).
678 920 793 953 Deinde
824 922 977 961 quantum
1003 919 1041 951 ad
1066 919 1244 954 beatitudi-

284 987 357 1010 nem
380 977 451 1009 sine
473 975 656 1017 exceptione
679 974 802 1007 subdit:
835 974 874 1005 Et
901 973 934 1005 si
966 973 1092 1005 venerit
1125 973 1161 1005 in
1195 982 1243 1005 se-

285 1030 396 1063 cunda
420 1021 537 1072 oiqilia
560 1032 588 1061 et
610 1028 642 1060 si
676 1028 712 1060 in
736 1026 858 1059 tertia⁸
882 1026 1007 1058 venerit
1029 1030 1059 1058 et
1083 1026 1132 1058 ita
1155 1026 1243 1058 inve-

284 1084 390 1120 nerit,·
415 1082 500 1115 beati
521 1086 601 1114 sunt
624 1080 714 1113 servi
744 1080 802 1113 illi.
828 1081 864 1113 Et
887 1084 960 1113 nota
984 1080 1053 1119 hic,
1078 1079 1163 1121 quod
1187 1088 1244 1121 per

285 1141 350 1169 tres
373 1135 508 1179 viyilias
532 1134 752 1176 intelliguntur
776 1137 841 1166 tres
869 1136 969 1166 status
993 1133 1167 1174 praesentis
1199 1133 1245 1165 vi-

285 1194 351 1229 tae,
376 1189 494 1222 scilicet
515 1188 698 1230 puericiae,
717 1186 897 1219 iuventutis
913 1190 943 1218 et
959 1186 1140 1218 senectutis.
1158 1185 1245 1218 Unde

285 1243 391 1276 Glossa
415 1242 513 1275 Bedae
526 1242 557 1273 4:
588 1254 603 1269 «
622 1240 748 1282 Vigilias
772 1243 861 1272 vocat
877 1239 915 1271 ad
932 1239 1171 1283 similitudinem
1188 1247 1245 1271 ex-

286 1296 468 1329 cubantium
493 1295 524 1327 in
548 1298 648 1327 nocte.
674 1294 777 1326 Prima
797 1292 902 1335 vigilia
926 1292 1067 1325 custodia
1092 1291 1246 1334 pueritiae

286 1355 347 1389 est,
371 1349 507 1382 secunda
535 1352 581 1381 est
613 1347 803 1385 iuventutis,
827 1351 859 1379 et
894 1346 986 1379 tertia
1010 1346 1189 1378 senectutis.
1216 1345 1245 1378 Si

287 1404 358 1446 quis
381 1403 412 1435 in
433 1402 582 1445 pueritia
605 1395 735 1443 vigilare
759 1400 952 1442 neglexerit,
978 1409 1039 1432 non
1064 1403 1168 1431 tamen
1193 1399 1246 1432 de-

287 1460 409 1499 speret;
433 1456 456 1489 si
482 1456 513 1488 in
538 1455 703 1487 iuventute
727 1453 916 1495 neglexerit,
942 1453 1052 1497 saltem
1070 1452 1195 1485 tandem
1212 1452 1244 1484 in

287 1511 376 1543 senio
400 1510 572 1551 resipiscat,
590 1508 664 1550 quia
681 1508 752 1549 pius
768 1507 921 1539 Dominus
945 1506 1167 1548 poenitentiam
1191 1515 1248 1539 no-

288 1568 384 1597 stram
408 1566 569 1604 exspectat
592 1561 745 1603 patienter
760 1573 789 1599 u;
808 1560 901 1592 Isaiae
926 1559 1125 1601 trigesimo-¹⁵:
1148 1560 1248 1592 «Pro-

288 1620 395 1659 pterea
418 1618 579 1658 exspectat
602 1614 771 1653 Dominus,
796 1616 832 1646 ut
862 1613 1051 1646 misereatur
1078 1612 1191 1652 vestri;
1217 1615 1249 1646 et

289 1670 358 1702 ideo
381 1669 572 1702 exaltabitur
590 1676 720 1709 parcens
737 1667 842 1706 vobis,
866 1667 941 1709 quia
958 1667 1040 1699 Deus
1066 1666 1170 1700 iudicii
1187 1667 1248 1699 Do-

290 1723 411 1761 minus;
437 1722 517 1755 beati
542 1730 668 1756 omnes.
700 1721 754 1763 qui
779 1724 964 1762 exspectant
991 1729 1107 1753 eum».
1136 1738 1182 1744 -
1212 1720 1248 1752 Et

289 1779 371 1813 nota,
388 1775 472 1817 quod
488 1774 580 1807 Marci
605 1774 725 1806 decimo
749 1773 841 1806 tertio
853 1774 866 1793 ⁶
883 1773 1085 1805 insinuantur
1101 1776 1248 1817 quatuor

290 1829 412 1871 vigiliae
435 1827 608 1860 secundum
624 1826 752 1859 modum
769 1826 975 1859 distinctionis
992 1826 1143 1859 horarum
1164 1826 1248 1868 apud

290 1882 500 1914 excubantes:
530 1894 545 1909 «
559 1880 706 1922 Vigilate,
726 1880 845 1922 inquit;
862 1879 987 1912 nescitis
1007 1880 1105 1918 enim,
1122 1879 1249 1921 quando

290 1935 441 1968 Dominus
464 1934 584 1966 veniat:
601 1943 686 1972 sero,
703 1943 741 1965 an
760 1933 860 1966 media
876 1935 966 1965 nocte
977 1959 984 1971 ‚
997 1942 1036 1965 an
1054 1932 1125 1975 galli
1142 1935 1248 1971 cantu,

289 1997 328 2021 an
353 1996 444 2020 mane
460 2001 490 2018 n.
509 1987 544 2018 Et
568 1996 623 2028 per
640 1985 702 2018 lias
717 1985 852 2028 viyilias
868 1985 1087 2027 intelliguntur
1111 1989 1249 2027 quatuor

290 2045 403 2079 status,
428 2041 459 2073 in
483 2040 600 2082 quibus
624 2040 717 2072 homo
734 2040 835 2072 utitur
852 2039 996 2071 libertate
1020 2039 1159 2071 arbitrii:
1184 2038 1250 2080 pri-

289 2104 360 2127 mus
383 2097 414 2127 et
438 2094 568 2126 ultimus
591 2096 622 2126 et
645 2093 708 2125 duo
731 2092 926 2130 intermedii;
951 2100 1035 2124 unus
1059 2091 1153 2124 estin
1177 2100 1250 2132 pro-

290 2149 390 2186 fectu,
414 2151 446 2180 et
468 2148 547 2179 alter
579 2147 611 2178 in
642 2145 858 2185 declinatione.
895 2145 927 2176 In
963 2153 1027 2186 quo
1050 2144 1249 2183 insinuatur,

290 2201 374 2243 quod
398 2200 550 2232 Dominus
573 2198 657 2231 omni
688 2198 767 2230 hora
798 2197 865 2229 sine
892 2197 1081 2238 exceptione*
1108 2200 1250 2229 nostram

291 2256 430 2295 acceptat
464 2252 619 2294 vigiliam,
643 2250 697 2283 sed
732 2250 894 2292 potissime
924 2250 1008 2282 illam
1033 2259 1115 2292 quae
1142 2249 1251 2292 incipit

291 2316 309 2339 a
333 2306 485 2348 pueritia;
515 2305 714 2337 Threnorum
746 2303 883 2336 tertio⁷:
913 2316 929 2332 «
945 2303 1063 2335 Bonum
1093 2305 1141 2336 est
1163 2303 1250 2342 viro,

293 2369 364 2393 cum
383 2358 554 2401 portaverit
570 2358 679 2400 iugum
696 2358 735 2390 ab
751 2357 958 2390 adolescentia
974 2366 1031 2389 sua
1047 2369 1078 2396 »3
1097 2360 1127 2389 et
1144 2360 1249 2390 tamen

293 2413 386 2446 etiam
421 2412 567 2445 ultimum
603 2411 723 2444 senium
760 2420 821 2443 non
858 2414 999 2450 recusat;
1023 2410 1107 2443 unde
1135 2410 1251 2443 dicitur

294 2466 438 2499 Matthaei
462 2466 582 2498 decimo
604 2468 734 2507 quarto,
759 2464 843 2506 quod
864 2477 879 2492 «ε
897 2468 1010 2506 quarta
1026 2464 1131 2506 vigilia
1151 2464 1252 2497 noctis

294 2520 378 2553 venit
401 2519 439 2552 ad
455 2519 624 2561 discipulos
647 2518 812 2551 ambulans
835 2527 931 2560 super
955 2527 1042 2550 mare
1059 2532 1089 2550 ».
1107 2518 1251 2560 Qualibet

367 2692 374 2707 ¹
398 2694 471 2719 Vei-s.
490 2695 532 2718 46.
553 2697 577 2719 et
597 2693 645 2723 t7;
665 2693 762 2719 deinde
781 2694 829 2724 ⁴9,
849 2694 874 2719 9.

367 2736 377 2752 ²
399 2739 490 2764 Psalm.
512 2738 559 2769 35,
578 2738 602 2762 9.
622 2751 657 2756 —
677 2738 800 2770 Sequitur
819 2737 890 2763 Cant.
910 2738 940 2768 5,
961 2738 986 2762 4.

370 2771 462 2808 ΒὈΜ-,1.
482 2783 502 2807 Η
522 2789 581 2807 cum
602 2782 717 2817 Vulgata¹
733 2782 825 2813 repetit
844 2780 945 2815 viqilt'a.

371 2825 381 2839 ⁴
402 2826 503 2852 Scilicet
521 2825 662 2851 ordinaria
682 2825 706 2850 in
725 2826 787 2851 Luc.
808 2826 856 2856 ⁴2,
875 2826 918 2850 38.
938 2826 1035 2851 Textus
1053 2826 1184 2857 originalis
1198 2826 1257 2851 hinc

300 2871 361 2895 inde
386 2871 458 2901 plura
484 2869 562 2894 addit.
590 2870 656 2895 Beda
683 2869 801 2901 sequitur
819 2870 941 2900 Gregor.,
962 2870 977 2894 Ι.
997 2870 1091 2894 Homil.
1111 2870 1134 2894 in
1156 2871 1255 2901 Evang.

298 2915 385 2940 homil.
407 2914 448 2939 43.
467 2921 493 2939 n.
513 2913 537 2938 5.
557 2914 606 2938 Pro
625 2912 747 2939 custodia
766 2913 824 2938 Vat.
843 2916 868 2938 et
886 2914 974 2945 plures
992 2914 1070 2939 codd.
1089 2913 1232 2940 custodiae.

369 2956 379 2970 ⁶
400 2958 473 2983 Vers.
495 2958 536 2983 ⁴8.

369 3000 380 3015 θ
401 3002 474 3027 Vers.
494 3002 535 3027 35.
556 3002 615 3027 Post
634 3000 765 3027 Dominus
785 3002 895 3032 Vulgata
915 3005 940 3027 et
960 3002 1017 3028 Vat.
1035 3002 1136 3027 addunt
1153 3002 1256 3028 domus.

299 3047 486 3078 'sheophyla‹.·t.
512 3048 581 3071 hunc
607 3047 654 3071 loc.
682 3053 815 3077 exponens
834 3046 911 3072 dicit:
934 3056 946 3069 «
963 3046 1049 3073 Tarde
1067 3047 1174 3079 quidem
1195 3050 1258 3073 tunc

298 3092 371 3116 adest
391 3091 463 3121 finis,
482 3090 588 3123 qnando
607 3090 666 3123 quis
686 3091 708 3115 in
730 3090 797 3116 bona
817 3094 919 3116 senecta
934 3091 1051 3117 moritur.
1069 3091 1156 3118 Media
1168 3095 1257 3118 autem

298 3137 386 3166 nocte,
411 3142 472 3160 cum
498 3135 612 3161 mediam
639 3137 750 3160 aetutem
776 3135 915 3166 peregerit.
943 3136 975 3161 ln
996 3134 1133 3169 gallicinio
1156 3139 1257 3167 autem,

298 3179 406 3211 quando
416 3179 442 3204 in
453 3178 528 3205 nobis
541 3179 607 3204 ratio
620 3179 748 3210 completa
763 3179 852 3210 ruerit,
868 3180 950 3211 gallus
963 3180 1031 3205 enim
1045 3180 1111 3206 ratio
1123 3183 1176 3212 est,
1189 3187 1258 3213 quae

299 3230 347 3248 nos
360 3230 373 3246 n
388 3230 482 3248 somno
495 3223 588 3249 excitat
600 3226 625 3248 ct
637 3226 772 3254 stuporem
792 3224 906 3255 repellit,
922 3231 982 3250 cum
997 3224 1075 3256 igitur
1088 3231 1155 3256 puer
1168 3224 1258 3256 incipit

300 3268 367 3292 iuxta
387 3268 514 3294 rationem
533 3267 624 3293 vivere
643 3270 668 3293 et
686 3274 792 3300 sapere,
821 3271 882 3294 tunc
901 3269 985 3300 gallus
1002 3269 1026 3294 ei
1044 3269 1121 3295 canit.
1149 3267 1258 3295 Dilucu-

300 3311 356 3335 (ων),
375 3314 461 3336 autem
482 3311 588 3336 omnino
608 3311 715 3343 puerilis
733 3314 804 3337 aetas
823 3315 862 3338 est
875 3322 900 3338 υ.
919 3313 947 3338 Β,
961 3312 1073 3343 Albcrt„
1086 3312 1120 3338 ltu
1134 3312 1258 3344 explicat:

299 3355 366 3382 Sero
385 3359 472 3381 autem
492 3358 531 3381 est
550 3355 686 3387 iuventus,
707 3355 793 3382 media
812 3360 899 3381 autem
918 3363 975 3383 noa
995 3356 1075 3382 virilis
1094 3359 1179 3387 nemsi,
1191 3355 1260 3389 ⁴qalli

298 3402 387 3424 autern
409 3401 504 3426 cantus
523 3403 561 3425 est
581 3403 714 3431 senectus,
733 3407 812 3427 mane
831 3404 918 3427 autem
937 3404 976 3427 est
994 3401 1129 3433 putridum
1143 3400 1255 3426 senium.

1305 340 1380 372 ergo
1404 330 1483 362 hora
1517 339 1580 362 non
1615 332 1662 361 est
1697 328 1823 367 inutile,
1853 327 1908 360 sed
1934 328 2070 369 perutile
2098 328 2266 371 .vi9ilare;

1304 383 1387 416 infra
1421 382 1572 425 vigesimo
1607 381 1753 423 primoss:
1791 394 1806 410 «
1823 381 1969 423 Vigilate,
2004 382 2089 414 omni
2125 386 2266 425 tempore

1305 440 1448 475 orantes,
1473 439 1510 468 ut
1533 435 1617 477 digni
1643 434 1819 468 habeamini
1844 435 1954 477 sugere
1978 436 2037 469 ista
2052 437 2167 477 omnia,
2184 446 2265 481 quae

1306 493 1441 522 ventura
1464 491 1556 526 sunt,
1580 491 1611 521 et
1635 491 1719 520 stare
1741 491 1813 521 ante
1836 488 1946 521 Filium
1972 489 2107 523 hominis
2124 503 2139 519 n
2168 494 2225 523 etc.

1397 543 1448 575 ¹58.
1474 542 1576 584 (Vers.
1602 541 1679 581 39.).
1705 541 1774 574 Hoc
1797 545 1908 574 autem
1923 542 2034 575 scitote
2057 547 2116 576 etc.
2134 543 2187 577 Hic
2203 547 2266 577 ter·
2281 543 2419 596 ,ggssgfflg

1307 596 1350 628 tio
1373 595 1536 636 subiungit
1558 594 1804 627 stimulativum
1834 595 1880 628 ad
1902 595 2113 637 viyilandum
2126 597 2159 635 9;
2182 596 2268 639 quod
2281 596 2324 618 ²³²⁰
2339 596 2391 618 ‘¹⁸¹⁰-

1307 649 1478 682 introducit
1513 657 1569 690 per
1604 648 1690 681 hunc
1725 648 1872 687 modum,
1908 649 2025 681 scilicet
2053 651 2267 692 proponendo

1306 702 1491 745 exemplum
1511 701 1746 744 parabolicum
1770 705 1801 734 et
1832 701 2054 735 concludendo
2080 702 2269 745 principale

1307 756 1477 789 intentum.

1398 808 1537 841 Primum
1561 817 1637 850 ergo
1660 807 1792 850 exponit
1815 807 2000 850 exemplum
2018 808 2268 851 parabolicum,
2288 806 2391 829 Primum-

1308 871 1379 895 cum
1404 862 1496 894 dicit:
1521 861 1591 894 Hoc
1625 865 1738 894 autem
1760 861 1890 900 scitote,
1915 861 2092 905 quoniam,
2116 861 2149 894 si
2169 861 2271 895 sciret

1304 913 1576 957 paterfamilias,
1600 924 1669 958 qua
1693 914 1779 947 liora
1801 913 1864 957 fur
1878 915 2021 953 veniret,
2037 914 2192 957 viyilaret
2207 915 2270 947 uti-

1308 978 1387 1011 que,
1413 968 1530 1001 scilicet
1563 968 1601 1000 ad
1637 968 1811 1000 custodiam
1834 967 1948 1001 domus
1961 968 1998 1007 ¹⁰,
2022 977 2062 1001 ne
2084 968 2137 1001 fur
2157 968 2270 1001 furtim

1308 1021 1427 1063 aliquid
1451 1015 1636 1063 asportaret.
1655 1039 1696 1045 —
1714 1021 1784 1054 Ideo
1799 1021 1891 1054 dicit:
1910 1022 1951 1054 Et
1965 1031 2032 1054 non
2054 1021 2176 1054 sineret
2197 1031 2271 1064 per-

1308 1073 1382 1116 fodi
1402 1075 1540 1107 domum
1570 1084 1680 1107 suam.
1720 1074 1754 1106 Et
1784 1074 1810 1107 si
1839 1082 1963 1116 semper
1996 1074 2128 1107 haberet
2159 1074 2272 1107 horam

1311 1130 1506 1168 suspectam,
1532 1136 1695 1169 nunquam
1720 1127 1914 1169 relinqueret
1941 1127 2070 1159 domum
2091 1135 2181 1159 suam
2204 1127 2271 1160 sine

1310 1180 1468 1219 custodia;
1485 1180 1624 1222 alioquin
1641 1190 1703 1212 non
1720 1181 1893 1222 sapienter,
1910 1180 1964 1213 sed
1980 1180 2076 1213 stulte
2100 1189 2210 1213 curam
2227 1180 2271 1213 fa·
2299 1182 2304 1187 '

1310 1232 1413 1266 miliae
1436 1237 1632 1275 procuraret.
1662 1233 1849 1275 Exemplum
1884 1233 1923 1266 de
1954 1233 2109 1273 Isboseth‚
2133 1234 2172 1267 de
2195 1243 2271 1276 .quo
2292 1231 2412 1259 ¹³¹⁶mP¹¹¹¹²¹

1311 1286 1426 1328 legitur
1443 1286 1571 1319 secundi
1589 1287 1706 1328 Regum
1724 1290 1838 1328 quarto
1852 1288 1889 1325 1¹,
1907 1286 1992 1329 quod
2014 1299 2029 1316 «
2043 1287 2182 1320 Isboseth
2198 1287 2272 1321 dor-

1311 1340 1426 1372 miebat
1449 1349 1546 1381 super
1569 1343 1705 1373 stratum
1729 1349 1823 1373 suum
1844 1340 1984 1373 meridie.
2001 1341 2037 1373 Et
2054 1341 2181 1374 ostiaria
2196 1351 2273 1384 pur-

1311 1402 1387 1435 gans
1403 1394 1542 1426 triticum
1560 1393 1758 1426 obdormivit.
1777 1394 1909 1436 lngressi
1928 1398 2002 1427 sunt
2018 1397 2123 1428 autem
2150 1396 2273 1429 Rechab

1312 1450 1342 1480 et
1367 1447 1485 1485 Baana,
1509 1447 1608 1480 frater
1631 1447 1710 1486 eius,
1732 1435 1864 1480 latenter
1895 1448 2023 1485 domum
2048 1451 2080 1481 et
2110 1457 2274 1491 percusse-

1313 1503 1388 1534 runt
1411 1509 1484 1533 eum
1502 1501 1532 1533 in
1554 1500 1682 1543 inguine
1706 1504 1737 1533 et
1759 1500 1910 1543 fugerunt
1925 1514 1956 1533 ι).
1983 1502 2032 1535 Sic
2055 1505 2087 1535 et
2109 1502 2274 1544 spiritua-

1313 1554 1385 1587 liter
1410 1554 1444 1587 fit
1467 1554 1495 1587 ei
1512 1554 1566 1596 qui
1584 1554 1712 1597 negligit
1728 1554 1855 1587 domum
1873 1564 1962 1588 suam
1979 1555 2145 1598 vigilanter
2168 1559 2274 1589 custo-

1312 1608 1398 1649 dire;
1412 1607 1496 1641 unde
1508 1608 1679 1650 Gregorius
1688 1608 1719 1644 ‚¹²
1730 1620 1737 1640 :
1757 1621 1773 1637 «κ
1785 1607 1920 1642 Ostiaria
1931 1608 2120 1648 dormiente,
2134 1609 2274 1642 Isboseth

1312 1661 1520 1700 interficitur,
1545 1661 1636 1703 quia,
1661 1661 1737 1694 dum
1761 1661 1958 1694 discretionis
1980 1661 2157 1695 sollicitudo
2173 1670 2275 1695 cessa-

1313 1715 1411 1754 verit,
1435 1715 1474 1747 ad
1498 1714 1751 1747 interficiendum
1774 1714 1910 1747 animam
1942 1715 2086 1758 malignis
2110 1715 2275 1757 spiritibus

1313 1769 1372 1802 iter
1388 1769 1543 1811 pandit».
1569 1769 1604 1801 Et
1627 1768 1697 1801 ideo
1720 1769 1770 1801 vir
1793 1768 1967 1811 spiritualis
1991 1778 2008 1801 e
2025 1769 2184 1802 contrario
2200 1769 2276 1802 dicit

1312 1822 1390 1855 illud
1406 1823 1500 1855 Isaiae
1516 1822 1666 1864 vigesimo
1689 1822 1792 1864 primo
1806 1822 1847 1854 1³:
1876 1834 1893 1851 α
1909 1823 2011 1864 Super
2035 1822 2193 1864 speculam
2212 1823 2274 1855 Do-

1313 1872 1389 1909 mini
1413 1885 1470 1918 ego
1493 1885 1582 1914 sum,
1607 1879 1693 1908 stans
1715 1875 1831 1917 iugiter
1855 1883 1912 1917 per
1935 1875 2036 1914 diem,
2060 1878 2091 1908 et
2107 1884 2204 1917 super
2220 1884 2275 1908 cu-

1313 1930 1445 1963 stodiam
1469 1938 1571 1961 meam
1606 1937 1663 1970 ego
1698 1937 1788 1967 sum,
1813 1930 1900 1961 stans
1931 1928 2005 1961 totis
2029 1928 2174 1961 noctibus
2190 1940 2221 1968 »3
2244 1931 2277 1962 et

1313 1983 1382 2016 ideo
1406 1982 1526 2024 primae
1550 1982 1631 2014 Petri
1657 1981 1782 2014 ultimo:
1812 1994 1827 2009 α
1844 1981 1946 2014 Sobrii
1970 1984 2069 2014 estote
2085 1984 2116 2015 et
2131 1981 2275 2024 vigilate,

1314 2036 1389 2078 quia
1411 2034 1613 2068 adversarius
1636 2038 1741 2067 vester
1757 2047 1773 2063 »
1804 2037 1862 2067 etc.
2474 2055 2476 2074 J

1405 2089 1456 2120 59.
1482 2088 1583 2129 (Vers.
1608 2087 1686 2128 40).
1711 2087 1829 2120 Deinde
1853 2087 2011 2120 concludit
2034 2088 2206 2130 principale
2229 2088 2276 2121 iu·
2294 2084 2422 2107 S⁸⁶¹¹¹²⁶¹¹¹²

1314 2144 1447 2174 tentum.
1472 2142 1513 2173 Et
1535 2151 1592 2173 vos
1615 2145 1711 2174 estote
1730 2141 1861 2184 parati,
1885 2141 1986 2185 qaia,
2010 2151 2079 2185 qua
2102 2140 2187 2174 liora
2210 2151 2277 2174 non
2473 2135 2475 2138 ’

1311 2195 1460 2238 putatis,
1485 2194 1594 2227 Filius
1618 2193 1761 2228 hominis·
1777 2195 1889 2227 veniet.
1906 2194 2014 2232 Glossa
2027 2196 2070 2227 ¹⁴:
2098 2208 2114 2224 cr
2131 2195 2276 2228 Ultimam

1315 2249 1426 2281 horam
1450 2257 1574 2290 semper
1598 2248 1736 2290 ignorari
1771 2248 1871 2281 voluit
1895 2248 2063 2287 Dominus,
2087 2251 2124 2281 ut
2152 2257 2276 2291 semper

1315 2302 1355 2335 sit
1378 2305 1541 2344 suspecta,
1566 2305 1597 2334 et
1613 2301 1652 2335 ad
1667 2310 1736 2335 eam
1761 2310 1885 2344 semper
1902 2310 2130 2344 praeparemur
2143 2314 2173 2334 n.
2190 2301 2277 2334 Unde

1315 2356 1460 2389 Matthaei
1496 2355 1646 2398 vigesimo
1681 2359 1796 2398 quarto
1810 2356 1853 2387 1⁵:
1884 2368 1900 2384 «
1915 2356 1960 2388 De
1987 2355 2037 2388 die
2060 2355 2113 2388 illa
2144 2359 2176 2388 et
2199 2355 2278 2388 hora

1315 2418 1406 2442 nemo
1418 2409 1476 2442 scit
1489 2423 1505 2438 »
1526 2413 1595 2448 etc.;
1613 2412 1644 2442 et
1660 2409 1780 2451 primae
1791 2409 1830 2442 ad
1843 2409 2135 2443 Thessalonicenses
2147 2409 2275 2452 quinto:

1320 2476 1336 2492 α
1353 2463 1424 2496 Dies
1447 2463 1570 2496 Domini
1595 2463 1678 2496 sicut
1700 2462 1752 2496 fur
1787 2463 1818 2496 in
1847 2466 1938 2496 nocte
1961 2463 2108 2503 veniet»;
2133 2466 2164 2496 et
2184 2466 2277 2505 post:

1321 2530 1336 2546 «
1354 2517 1415 2550 Vos
1437 2519 1562 2556 autem,
1586 2517 1717 2555 fratres,
1743 2526 1805 2549 non
1828 2517 1903 2550 estis
1926 2517 1958 2549 in
1983 2517 2135 2556 tenebris,
2159 2519 2196 2549 ut
2211 2516 2278 2549 dies

1389 2691 1399 2706 ⁷
1422 2693 1494 2718 Vcrs.
1515 2692 1557 2718 27.
1578 2707 1611 2710 —
1632 2691 1749 2718 Subinde
1767 2692 1892 2723 allegatur
1910 2692 1998 2717 Matth.
2018 2690 2066 2721 44,
2086 2690 2129 2716 25.

1390 2735 1401 2750 θ
1422 2737 1495 2762 Vers.
1515 2737 1558 2762 36.
1577 2737 1626 2762 Pro
1645 2737 1761 2763 ventura
1780 2737 1890 2767 Vulgata
1910 2739 1936 2761 et
1954 2736 2012 2761 Vat.
2031 2735 2138 2769 futura.

1390 2778 1401 2793 ⁹
1420 2779 1471 2806 Ctr.
1492 2787 1571 2812 supra
1591 2788 1616 2806 n.
1637 2780 1678 2806 49.
1699 2794 1733 2799 —
1752 2781 1842 2805 Glossa
1866 2778 2049 2806 interlinearis
2075 2779 2132 2811 (cfr.
2157 2779 2281 2811 Gregor.,

1322 2825 1338 2849 l.
1358 2825 1452 2850 Homil.
1471 2825 1495 2849 in
1517 2826 1615 2856 Evang.
1635 2825 1723 2850 homil.
1746 2825 1787 2850 ¹3.
1806 2832 1831 2850 n.
1851 2824 1886 2855 5.)
1908 2824 1933 2849 in
1949 2825 2010 2850 Luc.
2027 2824 2073 2855 12,
2086 2824 2129 2849 39.
2143 2830 2212 2856 seq.:
2226 2823 2281 2850 Hoc

1321 2870 1412 2895 autem
1429 2868 1535 2900 scitote,
1555 2876 1602 2901 per
1620 2869 1704 2895 simile
1728 2869 1837 2901 probat,
1856 2868 1928 2902 quod
1953 2867 2051 2894 debent
2073 2868 2196 2900 vigilare,
2215 2875 2280 2901 quo-

1321 2912 1422 2939 niam...
1442 2914 1476 2939 Et
1495 2920 1540 2940 vos
1559 2915 1639 2940 estote
1654 2913 1749 2947 parati
1766 2916 1829 2945 etc.,
1849 2915 1909 2945 post
1932 2912 2131 2939 similitudinem
2156 2912 2283 2945 supponit

1321 2958 1535 2984 exhortationem.
1667 2956 1689 2972 ¹⁰
1701 2959 1727 2984 ln
1741 2958 1760 2984 C
1773 2965 1788 2983 a
1800 2957 1916 2983 secunda
1929 2964 2009 2983 manu
2023 2957 2142 2983 additum
2156 2960 2194 2983 est
2206 2964 2281 2984 suae.

1394 3001 1414 3015 ¹¹
1436 3002 1510 3028 Vers.
1531 3003 1556 3028 5.
1576 3005 1602 3027 et
1621 3002 1645 3027 6.
1990 3025 1993 3028 .

1393 3045 1415 3060 ¹²
1435 3046 1504 3072 Libr.
1524 3048 1541 3072 l.
1562 3047 1650 3073 Mon-al.
1669 3053 1691 3072 c.
1713 3047 1755 3072 35.
1774 3053 1801 3071 n.
1816 3045 1858 3072 69.
1872 3046 1920 3071 Pro
1933 3045 2055 3072 animam
2069 3046 2126 3073 Vat.
2139 3054 2200 3073 cum
2214 3048 2282 3073 textu

1321 3091 1439 3123 originali
1458 3091 1591 3118 animum.

1393 3133 1415 3149 ¹⁸
1437 3136 1512 3162 Vei-s.
1531 3136 1562 3167 8,
1582 3135 1628 3162 ubi
1653 3142 1702 3167 pro
1720 3134 1859 3168 speculam
1877 3134 1986 3161 CDFG
2007 3134 2165 3162 custodiam.
2184 3147 2219 3154 ——
2238 3135 2283 3161 Se-

1321 3180 1410 3212 quitur
1430 3180 1446 3204 Ι.
1466 3180 1531 3205 Petr.
1552 3179 1582 3211 5,
1603 3180 1627 3204 8.

1394 3222 1416 3237 Ν
1436 3224 1534 3250 Scilicet
1554 3223 1696 3250 ordinaria
1717 3223 1758 3255 (ex
1777 3223 1862 3253 Beda,
1874 3223 1919 3256 qui
1933 3223 2051 3256 sequitur
2068 3224 2190 3255 Gregor„
2203 3223 2221 3249 1.
2234 3223 2283 3248 Ho-

1323 3267 1375 3293 mil.
1395 3268 1421 3293 in
1440 3269 1540 3299 Evang.
1566 3268 1654 3293 homil.
1675 3268 1716 3293 13.
1735 3275 1760 3293 n.
1781 3268 1832 3300 6.),
1851 3274 1920 3300 quae
1945 3274 1994 3299 pro
2015 3274 2217 3301 praeparemur
2238 3266 2282 3300 (lta

1321 3312 1399 3337 etiam
1419 3312 1527 3343 Gregor.
1546 3315 1571 3337 et
1590 3311 1669 3343 Beda)
1685 3312 1877 3344 praeparetur,
1897 3311 1918 3336 D
1932 3318 2139 3345 praeparemus.

1393 3353 1415 3369 ¹⁶
1436 3355 1509 3381 Vei-s.
1531 3355 1573 3381 36.
1592 3368 1628 3375 -
1646 3355 1711 3381 Tres
1724 3361 1799 3388 seqq.
1817 3355 1865 3381 loci
1885 3359 1945 3382 sunt
1963 3357 1980 3382 Ι.
2001 3356 2092 3382 Thess.
2112 3356 2143 3386 5,
2163 3356 2187 3381 2.
2206 3357 2232 3380 et
2251 3353 2281 3385 4;

1325 3400 1407 3426 Eccle.
1427 3400 1457 3433 9,
1477 3400 1519 3425 42.
