<?xml version="1.0" encoding="UTF-8"?>
<!DOCTYPE html PUBLIC "-//W3C//DTD XHTML 1.0 Transitional//EN"
    "http://www.w3.org/TR/xhtml1/DTD/xhtml1-transitional.dtd">
<html xmlns="http://www.w3.org/1999/xhtml" xml:lang="en" lang="en">
 <head>
  <title>
</title>
<meta http-equiv="Content-Type" content="text/html;charset=utf-8" />
  <meta name='ocr-system' content='tesseract 3.04.00' />
  <meta name='ocr-capabilities' content='ocr_page ocr_carea ocr_par ocr_line ocrx_word'/>
</head>
<body>
  <div class='ocr_page' id='page_1' title='image "./doctorisseraphic07bona_0604.png"; bbox 0 0 2476 3921; ppageno 0'>
   <div class='ocr_carea' id='block_1_1' title="bbox 331 311 393 342">
    <p class='ocr_par' dir='ltr' id='par_1_1' title="bbox 331 311 393 342">
     <span class='ocr_line' id='line_1_1' title="bbox 331 311 393 342; baseline 0 0"><span class='ocrx_word' id='word_1_1' title='bbox 331 311 393 342; x_wconf 76' lang='lat'>578</span> 
     </span>
    </p>
   </div>
   <div class='ocr_carea' id='block_1_2' title="bbox 327 393 1288 759">
    <p class='ocr_par' dir='ltr' id='par_1_2' title="bbox 327 393 1288 759">
     <span class='ocr_line' id='line_1_2' title="bbox 329 393 1288 435; baseline -0.005 -4"><span class='ocrx_word' id='word_1_2' title='bbox 329 399 449 431; x_wconf 83' lang='lat' dir='ltr'>salvum</span> <span class='ocrx_word' id='word_1_3' title='bbox 474 397 593 435; x_wconf 86' lang='lat' dir='ltr'>sacere;</span> <span class='ocrx_word' id='word_1_4' title='bbox 619 396 644 429; x_wconf 94' lang='lat' dir='ltr'>si</span> <span class='ocrx_word' id='word_1_5' title='bbox 669 405 727 429; x_wconf 85' lang='lat' dir='ltr'>rex</span> <span class='ocrx_word' id='word_1_6' title='bbox 753 395 846 428; x_wconf 89' lang='lat' dir='ltr'>Israel</span> <span class='ocrx_word' id='word_1_7' title='bbox 869 398 934 434; x_wconf 89' lang='lat' dir='ltr'>est,</span> <span class='ocrx_word' id='word_1_8' title='bbox 958 394 1125 428; x_wconf 78' lang='lat' dir='ltr'>descendat</span> <span class='ocrx_word' id='word_1_9' title='bbox 1142 403 1225 426; x_wconf 90' lang='lat' dir='ltr'>nunc</span> <span class='ocrx_word' id='word_1_10' title='bbox 1249 393 1288 426; x_wconf 91' lang='lat' dir='ltr'>de</span> 
     </span>
     <span class='ocr_line' id='line_1_3' title="bbox 328 446 1288 491; baseline -0.006 -7"><span class='ocrx_word' id='word_1_11' title='bbox 328 460 422 484; x_wconf 89' lang='lat' dir='ltr'>cruce</span> <span class='ocrx_word' id='word_1_12' title='bbox 438 464 453 479; x_wconf 86' lang='lat'>»</span> <span class='ocrx_word' id='word_1_13' title='bbox 482 454 540 483; x_wconf 89' lang='lat' dir='ltr'>etc.</span> <span class='ocrx_word' id='word_1_14' title='bbox 566 450 666 491; x_wconf 81' lang='lat' dir='ltr'>Super</span> <span class='ocrx_word' id='word_1_15' title='bbox 690 458 754 491; x_wconf 91' lang='lat' dir='ltr'>quo</span> <span class='ocrx_word' id='word_1_16' title='bbox 778 448 1000 481; x_wconf 89' lang='lat' dir='ltr'>Bernardus¹:</span> <span class='ocrx_word' id='word_1_17' title='bbox 1030 460 1044 475; x_wconf 79' lang='grc' dir='ltr'><em>α</em></span> <span class='ocrx_word' id='word_1_18' title='bbox 1062 447 1143 489; x_wconf 83' lang='lat' dir='ltr'>Quid</span> <span class='ocrx_word' id='word_1_19' title='bbox 1168 449 1213 485; x_wconf 85' lang='lat' dir='ltr'>tu,</span> <span class='ocrx_word' id='word_1_20' title='bbox 1239 446 1288 478; x_wconf 91' lang='lat' dir='ltr'>lu-</span> 
     </span>
     <span class='ocr_line' id='line_1_4' title="bbox 327 499 1287 546; baseline -0.005 -9"><span class='ocrx_word' id='word_1_21' title='bbox 327 505 420 543; x_wconf 85' lang='lat' dir='ltr'>daee,</span> <span class='ocrx_word' id='word_1_22' title='bbox 445 504 498 546; x_wconf 88' lang='lat' dir='ltr'>qui</span> <span class='ocrx_word' id='word_1_23' title='bbox 524 503 623 545; x_wconf 80' lang='lat' dir='ltr'>pridie</span> <span class='ocrx_word' id='word_1_24' title='bbox 647 506 720 535; x_wconf 89' lang='lat' dir='ltr'>ante</span> <span class='ocrx_word' id='word_1_25' title='bbox 744 511 871 535; x_wconf 89' lang='lat' dir='ltr'>crucem</span> <span class='ocrx_word' id='word_1_26' title='bbox 905 505 1000 544; x_wconf 89' lang='lat' dir='ltr'>caput</span> <span class='ocrx_word' id='word_1_27' title='bbox 1034 500 1196 543; x_wconf 79' lang='lat' dir='ltr'>agitabas?</span> <span class='ocrx_word' id='word_1_28' title='bbox 1227 499 1287 541; x_wconf 89' lang='lat' dir='ltr'>Qui</span> 
     </span>
     <span class='ocr_line' id='line_1_5' title="bbox 328 553 1286 598; baseline -0.006 -7"><span class='ocrx_word' id='word_1_29' title='bbox 328 566 452 591; x_wconf 87' lang='lat' dir='ltr'>sacrum</span> <span class='ocrx_word' id='word_1_30' title='bbox 477 560 571 598; x_wconf 90' lang='lat' dir='ltr'>caput</span> <span class='ocrx_word' id='word_1_31' title='bbox 595 555 709 588; x_wconf 84' lang='lat' dir='ltr'>Christi</span> <span class='ocrx_word' id='word_1_32' title='bbox 734 555 916 597; x_wconf 80' lang='lat' dir='ltr'>exagitabas</span> <span class='ocrx_word' id='word_1_33' title='bbox 943 553 1139 596; x_wconf 84' lang='lat' dir='ltr'>opprobriis,</span> <span class='ocrx_word' id='word_1_34' title='bbox 1163 553 1286 585; x_wconf 92' lang='lat' dir='ltr'>dicens:</span> 
     </span>
     <span class='ocr_line' id='line_1_6' title="bbox 329 605 1288 647; baseline -0.005 -4"><span class='ocrx_word' id='word_1_35' title='bbox 329 611 366 644; x_wconf 90' lang='lat' dir='ltr'>Si</span> <span class='ocrx_word' id='word_1_36' title='bbox 391 609 543 643; x_wconf 75' lang='lat' dir='ltr'>Christus</span> <span class='ocrx_word' id='word_1_37' title='bbox 566 619 626 642; x_wconf 75' lang='lat' dir='ltr'>reoe</span> <span class='ocrx_word' id='word_1_38' title='bbox 650 608 757 641; x_wconf 87' lang='lat' dir='ltr'>Israel</span> <span class='ocrx_word' id='word_1_39' title='bbox 779 612 844 647; x_wconf 82' lang='lat' dir='ltr'>est,</span> <span class='ocrx_word' id='word_1_40' title='bbox 869 606 1042 640; x_wconf 74' lang='lat' dir='ltr'>descendat</span> <span class='ocrx_word' id='word_1_41' title='bbox 1073 607 1112 639; x_wconf 86' lang='lat' dir='ltr'>de</span> <span class='ocrx_word' id='word_1_42' title='bbox 1140 605 1288 639; x_wconf 75' lang='lat' dir='ltr'>cruce2?</span> 
     </span>
     <span class='ocr_line' id='line_1_7' title="bbox 327 660 1287 704; baseline -0.006 -8"><span class='ocrx_word' id='word_1_43' title='bbox 327 664 353 696; x_wconf 90' lang='grc' dir='ltr'><strong>Ο</strong></span> <span class='ocrx_word' id='word_1_44' title='bbox 377 666 528 696; x_wconf 87' lang='lat' dir='ltr'>venenata</span> <span class='ocrx_word' id='word_1_45' title='bbox 552 663 672 704; x_wconf 86' lang='lat' dir='ltr'>lingua,</span> <span class='ocrx_word' id='word_1_46' title='bbox 689 661 822 694; x_wconf 88' lang='lat' dir='ltr'>verbum</span> <span class='ocrx_word' id='word_1_47' title='bbox 839 660 974 693; x_wconf 84' lang='lat' dir='ltr'>malitiae</span> <span class='ocrx_word' id='word_1_48' title='bbox 985 686 992 699; x_wconf 95' lang='lat'>,</span> <span class='ocrx_word' id='word_1_49' title='bbox 1010 668 1114 693; x_wconf 91' lang='lat' dir='ltr'>sermo</span> <span class='ocrx_word' id='word_1_50' title='bbox 1131 667 1267 701; x_wconf 84' lang='lat' dir='ltr'>nequam</span> <span class='ocrx_word' id='word_1_51' title='bbox 1281 660 1287 690; x_wconf 86' lang='grc'>1</span> 
     </span>
     <span class='ocr_line' id='line_1_8' title="bbox 328 707 1288 759; baseline -0.007 -9"><span class='ocrx_word' id='word_1_52' title='bbox 328 718 388 750; x_wconf 87' lang='lat' dir='ltr'>Hoc</span> <span class='ocrx_word' id='word_1_53' title='bbox 411 717 502 759; x_wconf 90' lang='lat' dir='ltr'>plane</span> <span class='ocrx_word' id='word_1_54' title='bbox 526 719 617 748; x_wconf 90' lang='lat' dir='ltr'>tuum</span> <span class='ocrx_word' id='word_1_55' title='bbox 641 719 705 754; x_wconf 91' lang='lat' dir='ltr'>est,</span> <span class='ocrx_word' id='word_1_56' title='bbox 731 714 830 756; x_wconf 87' lang='lat' dir='ltr'>magis</span> <span class='ocrx_word' id='word_1_57' title='bbox 853 717 959 746; x_wconf 88' lang='lat' dir='ltr'>autem</span> <span class='ocrx_word' id='word_1_58' title='bbox 985 707 1054 745; x_wconf 87' lang='lat' dir='ltr'>eius</span> <span class='ocrx_word' id='word_1_59' title='bbox 1071 712 1125 754; x_wconf 89' lang='lat' dir='ltr'>qui</span> <span class='ocrx_word' id='word_1_60' title='bbox 1143 711 1288 744; x_wconf 74' lang='lat' dir='ltr'>mendax</span> 
     </span>
    </p>
   </div>
   <div class='ocr_carea' id='block_1_3' title="bbox 300 764 1289 810">
    <p class='ocr_par' dir='ltr' id='par_1_3' title="bbox 300 764 1289 810">
     <span class='ocr_line' id='line_1_9' title="bbox 300 764 1289 810; baseline -0.007 -7"><span class='ocrx_word' id='word_1_61' title='bbox 300 784 303 786; x_wconf 97' lang='lat'>·</span> <span class='ocrx_word' id='word_1_62' title='bbox 328 774 374 803; x_wconf 84' lang='lat' dir='ltr'>est</span> <span class='ocrx_word' id='word_1_63' title='bbox 395 769 437 802; x_wconf 90' lang='lat' dir='ltr'>ab</span> <span class='ocrx_word' id='word_1_64' title='bbox 462 769 565 802; x_wconf 78' lang='lat' dir='ltr'>initio.</span> <span class='ocrx_word' id='word_1_65' title='bbox 591 768 671 810; x_wconf 85' lang='lat' dir='ltr'>Quid</span> <span class='ocrx_word' id='word_1_66' title='bbox 695 767 778 800; x_wconf 91' lang='lat' dir='ltr'>enim</span> <span class='ocrx_word' id='word_1_67' title='bbox 811 765 1053 808; x_wconf 80' lang='lat' dir='ltr'>consequentiae</span> <span class='ocrx_word' id='word_1_68' title='bbox 1084 765 1209 797; x_wconf 85' lang='lat' dir='ltr'>videtur</span> <span class='ocrx_word' id='word_1_69' title='bbox 1235 764 1289 797; x_wconf 87' lang='lat' dir='ltr'>ha-</span> 
     </span>
    </p>
   </div>
   <div class='ocr_carea' id='block_1_4' title="bbox 165 1360 318 1410">
    <p class='ocr_par' dir='ltr' id='par_1_4' title="bbox 165 1360 318 1410">
     <span class='ocr_line' id='line_1_10' title="bbox 165 1360 318 1383; baseline -0.013 0"><span class='ocrx_word' id='word_1_70' title='bbox 165 1361 285 1383; x_wconf 70' lang='lat' dir='ltr'>erudelitas</span> <span class='ocrx_word' id='word_1_71' title='bbox 294 1360 318 1381; x_wconf 89' lang='grc'>11-</span> 
     </span>
     <span class='ocr_line' id='line_1_11' title="bbox 180 1388 306 1410; baseline -0.008 -1"><span class='ocrx_word' id='word_1_72' title='bbox 180 1388 306 1410; x_wconf 87' lang='lat' dir='ltr'>ludentium.</span> 
     </span>
    </p>
   </div>
   <div class='ocr_carea' id='block_1_5' title="bbox 182 1679 312 1701">
    <p class='ocr_par' dir='ltr' id='par_1_5' title="bbox 182 1679 312 1701">
     <span class='ocr_line' id='line_1_12' title="bbox 182 1679 312 1701; baseline -0.008 0"><span class='ocrx_word' id='word_1_73' title='bbox 182 1679 312 1701; x_wconf 80' lang='lat' dir='ltr'>Notandum.</span> 
     </span>
    </p>
   </div>
   <div class='ocr_carea' id='block_1_6' title="bbox 174 2369 325 2416">
    <p class='ocr_par' dir='ltr' id='par_1_6' title="bbox 174 2369 325 2416">
     <span class='ocr_line' id='line_1_13' title="bbox 174 2369 325 2391; baseline -0.013 0"><span class='ocrx_word' id='word_1_74' title='bbox 174 2369 269 2391; x_wconf 80' lang='lat' dir='ltr'>Offerunt</span> <span class='ocrx_word' id='word_1_75' title='bbox 279 2374 325 2389; x_wconf 83' lang='lat' dir='ltr'>ace-</span> 
     </span>
     <span class='ocr_line' id='line_1_14' title="bbox 228 2398 279 2416; baseline 0 0"><span class='ocrx_word' id='word_1_76' title='bbox 228 2398 279 2416; x_wconf 88' lang='lat' dir='ltr'>tutu.</span> 
     </span>
    </p>
   </div>
   <div class='ocr_carea' id='block_1_7' title="bbox 329 817 1300 2510">
    <p class='ocr_par' dir='ltr' id='par_1_7' title="bbox 329 817 1293 1279">
     <span class='ocr_line' id='line_1_15' title="bbox 329 817 1290 861; baseline -0.008 -5"><span class='ocrx_word' id='word_1_77' title='bbox 329 824 421 861; x_wconf 91' lang='lat' dir='ltr'>bere,</span> <span class='ocrx_word' id='word_1_78' title='bbox 446 825 482 855; x_wconf 90' lang='lat' dir='ltr'>ut</span> <span class='ocrx_word' id='word_1_79' title='bbox 506 821 695 859; x_wconf 80' lang='lat' dir='ltr'>descendat,</span> <span class='ocrx_word' id='word_1_80' title='bbox 720 820 745 853; x_wconf 93' lang='lat' dir='ltr'>si</span> <span class='ocrx_word' id='word_1_81' title='bbox 771 829 830 853; x_wconf 84' lang='lat' dir='ltr'>rex</span> <span class='ocrx_word' id='word_1_82' title='bbox 854 822 919 857; x_wconf 88' lang='lat' dir='ltr'>est,</span> <span class='ocrx_word' id='word_1_83' title='bbox 936 822 967 851; x_wconf 92' lang='lat' dir='ltr'>et</span> <span class='ocrx_word' id='word_1_84' title='bbox 985 827 1045 851; x_wconf 91' lang='lat' dir='ltr'>non</span> <span class='ocrx_word' id='word_1_85' title='bbox 1062 817 1160 859; x_wconf 89' lang='lat' dir='ltr'>magis</span> <span class='ocrx_word' id='word_1_86' title='bbox 1176 826 1290 852; x_wconf 81' lang='lat' dir='ltr'>ascen-</span> 
     </span>
     <span class='ocr_line' id='line_1_16' title="bbox 329 870 1290 916; baseline -0.007 -7"><span class='ocrx_word' id='word_1_87' title='bbox 329 876 410 909; x_wconf 73' lang='lat' dir='ltr'>dat?</span> <span class='ocrx_word' id='word_1_88' title='bbox 435 876 548 913; x_wconf 88' lang='lat' dir='ltr'>Immo,</span> <span class='ocrx_word' id='word_1_89' title='bbox 574 874 648 916; x_wconf 88' lang='lat' dir='ltr'>quia</span> <span class='ocrx_word' id='word_1_90' title='bbox 672 882 730 906; x_wconf 89' lang='lat' dir='ltr'>rex</span> <span class='ocrx_word' id='word_1_91' title='bbox 756 873 850 905; x_wconf 90' lang='lat' dir='ltr'>lsrael</span> <span class='ocrx_word' id='word_1_92' title='bbox 874 876 938 911; x_wconf 89' lang='lat' dir='ltr'>est,</span> <span class='ocrx_word' id='word_1_93' title='bbox 964 871 1092 904; x_wconf 88' lang='lat' dir='ltr'>titulum</span> <span class='ocrx_word' id='word_1_94' title='bbox 1117 870 1205 912; x_wconf 89' lang='lat' dir='ltr'>regni</span> <span class='ocrx_word' id='word_1_95' title='bbox 1227 879 1290 902; x_wconf 92' lang='lat' dir='ltr'>non</span> 
     </span>
     <span class='ocr_line' id='line_1_17' title="bbox 329 923 1291 969; baseline -0.008 -7"><span class='ocrx_word' id='word_1_96' title='bbox 329 928 466 967; x_wconf 87' lang='lat' dir='ltr'>deserat,</span> <span class='ocrx_word' id='word_1_97' title='bbox 491 928 612 969; x_wconf 88' lang='lat' dir='ltr'>virgam</span> <span class='ocrx_word' id='word_1_98' title='bbox 636 925 759 968; x_wconf 88' lang='lat' dir='ltr'>imperii</span> <span class='ocrx_word' id='word_1_99' title='bbox 777 935 838 958; x_wconf 91' lang='lat' dir='ltr'>non</span> <span class='ocrx_word' id='word_1_100' title='bbox 855 925 1007 967; x_wconf 80' lang='lat' dir='ltr'>deponat,</span> <span class='ocrx_word' id='word_1_101' title='bbox 1025 924 1117 956; x_wconf 92' lang='lat' dir='ltr'>cuius</span> <span class='ocrx_word' id='word_1_102' title='bbox 1139 923 1291 955; x_wconf 88' lang='lat' dir='ltr'>nimirum</span> 
     </span>
     <span class='ocr_line' id='line_1_18' title="bbox 330 976 1291 1024; baseline -0.007 -10"><span class='ocrx_word' id='word_1_103' title='bbox 330 982 508 1024; x_wconf 83' lang='lat' dir='ltr'>imperium</span> <span class='ocrx_word' id='word_1_104' title='bbox 531 990 632 1022; x_wconf 82' lang='lat' dir='ltr'>super</span> <span class='ocrx_word' id='word_1_105' title='bbox 656 979 834 1012; x_wconf 74' lang='lat' dir='ltr'>humerum</span> <span class='ocrx_word' id='word_1_106' title='bbox 857 978 929 1011; x_wconf 80' lang='lat' dir='ltr'>eius</span> <span class='ocrx_word' id='word_1_107' title='bbox 938 978 961 1009; x_wconf 81' lang='lat'>³.</span> <span class='ocrx_word' id='word_1_108' title='bbox 987 977 1099 1016; x_wconf 79' lang='lat' dir='ltr'>Alios,</span> <span class='ocrx_word' id='word_1_109' title='bbox 1123 976 1291 1018; x_wconf 89' lang='lat' dir='ltr'>inquiunt,</span> 
     </span>
     <span class='ocr_line' id='line_1_19' title="bbox 329 1027 1291 1077; baseline -0.006 -12"><span class='ocrx_word' id='word_1_110' title='bbox 329 1035 439 1068; x_wconf 79' lang='lat' dir='ltr'>salvos</span> <span class='ocrx_word' id='word_1_111' title='bbox 461 1034 557 1077; x_wconf 76' lang='lat' dir='ltr'>fecit,</span> <span class='ocrx_word' id='word_1_112' title='bbox 582 1043 615 1067; x_wconf 79' lang='lat' dir='ltr'>se</span> <span class='ocrx_word' id='word_1_113' title='bbox 649 1033 762 1074; x_wconf 77' lang='lat' dir='ltr'>ipsum</span> <span class='ocrx_word' id='word_1_114' title='bbox 792 1041 859 1064; x_wconf 89' lang='lat' dir='ltr'>non</span> <span class='ocrx_word' id='word_1_115' title='bbox 886 1034 991 1073; x_wconf 74' lang='lat' dir='ltr'>potest</span> <span class='ocrx_word' id='word_1_116' title='bbox 1014 1029 1146 1061; x_wconf 84' lang='lat' dir='ltr'>salvum</span> <span class='ocrx_word' id='word_1_117' title='bbox 1170 1027 1291 1071; x_wconf 83' lang='lat' dir='ltr'>facere.</span> 
     </span>
     <span class='ocr_line' id='line_1_20' title="bbox 330 1083 1291 1127; baseline -0.008 -6"><span class='ocrx_word' id='word_1_118' title='bbox 330 1089 444 1127; x_wconf 85' lang='lat' dir='ltr'>Immo,</span> <span class='ocrx_word' id='word_1_119' title='bbox 469 1088 494 1120; x_wconf 93' lang='lat' dir='ltr'>si</span> <span class='ocrx_word' id='word_1_120' title='bbox 518 1086 732 1124; x_wconf 87' lang='lat' dir='ltr'>descenderit,</span> <span class='ocrx_word' id='word_1_121' title='bbox 750 1085 905 1118; x_wconf 90' lang='lat' dir='ltr'>neminem</span> <span class='ocrx_word' id='word_1_122' title='bbox 923 1084 1044 1117; x_wconf 87' lang='lat' dir='ltr'>salvum</span> <span class='ocrx_word' id='word_1_123' title='bbox 1070 1083 1201 1121; x_wconf 85' lang='lat' dir='ltr'>faceret;</span> <span class='ocrx_word' id='word_1_124' title='bbox 1218 1090 1291 1114; x_wconf 88' lang='lat' dir='ltr'>cum</span> 
     </span>
     <span class='ocr_line' id='line_1_21' title="bbox 329 1136 1293 1180; baseline -0.008 -6"><span class='ocrx_word' id='word_1_125' title='bbox 329 1141 411 1174; x_wconf 89' lang='lat' dir='ltr'>enim</span> <span class='ocrx_word' id='word_1_126' title='bbox 437 1141 543 1173; x_wconf 89' lang='lat' dir='ltr'>salvus</span> <span class='ocrx_word' id='word_1_127' title='bbox 567 1148 635 1172; x_wconf 88' lang='lat' dir='ltr'>esse</span> <span class='ocrx_word' id='word_1_128' title='bbox 666 1147 728 1171; x_wconf 92' lang='lat' dir='ltr'>nou</span> <span class='ocrx_word' id='word_1_129' title='bbox 761 1137 875 1180; x_wconf 87' lang='lat' dir='ltr'>possit,</span> <span class='ocrx_word' id='word_1_130' title='bbox 900 1136 959 1169; x_wconf 94' lang='lat' dir='ltr'>nisi</span> <span class='ocrx_word' id='word_1_131' title='bbox 984 1136 1038 1178; x_wconf 88' lang='lat' dir='ltr'>qui</span> <span class='ocrx_word' id='word_1_132' title='bbox 1063 1143 1293 1177; x_wconf 80' lang='lat' dir='ltr'>perseverave-</span> 
     </span>
     <span class='ocr_line' id='line_1_22' title="bbox 330 1187 1290 1236; baseline -0.007 -10"><span class='ocrx_word' id='word_1_133' title='bbox 330 1195 374 1226; x_wconf 80' lang='lat' dir='ltr'>rit</span> <span class='ocrx_word' id='word_1_134' title='bbox 398 1203 501 1236; x_wconf 78' lang='lat' dir='ltr'>usque</span> <span class='ocrx_word' id='word_1_135' title='bbox 524 1193 560 1225; x_wconf 87' lang='lat' dir='ltr'>in</span> <span class='ocrx_word' id='word_1_136' title='bbox 583 1191 702 1234; x_wconf 69' lang='lat' dir='ltr'>fineim</span> <span class='ocrx_word' id='word_1_137' title='bbox 726 1193 844 1233; x_wconf 88' lang='lat' dir='ltr'>quanto</span> <span class='ocrx_word' id='word_1_138' title='bbox 870 1190 974 1222; x_wconf 90' lang='lat' dir='ltr'>minus</span> <span class='ocrx_word' id='word_1_139' title='bbox 1000 1188 1116 1231; x_wconf 89' lang='lat' dir='ltr'>poterit</span> <span class='ocrx_word' id='word_1_140' title='bbox 1139 1196 1207 1221; x_wconf 92' lang='lat' dir='ltr'>esse</span> <span class='ocrx_word' id='word_1_141' title='bbox 1225 1187 1290 1219; x_wconf 89' lang='lat' dir='ltr'>Sal-</span> 
     </span>
     <span class='ocr_line' id='line_1_23' title="bbox 329 1249 473 1279; baseline -0.007 0"><span class='ocrx_word' id='word_1_142' title='bbox 329 1250 418 1279; x_wconf 82' lang='lat' dir='ltr'>vator</span> <span class='ocrx_word' id='word_1_143' title='bbox 435 1249 473 1278; x_wconf 76' lang='lat' dir='ltr'>n?</span> 
     </span>
    </p>

    <p class='ocr_par' dir='ltr' id='par_1_8' title="bbox 331 1293 1300 2510">
     <span class='ocr_line' id='line_1_24' title="bbox 408 1293 1293 1339; baseline -0.007 -8"><span class='ocrx_word' id='word_1_144' title='bbox 408 1299 470 1331; x_wconf 49' lang='grc' dir='ltr'>Ἰίιίι.</span> <span class='ocrx_word' id='word_1_145' title='bbox 497 1298 597 1339; x_wconf 90' lang='lat' dir='ltr'>(Vers.</span> <span class='ocrx_word' id='word_1_146' title='bbox 615 1297 693 1334; x_wconf 52' lang='lat'>36).</span> <span class='ocrx_word' id='word_1_147' title='bbox 711 1298 807 1330; x_wconf 84' lang='lat' dir='ltr'>Sexto</span> <span class='ocrx_word' id='word_1_148' title='bbox 829 1298 985 1338; x_wconf 86' lang='lat' dir='ltr'>quantum</span> <span class='ocrx_word' id='word_1_149' title='bbox 1009 1294 1048 1327; x_wconf 88' lang='lat' dir='ltr'>ad</span> <span class='ocrx_word' id='word_1_150' title='bbox 1064 1293 1293 1326; x_wconf 74' lang='lat' dir='ltr'>crudelitatem</span> 
     </span>
     <span class='ocr_line' id='line_1_25' title="bbox 331 1347 1293 1392; baseline -0.007 -7"><span class='ocrx_word' id='word_1_151' title='bbox 331 1352 540 1386; x_wconf 68' lang='lat' dir='ltr'>illudentium</span> <span class='ocrx_word' id='word_1_152' title='bbox 563 1349 806 1392; x_wconf 74' lang='lat' dir='ltr'>crucifixorum</span> <span class='ocrx_word' id='word_1_153' title='bbox 830 1349 989 1391; x_wconf 84' lang='lat' dir='ltr'>adiungit:</span> <span class='ocrx_word' id='word_1_154' title='bbox 1017 1347 1202 1380; x_wconf 83' lang='lat' dir='ltr'>Illudebant</span> <span class='ocrx_word' id='word_1_155' title='bbox 1230 1356 1293 1379; x_wconf 85' lang='lat' dir='ltr'>au-</span> 
     </span>
     <span class='ocr_line' id='line_1_26' title="bbox 331 1401 1293 1445; baseline -0.007 -6"><span class='ocrx_word' id='word_1_156' title='bbox 331 1411 392 1439; x_wconf 83' lang='lat' dir='ltr'>tem</span> <span class='ocrx_word' id='word_1_157' title='bbox 415 1406 446 1438; x_wconf 84' lang='lat' dir='ltr'>ei</span> <span class='ocrx_word' id='word_1_158' title='bbox 467 1409 497 1437; x_wconf 78' lang='lat' dir='ltr'>et</span> <span class='ocrx_word' id='word_1_159' title='bbox 518 1404 646 1437; x_wconf 81' lang='lat' dir='ltr'>milites.</span> <span class='ocrx_word' id='word_1_160' title='bbox 665 1403 781 1436; x_wconf 82' lang='lat' dir='ltr'>Milites</span> <span class='ocrx_word' id='word_1_161' title='bbox 797 1403 924 1445; x_wconf 86' lang='lat' dir='ltr'>quidem</span> <span class='ocrx_word' id='word_1_162' title='bbox 941 1401 1115 1434; x_wconf 87' lang='lat' dir='ltr'>illudebant</span> <span class='ocrx_word' id='word_1_163' title='bbox 1131 1404 1204 1433; x_wconf 89' lang='lat' dir='ltr'>ante</span> <span class='ocrx_word' id='word_1_164' title='bbox 1220 1409 1293 1433; x_wconf 88' lang='lat' dir='ltr'>cru-</span> 
     </span>
     <span class='ocr_line' id='line_1_27' title="bbox 332 1453 1293 1498; baseline -0.007 -6"><span class='ocrx_word' id='word_1_165' title='bbox 332 1459 529 1496; x_wconf 83' lang='lat' dir='ltr'>cifixionem,</span> <span class='ocrx_word' id='word_1_166' title='bbox 555 1457 727 1490; x_wconf 89' lang='lat' dir='ltr'>secundum</span> <span class='ocrx_word' id='word_1_167' title='bbox 764 1456 849 1498; x_wconf 88' lang='lat' dir='ltr'>quod</span> <span class='ocrx_word' id='word_1_168' title='bbox 879 1455 996 1493; x_wconf 85' lang='lat' dir='ltr'>dicitur</span> <span class='ocrx_word' id='word_1_169' title='bbox 1028 1454 1150 1487; x_wconf 90' lang='lat' dir='ltr'>Ioannis</span> <span class='ocrx_word' id='word_1_170' title='bbox 1173 1453 1293 1486; x_wconf 89' lang='lat' dir='ltr'>decimo</span> 
     </span>
     <span class='ocr_line' id='line_1_28' title="bbox 332 1506 1293 1551; baseline -0.005 -7"><span class='ocrx_word' id='word_1_171' title='bbox 332 1512 454 1545; x_wconf 73' lang='lat' dir='ltr'>nono4:</span> <span class='ocrx_word' id='word_1_172' title='bbox 484 1510 641 1548; x_wconf 77' lang='lat' dir='ltr'>«Milites,</span> <span class='ocrx_word' id='word_1_173' title='bbox 667 1510 838 1551; x_wconf 84' lang='lat' dir='ltr'>plectentes</span> <span class='ocrx_word' id='word_1_174' title='bbox 861 1517 1009 1541; x_wconf 90' lang='lat' dir='ltr'>coronam</span> <span class='ocrx_word' id='word_1_175' title='bbox 1033 1507 1071 1540; x_wconf 91' lang='lat' dir='ltr'>de</span> <span class='ocrx_word' id='word_1_176' title='bbox 1096 1507 1211 1549; x_wconf 91' lang='lat' dir='ltr'>spinis,</span> <span class='ocrx_word' id='word_1_177' title='bbox 1235 1506 1293 1539; x_wconf 89' lang='lat' dir='ltr'>im-</span> 
     </span>
     <span class='ocr_line' id='line_1_29' title="bbox 333 1559 1294 1607; baseline -0.005 -10"><span class='ocrx_word' id='word_1_178' title='bbox 333 1567 509 1607; x_wconf 88' lang='lat' dir='ltr'>posuerunt</span> <span class='ocrx_word' id='word_1_179' title='bbox 533 1563 625 1605; x_wconf 86' lang='lat' dir='ltr'>capiti</span> <span class='ocrx_word' id='word_1_180' title='bbox 650 1563 719 1595; x_wconf 91' lang='lat' dir='ltr'>eius</span> <span class='ocrx_word' id='word_1_181' title='bbox 743 1566 774 1595; x_wconf 93' lang='lat' dir='ltr'>et</span> <span class='ocrx_word' id='word_1_182' title='bbox 797 1564 883 1595; x_wconf 89' lang='lat' dir='ltr'>veste</span> <span class='ocrx_word' id='word_1_183' title='bbox 899 1569 1062 1603; x_wconf 87' lang='lat' dir='ltr'>purpurea</span> <span class='ocrx_word' id='word_1_184' title='bbox 1079 1559 1294 1593; x_wconf 57' lang='lat' dir='ltr'>circumdede÷</span> 
     </span>
     <span class='ocr_line' id='line_1_30' title="bbox 334 1613 1294 1651; baseline -0.006 0"><span class='ocrx_word' id='word_1_185' title='bbox 334 1622 409 1651; x_wconf 91' lang='lat' dir='ltr'>runt</span> <span class='ocrx_word' id='word_1_186' title='bbox 434 1627 516 1651; x_wconf 89' lang='lat' dir='ltr'>eum.</span> <span class='ocrx_word' id='word_1_187' title='bbox 550 1617 587 1649; x_wconf 91' lang='lat' dir='ltr'>Et</span> <span class='ocrx_word' id='word_1_188' title='bbox 614 1616 781 1649; x_wconf 84' lang='lat' dir='ltr'>veniebant</span> <span class='ocrx_word' id='word_1_189' title='bbox 804 1616 842 1648; x_wconf 90' lang='lat' dir='ltr'>ad</span> <span class='ocrx_word' id='word_1_190' title='bbox 866 1624 938 1648; x_wconf 86' lang='lat' dir='ltr'>eum</span> <span class='ocrx_word' id='word_1_191' title='bbox 971 1618 1002 1647; x_wconf 87' lang='lat' dir='ltr'>et</span> <span class='ocrx_word' id='word_1_192' title='bbox 1025 1613 1141 1646; x_wconf 88' lang='lat' dir='ltr'>dabant</span> <span class='ocrx_word' id='word_1_193' title='bbox 1175 1613 1202 1646; x_wconf 91' lang='lat' dir='ltr'>ei</span> <span class='ocrx_word' id='word_1_194' title='bbox 1231 1613 1294 1645; x_wconf 89' lang='lat' dir='ltr'>ala-</span> 
     </span>
     <span class='ocr_line' id='line_1_31' title="bbox 333 1666 1294 1714; baseline -0.006 -10"><span class='ocrx_word' id='word_1_195' title='bbox 333 1681 388 1714; x_wconf 87' lang='lat' dir='ltr'>pas</span> <span class='ocrx_word' id='word_1_196' title='bbox 406 1685 435 1703; x_wconf 84' lang='lat'>».</span> <span class='ocrx_word' id='word_1_197' title='bbox 461 1671 507 1703; x_wconf 84' lang='lat' dir='ltr'>Ex</span> <span class='ocrx_word' id='word_1_198' title='bbox 532 1679 595 1713; x_wconf 90' lang='lat' dir='ltr'>quo</span> <span class='ocrx_word' id='word_1_199' title='bbox 618 1672 762 1712; x_wconf 86' lang='lat' dir='ltr'>apparet,</span> <span class='ocrx_word' id='word_1_200' title='bbox 780 1669 864 1711; x_wconf 90' lang='lat' dir='ltr'>quod</span> <span class='ocrx_word' id='word_1_201' title='bbox 881 1668 1054 1701; x_wconf 86' lang='lat' dir='ltr'>secundum</span> <span class='ocrx_word' id='word_1_202' title='bbox 1073 1667 1187 1700; x_wconf 85' lang='lat' dir='ltr'>Lucam</span> <span class='ocrx_word' id='word_1_203' title='bbox 1204 1666 1294 1699; x_wconf 91' lang='lat' dir='ltr'>Chri-</span> 
     </span>
     <span class='ocr_line' id='line_1_32' title="bbox 333 1720 1296 1762; baseline -0.007 -4"><span class='ocrx_word' id='word_1_204' title='bbox 333 1729 401 1758; x_wconf 86' lang='lat' dir='ltr'>stus</span> <span class='ocrx_word' id='word_1_205' title='bbox 426 1728 473 1757; x_wconf 91' lang='lat' dir='ltr'>ter</span> <span class='ocrx_word' id='word_1_206' title='bbox 498 1724 610 1756; x_wconf 90' lang='lat' dir='ltr'>illusus</span> <span class='ocrx_word' id='word_1_207' title='bbox 634 1723 707 1761; x_wconf 87' lang='lat' dir='ltr'>fuit,</span> <span class='ocrx_word' id='word_1_208' title='bbox 725 1722 842 1755; x_wconf 90' lang='lat' dir='ltr'>scilicet</span> <span class='ocrx_word' id='word_1_209' title='bbox 858 1722 888 1754; x_wconf 94' lang='lat' dir='ltr'>in</span> <span class='ocrx_word' id='word_1_210' title='bbox 906 1721 998 1755; x_wconf 90' lang='lat' dir='ltr'>domo</span> <span class='ocrx_word' id='word_1_211' title='bbox 1015 1720 1180 1762; x_wconf 85' lang='lat' dir='ltr'>pontificis,</span> <span class='ocrx_word' id='word_1_212' title='bbox 1198 1728 1296 1761; x_wconf 89' lang='lat' dir='ltr'>supra</span> 
     </span>
     <span class='ocr_line' id='line_1_33' title="bbox 334 1773 1296 1820; baseline -0.006 -9"><span class='ocrx_word' id='word_1_213' title='bbox 334 1778 484 1820; x_wconf 87' lang='lat' dir='ltr'>vigesimo</span> <span class='ocrx_word' id='word_1_214' title='bbox 508 1776 645 1810; x_wconf 88' lang='lat' dir='ltr'>secundo</span> <span class='ocrx_word' id='word_1_215' title='bbox 658 1776 682 1814; x_wconf 83' lang='lat'>⁵,</span> <span class='ocrx_word' id='word_1_216' title='bbox 707 1779 737 1809; x_wconf 89' lang='lat' dir='ltr'>et</span> <span class='ocrx_word' id='word_1_217' title='bbox 760 1775 790 1808; x_wconf 91' lang='lat' dir='ltr'>iu</span> <span class='ocrx_word' id='word_1_218' title='bbox 828 1774 1004 1817; x_wconf 90' lang='lat' dir='ltr'>praesentia</span> <span class='ocrx_word' id='word_1_219' title='bbox 1028 1773 1174 1812; x_wconf 90' lang='lat' dir='ltr'>Herodis,</span> <span class='ocrx_word' id='word_1_220' title='bbox 1199 1782 1296 1814; x_wconf 89' lang='lat' dir='ltr'>supra</span> 
     </span>
     <span class='ocr_line' id='line_1_34' title="bbox 335 1825 1297 1870; baseline -0.006 -7"><span class='ocrx_word' id='word_1_221' title='bbox 335 1831 459 1868; x_wconf 87' lang='lat' dir='ltr'>eodem,</span> <span class='ocrx_word' id='word_1_222' title='bbox 483 1833 514 1862; x_wconf 90' lang='lat' dir='ltr'>et</span> <span class='ocrx_word' id='word_1_223' title='bbox 538 1837 633 1861; x_wconf 89' lang='lat' dir='ltr'>nunc.</span> <span class='ocrx_word' id='word_1_224' title='bbox 667 1828 699 1860; x_wconf 86' lang='lat' dir='ltr'>Iu</span> <span class='ocrx_word' id='word_1_225' title='bbox 731 1837 795 1870; x_wconf 89' lang='lat' dir='ltr'>quo</span> <span class='ocrx_word' id='word_1_226' title='bbox 830 1827 924 1859; x_wconf 88' lang='lat' dir='ltr'>datur</span> <span class='ocrx_word' id='word_1_227' title='bbox 956 1826 1104 1868; x_wconf 81' lang='lat' dir='ltr'>intelligi,</span> <span class='ocrx_word' id='word_1_228' title='bbox 1129 1825 1214 1868; x_wconf 90' lang='lat' dir='ltr'>quod</span> <span class='ocrx_word' id='word_1_229' title='bbox 1238 1825 1297 1858; x_wconf 88' lang='lat' dir='ltr'>ista</span> 
     </span>
     <span class='ocr_line' id='line_1_35' title="bbox 337 1878 1297 1924; baseline -0.006 -8"><span class='ocrx_word' id='word_1_230' title='bbox 337 1884 397 1916; x_wconf 89' lang='lat' dir='ltr'>tria</span> <span class='ocrx_word' id='word_1_231' title='bbox 420 1891 535 1924; x_wconf 83' lang='lat' dir='ltr'>genera</span> <span class='ocrx_word' id='word_1_232' title='bbox 559 1881 742 1919; x_wconf 91' lang='lat' dir='ltr'>hominum,</span> <span class='ocrx_word' id='word_1_233' title='bbox 766 1889 848 1922; x_wconf 89' lang='lat' dir='ltr'>quae</span> <span class='ocrx_word' id='word_1_234' title='bbox 872 1879 1048 1921; x_wconf 84' lang='lat' dir='ltr'>specialiter</span> <span class='ocrx_word' id='word_1_235' title='bbox 1071 1878 1217 1911; x_wconf 90' lang='lat' dir='ltr'>Christus</span> <span class='ocrx_word' id='word_1_236' title='bbox 1240 1878 1297 1910; x_wconf 92' lang='lat' dir='ltr'>ho-</span> 
     </span>
     <span class='ocr_line' id='line_1_36' title="bbox 336 1930 1298 1974; baseline -0.004 -6"><span class='ocrx_word' id='word_1_237' title='bbox 336 1936 459 1969; x_wconf 88' lang='lat' dir='ltr'>noravit</span> <span class='ocrx_word' id='word_1_238' title='bbox 483 1936 514 1967; x_wconf 92' lang='lat' dir='ltr'>in</span> <span class='ocrx_word' id='word_1_239' title='bbox 540 1934 650 1973; x_wconf 89' lang='lat' dir='ltr'>terris,</span> <span class='ocrx_word' id='word_1_240' title='bbox 675 1934 837 1966; x_wconf 87' lang='lat' dir='ltr'>Christum</span> <span class='ocrx_word' id='word_1_241' title='bbox 862 1933 1069 1971; x_wconf 87' lang='lat' dir='ltr'>inhonorant,</span> <span class='ocrx_word' id='word_1_242' title='bbox 1087 1930 1204 1965; x_wconf 90' lang='lat' dir='ltr'>scilicet</span> <span class='ocrx_word' id='word_1_243' title='bbox 1220 1941 1298 1974; x_wconf 90' lang='lat' dir='ltr'>pon-</span> 
     </span>
     <span class='ocr_line' id='line_1_37' title="bbox 337 1985 1298 2031; baseline -0.006 -8"><span class='ocrx_word' id='word_1_244' title='bbox 337 1990 453 2029; x_wconf 81' lang='lat' dir='ltr'>tifices,</span> <span class='ocrx_word' id='word_1_245' title='bbox 478 1988 636 2031; x_wconf 86' lang='lat' dir='ltr'>principes</span> <span class='ocrx_word' id='word_1_246' title='bbox 659 1991 690 2020; x_wconf 94' lang='lat' dir='ltr'>et</span> <span class='ocrx_word' id='word_1_247' title='bbox 707 1987 837 2026; x_wconf 87' lang='lat' dir='ltr'>milites,</span> <span class='ocrx_word' id='word_1_248' title='bbox 862 1986 905 2019; x_wconf 93' lang='lat' dir='ltr'>ita</span> <span class='ocrx_word' id='word_1_249' title='bbox 929 1990 965 2019; x_wconf 91' lang='lat' dir='ltr'>ut</span> <span class='ocrx_word' id='word_1_250' title='bbox 988 1986 1033 2019; x_wconf 89' lang='lat' dir='ltr'>eis</span> <span class='ocrx_word' id='word_1_251' title='bbox 1049 1988 1205 2028; x_wconf 82' lang='lat' dir='ltr'>competat</span> <span class='ocrx_word' id='word_1_252' title='bbox 1220 1985 1298 2018; x_wconf 92' lang='lat' dir='ltr'>illud</span> 
     </span>
     <span class='ocr_line' id='line_1_38' title="bbox 337 2039 1298 2084; baseline -0.004 -9"><span class='ocrx_word' id='word_1_253' title='bbox 337 2043 431 2076; x_wconf 85' lang='lat' dir='ltr'>Isaiae</span> <span class='ocrx_word' id='word_1_254' title='bbox 455 2041 600 2084; x_wconf 82' lang='lat' dir='ltr'>primo⁶:</span> <span class='ocrx_word' id='word_1_255' title='bbox 631 2040 750 2073; x_wconf 81' lang='lat' dir='ltr'>«Filios</span> <span class='ocrx_word' id='word_1_256' title='bbox 773 2039 911 2073; x_wconf 84' lang='lat' dir='ltr'>enutrivi</span> <span class='ocrx_word' id='word_1_257' title='bbox 935 2042 966 2072; x_wconf 92' lang='lat' dir='ltr'>et</span> <span class='ocrx_word' id='word_1_258' title='bbox 989 2039 1141 2078; x_wconf 80' lang='lat' dir='ltr'>exaltavi,</span> <span class='ocrx_word' id='word_1_259' title='bbox 1158 2039 1216 2081; x_wconf 90' lang='lat' dir='ltr'>ipsi</span> <span class='ocrx_word' id='word_1_260' title='bbox 1242 2048 1298 2071; x_wconf 89' lang='lat' dir='ltr'>au-</span> 
     </span>
     <span class='ocr_line' id='line_1_39' title="bbox 338 2092 1298 2140; baseline -0.005 -11"><span class='ocrx_word' id='word_1_261' title='bbox 338 2100 400 2129; x_wconf 85' lang='lat' dir='ltr'>tem</span> <span class='ocrx_word' id='word_1_262' title='bbox 425 2098 616 2140; x_wconf 91' lang='lat' dir='ltr'>spreverunt</span> <span class='ocrx_word' id='word_1_263' title='bbox 640 2103 689 2127; x_wconf 90' lang='lat' dir='ltr'>me</span> <span class='ocrx_word' id='word_1_264' title='bbox 703 2107 732 2126; x_wconf 83' lang='lat'>».</span> <span class='ocrx_word' id='word_1_265' title='bbox 758 2093 843 2126; x_wconf 88' lang='lat' dir='ltr'>Unde</span> <span class='ocrx_word' id='word_1_266' title='bbox 860 2093 928 2126; x_wconf 89' lang='lat' dir='ltr'>istis</span> <span class='ocrx_word' id='word_1_267' title='bbox 944 2092 1092 2134; x_wconf 89' lang='lat' dir='ltr'>competit</span> <span class='ocrx_word' id='word_1_268' title='bbox 1108 2092 1185 2124; x_wconf 92' lang='lat' dir='ltr'>illud</span> <span class='ocrx_word' id='word_1_269' title='bbox 1204 2092 1298 2125; x_wconf 84' lang='lat' dir='ltr'>Isaiae</span> 
     </span>
     <span class='ocr_line' id='line_1_40' title="bbox 338 2146 1300 2193; baseline -0.005 -10"><span class='ocrx_word' id='word_1_270' title='bbox 338 2150 598 2193; x_wconf 88' lang='lat' dir='ltr'>quinquagesimo</span> <span class='ocrx_word' id='word_1_271' title='bbox 633 2148 784 2190; x_wconf 87' lang='lat' dir='ltr'>septimo:</span> <span class='ocrx_word' id='word_1_272' title='bbox 814 2160 829 2176; x_wconf 91' lang='lat'>«</span> <span class='ocrx_word' id='word_1_273' title='bbox 854 2148 955 2189; x_wconf 89' lang='lat' dir='ltr'>Super</span> <span class='ocrx_word' id='word_1_274' title='bbox 991 2155 1085 2189; x_wconf 88' lang='lat' dir='ltr'>quem</span> <span class='ocrx_word' id='word_1_275' title='bbox 1118 2146 1238 2179; x_wconf 91' lang='lat' dir='ltr'>lusistis</span> <span class='ocrx_word' id='word_1_276' title='bbox 1268 2148 1300 2179; x_wconf 92' lang='lat' dir='ltr'>et</span> 
     </span>
     <span class='ocr_line' id='line_1_41' title="bbox 338 2199 1299 2246; baseline -0.005 -10"><span class='ocrx_word' id='word_1_277' title='bbox 338 2212 434 2246; x_wconf 87' lang='lat' dir='ltr'>super</span> <span class='ocrx_word' id='word_1_278' title='bbox 458 2211 553 2245; x_wconf 90' lang='lat' dir='ltr'>quem</span> <span class='ocrx_word' id='word_1_279' title='bbox 577 2201 729 2234; x_wconf 84' lang='lat' dir='ltr'>dilatastis</span> <span class='ocrx_word' id='word_1_280' title='bbox 752 2210 787 2234; x_wconf 90' lang='lat' dir='ltr'>os</span> <span class='ocrx_word' id='word_1_281' title='bbox 811 2204 842 2233; x_wconf 87' lang='lat' dir='ltr'>et</span> <span class='ocrx_word' id='word_1_282' title='bbox 865 2200 999 2233; x_wconf 87' lang='lat' dir='ltr'>eiecistis</span> <span class='ocrx_word' id='word_1_283' title='bbox 1026 2200 1190 2242; x_wconf 73' lang='lat' dir='ltr'>linguam?</span> <span class='ocrx_word' id='word_1_284' title='bbox 1214 2199 1299 2232; x_wconf 90' lang='lat' dir='ltr'>Nun-</span> 
     </span>
     <span class='ocr_line' id='line_1_42' title="bbox 338 2252 1298 2299; baseline -0.004 -10"><span class='ocrx_word' id='word_1_285' title='bbox 338 2256 414 2299; x_wconf 88' lang='lat' dir='ltr'>quid</span> <span class='ocrx_word' id='word_1_286' title='bbox 437 2265 499 2288; x_wconf 90' lang='lat' dir='ltr'>non</span> <span class='ocrx_word' id='word_1_287' title='bbox 524 2264 579 2287; x_wconf 90' lang='lat' dir='ltr'>vos</span> <span class='ocrx_word' id='word_1_288' title='bbox 603 2255 658 2287; x_wconf 88' lang='lat' dir='ltr'>filii</span> <span class='ocrx_word' id='word_1_289' title='bbox 683 2254 804 2287; x_wconf 90' lang='lat' dir='ltr'>scelesti</span> <span class='ocrx_word' id='word_1_290' title='bbox 821 2257 859 2286; x_wconf 65' lang='grc' dir='ltr'>»ἵ</span> <span class='ocrx_word' id='word_1_291' title='bbox 884 2254 994 2286; x_wconf 84' lang='lat' dir='ltr'>Milites</span> <span class='ocrx_word' id='word_1_292' title='bbox 1018 2253 1114 2295; x_wconf 91' lang='lat' dir='ltr'>igitur</span> <span class='ocrx_word' id='word_1_293' title='bbox 1138 2252 1298 2286; x_wconf 88' lang='lat' dir='ltr'>Christum</span> 
     </span>
     <span class='ocr_line' id='line_1_43' title="bbox 339 2305 1299 2351; baseline -0.004 -9"><span class='ocrx_word' id='word_1_294' title='bbox 339 2309 528 2351; x_wconf 85' lang='lat' dir='ltr'>spernebant</span> <span class='ocrx_word' id='word_1_295' title='bbox 558 2311 589 2340; x_wconf 88' lang='lat' dir='ltr'>et</span> <span class='ocrx_word' id='word_1_296' title='bbox 613 2307 789 2349; x_wconf 88' lang='lat' dir='ltr'>spernendo</span> <span class='ocrx_word' id='word_1_297' title='bbox 821 2306 1021 2339; x_wconf 86' lang='lat' dir='ltr'>afflictionem</span> <span class='ocrx_word' id='word_1_298' title='bbox 1055 2306 1170 2339; x_wconf 88' lang='lat' dir='ltr'>afflicto</span> <span class='ocrx_word' id='word_1_299' title='bbox 1205 2305 1299 2338; x_wconf 85' lang='lat' dir='ltr'>adde-</span> 
     </span>
     <span class='ocr_line' id='line_1_44' title="bbox 338 2357 1300 2401; baseline -0.004 -6"><span class='ocrx_word' id='word_1_300' title='bbox 338 2363 422 2395; x_wconf 91' lang='lat' dir='ltr'>bant.</span> <span class='ocrx_word' id='word_1_301' title='bbox 446 2380 490 2385; x_wconf 93' lang='lat'>—</span> <span class='ocrx_word' id='word_1_302' title='bbox 515 2361 550 2393; x_wconf 89' lang='lat' dir='ltr'>Et</span> <span class='ocrx_word' id='word_1_303' title='bbox 582 2360 650 2393; x_wconf 91' lang='lat' dir='ltr'>ideo</span> <span class='ocrx_word' id='word_1_304' title='bbox 682 2360 787 2392; x_wconf 87' lang='lat' dir='ltr'>addit:</span> <span class='ocrx_word' id='word_1_305' title='bbox 821 2360 1013 2392; x_wconf 79' lang='lat' dir='ltr'>Accedentes</span> <span class='ocrx_word' id='word_1_306' title='bbox 1037 2363 1065 2391; x_wconf 85' lang='lat' dir='ltr'>el</span> <span class='ocrx_word' id='word_1_307' title='bbox 1089 2363 1219 2392; x_wconf 84' lang='lat' dir='ltr'>acetum</span> <span class='ocrx_word' id='word_1_308' title='bbox 1250 2357 1300 2401; x_wconf 81' lang='lat' dir='ltr'>of-</span> 
     </span>
     <span class='ocr_line' id='line_1_45' title="bbox 339 2412 1300 2458; baseline -0.004 -10"><span class='ocrx_word' id='word_1_309' title='bbox 339 2415 479 2458; x_wconf 78' lang='lat' dir='ltr'>ferentes</span> <span class='ocrx_word' id='word_1_310' title='bbox 501 2414 566 2446; x_wconf 85' lang='lat' dir='ltr'>ei⁷.</span> <span class='ocrx_word' id='word_1_311' title='bbox 592 2413 714 2446; x_wconf 85' lang='lat' dir='ltr'>Dicitur</span> <span class='ocrx_word' id='word_1_312' title='bbox 745 2416 851 2445; x_wconf 90' lang='lat' dir='ltr'>autem</span> <span class='ocrx_word' id='word_1_313' title='bbox 887 2412 1033 2450; x_wconf 82' lang='lat' dir='ltr'>Matthaei</span> <span class='ocrx_word' id='word_1_314' title='bbox 1070 2412 1220 2454; x_wconf 89' lang='lat' dir='ltr'>vigesimo</span> <span class='ocrx_word' id='word_1_315' title='bbox 1252 2420 1300 2444; x_wconf 93' lang='lat' dir='ltr'>se-</span> 
     </span>
     <span class='ocr_line' id='line_1_46' title="bbox 340 2465 1299 2510; baseline -0.004 -9"><span class='ocrx_word' id='word_1_316' title='bbox 340 2469 454 2510; x_wconf 88' lang='lat' dir='ltr'>ptimo,</span> <span class='ocrx_word' id='word_1_317' title='bbox 479 2467 563 2510; x_wconf 85' lang='lat' dir='ltr'>quod</span> <span class='ocrx_word' id='word_1_318' title='bbox 592 2479 606 2495; x_wconf 89' lang='lat'>«</span> <span class='ocrx_word' id='word_1_319' title='bbox 623 2466 778 2499; x_wconf 89' lang='lat' dir='ltr'>dederunt</span> <span class='ocrx_word' id='word_1_320' title='bbox 802 2466 829 2498; x_wconf 93' lang='lat' dir='ltr'>ei</span> <span class='ocrx_word' id='word_1_321' title='bbox 854 2465 963 2498; x_wconf 86' lang='lat' dir='ltr'>bibere</span> <span class='ocrx_word' id='word_1_322' title='bbox 986 2466 1105 2500; x_wconf 85' lang='lat' dir='ltr'>vinum</span> <span class='ocrx_word' id='word_1_323' title='bbox 1130 2474 1203 2498; x_wconf 90' lang='lat' dir='ltr'>cum</span> <span class='ocrx_word' id='word_1_324' title='bbox 1227 2465 1299 2497; x_wconf 84' lang='lat' dir='ltr'>felle</span> 
     </span>
    </p>
   </div>
   <div class='ocr_carea' id='block_1_8' title="bbox 342 2630 1308 3499">
    <p class='ocr_par' dir='ltr' id='par_1_9' title="bbox 342 2630 1300 2708">
     <span class='ocr_line' id='line_1_47' title="bbox 412 2630 1300 2663; baseline -0.002 -6"><span class='ocrx_word' id='word_1_325' title='bbox 412 2631 420 2646; x_wconf 89' lang='lat'>¹</span> <span class='ocrx_word' id='word_1_326' title='bbox 441 2634 524 2657; x_wconf 85' lang='lat' dir='ltr'>Serm.</span> <span class='ocrx_word' id='word_1_327' title='bbox 545 2632 569 2657; x_wconf 92' lang='lat' dir='ltr'>in</span> <span class='ocrx_word' id='word_1_328' title='bbox 588 2632 631 2657; x_wconf 91' lang='lat' dir='ltr'>die</span> <span class='ocrx_word' id='word_1_329' title='bbox 650 2634 739 2656; x_wconf 84' lang='lat' dir='ltr'>sancto</span> <span class='ocrx_word' id='word_1_330' title='bbox 759 2632 886 2661; x_wconf 79' lang='lat' dir='ltr'>Paschae,</span> <span class='ocrx_word' id='word_1_331' title='bbox 901 2638 926 2656; x_wconf 94' lang='lat' dir='ltr'>n.</span> <span class='ocrx_word' id='word_1_332' title='bbox 945 2632 968 2656; x_wconf 78' lang='grc'>1.</span> <span class='ocrx_word' id='word_1_333' title='bbox 981 2638 1035 2663; x_wconf 88' lang='lat' dir='ltr'>seq.</span> <span class='ocrx_word' id='word_1_334' title='bbox 1051 2631 1148 2656; x_wconf 90' lang='lat' dir='ltr'>Textus</span> <span class='ocrx_word' id='word_1_335' title='bbox 1166 2630 1300 2663; x_wconf 81' lang='lat' dir='ltr'>originalis</span> 
     </span>
     <span class='ocr_line' id='line_1_48' title="bbox 342 2675 728 2708; baseline -0.005 -6"><span class='ocrx_word' id='word_1_336' title='bbox 342 2677 401 2702; x_wconf 89' lang='lat' dir='ltr'>hinc</span> <span class='ocrx_word' id='word_1_337' title='bbox 420 2677 480 2702; x_wconf 85' lang='lat' dir='ltr'>inde</span> <span class='ocrx_word' id='word_1_338' title='bbox 499 2677 572 2708; x_wconf 83' lang='lat' dir='ltr'>plura</span> <span class='ocrx_word' id='word_1_339' title='bbox 592 2675 728 2701; x_wconf 80' lang='lat' dir='ltr'>interserit.</span> 
     </span>
    </p>

    <p class='ocr_par' dir='ltr' id='par_1_10' title="bbox 343 2718 1303 2928">
     <span class='ocr_line' id='line_1_49' title="bbox 413 2718 1302 2751; baseline -0.001 -6"><span class='ocrx_word' id='word_1_340' title='bbox 413 2720 422 2734; x_wconf 78' lang='lat'>²</span> <span class='ocrx_word' id='word_1_341' title='bbox 443 2721 519 2745; x_wconf 79' lang='lat' dir='ltr'>Marc.</span> <span class='ocrx_word' id='word_1_342' title='bbox 542 2720 588 2750; x_wconf 82' lang='grc'>15,</span> <span class='ocrx_word' id='word_1_343' title='bbox 608 2720 651 2744; x_wconf 84' lang='lat'>32.</span> <span class='ocrx_word' id='word_1_344' title='bbox 679 2720 775 2744; x_wconf 85' lang='lat' dir='ltr'>Textus</span> <span class='ocrx_word' id='word_1_345' title='bbox 803 2719 951 2750; x_wconf 84' lang='lat' dir='ltr'>originalis:</span> <span class='ocrx_word' id='word_1_346' title='bbox 981 2718 1050 2751; x_wconf 86' lang='lat' dir='ltr'>Quid</span> <span class='ocrx_word' id='word_1_347' title='bbox 1069 2725 1162 2744; x_wconf 88' lang='lat' dir='ltr'>verum</span> <span class='ocrx_word' id='word_1_348' title='bbox 1188 2718 1302 2744; x_wconf 79' lang='lat' dir='ltr'>hominis</span> 
     </span>
     <span class='ocr_line' id='line_1_50' title="bbox 343 2752 1302 2795; baseline -0.002 -7"><span class='ocrx_word' id='word_1_349' title='bbox 343 2767 421 2795; x_wconf 86' lang='lat' dir='ltr'>caput</span> <span class='ocrx_word' id='word_1_350' title='bbox 439 2763 571 2789; x_wconf 86' lang='lat' dir='ltr'>Christum</span> <span class='ocrx_word' id='word_1_351' title='bbox 591 2762 741 2794; x_wconf 81' lang='lat' dir='ltr'>exagitabas</span> <span class='ocrx_word' id='word_1_352' title='bbox 760 2762 910 2794; x_wconf 88' lang='lat' dir='ltr'>opprobriis</span> <span class='ocrx_word' id='word_1_353' title='bbox 931 2761 966 2795; x_wconf 92' lang='lat' dir='ltr'>[in</span> <span class='ocrx_word' id='word_1_354' title='bbox 996 2752 1056 2787; x_wconf 78' lang='lat' dir='ltr'>nota</span> <span class='ocrx_word' id='word_1_355' title='bbox 1081 2762 1181 2787; x_wconf 86' lang='lat' dir='ltr'>adiecta</span> <span class='ocrx_word' id='word_1_356' title='bbox 1200 2761 1302 2787; x_wconf 84' lang='lat' dir='ltr'>exhibe-</span> 
     </span>
     <span class='ocr_line' id='line_1_51' title="bbox 344 2805 1301 2840; baseline -0.003 -7"><span class='ocrx_word' id='word_1_357' title='bbox 344 2812 384 2833; x_wconf 88' lang='lat' dir='ltr'>tur</span> <span class='ocrx_word' id='word_1_358' title='bbox 404 2808 478 2833; x_wconf 87' lang='lat' dir='ltr'>lectio</span> <span class='ocrx_word' id='word_1_359' title='bbox 498 2807 576 2833; x_wconf 84' lang='lat' dir='ltr'>codd.</span> <span class='ocrx_word' id='word_1_360' title='bbox 595 2806 775 2840; x_wconf 75' lang='lat' dir='ltr'>nostrorumJ?</span> <span class='ocrx_word' id='word_1_361' title='bbox 796 2806 933 2837; x_wconf 69' lang='lat' dir='ltr'>Christus,</span> <span class='ocrx_word' id='word_1_362' title='bbox 955 2806 1050 2838; x_wconf 88' lang='lat' dir='ltr'>iuquit,</span> <span class='ocrx_word' id='word_1_363' title='bbox 1078 2812 1130 2831; x_wconf 78' lang='lat' dir='ltr'>rea·</span> <span class='ocrx_word' id='word_1_364' title='bbox 1150 2805 1235 2832; x_wconf 76' lang='lat' dir='ltr'>Israel</span> <span class='ocrx_word' id='word_1_365' title='bbox 1261 2805 1301 2831; x_wconf 85' lang='lat' dir='ltr'>de-</span> 
     </span>
     <span class='ocr_line' id='line_1_52' title="bbox 343 2849 1303 2882; baseline -0.003 -5"><span class='ocrx_word' id='word_1_366' title='bbox 343 2851 453 2878; x_wconf 74' lang='lat' dir='ltr'>scendat</span> <span class='ocrx_word' id='word_1_367' title='bbox 476 2851 506 2877; x_wconf 68' lang='lat' dir='ltr'>(lc</span> <span class='ocrx_word' id='word_1_368' title='bbox 534 2858 622 2877; x_wconf 79' lang='lat' dir='ltr'>cruce.</span> <span class='ocrx_word' id='word_1_369' title='bbox 643 2865 678 2869; x_wconf 97' lang='lat'><strong>—</strong></span> <span class='ocrx_word' id='word_1_370' title='bbox 698 2851 804 2876; x_wconf 82' lang='lat' dir='ltr'>Inferius</span> <span class='ocrx_word' id='word_1_371' title='bbox 829 2851 966 2882; x_wconf 86' lang='lat' dir='ltr'>respicitur</span> <span class='ocrx_word' id='word_1_372' title='bbox 986 2851 1055 2875; x_wconf 85' lang='lat' dir='ltr'>loan.</span> <span class='ocrx_word' id='word_1_373' title='bbox 1081 2850 1111 2880; x_wconf 85' lang='lat'>8,</span> <span class='ocrx_word' id='word_1_374' title='bbox 1132 2849 1177 2875; x_wconf 88' lang='lat'>44:</span> <span class='ocrx_word' id='word_1_375' title='bbox 1198 2850 1240 2874; x_wconf 92' lang='lat' dir='ltr'>Ille</span> <span class='ocrx_word' id='word_1_376' title='bbox 1260 2850 1303 2874; x_wconf 84' lang='lat' dir='ltr'>lio·</span> 
     </span>
     <span class='ocr_line' id='line_1_53' title="bbox 345 2895 1025 2928; baseline -0.003 -7"><span class='ocrx_word' id='word_1_377' title='bbox 345 2896 439 2922; x_wconf 86' lang='lat' dir='ltr'>micida</span> <span class='ocrx_word' id='word_1_378' title='bbox 459 2899 515 2921; x_wconf 85' lang='lat' dir='ltr'>erat</span> <span class='ocrx_word' id='word_1_379' title='bbox 534 2895 567 2920; x_wconf 87' lang='lat' dir='ltr'>ab</span> <span class='ocrx_word' id='word_1_380' title='bbox 588 2895 685 2920; x_wconf 84' lang='lat' dir='ltr'>initio...</span> <span class='ocrx_word' id='word_1_381' title='bbox 705 2895 766 2928; x_wconf 82' lang='lat' dir='ltr'>quia</span> <span class='ocrx_word' id='word_1_382' title='bbox 787 2895 899 2920; x_wconf 79' lang='lat' dir='ltr'>mendax</span> <span class='ocrx_word' id='word_1_383' title='bbox 919 2897 957 2920; x_wconf 82' lang='lat' dir='ltr'>est</span> <span class='ocrx_word' id='word_1_384' title='bbox 976 2899 1025 2919; x_wconf 86' lang='lat' dir='ltr'>etc.</span> 
     </span>
    </p>

    <p class='ocr_par' dir='ltr' id='par_1_11' title="bbox 345 2937 1304 3058">
     <span class='ocr_line' id='line_1_54' title="bbox 416 2937 1304 2971; baseline -0.003 -6"><span class='ocrx_word' id='word_1_385' title='bbox 416 2939 426 2953; x_wconf 85' lang='lat'>³</span> <span class='ocrx_word' id='word_1_386' title='bbox 446 2940 500 2967; x_wconf 85' lang='lat' dir='ltr'>lsai.</span> <span class='ocrx_word' id='word_1_387' title='bbox 521 2940 550 2970; x_wconf 79' lang='lat'>9,</span> <span class='ocrx_word' id='word_1_388' title='bbox 571 2940 600 2964; x_wconf 82' lang='lat'>6:</span> <span class='ocrx_word' id='word_1_389' title='bbox 621 2939 781 2971; x_wconf 85' lang='lat' dir='ltr'>Principatus</span> <span class='ocrx_word' id='word_1_390' title='bbox 801 2945 880 2970; x_wconf 90' lang='lat' dir='ltr'>super</span> <span class='ocrx_word' id='word_1_391' title='bbox 907 2939 1045 2963; x_wconf 88' lang='lat' dir='ltr'>humerum</span> <span class='ocrx_word' id='word_1_392' title='bbox 1068 2937 1134 2963; x_wconf 85' lang='grc'>61115.</span> <span class='ocrx_word' id='word_1_393' title='bbox 1152 2950 1187 2958; x_wconf 84' lang='lat'>-·-</span> <span class='ocrx_word' id='word_1_394' title='bbox 1207 2937 1232 2966; x_wconf 90' lang='lat' dir='ltr'>ln</span> <span class='ocrx_word' id='word_1_395' title='bbox 1253 2937 1304 2962; x_wconf 85' lang='lat' dir='ltr'>ssnc</span> 
     </span>
     <span class='ocr_line' id='line_1_55' title="bbox 345 2981 1304 3015; baseline -0.004 -6"><span class='ocrx_word' id='word_1_396' title='bbox 345 2984 470 3015; x_wconf 78' lang='lat' dir='ltr'>allegatur</span> <span class='ocrx_word' id='word_1_397' title='bbox 490 2984 576 3009; x_wconf 84' lang='lat' dir='ltr'>Matth.</span> <span class='ocrx_word' id='word_1_398' title='bbox 596 2983 643 3014; x_wconf 86' lang='lat'>24,</span> <span class='ocrx_word' id='word_1_399' title='bbox 676 2984 718 3008; x_wconf 83' lang='lat'>13:</span> <span class='ocrx_word' id='word_1_400' title='bbox 745 2983 793 3015; x_wconf 85' lang='lat' dir='ltr'>Qui</span> <span class='ocrx_word' id='word_1_401' title='bbox 823 2986 910 3008; x_wconf 85' lang='lat' dir='ltr'>autem</span> <span class='ocrx_word' id='word_1_402' title='bbox 939 2981 1147 3014; x_wconf 76' lang='lat' dir='ltr'>perseveraverit</span> <span class='ocrx_word' id='word_1_403' title='bbox 1175 2981 1304 3013; x_wconf 87' lang='lat' dir='ltr'>usquein</span> 
     </span>
     <span class='ocr_line' id='line_1_56' title="bbox 345 3028 682 3058; baseline -0.006 -4"><span class='ocrx_word' id='word_1_404' title='bbox 345 3028 438 3058; x_wconf 72' lang='lat' dir='ltr'>finem,</span> <span class='ocrx_word' id='word_1_405' title='bbox 458 3029 499 3053; x_wconf 88' lang='lat' dir='ltr'>hic</span> <span class='ocrx_word' id='word_1_406' title='bbox 518 3029 607 3053; x_wconf 80' lang='lat' dir='ltr'>salvus</span> <span class='ocrx_word' id='word_1_407' title='bbox 626 3028 682 3053; x_wconf 89' lang='lat' dir='ltr'>erit.</span> 
     </span>
    </p>

    <p class='ocr_par' dir='ltr' id='par_1_12' title="bbox 416 3072 655 3098">
     <span class='ocr_line' id='line_1_57' title="bbox 416 3072 655 3098; baseline 0 -1"><span class='ocrx_word' id='word_1_408' title='bbox 416 3072 426 3086; x_wconf 78' lang='lat'><strong>⁴</strong></span> <span class='ocrx_word' id='word_1_409' title='bbox 448 3073 521 3098; x_wconf 90' lang='lat' dir='ltr'>Vers.</span> <span class='ocrx_word' id='word_1_410' title='bbox 543 3073 567 3097; x_wconf 92' lang='lat'>2.</span> <span class='ocrx_word' id='word_1_411' title='bbox 587 3075 612 3097; x_wconf 89' lang='lat' dir='ltr'>et</span> <span class='ocrx_word' id='word_1_412' title='bbox 632 3073 655 3097; x_wconf 81' lang='lat'>3.</span> 
     </span>
    </p>

    <p class='ocr_par' dir='ltr' id='par_1_13' title="bbox 416 3116 889 3147">
     <span class='ocr_line' id='line_1_58' title="bbox 416 3116 889 3147; baseline -0.002 -5"><span class='ocrx_word' id='word_1_413' title='bbox 416 3117 427 3131; x_wconf 72' lang='lat'>⁵</span> <span class='ocrx_word' id='word_1_414' title='bbox 448 3117 519 3142; x_wconf 85' lang='lat' dir='ltr'>Vers.</span> <span class='ocrx_word' id='word_1_415' title='bbox 541 3118 582 3142; x_wconf 85' lang='grc'>63.</span> <span class='ocrx_word' id='word_1_416' title='bbox 603 3119 627 3142; x_wconf 88' lang='lat' dir='ltr'>ct</span> <span class='ocrx_word' id='word_1_417' title='bbox 647 3117 759 3142; x_wconf 84' lang='lat' dir='ltr'>subinde</span> <span class='ocrx_word' id='word_1_418' title='bbox 780 3117 826 3147; x_wconf 85' lang='lat'>23,</span> <span class='ocrx_word' id='word_1_419' title='bbox 849 3116 889 3141; x_wconf 68' lang='grc'>’11.</span> 
     </span>
    </p>

    <p class='ocr_par' dir='ltr' id='par_1_14' title="bbox 346 3158 1307 3413">
     <span class='ocr_line' id='line_1_59' title="bbox 416 3158 1304 3193; baseline -0.003 -7"><span class='ocrx_word' id='word_1_420' title='bbox 416 3160 427 3175; x_wconf 73' lang='lat'>⁴³</span> <span class='ocrx_word' id='word_1_421' title='bbox 446 3161 521 3186; x_wconf 77' lang='lat' dir='ltr'>Vers.</span> <span class='ocrx_word' id='word_1_422' title='bbox 541 3162 570 3192; x_wconf 87' lang='lat'>2,</span> <span class='ocrx_word' id='word_1_423' title='bbox 590 3164 649 3192; x_wconf 87' lang='lat' dir='ltr'>post</span> <span class='ocrx_word' id='word_1_424' title='bbox 668 3168 747 3193; x_wconf 84' lang='lat' dir='ltr'>quem</span> <span class='ocrx_word' id='word_1_425' title='bbox 768 3160 816 3192; x_wconf 80' lang='lat'>57,</span> <span class='ocrx_word' id='word_1_426' title='bbox 842 3160 865 3185; x_wconf 87' lang='lat'>4.</span> <span class='ocrx_word' id='word_1_427' title='bbox 894 3160 1034 3192; x_wconf 88' lang='lat' dir='ltr'>Triplicom</span> <span class='ocrx_word' id='word_1_428' title='bbox 1064 3160 1130 3184; x_wconf 86' lang='lat' dir='ltr'>hanc</span> <span class='ocrx_word' id='word_1_429' title='bbox 1159 3158 1304 3184; x_wconf 86' lang='lat' dir='ltr'>illusionem</span> 
     </span>
     <span class='ocr_line' id='line_1_60' title="bbox 346 3202 1305 3236; baseline -0.002 -7"><span class='ocrx_word' id='word_1_430' title='bbox 346 3205 423 3230; x_wconf 79' lang='lat' dir='ltr'>refert</span> <span class='ocrx_word' id='word_1_431' title='bbox 441 3205 518 3229; x_wconf 89' lang='lat' dir='ltr'>etiam</span> <span class='ocrx_word' id='word_1_432' title='bbox 538 3203 615 3229; x_wconf 91' lang='lat' dir='ltr'>Card.</span> <span class='ocrx_word' id='word_1_433' title='bbox 634 3205 711 3235; x_wconf 79' lang='lat' dir='ltr'>Ilugo</span> <span class='ocrx_word' id='word_1_434' title='bbox 732 3204 767 3236; x_wconf 91' lang='lat' dir='ltr'>(in</span> <span class='ocrx_word' id='word_1_435' title='bbox 787 3205 846 3229; x_wconf 88' lang='lat' dir='ltr'>Luc.</span> <span class='ocrx_word' id='word_1_436' title='bbox 868 3204 916 3234; x_wconf 84' lang='lat'>23,</span> <span class='ocrx_word' id='word_1_437' title='bbox 936 3203 989 3232; x_wconf 72' lang='grc'>36.)</span> <span class='ocrx_word' id='word_1_438' title='bbox 1010 3206 1035 3228; x_wconf 90' lang='lat' dir='ltr'>et</span> <span class='ocrx_word' id='word_1_439' title='bbox 1055 3202 1187 3233; x_wconf 79' lang='lat' dir='ltr'>adiungit:</span> <span class='ocrx_word' id='word_1_440' title='bbox 1206 3203 1235 3227; x_wconf 88' lang='lat' dir='ltr'>Et</span> <span class='ocrx_word' id='word_1_441' title='bbox 1248 3209 1305 3233; x_wconf 87' lang='lat' dir='ltr'>pro-</span> 
     </span>
     <span class='ocr_line' id='line_1_61' title="bbox 347 3247 1304 3280; baseline -0.002 -7"><span class='ocrx_word' id='word_1_442' title='bbox 347 3251 404 3280; x_wconf 86' lang='lat' dir='ltr'>pter</span> <span class='ocrx_word' id='word_1_443' title='bbox 424 3249 489 3273; x_wconf 87' lang='lat' dir='ltr'>hanc</span> <span class='ocrx_word' id='word_1_444' title='bbox 509 3248 635 3279; x_wconf 86' lang='lat' dir='ltr'>triplicem</span> <span class='ocrx_word' id='word_1_445' title='bbox 656 3248 801 3273; x_wconf 79' lang='lat' dir='ltr'>illusionem</span> <span class='ocrx_word' id='word_1_446' title='bbox 822 3247 923 3273; x_wconf 81' lang='lat' dir='ltr'>Christo</span> <span class='ocrx_word' id='word_1_447' title='bbox 944 3247 1037 3272; x_wconf 79' lang='lat' dir='ltr'>illatam</span> <span class='ocrx_word' id='word_1_448' title='bbox 1059 3247 1149 3278; x_wconf 86' lang='lat' dir='ltr'>triplex</span> <span class='ocrx_word' id='word_1_449' title='bbox 1170 3247 1252 3274; x_wconf 83' lang='lat' dir='ltr'>honor</span> <span class='ocrx_word' id='word_1_450' title='bbox 1265 3253 1304 3271; x_wconf 87' lang='lat' dir='ltr'>ex-</span> 
     </span>
     <span class='ocr_line' id='line_1_62' title="bbox 348 3289 1306 3323; baseline -0.002 -6"><span class='ocrx_word' id='word_1_451' title='bbox 348 3291 450 3317; x_wconf 86' lang='lat' dir='ltr'>hibetur</span> <span class='ocrx_word' id='word_1_452' title='bbox 470 3293 491 3317; x_wconf 90' lang='lat' dir='ltr'>ci</span> <span class='ocrx_word' id='word_1_453' title='bbox 514 3292 538 3317; x_wconf 94' lang='lat' dir='ltr'>in</span> <span class='ocrx_word' id='word_1_454' title='bbox 557 3292 599 3317; x_wconf 87' lang='lat' dir='ltr'>die</span> <span class='ocrx_word' id='word_1_455' title='bbox 618 3293 762 3318; x_wconf 79' lang='lat' dir='ltr'>Parasceve</span> <span class='ocrx_word' id='word_1_456' title='bbox 782 3292 847 3317; x_wconf 88' lang='lat' dir='ltr'>trina</span> <span class='ocrx_word' id='word_1_457' title='bbox 876 3291 1059 3323; x_wconf 82' lang='lat' dir='ltr'>genuflexione</span> <span class='ocrx_word' id='word_1_458' title='bbox 1086 3293 1111 3316; x_wconf 89' lang='lat' dir='ltr'>et</span> <span class='ocrx_word' id='word_1_459' title='bbox 1139 3290 1203 3316; x_wconf 88' lang='lat' dir='ltr'>trina</span> <span class='ocrx_word' id='word_1_460' title='bbox 1222 3289 1306 3315; x_wconf 88' lang='lat' dir='ltr'>laudis</span> 
     </span>
     <span class='ocr_line' id='line_1_63' title="bbox 347 3334 1307 3369; baseline -0.001 -8"><span class='ocrx_word' id='word_1_461' title='bbox 347 3336 535 3362; x_wconf 85' lang='lat' dir='ltr'>decantatione.</span> <span class='ocrx_word' id='word_1_462' title='bbox 555 3350 591 3355; x_wconf 97' lang='lat'><strong>—</strong></span> <span class='ocrx_word' id='word_1_463' title='bbox 610 3336 718 3361; x_wconf 83' lang='lat' dir='ltr'>Inferius</span> <span class='ocrx_word' id='word_1_464' title='bbox 738 3343 786 3367; x_wconf 93' lang='lat' dir='ltr'>pro</span> <span class='ocrx_word' id='word_1_465' title='bbox 806 3335 955 3369; x_wconf 84' lang='lat' dir='ltr'>spernendo</span> <span class='ocrx_word' id='word_1_466' title='bbox 976 3335 1022 3368; x_wconf 86' lang='lat' dir='ltr'>(ita</span> <span class='ocrx_word' id='word_1_467' title='bbox 1041 3334 1060 3361; x_wconf 90' lang='lat' dir='ltr'>C</span> <span class='ocrx_word' id='word_1_468' title='bbox 1073 3335 1134 3367; x_wconf 90' lang='lat' dir='ltr'>DII)</span> <span class='ocrx_word' id='word_1_469' title='bbox 1156 3335 1214 3360; x_wconf 89' lang='lat' dir='ltr'>Vat.</span> <span class='ocrx_word' id='word_1_470' title='bbox 1234 3342 1307 3368; x_wconf 83' lang='lat' dir='ltr'>sper-</span> 
     </span>
     <span class='ocr_line' id='line_1_64' title="bbox 347 3379 937 3413; baseline -0.002 -7"><span class='ocrx_word' id='word_1_471' title='bbox 347 3380 483 3411; x_wconf 79' lang='lat' dir='ltr'>namlam,</span> <span class='ocrx_word' id='word_1_472' title='bbox 502 3383 527 3405; x_wconf 87' lang='lat' dir='ltr'>et</span> <span class='ocrx_word' id='word_1_473' title='bbox 546 3380 660 3405; x_wconf 85' lang='lat' dir='ltr'>subinde</span> <span class='ocrx_word' id='word_1_474' title='bbox 679 3380 699 3405; x_wconf 90' lang='lat' dir='ltr'>D</span> <span class='ocrx_word' id='word_1_475' title='bbox 718 3380 812 3405; x_wconf 85' lang='lat' dir='ltr'>omittit</span> <span class='ocrx_word' id='word_1_476' title='bbox 830 3379 937 3413; x_wconf 78' lang='lat' dir='ltr'>afflicto.</span> 
     </span>
    </p>

    <p class='ocr_par' dir='ltr' id='par_1_15' title="bbox 355 3422 1308 3499">
     <span class='ocr_line' id='line_1_65' title="bbox 419 3422 1306 3456; baseline -0.001 -7"><span class='ocrx_word' id='word_1_477' title='bbox 419 3422 428 3437; x_wconf 98' lang='lat'>⁷</span> <span class='ocrx_word' id='word_1_478' title='bbox 449 3424 532 3450; x_wconf 86' lang='lat' dir='ltr'>Codd.</span> <span class='ocrx_word' id='word_1_479' title='bbox 551 3423 664 3449; x_wconf 84' lang='lat' dir='ltr'>CDGII</span> <span class='ocrx_word' id='word_1_480' title='bbox 684 3423 727 3450; x_wconf 84' lang='lat' dir='ltr'>ori</span> <span class='ocrx_word' id='word_1_481' title='bbox 745 3423 801 3450; x_wconf 84' lang='lat' dir='ltr'>eius</span> <span class='ocrx_word' id='word_1_482' title='bbox 822 3423 866 3453; x_wconf 90' lang='lat' dir='ltr'>(ita</span> <span class='ocrx_word' id='word_1_483' title='bbox 896 3423 973 3449; x_wconf 87' lang='lat' dir='ltr'>ctiam</span> <span class='ocrx_word' id='word_1_484' title='bbox 993 3423 1151 3456; x_wconf 86' lang='lat' dir='ltr'>Gorranus);</span> <span class='ocrx_word' id='word_1_485' title='bbox 1172 3424 1218 3448; x_wconf 78' lang='lat' dir='ltr'>cfr.</span> <span class='ocrx_word' id='word_1_486' title='bbox 1238 3424 1306 3448; x_wconf 86' lang='lat' dir='ltr'>loau.</span> 
     </span>
     <span class='ocr_line' id='line_1_66' title="bbox 355 3463 1308 3499; baseline 0 -7"><span class='ocrx_word' id='word_1_487' title='bbox 355 3468 396 3498; x_wconf 84' lang='grc'>19,</span> <span class='ocrx_word' id='word_1_488' title='bbox 419 3468 465 3493; x_wconf 82' lang='lat'>29:</span> <span class='ocrx_word' id='word_1_489' title='bbox 485 3467 639 3494; x_wconf 88' lang='lat' dir='ltr'>Obtulerunt</span> <span class='ocrx_word' id='word_1_490' title='bbox 659 3468 697 3493; x_wconf 88' lang='lat' dir='ltr'>ori</span> <span class='ocrx_word' id='word_1_491' title='bbox 717 3468 782 3493; x_wconf 82' lang='lat' dir='ltr'>eius.</span> <span class='ocrx_word' id='word_1_492' title='bbox 801 3481 836 3487; x_wconf 90' lang='lat'>--</span> <span class='ocrx_word' id='word_1_493' title='bbox 855 3468 912 3493; x_wconf 92' lang='lat' dir='ltr'>Duo</span> <span class='ocrx_word' id='word_1_494' title='bbox 931 3467 1039 3493; x_wconf 83' lang='lat' dir='ltr'>inferius</span> <span class='ocrx_word' id='word_1_495' title='bbox 1058 3463 1160 3499; x_wconf 80' lang='lat' dir='ltr'>allegati</span> <span class='ocrx_word' id='word_1_496' title='bbox 1180 3467 1227 3493; x_wconf 90' lang='lat' dir='ltr'>loci</span> <span class='ocrx_word' id='word_1_497' title='bbox 1248 3470 1308 3492; x_wconf 90' lang='lat' dir='ltr'>sunt</span> 
     </span>
    </p>
   </div>
   <div class='ocr_carea' id='block_1_9' title="bbox 1332 2678 1342 3443">
    <p class='ocr_par' dir='ltr' id='par_1_16' title="bbox 1332 2678 1342 3443">
     <span class='ocr_line' id='line_1_67' title="bbox 1332 2678 1342 3443; baseline 0 0"><span class='ocrx_word' id='word_1_498' title='bbox 1332 2678 1342 3443; x_wconf 95' lang='lat' dir='ltr'> </span> 
     </span>
    </p>
   </div>
   <div class='ocr_carea' id='block_1_10' title="bbox 902 302 1740 338">
    <p class='ocr_par' dir='ltr' id='par_1_17' title="bbox 902 302 1740 338">
     <span class='ocr_line' id='line_1_68' title="bbox 902 302 1740 338; baseline -0.005 0"><span class='ocrx_word' id='word_1_499' title='bbox 902 306 1094 338; x_wconf 89' lang='lat' dir='ltr'>COMMENT.</span> <span class='ocrx_word' id='word_1_500' title='bbox 1121 305 1157 338; x_wconf 92' lang='lat' dir='ltr'>IN</span> <span class='ocrx_word' id='word_1_501' title='bbox 1180 304 1418 337; x_wconf 82' lang='lat' dir='ltr'>EVANGELIUM</span> <span class='ocrx_word' id='word_1_502' title='bbox 1443 303 1560 337; x_wconf 70' lang='lat' dir='ltr'>LUCAE</span> <span class='ocrx_word' id='word_1_503' title='bbox 1583 303 1615 336; x_wconf 92' lang='lat' dir='ltr'>C.</span> <span class='ocrx_word' id='word_1_504' title='bbox 1641 302 1740 335; x_wconf 87' lang='lat' dir='ltr'>XXIII.</span> 
     </span>
    </p>
   </div>
   <div class='ocr_carea' id='block_1_11' title="bbox 1351 389 2318 1018">
    <p class='ocr_par' dir='ltr' id='par_1_18' title="bbox 1351 389 2318 1018">
     <span class='ocr_line' id='line_1_69' title="bbox 1351 389 2314 432; baseline -0.003 -7"><span class='ocrx_word' id='word_1_505' title='bbox 1351 392 1487 427; x_wconf 85' lang='lat' dir='ltr'>mixtum</span> <span class='ocrx_word' id='word_1_506' title='bbox 1505 406 1536 431; x_wconf 87' lang='lat'>»,</span> <span class='ocrx_word' id='word_1_507' title='bbox 1561 392 1654 424; x_wconf 90' lang='lat' dir='ltr'>Marci</span> <span class='ocrx_word' id='word_1_508' title='bbox 1678 391 1799 424; x_wconf 90' lang='lat' dir='ltr'>decimo</span> <span class='ocrx_word' id='word_1_509' title='bbox 1823 390 1944 432; x_wconf 89' lang='lat' dir='ltr'>quinto.</span> <span class='ocrx_word' id='word_1_510' title='bbox 1971 390 2023 429; x_wconf 88' lang='lat' dir='ltr'>Et,</span> <span class='ocrx_word' id='word_1_511' title='bbox 2048 393 2084 423; x_wconf 88' lang='lat' dir='ltr'>ut</span> <span class='ocrx_word' id='word_1_512' title='bbox 2107 389 2182 423; x_wconf 87' lang='lat' dir='ltr'>dicit</span> <span class='ocrx_word' id='word_1_513' title='bbox 2210 390 2314 431; x_wconf 83' lang='lat' dir='ltr'>Augu-</span> 
     </span>
     <span class='ocr_line' id='line_1_70' title="bbox 1351 443 2315 486; baseline -0.003 -8"><span class='ocrx_word' id='word_1_514' title='bbox 1351 445 1453 478; x_wconf 87' lang='lat' dir='ltr'>stinus</span> <span class='ocrx_word' id='word_1_515' title='bbox 1465 445 1489 484; x_wconf 78' lang='lat'>⁸,</span> <span class='ocrx_word' id='word_1_516' title='bbox 1514 445 1662 478; x_wconf 84' lang='lat' dir='ltr'>credibile</span> <span class='ocrx_word' id='word_1_517' title='bbox 1686 448 1751 483; x_wconf 88' lang='lat' dir='ltr'>est,</span> <span class='ocrx_word' id='word_1_518' title='bbox 1775 443 1860 486; x_wconf 84' lang='lat' dir='ltr'>quod</span> <span class='ocrx_word' id='word_1_519' title='bbox 1884 444 1916 476; x_wconf 91' lang='lat' dir='ltr'>iu</span> <span class='ocrx_word' id='word_1_520' title='bbox 1940 443 2049 476; x_wconf 89' lang='lat' dir='ltr'>vinum</span> <span class='ocrx_word' id='word_1_521' title='bbox 2073 446 2233 476; x_wconf 89' lang='lat' dir='ltr'>acetosum</span> <span class='ocrx_word' id='word_1_522' title='bbox 2257 443 2315 476; x_wconf 90' lang='lat' dir='ltr'>im-</span> 
     </span>
     <span class='ocr_line' id='line_1_71' title="bbox 1351 496 2315 539; baseline -0.002 -9"><span class='ocrx_word' id='word_1_523' title='bbox 1351 498 1495 531; x_wconf 88' lang='lat' dir='ltr'>miserint</span> <span class='ocrx_word' id='word_1_524' title='bbox 1519 498 1621 531; x_wconf 86' lang='lat' dir='ltr'>Iudaei</span> <span class='ocrx_word' id='word_1_525' title='bbox 1646 498 1687 531; x_wconf 82' lang='lat' dir='ltr'>fel</span> <span class='ocrx_word' id='word_1_526' title='bbox 1711 501 1741 530; x_wconf 88' lang='lat' dir='ltr'>et</span> <span class='ocrx_word' id='word_1_527' title='bbox 1766 497 1949 539; x_wconf 86' lang='lat' dir='ltr'>myrrham,</span> <span class='ocrx_word' id='word_1_528' title='bbox 1973 505 2055 539; x_wconf 86' lang='lat' dir='ltr'>quae</span> <span class='ocrx_word' id='word_1_529' title='bbox 2079 500 2154 529; x_wconf 90' lang='lat' dir='ltr'>sunt</span> <span class='ocrx_word' id='word_1_530' title='bbox 2184 496 2315 529; x_wconf 83' lang='lat' dir='ltr'>amaris-</span> 
     </span>
     <span class='ocr_line' id='line_1_72' title="bbox 1352 549 2315 593; baseline -0.002 -9"><span class='ocrx_word' id='word_1_531' title='bbox 1352 551 1439 584; x_wconf 82' lang='lat' dir='ltr'>sima.</span> <span class='ocrx_word' id='word_1_532' title='bbox 1466 552 1502 584; x_wconf 86' lang='lat' dir='ltr'>Et</span> <span class='ocrx_word' id='word_1_533' title='bbox 1524 551 1556 584; x_wconf 91' lang='lat' dir='ltr'>in</span> <span class='ocrx_word' id='word_1_534' title='bbox 1582 552 1641 584; x_wconf 92' lang='lat' dir='ltr'>hoc</span> <span class='ocrx_word' id='word_1_535' title='bbox 1677 551 1829 593; x_wconf 88' lang='lat' dir='ltr'>impletur</span> <span class='ocrx_word' id='word_1_536' title='bbox 1864 550 2038 592; x_wconf 86' lang='lat' dir='ltr'>prophetae</span> <span class='ocrx_word' id='word_1_537' title='bbox 2072 549 2171 582; x_wconf 88' lang='lat' dir='ltr'>David</span> <span class='ocrx_word' id='word_1_538' title='bbox 2206 549 2315 583; x_wconf 86' lang='lat' dir='ltr'>vatici—</span> 
     </span>
     <span class='ocr_line' id='line_1_73' title="bbox 1352 603 2316 646; baseline -0.001 -9"><span class='ocrx_word' id='word_1_539' title='bbox 1352 605 1441 638; x_wconf 91' lang='lat' dir='ltr'>nium</span> <span class='ocrx_word' id='word_1_540' title='bbox 1456 605 1487 637; x_wconf 78' lang='lat'>9:</span> <span class='ocrx_word' id='word_1_541' title='bbox 1516 618 1532 634; x_wconf 88' lang='lat'>«</span> <span class='ocrx_word' id='word_1_542' title='bbox 1550 605 1729 644; x_wconf 86' lang='lat' dir='ltr'>Dederunt,</span> <span class='ocrx_word' id='word_1_543' title='bbox 1753 604 1874 646; x_wconf 90' lang='lat' dir='ltr'>inquit,</span> <span class='ocrx_word' id='word_1_544' title='bbox 1898 604 1929 636; x_wconf 91' lang='lat' dir='ltr'>in</span> <span class='ocrx_word' id='word_1_545' title='bbox 1964 612 2068 636; x_wconf 88' lang='lat' dir='ltr'>escam</span> <span class='ocrx_word' id='word_1_546' title='bbox 2093 612 2194 636; x_wconf 86' lang='lat' dir='ltr'>meam</span> <span class='ocrx_word' id='word_1_547' title='bbox 2219 603 2261 636; x_wconf 89' lang='lat' dir='ltr'>fel</span> <span class='ocrx_word' id='word_1_548' title='bbox 2284 606 2316 637; x_wconf 90' lang='lat' dir='ltr'>et</span> 
     </span>
     <span class='ocr_line' id='line_1_74' title="bbox 1353 656 2316 700; baseline -0.001 -10"><span class='ocrx_word' id='word_1_549' title='bbox 1353 658 1384 690; x_wconf 91' lang='lat' dir='ltr'>in</span> <span class='ocrx_word' id='word_1_550' title='bbox 1409 658 1459 691; x_wconf 92' lang='lat' dir='ltr'>siti</span> <span class='ocrx_word' id='word_1_551' title='bbox 1484 667 1554 691; x_wconf 89' lang='lat' dir='ltr'>mea</span> <span class='ocrx_word' id='word_1_552' title='bbox 1577 661 1768 700; x_wconf 85' lang='lat' dir='ltr'>potaverunt</span> <span class='ocrx_word' id='word_1_553' title='bbox 1791 666 1841 690; x_wconf 91' lang='lat' dir='ltr'>me</span> <span class='ocrx_word' id='word_1_554' title='bbox 1865 660 1996 690; x_wconf 87' lang='lat' dir='ltr'>aceto».</span> <span class='ocrx_word' id='word_1_555' title='bbox 2020 656 2057 689; x_wconf 87' lang='lat' dir='ltr'>Et</span> <span class='ocrx_word' id='word_1_556' title='bbox 2079 656 2316 689; x_wconf 89' lang='lat' dir='ltr'>Deuteronomii</span> 
     </span>
     <span class='ocr_line' id='line_1_75' title="bbox 1353 709 2317 753; baseline -0.001 -10"><span class='ocrx_word' id='word_1_557' title='bbox 1353 711 1515 753; x_wconf 89' lang='lat' dir='ltr'>trigesimo</span> <span class='ocrx_word' id='word_1_558' title='bbox 1539 711 1676 745; x_wconf 90' lang='lat' dir='ltr'>secundo</span> <span class='ocrx_word' id='word_1_559' title='bbox 1707 711 1746 744; x_wconf 92' lang='lat' dir='ltr'>de</span> <span class='ocrx_word' id='word_1_560' title='bbox 1777 711 1868 744; x_wconf 92' lang='lat' dir='ltr'>vinea</span> <span class='ocrx_word' id='word_1_561' title='bbox 1902 718 2055 743; x_wconf 88' lang='lat' dir='ltr'>conversa</span> <span class='ocrx_word' id='word_1_562' title='bbox 2077 709 2109 742; x_wconf 93' lang='lat' dir='ltr'>in</span> <span class='ocrx_word' id='word_1_563' title='bbox 2133 709 2317 743; x_wconf 88' lang='lat' dir='ltr'>amaritudi-</span> 
     </span>
     <span class='ocr_line' id='line_1_76' title="bbox 1353 763 2315 797; baseline 0.001 -2"><span class='ocrx_word' id='word_1_564' title='bbox 1353 772 1442 796; x_wconf 86' lang='lat' dir='ltr'>nem:</span> <span class='ocrx_word' id='word_1_565' title='bbox 1473 777 1489 792; x_wconf 83' lang='lat'>«</span> <span class='ocrx_word' id='word_1_566' title='bbox 1505 764 1569 797; x_wconf 87' lang='lat' dir='ltr'>Uva</span> <span class='ocrx_word' id='word_1_567' title='bbox 1592 773 1703 797; x_wconf 91' lang='lat' dir='ltr'>eorum</span> <span class='ocrx_word' id='word_1_568' title='bbox 1720 773 1783 797; x_wconf 89' lang='lat' dir='ltr'>uva</span> <span class='ocrx_word' id='word_1_569' title='bbox 1799 763 1879 796; x_wconf 88' lang='lat' dir='ltr'>fellis</span> <span class='ocrx_word' id='word_1_570' title='bbox 1902 766 1933 796; x_wconf 90' lang='lat' dir='ltr'>et</span> <span class='ocrx_word' id='word_1_571' title='bbox 1956 763 2069 796; x_wconf 89' lang='lat' dir='ltr'>botrus</span> <span class='ocrx_word' id='word_1_572' title='bbox 2089 763 2315 797; x_wconf 85' lang='lat' dir='ltr'>amarissimus.</span> 
     </span>
     <span class='ocr_line' id='line_1_77' title="bbox 1353 816 2316 858; baseline 0 -9"><span class='ocrx_word' id='word_1_573' title='bbox 1353 817 1404 849; x_wconf 91' lang='lat' dir='ltr'>Fel</span> <span class='ocrx_word' id='word_1_574' title='bbox 1427 817 1600 850; x_wconf 88' lang='lat' dir='ltr'>draconum</span> <span class='ocrx_word' id='word_1_575' title='bbox 1634 817 1742 850; x_wconf 90' lang='lat' dir='ltr'>vinum</span> <span class='ocrx_word' id='word_1_576' title='bbox 1777 825 1888 849; x_wconf 91' lang='lat' dir='ltr'>eorum</span> <span class='ocrx_word' id='word_1_577' title='bbox 1923 818 1955 849; x_wconf 91' lang='lat' dir='ltr'>et</span> <span class='ocrx_word' id='word_1_578' title='bbox 1989 825 2146 849; x_wconf 88' lang='lat' dir='ltr'>venenum</span> <span class='ocrx_word' id='word_1_579' title='bbox 2170 816 2316 858; x_wconf 88' lang='lat' dir='ltr'>aspidum</span> 
     </span>
     <span class='ocr_line' id='line_1_78' title="bbox 1353 869 2315 906; baseline 0 -4"><span class='ocrx_word' id='word_1_580' title='bbox 1353 869 1524 902; x_wconf 83' lang='lat' dir='ltr'>insanabile</span> <span class='ocrx_word' id='word_1_581' title='bbox 1538 883 1568 902; x_wconf 83' lang='lat'>».</span> <span class='ocrx_word' id='word_1_582' title='bbox 1583 871 1619 903; x_wconf 89' lang='lat' dir='ltr'>Et</span> <span class='ocrx_word' id='word_1_583' title='bbox 1634 870 1673 903; x_wconf 90' lang='lat' dir='ltr'>de</span> <span class='ocrx_word' id='word_1_584' title='bbox 1690 870 1749 903; x_wconf 91' lang='lat' dir='ltr'>hoc</span> <span class='ocrx_word' id='word_1_585' title='bbox 1765 870 1881 902; x_wconf 90' lang='lat' dir='ltr'>dicitur</span> <span class='ocrx_word' id='word_1_586' title='bbox 1899 869 2020 902; x_wconf 88' lang='lat' dir='ltr'>Ioannis</span> <span class='ocrx_word' id='word_1_587' title='bbox 2036 869 2157 906; x_wconf 87' lang='lat' dir='ltr'>decimo</span> <span class='ocrx_word' id='word_1_588' title='bbox 2173 879 2256 903; x_wconf 91' lang='lat' dir='ltr'>nono</span> <span class='ocrx_word' id='word_1_589' title='bbox 2269 870 2315 902; x_wconf 89' lang='lat'>¹⁰:</span> 
     </span>
     <span class='ocr_line' id='line_1_79' title="bbox 1358 922 2317 964; baseline 0.003 -12"><span class='ocrx_word' id='word_1_590' title='bbox 1358 936 1374 951; x_wconf 85' lang='lat'>«</span> <span class='ocrx_word' id='word_1_591' title='bbox 1391 922 1469 955; x_wconf 88' lang='lat' dir='ltr'>Cum</span> <span class='ocrx_word' id='word_1_592' title='bbox 1494 923 1666 964; x_wconf 86' lang='lat' dir='ltr'>accepisset</span> <span class='ocrx_word' id='word_1_593' title='bbox 1683 923 1768 956; x_wconf 88' lang='lat' dir='ltr'>Iesus</span> <span class='ocrx_word' id='word_1_594' title='bbox 1783 926 1924 962; x_wconf 89' lang='lat' dir='ltr'>acetum,</span> <span class='ocrx_word' id='word_1_595' title='bbox 1940 922 2040 955; x_wconf 86' lang='lat' dir='ltr'>dixit:</span> <span class='ocrx_word' id='word_1_596' title='bbox 2057 922 2317 955; x_wconf 84' lang='lat' dir='ltr'>consummatum</span> 
     </span>
     <span class='ocr_line' id='line_1_80' title="bbox 1353 975 2318 1018; baseline 0 -10"><span class='ocrx_word' id='word_1_597' title='bbox 1353 979 1445 1014; x_wconf 89' lang='lat' dir='ltr'>est»,</span> <span class='ocrx_word' id='word_1_598' title='bbox 1470 979 1501 1008; x_wconf 90' lang='lat' dir='ltr'>et</span> <span class='ocrx_word' id='word_1_599' title='bbox 1525 976 1618 1017; x_wconf 86' lang='lat' dir='ltr'>quia,</span> <span class='ocrx_word' id='word_1_600' title='bbox 1643 985 1715 1008; x_wconf 91' lang='lat' dir='ltr'>cum</span> <span class='ocrx_word' id='word_1_601' title='bbox 1740 983 1853 1018; x_wconf 86' lang='lat' dir='ltr'>passus</span> <span class='ocrx_word' id='word_1_602' title='bbox 1877 978 1960 1010; x_wconf 88' lang='lat' dir='ltr'>esset</span> <span class='ocrx_word' id='word_1_603' title='bbox 1975 975 2007 1008; x_wconf 92' lang='lat' dir='ltr'>iu</span> <span class='ocrx_word' id='word_1_604' title='bbox 2024 975 2147 1009; x_wconf 77' lang='lat' dir='ltr'>auditu</span> <span class='ocrx_word' id='word_1_605' title='bbox 2170 985 2227 1018; x_wconf 89' lang='lat' dir='ltr'>per</span> <span class='ocrx_word' id='word_1_606' title='bbox 2244 985 2318 1009; x_wconf 89' lang='lat' dir='ltr'>con-</span> 
     </span>
    </p>
   </div>
   <div class='ocr_carea' id='block_1_12' title="bbox 1332 1029 2318 1074">
    <p class='ocr_par' dir='ltr' id='par_1_19' title="bbox 1332 1029 2318 1074">
     <span class='ocr_line' id='line_1_81' title="bbox 1332 1029 2318 1074; baseline 0.002 -13"><span class='ocrx_word' id='word_1_607' title='bbox 1332 1052 1333 1055; x_wconf 24' lang='lat'><em>*</em></span> <span class='ocrx_word' id='word_1_608' title='bbox 1355 1030 1518 1068; x_wconf 70' lang='lat' dir='ltr'>tumebas,</span> <span class='ocrx_word' id='word_1_609' title='bbox 1543 1029 1575 1062; x_wconf 91' lang='lat' dir='ltr'>in</span> <span class='ocrx_word' id='word_1_610' title='bbox 1599 1029 1675 1062; x_wconf 84' lang='lat' dir='ltr'>visu</span> <span class='ocrx_word' id='word_1_611' title='bbox 1699 1038 1756 1071; x_wconf 90' lang='lat' dir='ltr'>per</span> <span class='ocrx_word' id='word_1_612' title='bbox 1780 1029 1951 1071; x_wconf 83' lang='lat' dir='ltr'>lacrymas,</span> <span class='ocrx_word' id='word_1_613' title='bbox 1969 1029 2001 1062; x_wconf 91' lang='lat' dir='ltr'>in</span> <span class='ocrx_word' id='word_1_614' title='bbox 2019 1033 2110 1062; x_wconf 79' lang='lat' dir='ltr'>tactu</span> <span class='ocrx_word' id='word_1_615' title='bbox 2126 1038 2184 1074; x_wconf 89' lang='lat' dir='ltr'>per</span> <span class='ocrx_word' id='word_1_616' title='bbox 2200 1029 2318 1072; x_wconf 81' lang='lat' dir='ltr'>plagaS‚</span> 
     </span>
    </p>
   </div>
   <div class='ocr_carea' id='block_1_13' title="bbox 1354 1082 2324 1763">
    <p class='ocr_par' dir='ltr' id='par_1_20' title="bbox 1354 1082 2321 1328">
     <span class='ocr_line' id='line_1_82' title="bbox 1354 1082 2319 1126; baseline 0.002 -12"><span class='ocrx_word' id='word_1_617' title='bbox 1354 1091 1416 1115; x_wconf 92' lang='lat' dir='ltr'>non</span> <span class='ocrx_word' id='word_1_618' title='bbox 1441 1082 1594 1121; x_wconf 87' lang='lat' dir='ltr'>restabat,</span> <span class='ocrx_word' id='word_1_619' title='bbox 1619 1082 1677 1115; x_wconf 92' lang='lat' dir='ltr'>nisi</span> <span class='ocrx_word' id='word_1_620' title='bbox 1702 1086 1740 1115; x_wconf 91' lang='lat' dir='ltr'>ut</span> <span class='ocrx_word' id='word_1_621' title='bbox 1762 1085 1925 1124; x_wconf 89' lang='lat' dir='ltr'>pateretur</span> <span class='ocrx_word' id='word_1_622' title='bbox 1946 1082 1980 1116; x_wconf 89' lang='lat' dir='ltr'>in</span> <span class='ocrx_word' id='word_1_623' title='bbox 2002 1087 2106 1125; x_wconf 76' lang='lat' dir='ltr'>yustu</span> <span class='ocrx_word' id='word_1_624' title='bbox 2129 1086 2161 1116; x_wconf 92' lang='lat' dir='ltr'>et</span> <span class='ocrx_word' id='word_1_625' title='bbox 2184 1083 2319 1126; x_wconf 70' lang='lat' dir='ltr'>linqua,</span> 
     </span>
     <span class='ocr_line' id='line_1_83' title="bbox 1354 1134 2320 1178; baseline 0.003 -12"><span class='ocrx_word' id='word_1_626' title='bbox 1354 1137 1464 1167; x_wconf 88' lang='lat' dir='ltr'>contra</span> <span class='ocrx_word' id='word_1_627' title='bbox 1487 1134 1572 1167; x_wconf 79' lang='lat' dir='ltr'>illam</span> <span class='ocrx_word' id='word_1_628' title='bbox 1597 1135 1850 1174; x_wconf 89' lang='lat' dir='ltr'>delectationem,</span> <span class='ocrx_word' id='word_1_629' title='bbox 1875 1145 1971 1178; x_wconf 87' lang='lat' dir='ltr'>quam</span> <span class='ocrx_word' id='word_1_630' title='bbox 2006 1136 2038 1168; x_wconf 91' lang='lat' dir='ltr'>in</span> <span class='ocrx_word' id='word_1_631' title='bbox 2074 1145 2131 1169; x_wconf 92' lang='lat' dir='ltr'>esu</span> <span class='ocrx_word' id='word_1_632' title='bbox 2155 1137 2239 1178; x_wconf 88' lang='lat' dir='ltr'>pomi</span> <span class='ocrx_word' id='word_1_633' title='bbox 2264 1137 2320 1169; x_wconf 85' lang='lat' dir='ltr'>ha-</span> 
     </span>
     <span class='ocr_line' id='line_1_84' title="bbox 1354 1187 2320 1232; baseline 0.003 -12"><span class='ocrx_word' id='word_1_634' title='bbox 1354 1187 1424 1220; x_wconf 90' lang='lat' dir='ltr'>buit</span> <span class='ocrx_word' id='word_1_635' title='bbox 1447 1187 1541 1220; x_wconf 86' lang='lat' dir='ltr'>Adam</span> <span class='ocrx_word' id='word_1_636' title='bbox 1565 1192 1596 1221; x_wconf 91' lang='lat' dir='ltr'>et</span> <span class='ocrx_word' id='word_1_637' title='bbox 1621 1188 1733 1221; x_wconf 76' lang='lat' dir='ltr'>Evall.</span> <span class='ocrx_word' id='word_1_638' title='bbox 1759 1189 1796 1221; x_wconf 90' lang='lat' dir='ltr'>Et</span> <span class='ocrx_word' id='word_1_639' title='bbox 1819 1188 1894 1231; x_wconf 86' lang='lat' dir='ltr'>quia</span> <span class='ocrx_word' id='word_1_640' title='bbox 1918 1189 2099 1222; x_wconf 89' lang='lat' dir='ltr'>huiusmodi</span> <span class='ocrx_word' id='word_1_641' title='bbox 2116 1190 2247 1223; x_wconf 88' lang='lat' dir='ltr'>tentatio</span> <span class='ocrx_word' id='word_1_642' title='bbox 2262 1199 2320 1232; x_wconf 91' lang='lat' dir='ltr'>per</span> 
     </span>
     <span class='ocr_line' id='line_1_85' title="bbox 1355 1241 2321 1285; baseline 0.004 -12"><span class='ocrx_word' id='word_1_643' title='bbox 1355 1241 1499 1274; x_wconf 90' lang='lat' dir='ltr'>auditum</span> <span class='ocrx_word' id='word_1_644' title='bbox 1523 1241 1682 1281; x_wconf 88' lang='lat' dir='ltr'>introivit,</span> <span class='ocrx_word' id='word_1_645' title='bbox 1707 1242 1776 1275; x_wconf 90' lang='lat' dir='ltr'>ideo</span> <span class='ocrx_word' id='word_1_646' title='bbox 1794 1242 1885 1275; x_wconf 90' lang='lat' dir='ltr'>toties</span> <span class='ocrx_word' id='word_1_647' title='bbox 1901 1242 2096 1285; x_wconf 88' lang='lat' dir='ltr'>replicantur</span> <span class='ocrx_word' id='word_1_648' title='bbox 2112 1243 2321 1277; x_wconf 79' lang='lat' dir='ltr'>contumeliae</span> 
     </span>
     <span class='ocr_line' id='line_1_86' title="bbox 1355 1294 1660 1328; baseline 0 -1"><span class='ocrx_word' id='word_1_649' title='bbox 1355 1298 1465 1328; x_wconf 89' lang='lat' dir='ltr'>contra</span> <span class='ocrx_word' id='word_1_650' title='bbox 1488 1294 1660 1328; x_wconf 88' lang='lat' dir='ltr'>Christum.</span> 
     </span>
    </p>

    <p class='ocr_par' dir='ltr' id='par_1_21' title="bbox 1356 1348 2324 1763">
     <span class='ocr_line' id='line_1_87' title="bbox 1445 1348 2323 1391; baseline 0.003 -12"><span class='ocrx_word' id='word_1_651' title='bbox 1445 1348 1498 1380; x_wconf 75' lang='lat'>45.</span> <span class='ocrx_word' id='word_1_652' title='bbox 1524 1348 1625 1389; x_wconf 79' lang='lat' dir='ltr'>(Vers.</span> <span class='ocrx_word' id='word_1_653' title='bbox 1652 1348 1729 1389; x_wconf 85' lang='lat'>37.).</span> <span class='ocrx_word' id='word_1_654' title='bbox 1754 1349 1840 1382; x_wconf 83' lang='lat' dir='ltr'>Un&#39;de</span> <span class='ocrx_word' id='word_1_655' title='bbox 1867 1349 2027 1391; x_wconf 86' lang='lat' dir='ltr'>adiungit:</span> <span class='ocrx_word' id='word_1_656' title='bbox 2052 1349 2200 1382; x_wconf 83' lang='lat' dir='ltr'>Dicentes</span> <span class='ocrx_word' id='word_1_657' title='bbox 2213 1350 2259 1382; x_wconf 76' lang='lat'>¹².-</span> <span class='ocrx_word' id='word_1_658' title='bbox 2285 1350 2323 1383; x_wconf 85' lang='lat' dir='ltr'>Si</span> 
     </span>
     <span class='ocr_line' id='line_1_88' title="bbox 1356 1400 2321 1444; baseline 0.003 -11"><span class='ocrx_word' id='word_1_659' title='bbox 1356 1405 1391 1434; x_wconf 80' lang='lat' dir='ltr'>tu</span> <span class='ocrx_word' id='word_1_660' title='bbox 1415 1411 1448 1433; x_wconf 86' lang='lat' dir='ltr'>es</span> <span class='ocrx_word' id='word_1_661' title='bbox 1472 1411 1531 1433; x_wconf 76' lang='lat' dir='ltr'>rex</span> <span class='ocrx_word' id='word_1_662' title='bbox 1557 1402 1778 1441; x_wconf 82' lang='lat' dir='ltr'>Iudaeorum,</span> <span class='ocrx_word' id='word_1_663' title='bbox 1801 1402 1934 1434; x_wconf 85' lang='lat' dir='ltr'>salvum</span> <span class='ocrx_word' id='word_1_664' title='bbox 1958 1405 1986 1434; x_wconf 80' lang='lat' dir='ltr'>le</span> <span class='ocrx_word' id='word_1_665' title='bbox 2008 1400 2076 1444; x_wconf 82' lang='lat' dir='ltr'>fac.</span> <span class='ocrx_word' id='word_1_666' title='bbox 2101 1402 2188 1436; x_wconf 89' lang='lat' dir='ltr'>Unde</span> <span class='ocrx_word' id='word_1_667' title='bbox 2211 1406 2243 1436; x_wconf 90' lang='lat' dir='ltr'>et</span> <span class='ocrx_word' id='word_1_668' title='bbox 2269 1403 2321 1437; x_wconf 90' lang='lat' dir='ltr'>isti</span> 
     </span>
     <span class='ocr_line' id='line_1_89' title="bbox 1356 1454 2321 1499; baseline 0.003 -13"><span class='ocrx_word' id='word_1_669' title='bbox 1356 1454 1470 1487; x_wconf 88' lang='lat' dir='ltr'>milites</span> <span class='ocrx_word' id='word_1_670' title='bbox 1494 1454 1699 1497; x_wconf 85' lang='lat' dir='ltr'>designantur</span> <span class='ocrx_word' id='word_1_671' title='bbox 1724 1464 1780 1497; x_wconf 91' lang='lat' dir='ltr'>per</span> <span class='ocrx_word' id='word_1_672' title='bbox 1804 1463 1912 1488; x_wconf 89' lang='lat' dir='ltr'>servos</span> <span class='ocrx_word' id='word_1_673' title='bbox 1936 1455 2020 1497; x_wconf 89' lang='lat' dir='ltr'>regis</span> <span class='ocrx_word' id='word_1_674' title='bbox 2037 1455 2247 1497; x_wconf 90' lang='lat' dir='ltr'>Assyriorum,</span> <span class='ocrx_word' id='word_1_675' title='bbox 2265 1457 2321 1499; x_wconf 90' lang='lat' dir='ltr'>qui</span> 
     </span>
     <span class='ocr_line' id='line_1_90' title="bbox 1356 1507 2322 1552; baseline 0.003 -13"><span class='ocrx_word' id='word_1_676' title='bbox 1356 1507 1656 1549; x_wconf 86' lang='lat' dir='ltr'>blasphemaverunt</span> <span class='ocrx_word' id='word_1_677' title='bbox 1670 1508 1849 1547; x_wconf 89' lang='lat' dir='ltr'>Dominum,</span> <span class='ocrx_word' id='word_1_678' title='bbox 1866 1508 1904 1541; x_wconf 90' lang='lat' dir='ltr'>de</span> <span class='ocrx_word' id='word_1_679' title='bbox 1917 1508 2034 1550; x_wconf 80' lang='lat' dir='ltr'>quibus</span> <span class='ocrx_word' id='word_1_680' title='bbox 2051 1508 2145 1542; x_wconf 80' lang='lat' dir='ltr'>Isaiae</span> <span class='ocrx_word' id='word_1_681' title='bbox 2161 1509 2322 1552; x_wconf 90' lang='lat' dir='ltr'>trigesimo</span> 
     </span>
     <span class='ocr_line' id='line_1_91' title="bbox 1356 1561 2321 1604; baseline 0.002 -10"><span class='ocrx_word' id='word_1_682' title='bbox 1356 1562 1489 1603; x_wconf 89' lang='lat' dir='ltr'>septimo</span> <span class='ocrx_word' id='word_1_683' title='bbox 1502 1562 1548 1593; x_wconf 84' lang='lat'>1³:</span> <span class='ocrx_word' id='word_1_684' title='bbox 1578 1574 1594 1589; x_wconf 85' lang='lat'><strong><em>«</em></strong></span> <span class='ocrx_word' id='word_1_685' title='bbox 1610 1561 1666 1593; x_wconf 92' lang='lat' dir='ltr'>Cui</span> <span class='ocrx_word' id='word_1_686' title='bbox 1691 1561 1891 1603; x_wconf 90' lang='lat' dir='ltr'>exprobrasti</span> <span class='ocrx_word' id='word_1_687' title='bbox 1917 1564 1948 1594; x_wconf 92' lang='lat' dir='ltr'>et</span> <span class='ocrx_word' id='word_1_688' title='bbox 1978 1570 2072 1603; x_wconf 90' lang='lat' dir='ltr'>quem</span> <span class='ocrx_word' id='word_1_689' title='bbox 2097 1562 2321 1604; x_wconf 86' lang='lat' dir='ltr'>blasphemasti</span> 
     </span>
     <span class='ocr_line' id='line_1_92' title="bbox 1357 1612 2323 1657; baseline 0.001 -10"><span class='ocrx_word' id='word_1_690' title='bbox 1357 1618 1388 1647; x_wconf 90' lang='lat' dir='ltr'>et</span> <span class='ocrx_word' id='word_1_691' title='bbox 1412 1624 1508 1656; x_wconf 90' lang='lat' dir='ltr'>super</span> <span class='ocrx_word' id='word_1_692' title='bbox 1532 1623 1626 1657; x_wconf 91' lang='lat' dir='ltr'>quem</span> <span class='ocrx_word' id='word_1_693' title='bbox 1650 1612 1796 1647; x_wconf 85' lang='lat' dir='ltr'>exaltasti</span> <span class='ocrx_word' id='word_1_694' title='bbox 1820 1624 1930 1648; x_wconf 88' lang='lat' dir='ltr'>vocem</span> <span class='ocrx_word' id='word_1_695' title='bbox 1954 1618 2040 1647; x_wconf 89' lang='lat' dir='ltr'>tuam</span> <span class='ocrx_word' id='word_1_696' title='bbox 2065 1618 2096 1648; x_wconf 91' lang='lat' dir='ltr'>et</span> <span class='ocrx_word' id='word_1_697' title='bbox 2120 1615 2228 1648; x_wconf 88' lang='lat' dir='ltr'>levasti</span> <span class='ocrx_word' id='word_1_698' title='bbox 2252 1616 2323 1649; x_wconf 89' lang='lat' dir='ltr'>alti-</span> 
     </span>
     <span class='ocr_line' id='line_1_93' title="bbox 1357 1666 2323 1702; baseline 0.002 -2"><span class='ocrx_word' id='word_1_699' title='bbox 1357 1668 1497 1701; x_wconf 88' lang='lat' dir='ltr'>tudinem</span> <span class='ocrx_word' id='word_1_700' title='bbox 1522 1668 1687 1700; x_wconf 88' lang='lat' dir='ltr'>oculorum</span> <span class='ocrx_word' id='word_1_701' title='bbox 1726 1666 1876 1701; x_wconf 83' lang='lat' dir='ltr'>tuorum?</span> <span class='ocrx_word' id='word_1_702' title='bbox 1912 1668 1954 1701; x_wconf 90' lang='lat' dir='ltr'>Ad</span> <span class='ocrx_word' id='word_1_703' title='bbox 1984 1671 2129 1701; x_wconf 83' lang='lat' dir='ltr'>sanctum</span> <span class='ocrx_word' id='word_1_704' title='bbox 2160 1669 2264 1702; x_wconf 90' lang='lat' dir='ltr'>Israel.</span> <span class='ocrx_word' id='word_1_705' title='bbox 2289 1669 2323 1702; x_wconf 92' lang='lat' dir='ltr'>Iu</span> 
     </span>
     <span class='ocr_line' id='line_1_94' title="bbox 1357 1721 2324 1763; baseline 0.002 -10"><span class='ocrx_word' id='word_1_706' title='bbox 1357 1730 1454 1753; x_wconf 91' lang='lat' dir='ltr'>manu</span> <span class='ocrx_word' id='word_1_707' title='bbox 1478 1729 1644 1753; x_wconf 90' lang='lat' dir='ltr'>servorum</span> <span class='ocrx_word' id='word_1_708' title='bbox 1669 1724 1798 1754; x_wconf 91' lang='lat' dir='ltr'>tuorum</span> <span class='ocrx_word' id='word_1_709' title='bbox 1834 1721 2035 1763; x_wconf 86' lang='lat' dir='ltr'>exprobrasti</span> <span class='ocrx_word' id='word_1_710' title='bbox 2060 1721 2192 1755; x_wconf 91' lang='lat' dir='ltr'>Domino</span> <span class='ocrx_word' id='word_1_711' title='bbox 2209 1735 2239 1754; x_wconf 84' lang='grc'>».</span> <span class='ocrx_word' id='word_1_712' title='bbox 2264 1722 2324 1755; x_wconf 92' lang='lat' dir='ltr'>Sed</span> 
     </span>
    </p>
   </div>
   <div class='ocr_carea' id='block_1_14' title="bbox 2338 871 2453 893">
    <p class='ocr_par' dir='ltr' id='par_1_22' title="bbox 2338 871 2453 893">
     <span class='ocr_line' id='line_1_95' title="bbox 2338 871 2453 893; baseline 0 0"><span class='ocrx_word' id='word_1_713' title='bbox 2338 871 2453 893; x_wconf 74' lang='lat' dir='ltr'>Notandum</span> 
     </span>
    </p>
   </div>
   <div class='ocr_carea' id='block_1_15' title="bbox 2339 1349 2425 1377">
    <p class='ocr_par' dir='ltr' id='par_1_23' title="bbox 2339 1349 2425 1377">
     <span class='ocr_line' id='line_1_96' title="bbox 2339 1349 2425 1377; baseline -0.012 -6"><span class='ocrx_word' id='word_1_714' title='bbox 2339 1349 2425 1377; x_wconf 79' lang='lat' dir='ltr'>Figura.</span> 
     </span>
    </p>
   </div>
   <div class='ocr_carea' id='block_1_16' title="bbox 2346 1721 2457 1750">
    <p class='ocr_par' dir='ltr' id='par_1_24' title="bbox 2346 1721 2457 1750">
     <span class='ocr_line' id='line_1_97' title="bbox 2346 1721 2457 1750; baseline -0.009 -7"><span class='ocrx_word' id='word_1_715' title='bbox 2346 1721 2457 1750; x_wconf 63' lang='lat' dir='ltr'>Exemplum</span> 
     </span>
    </p>
   </div>
   <div class='ocr_carea' id='block_1_17' title="bbox 2338 1748 2457 1776">
    <p class='ocr_par' dir='ltr' id='par_1_25' title="bbox 2338 1748 2457 1776">
     <span class='ocr_line' id='line_1_98' title="bbox 2338 1748 2457 1776; baseline -0.008 -6"><span class='ocrx_word' id='word_1_716' title='bbox 2338 1748 2457 1776; x_wconf 68' lang='lat' dir='ltr'>patientiae</span> 
     </span>
    </p>
   </div>
   <div class='ocr_carea' id='block_1_18' title="bbox 1359 1773 2456 1815">
    <p class='ocr_par' dir='ltr' id='par_1_26' title="bbox 1359 1773 2456 1815">
     <span class='ocr_line' id='line_1_99' title="bbox 1359 1773 2456 1815; baseline 0.002 -10"><span class='ocrx_word' id='word_1_717' title='bbox 1359 1773 1511 1806; x_wconf 91' lang='lat' dir='ltr'>Dominus</span> <span class='ocrx_word' id='word_1_718' title='bbox 1534 1773 1602 1806; x_wconf 87' lang='lat' dir='ltr'>istis</span> <span class='ocrx_word' id='word_1_719' title='bbox 1625 1773 1816 1815; x_wconf 89' lang='lat' dir='ltr'>blasphemis</span> <span class='ocrx_word' id='word_1_720' title='bbox 1840 1783 1901 1806; x_wconf 90' lang='grc'>11011</span> <span class='ocrx_word' id='word_1_721' title='bbox 1918 1773 2027 1813; x_wconf 88' lang='lat' dir='ltr'>cessit,</span> <span class='ocrx_word' id='word_1_722' title='bbox 2051 1777 2088 1806; x_wconf 91' lang='lat' dir='ltr'>ut</span> <span class='ocrx_word' id='word_1_723' title='bbox 2111 1773 2200 1807; x_wconf 87' lang='lat' dir='ltr'>daret</span> <span class='ocrx_word' id='word_1_724' title='bbox 2216 1783 2324 1807; x_wconf 79' lang='lat' dir='ltr'>exem·</span> <span class='ocrx_word' id='word_1_725' title='bbox 2338 1779 2456 1803; x_wconf 60' lang='lat' dir='ltr'>vermem</span> 
     </span>
    </p>
   </div>
   <div class='ocr_carea' id='block_1_19' title="bbox 1360 1825 2330 2506">
    <p class='ocr_par' dir='ltr' id='par_1_27' title="bbox 1360 1825 2330 2506">
     <span class='ocr_line' id='line_1_100' title="bbox 1360 1825 2324 1868; baseline 0.003 -11"><span class='ocrx_word' id='word_1_726' title='bbox 1360 1826 1447 1868; x_wconf 89' lang='lat' dir='ltr'>plum</span> <span class='ocrx_word' id='word_1_727' title='bbox 1472 1825 1640 1867; x_wconf 89' lang='lat' dir='ltr'>patientiae</span> <span class='ocrx_word' id='word_1_728' title='bbox 1674 1830 1706 1858; x_wconf 88' lang='lat' dir='ltr'>et</span> <span class='ocrx_word' id='word_1_729' title='bbox 1740 1827 2012 1868; x_wconf 87' lang='lat' dir='ltr'>perseverantiae,</span> <span class='ocrx_word' id='word_1_730' title='bbox 2048 1825 2222 1860; x_wconf 88' lang='lat' dir='ltr'>secundum</span> <span class='ocrx_word' id='word_1_731' title='bbox 2246 1827 2324 1860; x_wconf 88' lang='lat' dir='ltr'>illud</span> 
     </span>
     <span class='ocr_line' id='line_1_101' title="bbox 1360 1878 2325 1921; baseline 0.002 -10"><span class='ocrx_word' id='word_1_732' title='bbox 1360 1878 1460 1911; x_wconf 88' lang='lat' dir='ltr'>Iacobi</span> <span class='ocrx_word' id='word_1_733' title='bbox 1485 1878 1596 1919; x_wconf 90' lang='lat' dir='ltr'>quinto</span> <span class='ocrx_word' id='word_1_734' title='bbox 1609 1878 1654 1910; x_wconf 77' lang='lat'>14:</span> <span class='ocrx_word' id='word_1_735' title='bbox 1685 1891 1700 1907; x_wconf 93' lang='lat'>«</span> <span class='ocrx_word' id='word_1_736' title='bbox 1718 1879 1904 1921; x_wconf 87' lang='lat' dir='ltr'>Exemplum</span> <span class='ocrx_word' id='word_1_737' title='bbox 1928 1879 2076 1921; x_wconf 85' lang='lat' dir='ltr'>accipite,</span> <span class='ocrx_word' id='word_1_738' title='bbox 2101 1879 2233 1919; x_wconf 87' lang='lat' dir='ltr'>fratres,</span> <span class='ocrx_word' id='word_1_739' title='bbox 2257 1880 2325 1913; x_wconf 91' lang='lat' dir='ltr'>lon-</span> 
     </span>
     <span class='ocr_line' id='line_1_102' title="bbox 1360 1931 2325 1974; baseline 0.003 -11"><span class='ocrx_word' id='word_1_740' title='bbox 1360 1931 1559 1974; x_wconf 88' lang='lat' dir='ltr'>ganimitatis,</span> <span class='ocrx_word' id='word_1_741' title='bbox 1584 1931 1701 1964; x_wconf 87' lang='lat' dir='ltr'>laboris</span> <span class='ocrx_word' id='word_1_742' title='bbox 1717 1935 1748 1964; x_wconf 88' lang='lat' dir='ltr'>et</span> <span class='ocrx_word' id='word_1_743' title='bbox 1765 1932 1939 1973; x_wconf 88' lang='lat' dir='ltr'>patientiae.</span> <span class='ocrx_word' id='word_1_744' title='bbox 1963 1932 2182 1966; x_wconf 77' lang='lat' dir='ltr'>sufferentiam</span> <span class='ocrx_word' id='word_1_745' title='bbox 2200 1933 2252 1969; x_wconf 88' lang='lat' dir='ltr'>Iob</span> <span class='ocrx_word' id='word_1_746' title='bbox 2268 1943 2325 1966; x_wconf 89' lang='lat' dir='ltr'>au-</span> 
     </span>
     <span class='ocr_line' id='line_1_103' title="bbox 1360 1984 2324 2029; baseline 0.001 -11"><span class='ocrx_word' id='word_1_747' title='bbox 1360 1985 1476 2018; x_wconf 90' lang='lat' dir='ltr'>distis»</span> <span class='ocrx_word' id='word_1_748' title='bbox 1495 1988 1552 2017; x_wconf 89' lang='lat' dir='ltr'>etc.</span> <span class='ocrx_word' id='word_1_749' title='bbox 1568 1984 1653 2017; x_wconf 91' lang='lat' dir='ltr'>Unde</span> <span class='ocrx_word' id='word_1_750' title='bbox 1667 1985 1845 2018; x_wconf 88' lang='lat' dir='ltr'>Bernardus</span> <span class='ocrx_word' id='word_1_751' title='bbox 1860 1986 1903 2018; x_wconf 86' lang='lat'>¹⁵:</span> <span class='ocrx_word' id='word_1_752' title='bbox 1926 1999 1942 2015; x_wconf 84' lang='lat'><strong><em>«</em></strong></span> <span class='ocrx_word' id='word_1_753' title='bbox 1954 1986 2025 2019; x_wconf 91' lang='lat' dir='ltr'>Sine</span> <span class='ocrx_word' id='word_1_754' title='bbox 2042 1995 2153 2025; x_wconf 85' lang='lat' dir='ltr'>causa,</span> <span class='ocrx_word' id='word_1_755' title='bbox 2171 1987 2305 2029; x_wconf 86' lang='lat' dir='ltr'>maligne</span> <span class='ocrx_word' id='word_1_756' title='bbox 2316 2012 2324 2027; x_wconf 93' lang='lat'>,</span> 
     </span>
     <span class='ocr_line' id='line_1_104' title="bbox 1360 2037 2326 2082; baseline 0.003 -13"><span class='ocrx_word' id='word_1_757' title='bbox 1360 2038 1477 2080; x_wconf 89' lang='lat' dir='ltr'>parasti</span> <span class='ocrx_word' id='word_1_758' title='bbox 1500 2037 1644 2080; x_wconf 71' lang='lat' dir='ltr'>sayz‘uas</span> <span class='ocrx_word' id='word_1_759' title='bbox 1668 2041 1746 2070; x_wconf 81' lang='lat' dir='ltr'>tuas</span> <span class='ocrx_word' id='word_1_760' title='bbox 1775 2038 1811 2070; x_wconf 90' lang='lat' dir='ltr'>in</span> <span class='ocrx_word' id='word_1_761' title='bbox 1838 2037 2003 2080; x_wconf 73' lang='lat' dir='ltr'>pharetra</span> <span class='ocrx_word' id='word_1_762' title='bbox 2035 2042 2066 2072; x_wconf 87' lang='lat' dir='ltr'>et</span> <span class='ocrx_word' id='word_1_763' title='bbox 2096 2039 2326 2082; x_wconf 88' lang='lat' dir='ltr'>discipulorum</span> 
     </span>
     <span class='ocr_line' id='line_1_105' title="bbox 1361 2091 2326 2135; baseline 0.003 -12"><span class='ocrx_word' id='word_1_764' title='bbox 1361 2091 1497 2133; x_wconf 84' lang='lat' dir='ltr'>suspiria</span> <span class='ocrx_word' id='word_1_765' title='bbox 1521 2091 1665 2123; x_wconf 87' lang='lat' dir='ltr'>cumulas</span> <span class='ocrx_word' id='word_1_766' title='bbox 1700 2091 1879 2133; x_wconf 88' lang='lat' dir='ltr'>opprobriis</span> <span class='ocrx_word' id='word_1_767' title='bbox 1911 2092 2114 2132; x_wconf 90' lang='lat' dir='ltr'>Iudaeorum;</span> <span class='ocrx_word' id='word_1_768' title='bbox 2139 2092 2183 2125; x_wconf 91' lang='lat' dir='ltr'>illi</span> <span class='ocrx_word' id='word_1_769' title='bbox 2208 2093 2326 2135; x_wconf 90' lang='lat' dir='ltr'>quippe</span> 
     </span>
     <span class='ocr_line' id='line_1_106' title="bbox 1361 2144 2327 2187; baseline 0.003 -11"><span class='ocrx_word' id='word_1_770' title='bbox 1361 2145 1547 2186; x_wconf 82' lang='lat' dir='ltr'>desperant,</span> <span class='ocrx_word' id='word_1_771' title='bbox 1571 2144 1622 2177; x_wconf 90' lang='lat' dir='ltr'>isti</span> <span class='ocrx_word' id='word_1_772' title='bbox 1647 2144 1871 2187; x_wconf 87' lang='lat' dir='ltr'>improperant.</span> <span class='ocrx_word' id='word_1_773' title='bbox 1897 2145 1957 2178; x_wconf 89' lang='lat' dir='ltr'>Sed</span> <span class='ocrx_word' id='word_1_774' title='bbox 1979 2145 2105 2178; x_wconf 88' lang='lat' dir='ltr'>Christo</span> <span class='ocrx_word' id='word_1_775' title='bbox 2127 2149 2242 2179; x_wconf 86' lang='lat' dir='ltr'>neutra</span> <span class='ocrx_word' id='word_1_776' title='bbox 2266 2146 2327 2179; x_wconf 90' lang='lat' dir='ltr'>tela</span> 
     </span>
     <span class='ocr_line' id='line_1_107' title="bbox 1362 2196 2327 2241; baseline 0.002 -11"><span class='ocrx_word' id='word_1_777' title='bbox 1362 2197 1537 2236; x_wconf 90' lang='lat' dir='ltr'>nocebunt;</span> <span class='ocrx_word' id='word_1_778' title='bbox 1562 2196 1647 2229; x_wconf 90' lang='lat' dir='ltr'>aliud</span> <span class='ocrx_word' id='word_1_779' title='bbox 1672 2200 1798 2239; x_wconf 90' lang='lat' dir='ltr'>tempus</span> <span class='ocrx_word' id='word_1_780' title='bbox 1822 2197 1914 2240; x_wconf 88' lang='lat' dir='ltr'>elegit</span> <span class='ocrx_word' id='word_1_781' title='bbox 1938 2198 2149 2231; x_wconf 81' lang='lat' dir='ltr'>confortandis</span> <span class='ocrx_word' id='word_1_782' title='bbox 2164 2198 2327 2241; x_wconf 88' lang='lat' dir='ltr'>discipulis</span> 
     </span>
     <span class='ocr_line' id='line_1_108' title="bbox 1362 2249 2328 2293; baseline -0.001 -9"><span class='ocrx_word' id='word_1_783' title='bbox 1362 2253 1394 2284; x_wconf 88' lang='lat' dir='ltr'>et</span> <span class='ocrx_word' id='word_1_784' title='bbox 1416 2250 1501 2283; x_wconf 89' lang='lat' dir='ltr'>aliud</span> <span class='ocrx_word' id='word_1_785' title='bbox 1525 2250 1716 2283; x_wconf 88' lang='lat' dir='ltr'>adversariis</span> <span class='ocrx_word' id='word_1_786' title='bbox 1747 2249 1954 2284; x_wconf 82' lang='lat' dir='ltr'>confutandis.</span> <span class='ocrx_word' id='word_1_787' title='bbox 1987 2250 2114 2286; x_wconf 89' lang='lat' dir='ltr'>Interim</span> <span class='ocrx_word' id='word_1_788' title='bbox 2146 2251 2328 2293; x_wconf 85' lang='lat' dir='ltr'>patientiam</span> 
     </span>
     <span class='ocr_line' id='line_1_109' title="bbox 1363 2303 2328 2345; baseline 0.001 -10"><span class='ocrx_word' id='word_1_789' title='bbox 1363 2303 1462 2345; x_wconf 85' lang='lat' dir='ltr'>magis</span> <span class='ocrx_word' id='word_1_790' title='bbox 1485 2303 1634 2342; x_wconf 89' lang='lat' dir='ltr'>exhibet,</span> <span class='ocrx_word' id='word_1_791' title='bbox 1659 2303 1869 2336; x_wconf 88' lang='lat' dir='ltr'>humilitatem</span> <span class='ocrx_word' id='word_1_792' title='bbox 1895 2303 2102 2342; x_wconf 88' lang='lat' dir='ltr'>commendat,</span> <span class='ocrx_word' id='word_1_793' title='bbox 2119 2303 2328 2336; x_wconf 88' lang='lat' dir='ltr'>obedientiam</span> 
     </span>
     <span class='ocr_line' id='line_1_110' title="bbox 1363 2356 2329 2399; baseline -0.001 -9"><span class='ocrx_word' id='word_1_794' title='bbox 1363 2357 1490 2399; x_wconf 88' lang='lat' dir='ltr'>implet,</span> <span class='ocrx_word' id='word_1_795' title='bbox 1515 2357 1638 2399; x_wconf 83' lang='lat' dir='ltr'>perficit</span> <span class='ocrx_word' id='word_1_796' title='bbox 1662 2357 1833 2390; x_wconf 87' lang='lat' dir='ltr'>caritatem.</span> <span class='ocrx_word' id='word_1_797' title='bbox 1860 2356 1911 2389; x_wconf 88' lang='lat' dir='ltr'>His</span> <span class='ocrx_word' id='word_1_798' title='bbox 1935 2365 2047 2399; x_wconf 90' lang='lat' dir='ltr'>nempe</span> <span class='ocrx_word' id='word_1_799' title='bbox 2070 2356 2225 2389; x_wconf 90' lang='lat' dir='ltr'>virtutum</span> <span class='ocrx_word' id='word_1_800' title='bbox 2242 2365 2329 2399; x_wconf 88' lang='lat' dir='ltr'>gem-</span> 
     </span>
     <span class='ocr_line' id='line_1_111' title="bbox 1363 2409 2329 2452; baseline 0.001 -10"><span class='ocrx_word' id='word_1_801' title='bbox 1363 2411 1423 2444; x_wconf 90' lang='lat' dir='ltr'>mis</span> <span class='ocrx_word' id='word_1_802' title='bbox 1447 2413 1584 2452; x_wconf 87' lang='lat' dir='ltr'>quatuor</span> <span class='ocrx_word' id='word_1_803' title='bbox 1619 2419 1739 2443; x_wconf 90' lang='lat' dir='ltr'>cornua</span> <span class='ocrx_word' id='word_1_804' title='bbox 1774 2409 1879 2443; x_wconf 88' lang='lat' dir='ltr'>crucis</span> <span class='ocrx_word' id='word_1_805' title='bbox 1913 2409 2126 2442; x_wconf 87' lang='lat' dir='ltr'>adornantur:</span> <span class='ocrx_word' id='word_1_806' title='bbox 2151 2413 2182 2443; x_wconf 90' lang='lat' dir='ltr'>et</span> <span class='ocrx_word' id='word_1_807' title='bbox 2205 2413 2253 2443; x_wconf 85' lang='lat' dir='ltr'>est</span> <span class='ocrx_word' id='word_1_808' title='bbox 2275 2419 2329 2443; x_wconf 92' lang='lat' dir='ltr'>su-</span> 
     </span>
     <span class='ocr_line' id='line_1_112' title="bbox 1364 2463 2330 2506; baseline -0.001 -9"><span class='ocrx_word' id='word_1_809' title='bbox 1364 2464 1609 2506; x_wconf 86' lang='lat' dir='ltr'>pereminentior</span> <span class='ocrx_word' id='word_1_810' title='bbox 1631 2464 1765 2502; x_wconf 85' lang='lat' dir='ltr'>caritas,</span> <span class='ocrx_word' id='word_1_811' title='bbox 1782 2473 1801 2496; x_wconf 87' lang='lat' dir='ltr'>a</span> <span class='ocrx_word' id='word_1_812' title='bbox 1823 2463 1947 2496; x_wconf 83' lang='lat' dir='ltr'>dextris</span> <span class='ocrx_word' id='word_1_813' title='bbox 1969 2463 2162 2503; x_wconf 87' lang='lat' dir='ltr'>obedientia,</span> <span class='ocrx_word' id='word_1_814' title='bbox 2180 2463 2330 2506; x_wconf 87' lang='lat' dir='ltr'>patientia</span> 
     </span>
    </p>
   </div>
   <div class='ocr_carea' id='block_1_20' title="bbox 1366 2629 2330 2798">
    <p class='ocr_par' dir='ltr' id='par_1_28' title="bbox 1366 2629 2319 2699">
     <span class='ocr_line' id='line_1_113' title="bbox 1366 2629 2319 2661; baseline -0.001 -6"><span class='ocrx_word' id='word_1_815' title='bbox 1366 2631 1454 2656; x_wconf 84' lang='lat' dir='ltr'>Mattli.</span> <span class='ocrx_word' id='word_1_816' title='bbox 1473 2630 1522 2661; x_wconf 89' lang='lat'>27,</span> <span class='ocrx_word' id='word_1_817' title='bbox 1542 2629 1583 2655; x_wconf 74' lang='lat'>34.</span> <span class='ocrx_word' id='word_1_818' title='bbox 1604 2632 1629 2655; x_wconf 91' lang='lat' dir='ltr'>et</span> <span class='ocrx_word' id='word_1_819' title='bbox 1648 2630 1724 2655; x_wconf 87' lang='lat' dir='ltr'>Marc.</span> <span class='ocrx_word' id='word_1_820' title='bbox 1747 2629 1793 2660; x_wconf 71' lang='lat'>15,</span> <span class='ocrx_word' id='word_1_821' title='bbox 1814 2629 1866 2654; x_wconf 87' lang='lat'>23:</span> <span class='ocrx_word' id='word_1_822' title='bbox 1887 2632 1916 2654; x_wconf 69' lang='lat' dir='ltr'>ut</span> <span class='ocrx_word' id='word_1_823' title='bbox 1935 2629 2033 2655; x_wconf 84' lang='lat' dir='ltr'>(labant</span> <span class='ocrx_word' id='word_1_824' title='bbox 2052 2629 2075 2654; x_wconf 86' lang='lat' dir='ltr'>ei</span> <span class='ocrx_word' id='word_1_825' title='bbox 2096 2629 2188 2654; x_wconf 89' lang='lat' dir='ltr'>bibere</span> <span class='ocrx_word' id='word_1_826' title='bbox 2213 2630 2319 2661; x_wconf 71' lang='lat' dir='ltr'>myrrha</span> 
     </span>
     <span class='ocr_line' id='line_1_114' title="bbox 1366 2674 1543 2699; baseline -0.006 0"><span class='ocrx_word' id='word_1_827' title='bbox 1366 2677 1420 2699; x_wconf 90' lang='lat' dir='ltr'>tum</span> <span class='ocrx_word' id='word_1_828' title='bbox 1442 2674 1543 2699; x_wconf 90' lang='lat' dir='ltr'>vinum.</span> 
     </span>
    </p>

    <p class='ocr_par' dir='ltr' id='par_1_29' title="bbox 1366 2716 2330 2798">
     <span class='ocr_line' id='line_1_115' title="bbox 1423 2716 2329 2749; baseline 0 -7"><span class='ocrx_word' id='word_1_829' title='bbox 1423 2716 1447 2732; x_wconf 40' lang='lat'>“⁸</span> <span class='ocrx_word' id='word_1_830' title='bbox 1467 2717 1537 2749; x_wconf 73' lang='lat' dir='ltr'>Libr.</span> <span class='ocrx_word' id='word_1_831' title='bbox 1558 2718 1592 2742; x_wconf 96' lang='grc' dir='ltr'>ΙΙΙ.</span> <span class='ocrx_word' id='word_1_832' title='bbox 1614 2717 1647 2742; x_wconf 84' lang='lat' dir='ltr'>(le</span> <span class='ocrx_word' id='word_1_833' title='bbox 1667 2718 1799 2742; x_wconf 86' lang='lat' dir='ltr'>Consensu</span> <span class='ocrx_word' id='word_1_834' title='bbox 1821 2717 1978 2748; x_wconf 74' lang='lat' dir='ltr'>Evangelist.</span> <span class='ocrx_word' id='word_1_835' title='bbox 1997 2724 2021 2742; x_wconf 96' lang='grc'>6.</span> <span class='ocrx_word' id='word_1_836' title='bbox 2045 2718 2083 2742; x_wconf 92' lang='grc'>11.</span> <span class='ocrx_word' id='word_1_837' title='bbox 2103 2725 2129 2743; x_wconf 88' lang='grc'>11.</span> <span class='ocrx_word' id='word_1_838' title='bbox 2148 2718 2195 2749; x_wconf 71' lang='lat'>38:</span> <span class='ocrx_word' id='word_1_839' title='bbox 2215 2717 2270 2743; x_wconf 84' lang='lat' dir='ltr'>Hoc</span> <span class='ocrx_word' id='word_1_840' title='bbox 2293 2717 2329 2742; x_wconf 88' lang='lat' dir='ltr'>in-</span> 
     </span>
     <span class='ocr_line' id='line_1_116' title="bbox 1366 2760 2330 2798; baseline 0 -12"><span class='ocrx_word' id='word_1_841' title='bbox 1366 2761 1536 2793; x_wconf 83' lang='lat' dir='ltr'>telligendum</span> <span class='ocrx_word' id='word_1_842' title='bbox 1551 2764 1589 2786; x_wconf 87' lang='lat' dir='ltr'>est</span> <span class='ocrx_word' id='word_1_843' title='bbox 1602 2761 1760 2786; x_wconf 83' lang='lat' dir='ltr'>Matthaeum</span> <span class='ocrx_word' id='word_1_844' title='bbox 1774 2760 1869 2786; x_wconf 83' lang='lat' dir='ltr'>dixisse</span> <span class='ocrx_word' id='word_1_845' title='bbox 1883 2767 1946 2786; x_wconf 82' lang='lat' dir='ltr'>cum</span> <span class='ocrx_word' id='word_1_846' title='bbox 1958 2760 2019 2794; x_wconf 82' lang='lat' dir='ltr'>felle</span> <span class='ocrx_word' id='word_1_847' title='bbox 2032 2760 2151 2787; x_wconf 54' lang='lat' dir='ltr'>mertum</span> <span class='ocrx_word' id='word_1_848' title='bbox 2158 2770 2169 2792; x_wconf 89' lang='lat'>,·</span> <span class='ocrx_word' id='word_1_849' title='bbox 2184 2761 2216 2786; x_wconf 83' lang='lat' dir='ltr'>sel</span> <span class='ocrx_word' id='word_1_850' title='bbox 2229 2761 2330 2798; x_wconf 86' lang='lat' dir='ltr'>quippe</span> 
     </span>
    </p>
   </div>
   <div class='ocr_carea' id='block_1_21' title="bbox 1342 2804 2330 2837">
    <p class='ocr_par' dir='ltr' id='par_1_30' title="bbox 1342 2804 2330 2837">
     <span class='ocr_line' id='line_1_117' title="bbox 1342 2804 2330 2837; baseline 0 -7"><span class='ocrx_word' id='word_1_851' title='bbox 1342 2804 1345 2806; x_wconf 69' lang='grc'><strong><em>’</em></strong></span> <span class='ocrx_word' id='word_1_852' title='bbox 1367 2812 1415 2836; x_wconf 90' lang='lat' dir='ltr'>pro</span> <span class='ocrx_word' id='word_1_853' title='bbox 1434 2804 1608 2830; x_wconf 79' lang='lat' dir='ltr'>amaritudine</span> <span class='ocrx_word' id='word_1_854' title='bbox 1628 2804 1728 2836; x_wconf 84' lang='lat' dir='ltr'>posuit;</span> <span class='ocrx_word' id='word_1_855' title='bbox 1747 2804 1924 2837; x_wconf 77' lang='lat' dir='ltr'>myrrhatum</span> <span class='ocrx_word' id='word_1_856' title='bbox 1942 2805 2012 2829; x_wconf 86' lang='lat' dir='ltr'>enim</span> <span class='ocrx_word' id='word_1_857' title='bbox 2027 2805 2120 2830; x_wconf 90' lang='lat' dir='ltr'>vinum</span> <span class='ocrx_word' id='word_1_858' title='bbox 2134 2805 2330 2831; x_wconf 84' lang='lat' dir='ltr'>amarissimum</span> 
     </span>
    </p>
   </div>
   <div class='ocr_carea' id='block_1_22' title="bbox 1367 2848 2333 3412">
    <p class='ocr_par' dir='ltr' id='par_1_31' title="bbox 1367 2848 2330 2963">
     <span class='ocr_line' id='line_1_118' title="bbox 1367 2848 2328 2881; baseline 0.001 -8"><span class='ocrx_word' id='word_1_859' title='bbox 1367 2852 1420 2879; x_wconf 81' lang='lat' dir='ltr'>est,</span> <span class='ocrx_word' id='word_1_860' title='bbox 1439 2853 1602 2881; x_wconf 83' lang='lat' dir='ltr'>quamquam</span> <span class='ocrx_word' id='word_1_861' title='bbox 1623 2848 1678 2873; x_wconf 78' lang='lat' dir='ltr'>fleri</span> <span class='ocrx_word' id='word_1_862' title='bbox 1697 2848 1793 2879; x_wconf 86' lang='lat' dir='ltr'>possit,</span> <span class='ocrx_word' id='word_1_863' title='bbox 1814 2851 1842 2873; x_wconf 89' lang='lat' dir='ltr'>ut</span> <span class='ocrx_word' id='word_1_864' title='bbox 1861 2851 1885 2873; x_wconf 91' lang='lat' dir='ltr'>et</span> <span class='ocrx_word' id='word_1_865' title='bbox 1906 2848 1937 2879; x_wconf 77' lang='lat' dir='ltr'>sel</span> <span class='ocrx_word' id='word_1_866' title='bbox 1957 2851 1983 2874; x_wconf 88' lang='lat' dir='ltr'>et</span> <span class='ocrx_word' id='word_1_867' title='bbox 2011 2850 2121 2880; x_wconf 73' lang='lat' dir='ltr'>myrrha</span> <span class='ocrx_word' id='word_1_868' title='bbox 2146 2848 2238 2874; x_wconf 90' lang='lat' dir='ltr'>vinum</span> <span class='ocrx_word' id='word_1_869' title='bbox 2259 2856 2328 2874; x_wconf 83' lang='lat' dir='ltr'>ama-</span> 
     </span>
     <span class='ocr_line' id='line_1_119' title="bbox 1367 2892 2330 2925; baseline 0.002 -8"><span class='ocrx_word' id='word_1_870' title='bbox 1367 2892 1501 2918; x_wconf 87' lang='lat' dir='ltr'>rissimum</span> <span class='ocrx_word' id='word_1_871' title='bbox 1520 2892 1668 2923; x_wconf 83' lang='lat' dir='ltr'>redderent.</span> <span class='ocrx_word' id='word_1_872' title='bbox 1697 2892 1748 2917; x_wconf 82' lang='lat' dir='ltr'>Csr.</span> <span class='ocrx_word' id='word_1_873' title='bbox 1778 2895 1841 2917; x_wconf 83' lang='lat' dir='ltr'>ton).</span> <span class='ocrx_word' id='word_1_874' title='bbox 1862 2892 1903 2918; x_wconf 90' lang='lat' dir='ltr'>Vl.</span> <span class='ocrx_word' id='word_1_875' title='bbox 1933 2900 1994 2924; x_wconf 83' lang='lat' dir='ltr'>pag.</span> <span class='ocrx_word' id='word_1_876' title='bbox 2014 2892 2081 2925; x_wconf 75' lang='lat'>502,</span> <span class='ocrx_word' id='word_1_877' title='bbox 2101 2896 2161 2918; x_wconf 74' lang='lat' dir='ltr'>nota</span> <span class='ocrx_word' id='word_1_878' title='bbox 2183 2893 2206 2918; x_wconf 59' lang='grc'>11.</span> <span class='ocrx_word' id='word_1_879' title='bbox 2225 2906 2261 2912; x_wconf 93' lang='grc'><strong>-</strong></span> <span class='ocrx_word' id='word_1_880' title='bbox 2282 2894 2330 2919; x_wconf 83' lang='lat' dir='ltr'>Pro</span> 
     </span>
     <span class='ocr_line' id='line_1_120' title="bbox 1368 2935 1830 2963; baseline 0 -2"><span class='ocrx_word' id='word_1_881' title='bbox 1368 2935 1531 2962; x_wconf 75' lang='lat' dir='ltr'>immiserint</span> <span class='ocrx_word' id='word_1_882' title='bbox 1549 2935 1567 2962; x_wconf 96' lang='lat' dir='ltr'>C</span> <span class='ocrx_word' id='word_1_883' title='bbox 1579 2936 1631 2961; x_wconf 93' lang='lat' dir='ltr'>DII</span> <span class='ocrx_word' id='word_1_884' title='bbox 1651 2935 1830 2963; x_wconf 79' lang='lat' dir='ltr'>immiserunt.</span> 
     </span>
    </p>

    <p class='ocr_par' dir='ltr' id='par_1_32' title="bbox 1440 2979 2156 3014">
     <span class='ocr_line' id='line_1_121' title="bbox 1440 2979 2156 3014; baseline 0.003 -9"><span class='ocrx_word' id='word_1_885' title='bbox 1440 2979 1450 2993; x_wconf 80' lang='lat'><strong>⁰</strong></span> <span class='ocrx_word' id='word_1_886' title='bbox 1471 2981 1563 3005; x_wconf 78' lang='lat' dir='ltr'>Psalm.</span> <span class='ocrx_word' id='word_1_887' title='bbox 1584 2981 1632 3011; x_wconf 82' lang='lat'>68,</span> <span class='ocrx_word' id='word_1_888' title='bbox 1653 2981 1695 3006; x_wconf 75' lang='lat'>22.</span> <span class='ocrx_word' id='word_1_889' title='bbox 1715 2985 1740 3006; x_wconf 89' lang='lat' dir='ltr'>et</span> <span class='ocrx_word' id='word_1_890' title='bbox 1759 2981 1856 3014; x_wconf 82' lang='lat' dir='ltr'>deinde</span> <span class='ocrx_word' id='word_1_891' title='bbox 1876 2981 1951 3007; x_wconf 83' lang='lat' dir='ltr'>Dent.</span> <span class='ocrx_word' id='word_1_892' title='bbox 1973 2982 2016 3012; x_wconf 82' lang='lat'>32,</span> <span class='ocrx_word' id='word_1_893' title='bbox 2036 2982 2078 3006; x_wconf 78' lang='lat'>32.</span> <span class='ocrx_word' id='word_1_894' title='bbox 2099 2988 2156 3014; x_wconf 87' lang='lat' dir='ltr'>seq.</span> 
     </span>
    </p>

    <p class='ocr_par' dir='ltr' id='par_1_33' title="bbox 1442 3022 2331 3060">
     <span class='ocr_line' id='line_1_122' title="bbox 1442 3022 2331 3060; baseline 0.002 -11"><span class='ocrx_word' id='word_1_895' title='bbox 1442 3022 1463 3060; x_wconf 62' lang='lat'>¹?</span> <span class='ocrx_word' id='word_1_896' title='bbox 1484 3025 1558 3050; x_wconf 84' lang='lat' dir='ltr'>Vers.</span> <span class='ocrx_word' id='word_1_897' title='bbox 1578 3025 1620 3050; x_wconf 87' lang='lat'>30.</span> <span class='ocrx_word' id='word_1_898' title='bbox 1640 3024 1690 3050; x_wconf 82' lang='lat' dir='ltr'>Csr.</span> <span class='ocrx_word' id='word_1_899' title='bbox 1705 3026 1730 3050; x_wconf 87' lang='lat' dir='ltr'>S.</span> <span class='ocrx_word' id='word_1_900' title='bbox 1746 3025 1851 3057; x_wconf 67' lang='lat' dir='ltr'>Bonav„</span> <span class='ocrx_word' id='word_1_901' title='bbox 1870 3024 2018 3057; x_wconf 73' lang='lat' dir='ltr'>Comment,</span> <span class='ocrx_word' id='word_1_902' title='bbox 2031 3025 2057 3050; x_wconf 90' lang='grc'>111</span> <span class='ocrx_word' id='word_1_903' title='bbox 2072 3025 2141 3051; x_wconf 81' lang='lat' dir='ltr'>ioan.</span> <span class='ocrx_word' id='word_1_904' title='bbox 2155 3032 2178 3051; x_wconf 92' lang='lat' dir='ltr'>c.</span> <span class='ocrx_word' id='word_1_905' title='bbox 2194 3026 2235 3051; x_wconf 82' lang='grc'>19.</span> <span class='ocrx_word' id='word_1_906' title='bbox 2248 3033 2273 3051; x_wconf 90' lang='grc'>11.</span> <span class='ocrx_word' id='word_1_907' title='bbox 2288 3025 2331 3051; x_wconf 86' lang='grc'>57.</span> 
     </span>
    </p>

    <p class='ocr_par' dir='ltr' id='par_1_34' title="bbox 1369 3068 2332 3191">
     <span class='ocr_line' id='line_1_123' title="bbox 1442 3068 2331 3103; baseline 0.002 -9"><span class='ocrx_word' id='word_1_908' title='bbox 1442 3068 1462 3085; x_wconf 87' lang='lat'>¹¹</span> <span class='ocrx_word' id='word_1_909' title='bbox 1483 3069 1535 3095; x_wconf 79' lang='lat' dir='ltr'>Csr.</span> <span class='ocrx_word' id='word_1_910' title='bbox 1555 3070 1619 3094; x_wconf 91' lang='lat' dir='ltr'>Gen.</span> <span class='ocrx_word' id='word_1_911' title='bbox 1639 3070 1669 3102; x_wconf 88' lang='lat'>3,</span> <span class='ocrx_word' id='word_1_912' title='bbox 1697 3070 1721 3095; x_wconf 84' lang='grc'>6.</span> <span class='ocrx_word' id='word_1_913' title='bbox 1740 3070 1922 3102; x_wconf 69' lang='lat' dir='ltr'>—Superius</span> <span class='ocrx_word' id='word_1_914' title='bbox 1951 3073 2011 3101; x_wconf 86' lang='lat' dir='ltr'>post</span> <span class='ocrx_word' id='word_1_915' title='bbox 2034 3069 2135 3103; x_wconf 71' lang='lat' dir='ltr'>playas</span> <span class='ocrx_word' id='word_1_916' title='bbox 2163 3070 2182 3095; x_wconf 89' lang='lat' dir='ltr'>B</span> <span class='ocrx_word' id='word_1_917' title='bbox 2211 3069 2285 3095; x_wconf 84' lang='lat' dir='ltr'>addit</span> <span class='ocrx_word' id='word_1_918' title='bbox 2303 3069 2331 3096; x_wconf 80' lang='lat' dir='ltr'>in</span> 
     </span>
     <span class='ocr_line' id='line_1_124' title="bbox 1369 3113 2332 3147; baseline 0 -8"><span class='ocrx_word' id='word_1_919' title='bbox 1369 3113 1485 3140; x_wconf 81' lang='lat' dir='ltr'>odoratu</span> <span class='ocrx_word' id='word_1_920' title='bbox 1500 3118 1550 3147; x_wconf 76' lang='lat' dir='ltr'>per</span> <span class='ocrx_word' id='word_1_921' title='bbox 1570 3113 1765 3140; x_wconf 79' lang='lat' dir='ltr'>damnatorum</span> <span class='ocrx_word' id='word_1_922' title='bbox 1784 3113 1931 3140; x_wconf 83' lang='lat' dir='ltr'>calvarias.</span> <span class='ocrx_word' id='word_1_923' title='bbox 1948 3127 1984 3133; x_wconf 93' lang='lat'>—</span> <span class='ocrx_word' id='word_1_924' title='bbox 2002 3113 2066 3140; x_wconf 93' lang='lat' dir='ltr'>Cod.</span> <span class='ocrx_word' id='word_1_925' title='bbox 2085 3114 2106 3139; x_wconf 90' lang='lat' dir='ltr'>G</span> <span class='ocrx_word' id='word_1_926' title='bbox 2133 3114 2176 3139; x_wconf 89' lang='lat' dir='ltr'>hic</span> <span class='ocrx_word' id='word_1_927' title='bbox 2195 3114 2332 3147; x_wconf 87' lang='lat' dir='ltr'>prosequi-</span> 
     </span>
     <span class='ocr_line' id='line_1_125' title="bbox 1369 3157 1881 3191; baseline 0 -8"><span class='ocrx_word' id='word_1_928' title='bbox 1369 3160 1424 3183; x_wconf 89' lang='lat' dir='ltr'>tur:</span> <span class='ocrx_word' id='word_1_929' title='bbox 1444 3157 1508 3191; x_wconf 84' lang='lat' dir='ltr'>quia</span> <span class='ocrx_word' id='word_1_930' title='bbox 1527 3157 1685 3184; x_wconf 81' lang='lat' dir='ltr'>huiusmodi</span> <span class='ocrx_word' id='word_1_931' title='bbox 1703 3158 1812 3184; x_wconf 77' lang='lat' dir='ltr'>tentatio</span> <span class='ocrx_word' id='word_1_932' title='bbox 1832 3161 1881 3184; x_wconf 88' lang='lat' dir='ltr'>etc.</span> 
     </span>
    </p>

    <p class='ocr_par' dir='ltr' id='par_1_35' title="bbox 1441 3201 2160 3234">
     <span class='ocr_line' id='line_1_126' title="bbox 1441 3201 2160 3234; baseline 0.003 -8"><span class='ocrx_word' id='word_1_933' title='bbox 1441 3201 1463 3215; x_wconf 78' lang='lat'>¹²</span> <span class='ocrx_word' id='word_1_934' title='bbox 1484 3202 1594 3233; x_wconf 83' lang='lat' dir='ltr'>Vulgata</span> <span class='ocrx_word' id='word_1_935' title='bbox 1614 3202 1649 3228; x_wconf 85' lang='lat' dir='ltr'>El</span> <span class='ocrx_word' id='word_1_936' title='bbox 1667 3201 1797 3234; x_wconf 81' lang='lat' dir='ltr'>dicentes,·</span> <span class='ocrx_word' id='word_1_937' title='bbox 1816 3203 1894 3228; x_wconf 81' lang='lat' dir='ltr'>ctiam</span> <span class='ocrx_word' id='word_1_938' title='bbox 1914 3203 1984 3229; x_wconf 84' lang='lat' dir='ltr'>Beda</span> <span class='ocrx_word' id='word_1_939' title='bbox 2004 3203 2099 3228; x_wconf 89' lang='lat' dir='ltr'>omittit</span> <span class='ocrx_word' id='word_1_940' title='bbox 2118 3202 2160 3229; x_wconf 81' lang='lat' dir='ltr'>Et.</span> 
     </span>
    </p>

    <p class='ocr_par' dir='ltr' id='par_1_36' title="bbox 1441 3244 2152 3280">
     <span class='ocr_line' id='line_1_127' title="bbox 1441 3244 2152 3280; baseline 0.003 -10"><span class='ocrx_word' id='word_1_941' title='bbox 1441 3244 1463 3261; x_wconf 75' lang='lat'>¹³</span> <span class='ocrx_word' id='word_1_942' title='bbox 1484 3246 1559 3271; x_wconf 85' lang='lat' dir='ltr'>Vers.</span> <span class='ocrx_word' id='word_1_943' title='bbox 1579 3247 1621 3271; x_wconf 64' lang='lat'>⁶23.</span> <span class='ocrx_word' id='word_1_944' title='bbox 1641 3250 1665 3271; x_wconf 87' lang='lat' dir='ltr'>et</span> <span class='ocrx_word' id='word_1_945' title='bbox 1685 3246 1732 3277; x_wconf 79' lang='lat'>243</span> <span class='ocrx_word' id='word_1_946' title='bbox 1753 3247 1798 3272; x_wconf 85' lang='lat' dir='ltr'>csr.</span> <span class='ocrx_word' id='word_1_947' title='bbox 1818 3247 1861 3272; x_wconf 91' lang='lat' dir='ltr'>IV.</span> <span class='ocrx_word' id='word_1_948' title='bbox 1881 3247 1945 3278; x_wconf 81' lang='lat' dir='ltr'>neg.</span> <span class='ocrx_word' id='word_1_949' title='bbox 1967 3247 2014 3277; x_wconf 68' lang='lat' dir='ltr'>r19,</span> <span class='ocrx_word' id='word_1_950' title='bbox 2034 3248 2078 3272; x_wconf 82' lang='lat'>22.</span> <span class='ocrx_word' id='word_1_951' title='bbox 2096 3254 2152 3280; x_wconf 84' lang='lat' dir='ltr'>seq.</span> 
     </span>
    </p>

    <p class='ocr_par' dir='ltr' id='par_1_37' title="bbox 1370 3289 2331 3360">
     <span class='ocr_line' id='line_1_128' title="bbox 1442 3289 2331 3324; baseline 0.001 -9"><span class='ocrx_word' id='word_1_952' title='bbox 1442 3289 1465 3304; x_wconf 75' lang='lat'>¹⁴</span> <span class='ocrx_word' id='word_1_953' title='bbox 1486 3290 1561 3315; x_wconf 78' lang='lat' dir='ltr'>Vers.</span> <span class='ocrx_word' id='word_1_954' title='bbox 1582 3291 1623 3317; x_wconf 83' lang='grc'>10.</span> <span class='ocrx_word' id='word_1_955' title='bbox 1643 3293 1668 3317; x_wconf 70' lang='lat' dir='ltr'>vt</span> <span class='ocrx_word' id='word_1_956' title='bbox 1689 3291 1730 3316; x_wconf 74' lang='lat' dir='ltr'>lt.</span> <span class='ocrx_word' id='word_1_957' title='bbox 1758 3291 1807 3316; x_wconf 72' lang='lat' dir='ltr'>I&#39;ro</span> <span class='ocrx_word' id='word_1_958' title='bbox 1827 3290 2041 3324; x_wconf 73' lang='lat' dir='ltr'>lonqanz&#39;milatis</span> <span class='ocrx_word' id='word_1_959' title='bbox 2061 3291 2120 3316; x_wconf 87' lang='lat' dir='ltr'>Vat.</span> <span class='ocrx_word' id='word_1_960' title='bbox 2139 3297 2200 3317; x_wconf 85' lang='lat' dir='ltr'>cum</span> <span class='ocrx_word' id='word_1_961' title='bbox 2221 3290 2331 3322; x_wconf 83' lang='lat' dir='ltr'>Vulgata</span> 
     </span>
     <span class='ocr_line' id='line_1_129' title="bbox 1370 3333 1550 3360; baseline -0.006 0"><span class='ocrx_word' id='word_1_962' title='bbox 1370 3333 1460 3360; x_wconf 68' lang='lat' dir='ltr'>enricus</span> <span class='ocrx_word' id='word_1_963' title='bbox 1476 3333 1550 3359; x_wconf 82' lang='lat' dir='ltr'>mali.</span> 
     </span>
    </p>

    <p class='ocr_par' dir='ltr' id='par_1_38' title="bbox 1443 3377 2333 3412">
     <span class='ocr_line' id='line_1_130' title="bbox 1443 3377 2333 3412; baseline 0.001 -9"><span class='ocrx_word' id='word_1_964' title='bbox 1443 3377 1464 3392; x_wconf 78' lang='lat'>¹⁵</span> <span class='ocrx_word' id='word_1_965' title='bbox 1485 3379 1567 3403; x_wconf 82' lang='lat' dir='ltr'>Scrm.</span> <span class='ocrx_word' id='word_1_966' title='bbox 1588 3378 1613 3403; x_wconf 92' lang='lat' dir='ltr'>in</span> <span class='ocrx_word' id='word_1_967' title='bbox 1632 3378 1675 3404; x_wconf 85' lang='lat' dir='ltr'>die</span> <span class='ocrx_word' id='word_1_968' title='bbox 1694 3381 1783 3404; x_wconf 81' lang='lat' dir='ltr'>sancto</span> <span class='ocrx_word' id='word_1_969' title='bbox 1803 3379 1931 3410; x_wconf 79' lang='lat' dir='ltr'>Paschae,</span> <span class='ocrx_word' id='word_1_970' title='bbox 1950 3386 1976 3404; x_wconf 90' lang='lat' dir='ltr'>n.</span> <span class='ocrx_word' id='word_1_971' title='bbox 1996 3380 2019 3404; x_wconf 86' lang='lat'>2.</span> <span class='ocrx_word' id='word_1_972' title='bbox 2040 3386 2095 3412; x_wconf 80' lang='lat' dir='ltr'>seq.</span> <span class='ocrx_word' id='word_1_973' title='bbox 2108 3379 2135 3404; x_wconf 90' lang='lat' dir='ltr'>In</span> <span class='ocrx_word' id='word_1_974' title='bbox 2148 3378 2333 3411; x_wconf 78' lang='lat' dir='ltr'>principiore-</span> 
     </span>
    </p>
   </div>
   <div class='ocr_carea' id='block_1_23' title="bbox 1371 3422 2333 3498">
    <p class='ocr_par' dir='ltr' id='par_1_39' title="bbox 1371 3422 2333 3498">
     <span class='ocr_line' id='line_1_131' title="bbox 1371 3422 2333 3455; baseline 0 -8"><span class='ocrx_word' id='word_1_975' title='bbox 1371 3422 1480 3454; x_wconf 83' lang='lat' dir='ltr'>spicitur</span> <span class='ocrx_word' id='word_1_976' title='bbox 1501 3423 1539 3448; x_wconf 84' lang='lat' dir='ltr'>I‘s.</span> <span class='ocrx_word' id='word_1_977' title='bbox 1561 3423 1607 3454; x_wconf 75' lang='lat' dir='ltr'>lo,</span> <span class='ocrx_word' id='word_1_978' title='bbox 1628 3423 1658 3448; x_wconf 87' lang='lat'>3:</span> <span class='ocrx_word' id='word_1_979' title='bbox 1677 3423 1808 3454; x_wconf 87' lang='lat' dir='ltr'>Quoniam</span> <span class='ocrx_word' id='word_1_980' title='bbox 1827 3429 1897 3453; x_wconf 85' lang='lat' dir='ltr'>ecce,</span> <span class='ocrx_word' id='word_1_981' title='bbox 1917 3426 2096 3455; x_wconf 86' lang='lat' dir='ltr'>peccatores...</span> <span class='ocrx_word' id='word_1_982' title='bbox 2116 3425 2276 3455; x_wconf 80' lang='lat' dir='ltr'>paraverunt</span> <span class='ocrx_word' id='word_1_983' title='bbox 2294 3429 2333 3447; x_wconf 85' lang='lat' dir='ltr'>sa-</span> 
     </span>
     <span class='ocr_line' id='line_1_132' title="bbox 1372 3466 1726 3498; baseline 0.003 -7"><span class='ocrx_word' id='word_1_984' title='bbox 1372 3466 1450 3498; x_wconf 82' lang='lat' dir='ltr'>gittas</span> <span class='ocrx_word' id='word_1_985' title='bbox 1469 3473 1530 3492; x_wconf 82' lang='lat' dir='ltr'>suas</span> <span class='ocrx_word' id='word_1_986' title='bbox 1550 3466 1575 3492; x_wconf 87' lang='lat' dir='ltr'>in</span> <span class='ocrx_word' id='word_1_987' title='bbox 1595 3467 1726 3498; x_wconf 83' lang='lat' dir='ltr'>pharetra.</span> 
     </span>
    </p>
   </div>
   <div class='ocr_carea' id='block_1_24' title="bbox 2384 1802 2434 1823">
    <p class='ocr_par' dir='ltr' id='par_1_40' title="bbox 2384 1802 2434 1823">
     <span class='ocr_line' id='line_1_133' title="bbox 2384 1802 2434 1823; baseline 0 0"><span class='ocrx_word' id='word_1_988' title='bbox 2384 1802 2434 1823; x_wconf 77' lang='lat' dir='ltr'>tiae.</span> 
     </span>
    </p>
   </div>
  </div>
 </body>
</html>
