2476 3921
302 265 365 298 332

308 367 321 381 α
339 353 443 385 Sciens
466 350 550 382 lesus
561 374 568 387 ‚
593 347 667 390 quia
682 345 786 378 omnia
801 345 861 377 iam
879 346 1095 377 consummata
1110 345 1203 381 sunt,
1219 345 1256 374 ut

302 406 573 439 consummaretur
589 400 766 441 Scriptura,
782 397 880 430 dixit:
905 396 980 429 Sitio
997 409 1027 428 ».
1054 409 1070 424 α
1086 395 1164 428 Cum
1181 404 1257 437 ergo

302 458 468 499 accepisset
492 456 575 488 lesus
598 457 738 491 acetum,
755 451 854 484 dixit:
871 450 1129 483 Consummatum
1146 451 1202 481 est.
1221 448 1257 481 Et

303 510 448 542 inclinato
471 507 588 549 capite,
612 504 714 538 emisit
737 503 884 545 spiritum
902 515 932 534 ».

390 561 441 594 73.
466 560 567 602 (Vers.
593 558 669 598 51).
693 555 798 589 Τ61ῑίο
814 557 969 597 quantum
985 553 1024 586 ad
1041 552 1257 586 introductio-

166 628 248 652 renuo
264 624 376 648 donem
398 612 534 646 divortii
556 610 692 654 affectus
715 607 867 641 carnalis
890 606 1074 648 subiungit:
1104 605 1256 644 Putatis,

141 654 293 676 introducendo

140 682 162 702 di
166 682 230 702 voi-tio
239 680 289 701 affe·
303 668 407 711 qu2a¹

428 675 543 709 pacem
567 664 642 696 veni
663 663 747 695 dare
771 662 806 694 z'n
831 658 982 692 temam?
1005 667 1111 701 pacem
1140 658 1258 691 scilicet

140 707 288 729 ⁰¹⁰⁸⁶³¹¹¹²¹¹⁸
304 725 469 753 terrenam
502 719 583 750 Hanc
615 725 675 749 non
708 714 794 747 venit
824 713 917 751 dare,
946 712 1000 745 sed
1025 711 1151 751 tollere,
1183 711 1258 753 quia

140 787 245 808 Terrenae
253 791 288 815 pa-

139 815 171 834 cis
194 818 288 839 propne-

140 841 201 860 tates.

140 1844 209 1865 Vei-ae
227 1844 284 1871 pacis

140 1871 287 1898 proprietates.

302 774 377 807 haee
401 776 447 805 est
471 781 533 813 pax
556 769 667 808 mala,
691 768 729 800 de
746 776 810 810 qua
825 766 921 799 Isaiae
937 765 1088 807 vigesimo
1103 767 1213 797 octavo
1226 764 1256 796 ²:

306 840 321 855 «
339 825 513 867 Pepigimus
543 822 652 855 foedus
675 829 748 854 cum
773 822 875 852 morte
906 822 937 851 et
968 826 1041 850 cum
1069 817 1192 849 inferno
1214 816 1259 849 16-

302 881 401 913 cimus
424 881 547 920 pactum
566 889 595 908 ».
613 894 656 899 -—
672 875 755 906 Hanc
779 881 886 915 pacem
904 872 954 904 vir
969 871 1073 904 iustus
1088 870 1257 912 reprobat;

302 933 332 964 in
358 931 475 964 Psalmo
488 930 520 961 ³:
555 941 570 957 «
588 926 690 960 Zelavi
714 935 811 968 super
835 925 974 966 iniquos,
992 932 1100 966 pacem
1116 926 1258 965 peccato-

303 993 373 1016 rum
398 983 505 1016 videns
521 994 551 1020 »;
576 980 651 1023 quia
675 980 745 1012 talis
768 988 832 1021 pax
863 981 910 1011 est
933 987 996 1019 pax
1021 986 1133 1019 prava
1142 988 1153 1015 ;
1176 976 1259 1009 Deu-

302 1036 464 1070 teronomii
498 1034 646 1076 vigesimo
677 1041 780 1065 nono:
812 1045 827 1060 «
845 1031 908 1063 Pax
932 1031 992 1063 erit
1014 1030 1111 1068 mihi,
1140 1033 1171 1063 et
1194 1038 1260 1062 am-

302 1090 417 1123 bulabo
440 1089 471 1121 in
496 1087 651 1130 pravitate
675 1085 778 1118 cordis
802 1084 862 1117 mei
881 1098 911 1116 ».
928 1102 972 1106 »-
988 1084 1040 1116 Est
1056 1093 1119 1126 pax
1143 1081 1259 1125 falam

302 1142 448 1178 Ieremiae
471 1140 610 1174 sexto4:
640 1152 655 1167 «ι
671 1138 831 1171 Curabant
858 1136 1075 1169 contritionem
1099 1135 1181 1168 filiae
1204 1144 1260 1177 po-

302 1196 365 1238 puli
390 1195 450 1227 mei
475 1203 547 1227 cum
572 1191 757 1235 ignominia,
777 1190 933 1223 dicentes:
952 1190 1033 1228 Pax,
1051 1198 1132 1231 pax,
1149 1192 1180 1222 et
1197 1198 1259 1221 non

301 1252 369 1282 erat
385 1257 448 1290 pax
460 1261 491 1279 ».
506 1264 547 1271 -·
560 1246 612 1278 Ε31
629 1254 692 1287 pax
708 1247 956 1281 momentanea;
973 1243 1092 1285 primae
1108 1242 1146 1275 ad
1163 1242 1260 1275 Thes-

301 1301 508 1334 salonicenses
531 1298 684 1341 quinto⁵:
714 1310 729 1325 «ι
746 1297 823 1329 Cum
847 1295 1002 1329 dixerint:
1028 1296 1092 1328 Pax
1116 1299 1147 1328 et
1170 1304 1259 1328 seeu-

302 1355 396 1393 ritas,
418 1356 492 1385 tunc
517 1351 700 1394 repentinus
723 1350 768 1382 eis
789 1349 990 1391 superveniet
1006 1349 1152 1381 interitus
1169 1362 1199 1380 n.
1216 1367 1260 1372 —

303 1408 354 1440 Est
378 1416 439 1449 pax
464 1404 649 1447 deceptoria
657 1415 669 1442 ,·
693 1402 841 1436 leremiae
864 1411 964 1434 nono:
992 1415 1007 1431 «
1024 1402 1056 1434 ln
1080 1411 1134 1435 ore
1151 1411 1259 1444 pacem

302 1469 374 1493 cum
390 1459 489 1492 amico
506 1458 647 1500 loquitur
658 1483 665 1496 ,
682 1460 713 1489 et
728 1455 850 1489 occulte
874 1455 961 1497 ponit
976 1455 1002 1488 ei
1021 1455 1147 1488 insidias
1163 1468 1194 1487 n.
1217 1473 1259 1479 —

302 1514 353 1546 Est
377 1522 439 1556 pax
465 1511 634 1545 turbativa
643 1522 654 1548 ;
678 1510 709 1542 in
734 1509 868 1547 cantiae,
887 1508 979 1541 lsaiae
997 1509 1156 1550 trigesimo
1176 1512 1261 1541 octa-

303 1567 387 1600 vo⁶:
419 1580 433 1595 a
452 1566 545 1605 Ecce,
571 1565 600 1597 in
627 1572 702 1606 pace
725 1562 902 1595 amaritudo
926 1571 996 1594 mea
1019 1562 1214 1595 amarissima
1229 1574 1260 1601 »3

303 1619 505 1652 Ecclesiastici
538 1616 778 1660 quadragesimo
802 1615 924 1657 primo:
955 1627 970 1642 α
987 1614 1013 1646 O
1038 1623 1140 1653 mors,
1165 1623 1260 1656 quam

302 1682 408 1705 amara
436 1675 483 1705 est
511 1670 663 1704 memoria
694 1673 748 1702 tua
780 1668 897 1701 homini
931 1667 1058 1700 habenti
1090 1676 1198 1709 pacem
1231 1667 1262 1700 in

302 1726 475 1759 substantia
499 1734 556 1758 sua
572 1727 602 1756 »t

391 1779 442 1812 74.
461 1779 539 1811 Haec
553 1787 615 1820 pax
628 1780 676 1810 est
689 1775 827 1808 inimica
839 1784 937 1807 verae
950 1784 1038 1816 paez
1056 1774 1130 1806 Nam
1148 1773 1262 1806 Christi

302 1844 365 1877 pax
389 1837 436 1866 est
460 1842 522 1875 pax
547 1831 653 1869 bona;
669 1839 767 1872 supra
791 1828 972 1862 secundo⁷z
1003 1841 1019 1856 α
1035 1828 1066 1860 ln
1091 1831 1178 1860 terra
1200 1836 1264 1869 pax

304 1886 483 1919 hominibus
508 1885 607 1917 bonae
631 1882 803 1916 voluntatis
819 1894 850 1921 »;
868 1882 937 1914 ideo
953 1880 1136 1923 Apostolus:
1159 1879 1264 1912 «Gra-

306 1940 347 1971 tia
370 1939 457 1972 vobis
480 1941 512 1971 et
532 1947 595 1980 pax
613 1950 643 1969 ».
660 1955 704 1960 —-
721 1936 773 1969 Est
790 1945 853 1978 pax
870 1944 970 1973 vera;
987 1934 1025 1966 ad
1042 1934 1196 1966 Romanos
1211 1933 1265 1966 de-

305 1993 384 2025 cimo
401 1995 514 2034 quarto
527 1991 558 2023 ⁸:
577 2004 592 2019 «
606 1991 747 2033 Regnum
763 1989 818 2022 Dei
836 1991 883 2021 est
896 1987 1014 2021 iustitia
1027 1990 1058 2020 et
1071 1996 1133 2029 pax
1146 1990 1178 2019 et
1189 1995 1265 2028 gau-

305 2046 390 2079 dium
407 2060 437 2078 ».
462 2064 506 2069 -—
522 2046 586 2078 Pax
601 2043 839 2086 permansz'va;
857 2042 978 2075 loannis
992 2040 1114 2074 decimo
1129 2043 1244 2082 quarto
1258 2051 1265 2072 z

311 2113 326 2128 «
343 2100 450 2132 Pacem
474 2099 619 2141 relinquo
643 2097 749 2136 vobis,
774 2105 836 2128 non
860 2094 1018 2138 quomodo
1041 2093 1180 2126 mundus
1195 2092 1266 2132 dat,

307 2162 363 2194 ego
386 2153 425 2185 do
449 2152 537 2185 vobis
554 2166 583 2184 ».
601 2170 643 2175 -
662 2151 713 2183 Ε31
730 2159 792 2192 pax
809 2148 990 2185 directiva;
1007 2156 1104 2189 supra
1120 2146 1223 2188 primo
1235 2146 1265 2178 ⁹:

313 2220 326 2235 «
346 2207 402 2239 Per
426 2206 545 2239 viscera
561 2204 811 2243 misericordiae,
828 2203 859 2236 in
877 2202 994 2245 quibus
1010 2200 1146 2234 visitavit
1162 2209 1220 2233 nos
1235 2211 1266 2238 »3

314 2272 328 2287 «
346 2258 385 2290 ad
407 2258 585 2300 dirigendos
609 2257 703 2299 pedes
720 2258 844 2289 nostros
860 2255 891 2287 in
908 2254 990 2286 viam
1007 2253 1092 2295 pacis
1109 2266 1138 2284 ».
1156 2270 1201 2275 -—
1216 2251 1269 2284 Est

311 2321 373 2353 pax
402 2310 601 2343 consolator
588 2320 647 2348 za
672 2309 793 2342 loannis
815 2307 937 2341 decimo
960 2309 1052 2339 sexto
1066 2306 1112 2337 ¹⁰:
1141 2305 1213 2337 «Ut
1238 2304 1268 2336 in

310 2373 358 2396 me
375 2373 482 2406 pacem
499 2363 657 2402 habeatis:
674 2363 705 2395 in
722 2361 840 2394 mundo
864 2368 1046 2403 pressuram
1070 2358 1225 2391 habebitis
1237 2369 1268 2396 n:

310 2421 341 2449 et
364 2417 402 2449 ad
427 2417 639 2458 Philippenses
662 2419 794 2458 quarto:
826 2427 841 2443 α
858 2415 922 2447 Pax
939 2413 1010 2452 Dei,
1027 2421 1108 2455 quae
1132 2420 1269 2453 exsupe-

312 2472 360 2501 rat
383 2477 507 2501 omnem
532 2477 677 2507 sensum,
701 2467 856 2501 custodiat
879 2466 975 2500 corda
997 2469 1102 2499 vestra
1125 2468 1156 2498 et
1179 2463 1270 2496 intel-

312 2522 453 2564 ligentias
476 2524 597 2553 vestras
613 2534 643 2552 ».
662 2538 703 2544 -—
720 2520 873 2562 Quoniam
897 2528 972 2561 ergo
996 2527 1052 2560 per
1075 2517 1180 2551 omnia
1196 2525 1270 2549 con-

313 2575 464 2607 trariatur
489 2582 560 2607 cum
585 2582 660 2616 pace
677 2573 853 2613 mundana;
870 2576 901 2606 et
917 2571 1076 2606 contraria
1091 2571 1185 2604 simul
1202 2578 1271 2603 esse

385 2757 392 2771 ¹
414 2757 497 2783 Codd.
515 2756 533 2783 C
547 2757 566 2782 D
585 2763 645 2782 curn
659 2755 798 2781 Ambrosio
812 2756 873 2785 (Vll.
888 2755 912 2780 in
927 2756 989 2780 Luc.
1003 2756 1050 2786 ⁴2,
1064 2762 1089 2780 n.
1107 2754 1177 2786 131.)
1192 2753 1273 2788 quod.

315 2801 478 2827 —Subinde
498 2808 546 2833 pro
566 2800 632 2827 clare
651 2802 708 2826 Vat.
728 2807 789 2826 cum
808 2800 937 2825 nonnullis
956 2799 1033 2825 codd.
1053 2802 1078 2824 et
1097 2799 1199 2830 Lyrano
1215 2798 1272 2825 mil·

316 2848 370 2872 tere
384 2846 439 2878 (cfr.
460 2846 545 2871 Matth.
568 2846 614 2878 10,
633 2844 698 2877 34,).
721 2859 754 2863 —-
774 2844 882 2870 lnserius
901 2846 960 2875 post
972 2844 1109 2869 tarentum
1123 2843 1143 2867 ll
1157 2842 1231 2868 addit
1249 2844 1272 2868 et

317 2890 463 2917 carnalem.

386 2933 397 2948 ²
417 2936 491 2960 Vei-s.
510 2935 560 2960 45:
580 2933 766 2961 Percussimus
784 2932 879 2967 foedus
898 2935 948 2958 etc.

389 2979 399 2995 ³
417 2980 510 3004 Psalm.
528 2979 578 3010 72,
598 2980 628 3010 3,
648 2982 708 3011 post
726 2985 806 3011 quem
826 2978 902 3003 Deut.
923 2977 972 3007 29,
993 2976 1034 3002 19.

388 3021 399 3035 ⁸
419 3023 492 3048 Vers.
512 3023 553 3049 11.
569 3024 616 3049 Ρ10
630 3030 691 3050 cum
710 3021 860 3057 iqnominia
878 3021 897 3047 C
909 3021 960 3047 DG
979 3019 1016 3046 ad
1034 3018 1226 3054 iqnomindzm,
1240 3018 1274 3044 de

319 3075 371 3100 quo
391 3068 450 3093 vide
469 3075 491 3093 c.
511 3069 539 3100 8,
561 3070 609 3093 tt:
630 3069 658 3094 Et
677 3067 804 3094 sanabant
822 3066 1003 3094 contritionem
1024 3064 1091 3091 ssliae
1114 3063 1202 3096 populi
1223 3063 1275 3089 mei

319 3111 354 3136 ml
373 3111 564 3145 iqnominiam,
586 3113 718 3138 dicentes:
739 3113 802 3143 Pax,
821 3119 885 3144 pax,
904 3118 965 3137 curn
985 3116 1039 3135 non
1059 3112 1126 3135 esset
1145 3115 1204 3140 pax.

389 3156 399 3171 ⁵
419 3158 493 3183 Vers.
513 3159 537 3183 3.
558 3171 593 3177 —-
613 3158 734 3190 Sequitur
754 3158 800 3182 ler.
820 3157 850 3189 9,
870 3157 897 3182 8.

390 3200 402 3237 ⁶.
421 3202 494 3228 Vere.
509 3202 550 3227 17.
565 3203 604 3235 (ex
619 3202 638 3227 Α
649 3202 670 3227 D
689 3202 871 3233 supplevimus
884 3200 912 3227 in
925 3198 1043 3232 cantico,
1059 3199 1114 3225 scil.
1127 3197 1275 3228 Ezechiae),

322 3248 380 3277 post
398 3252 476 3278 quem
497 3246 574 3271 Eceli.
592 3245 640 3276 41,
661 3246 670 3270 vl
683 3265 690 3277 ,
711 3246 735 3271 in
754 3245 829 3271 cuius
848 3245 899 3270 ssne
919 3244 1030 3276 Vulgata
1049 3246 1075 3269 et
1094 3243 1152 3269 Vat.
1172 3241 1198 3268 in
1218 3240 1277 3268 sub·

320 3289 424 3316 &lamiis
443 3289 509 3316 suis.

391 3331 400 3347 ⁷
422 3334 495 3359 Vers.
516 3334 557 3359 11.
577 3347 620 3353 —-
631 3334 718 3360 Verba
737 3334 852 3366 Apostoli
873 3333 969 3360 Gratia
989 3331 1060 3360 robis
1073 3333 1099 3359 et
1106 3338 1167 3366 part·
1180 3330 1277 3357 haben-

323 3381 363 3402 tur
383 3377 407 3402 in
428 3378 556 3409 principio
575 3379 627 3404 tere
645 3378 765 3404 omnium
785 3377 956 3410 Epistotarum
970 3383 1093 3407 suarum,
1105 3376 1143 3402 sic
1156 3376 1231 3401 Rom.
1246 3375 1257 3400 1
1271 3393 1277 3405 ,

321 3421 355 3452 7,
376 3422 392 3447 l.
412 3421 470 3447 Cor.
493 3422 522 3453 1,
542 3423 571 3453 3;
591 3423 617 3447 ll.
637 3422 696 3448 Cor.
717 3423 746 3453 1,
766 3423 790 3447 2.
810 3425 860 3447 etc.

887 254 1080 288 COMMENT.
1105 254 1142 286 lN
1166 252 1404 286 EVANGELIUM
1429 253 1547 286 LUCAE
1571 253 1603 286 C.
1629 253 1688 286 Xll.

1321 350 1383 374 non
1407 344 1539 383 possunt
1553 342 1596 374 ¹¹:
1620 341 1690 375 ideo
1705 351 1768 375 non
1785 344 1886 384 potest
1909 341 2067 375 introduci
2090 341 2130 374 ab
2149 344 2280 376 auctore

1321 394 1407 436 pacis
1431 393 1490 427 nisi
1515 403 1571 436 per
1595 394 1832 427 dissolutionem
1856 394 1954 427 huius
1976 394 2067 427 fictae
2091 395 2185 437 pacis.

1412 447 1464 479 75.
1490 446 1560 479 ldeo
1583 447 1711 480 subdit:
1741 446 1834 486 Non,
1858 447 1931 479 dieo
1954 446 2064 486 vobis,
2089 447 2119 480 id
2143 451 2208 487 est,
2231 456 2281 481 as·
2300 454 2428 479 anundum.
2449 448 2451 463 ²

1321 508 1393 532 sero
1416 499 1522 538 vobis,
1546 499 1629 542 quod
1654 508 1717 532 non
1740 500 1812 532 veni
1832 508 1940 541 pacem
1957 499 2051 539 dare,
2075 499 2130 532 sed
2154 509 2281 542 separa-

1321 552 1458 591 tionem,
1482 552 1655 585 secundum
1673 552 1749 585 illud
1774 552 1869 585 Isaiae
1892 552 2153 595 quinquagesimo
2168 561 2280 585 seeun-

1321 606 1361 639 do
1375 607 1417 639 ¹²:
1448 619 1463 634 «
1480 606 1640 645 Recedite,
1664 605 1817 644 recedite,
1834 606 1919 638 exite
1937 605 2025 644 inde,
2049 604 2205 647 pollutum
2222 614 2277 638 no-

1322 659 1375 692 lite
1392 662 1519 701 tangere
1532 670 1562 698 »;
1575 662 1607 691 et
1619 657 1774 691 secundae
1786 657 1824 690 ad
1836 657 2015 690 Corinthios
2031 660 2140 690 sexto:
2161 669 2177 685 α
2191 656 2281 689 Exite

1321 711 1360 744 de
1385 711 1487 744 medio
1509 719 1619 743 eorum
1644 714 1675 743 et
1698 710 1906 752 separamini,
1930 709 2005 742 dicit
2027 709 2180 742 Dominus
2195 721 2226 748 »;
2250 713 2281 742 et

1322 764 1468 797 Matthaei
1499 763 1641 796 decimo:
1681 776 1696 792 α
1722 763 1798 796 Veni
1830 762 1913 795 enim
1945 771 2092 805 separare
2124 762 2280 795 hominem

1322 817 1475 850 adversus
1498 819 1620 859 patrem
1642 825 1736 849 suum
1753 828 1769 844 ι)
1789 819 1848 848 etc.
1868 815 1902 848 Et
1918 815 1998 848 ratio
2014 815 2111 848 huius
2126 819 2191 854 est,
2207 815 2282 858 quia

1322 870 1439 903 dicitur
1462 869 1598 903 ibidem:
1629 882 1644 898 «ι
1660 869 1720 910 Qui
1743 872 1826 901 amat
1851 871 1972 910 patrem
1989 872 2045 901 aut
2060 871 2193 902 matrem
2210 869 2282 910 plus

1323 932 1418 966 quam
1443 932 1494 956 me
1517 932 1579 956 non
1604 926 1652 956 est
1676 931 1726 955 1116
1750 922 1864 964 dignus
1880 934 1910 962 »;
1933 925 1964 955 et
1980 921 2049 955 ideo
2066 921 2147 954 infra
2162 921 2282 955 decimo

1323 979 1438 1019 quarto
1451 976 1499 1008 ²³:
1528 988 1544 1004 <c
1561 976 1590 1008 Si
1615 975 1687 1018 quis
1710 975 1796 1008 venit
1816 975 1855 1008 ad
1878 983 1929 1008 me
1952 978 1984 1008 et
1999 984 2061 1007 non
2076 974 2142 1007 odit
2160 977 2282 1016 patrem

1323 1037 1418 1061 suum
1443 1031 1474 1061 et
1497 1031 1631 1061 matrem
1663 1030 1694 1060 et
1725 1036 1860 1060 uxorem
1892 1031 1923 1060 et
1951 1027 2031 1060 filios
2054 1030 2085 1061 et
2107 1027 2221 1061 fratres
2251 1030 2282 1060 et

1324 1090 1466 1120 sorores,
1490 1081 1594 1114 adhuc
1617 1084 1723 1113 autem
1748 1084 1780 1114 et
1803 1081 1938 1113 animam
1963 1090 2071 1120 suam,
2095 1090 2157 1113 non
2181 1083 2283 1123 potest

1324 1143 1415 1167 1116113
1437 1143 1506 1167 6336
1529 1133 1746 1176 discipulus».

1413 1188 1465 1220 76.
1491 1187 1591 1228 (Vers.
1618 1188 1669 1220 5⁹2.
1696 1187 1773 1228 53.).
1792 1187 1827 1220 Et
1843 1190 2011 1230 propterea
2034 1186 2157 1220 subdit:
2176 1187 2444 1220 Eruntconnrmatur.

1323 1241 1410 1273 em'm
1433 1250 1473 1273 ex
1497 1239 1557 1273 ltoe
1580 1240 1724 1284 quinque
1754 1240 1790 1273 in
1822 1250 1893 1273 tma
1921 1240 2017 1273 domo
2040 1240 2160 1279 divisi,
2184 1240 2214 1273 id
2238 1242 2286 1273 est

1323 1294 1362 1327 ab
1386 1294 1500 1327 affectu
1524 1293 1639 1327 carnali
1664 1293 1818 1335 separati;
1834 1297 1865 1327 et
1881 1293 2055 1327 seeundum
2078 1293 2155 1326 illud
2171 1294 2284 1326 Deute-

1324 1348 1455 1381 ronomii
1480 1347 1654 1390 penultimo
1669 1348 1715 1379 ¹4:
1746 1360 1762 1376 «
1777 1347 1836 1389 Qui
1860 1347 1978 1380 dixerit
1994 1347 2074 1389 patri
2092 1356 2150 1380 suo
2170 1350 2201 1380 et
2221 1356 2286 1380 ma-

1324 1401 1364 1434 tri
1389 1410 1482 1434 suae:
1507 1400 1615 1433 Nescio
1638 1409 1711 1439 vos,
1736 1403 1767 1433 et
1790 1400 1943 1433 fratribus
1966 1400 2054 1433 suis:
2073 1400 2182 1442 ignoro
2198 1400 2285 1439 illos,

1324 1458 1356 1488 et
1379 1454 1560 1488 nescierunt
1590 1453 1671 1487 filios
1703 1462 1787 1486 suos.
1820 1453 1854 1486 Hi
1883 1453 2102 1487 custodierunt
2124 1453 2285 1496 eloquium

1325 1512 1416 1541 tuum
1441 1511 1472 1541 et
1495 1510 1621 1550 pactum
1655 1498 1747 1540 tuum*
1770 1511 2025 1540 servaverunt».
2050 1526 2095 1531 —-
2119 1507 2154 1540 Et
2177 1506 2285 1540 subdit

1326 1560 1460 1593 modum
1483 1560 1664 1593 divisionis:
1695 1560 1774 1592 Tres
1798 1560 1834 1592 in
1854 1559 1957 1598 (laos,
1974 1563 2003 1592 et
2019 1559 2086 1592 duo
2102 1559 2138 1592 in
2154 1563 2220 1592 tres
2236 1558 2286 1591 di-

1325 1613 1480 1646 videntur
1494 1613 1539 1652 ¹⁵,
1564 1613 1594 1646 id
1617 1617 1664 1646 est
1687 1622 1857 1655 personae,
1881 1622 1963 1655 quae
1986 1612 2124 1645 maxime
2140 1612 2287 1645 videntur

1326 1675 1383 1709 per
1407 1675 1533 1699 carnem
1557 1667 1759 1705 coniunctae,
1784 1676 1840 1709 per
1864 1666 2011 1708 spiritum
2036 1665 2176 1698 caritatis
2191 1667 2286 1697 erunt

1326 1729 1345 1752 a
1368 1719 1483 1752 carnali
1501 1728 1608 1752 amore
1624 1719 1793 1753 seiunctae.
1811 1720 1872 1752 Nec
1888 1720 2005 1752 mirum
2017 1744 2025 1758 ,
2042 1719 2067 1751 si
2085 1719 2144 1751 hoe
2161 1717 2215 1750 fiat
2232 1725 2287 1759 per

1328 1772 1462 1805 verbum
1485 1772 1645 1812 divinum,
1669 1773 1744 1815 quia
1767 1773 1805 1806 ad
1829 1773 1986 1806 Hebraeos
2002 1775 2134 1814 quarto:
2156 1783 2172 1799 «
2189 1770 2287 1803 Vivus

1328 1828 1376 1862 est
1398 1834 1502 1858 sermo
1526 1825 1580 1858 Dei
1604 1830 1635 1858 et
1657 1826 1770 1859 efficax
1800 1829 1831 1859 et
1862 1825 2085 1868 penetrabilior
2114 1823 2197 1857 omni
2223 1823 2288 1865 gla-

1328 1878 1380 1911 dio
1403 1878 1548 1920 ancipiti,
1572 1879 1753 1921 pertingens
1773 1888 1876 1922 usque
1899 1879 1937 1911 ad
1961 1878 2144 1911 divisionem
2167 1877 2289 1909 animae

1329 1940 1365 1964 ac
1388 1931 1535 1973 spiritus,
1568 1941 1753 1974 compagum
1778 1941 1905 1975 quoque
1936 1941 1973 1965 ac
2004 1931 2234 1969 medullarum,
2258 1933 2289 1962 61

1330 1984 1483 2017 discretor
1507 1984 1729 2026 cogitationum
1747 1998 1763 2014 n
1790 1989 1849 2019 etc.
1867 2005 1911 2010 —
1928 1985 1963 2018 Et
1979 1984 2086 2018 subdit
2102 1983 2238 2017 modum
2260 1986 2290 2015 ec

1330 2037 1536 2079 exemplum:
1555 2038 1657 2070 Pater
1681 2038 1716 2070 in
1739 2038 1848 2080 filium
1871 2043 1900 2071 et
1922 2037 2014 2080 filius
2038 2037 2074 2070 in
2095 2041 2227 2080 patrem
2241 2035 2287 2074 ¹⁶,

1331 2090 1449 2123 scilicet
1465 2090 1664 2123 dividentur.
1682 2091 1946 2133 chrysostomus:
1976 2104 1992 2119 α
2009 2091 2100 2123 Solus
2124 2090 2208 2122 Deus
2224 2089 2290 2121 ani-

1332 2152 1457 2175 marum
1482 2147 1570 2185 pater
1594 2148 1650 2177 est.
1674 2144 1860 2178 Carnalibus
1883 2145 2028 2187 patribus
2041 2143 2171 2186 praehet
2187 2142 2291 2175 carnis

1331 2196 1537 2238 obsequium,
1562 2197 1716 2239 spirituali
1734 2198 1814 2239 patri
1831 2198 1953 2231 animae
1970 2197 2164 2231 sanctitatem
2183 2209 2212 2228 ».
2230 2195 2291 2228 Ν66

1333 2253 1455 2282 tantum
1481 2250 1539 2283 1106
1562 2250 1623 2283 erit
1646 2250 1677 2283 in
1701 2259 1784 2283 sexu
1807 2251 1908 2291 virili,
1932 2259 2045 2284 verum
2061 2250 2154 2283 etiam
2172 2249 2203 2282 in
2221 2257 2292 2281 mu-

1332 2302 1440 2341 liebri;
1464 2302 1533 2335 ideo
1557 2303 1680 2335 subdit:
1704 2303 1810 2336 Macer
1832 2304 1868 2336 in
1891 2303 2018 2346 filiam,
2035 2307 2065 2336 et
2078 2302 2152 2345 filia
2167 2302 2203 2335 in
2218 2311 2291 2334 ma-

1333 2360 1569 2394 trem-socrus
1586 2356 1622 2388 in
1637 2366 1766 2389 nurum
1788 2366 1886 2389 suam
1897 2383 1908 2395 ,
1924 2360 1953 2389 et
1969 2365 2080 2389 nurus
2104 2356 2140 2388 in
2155 2363 2290 2388 socrum

1332 2418 1442 2441 suam.

1423 2463 1475 2494 77.
1503 2462 1537 2494 Et
1561 2466 1648 2501 nota,
1673 2463 1758 2505 quod
1781 2463 1925 2507 quinque
1944 2472 2109 2505 personas
2132 2458 2294 2504 praemisit

1334 2515 1485 2548 Dominus
1509 2519 1539 2548 et
1561 2525 1617 2547 sex
1641 2516 1894 2549 necessitudines
1917 2516 2040 2559 posuit:
2058 2515 2157 2558 patris
2172 2518 2203 2547 et
2219 2513 2293 2552 filii,

1334 2568 1452 2608 matris,
1468 2572 1499 2601 et
1523 2568 1621 2608 filiae,
1645 2578 1748 2602 nurus
1771 2573 1801 2602 et
1825 2579 1953 2609 socrus;
1978 2570 2053 2612 quia
2076 2577 2140 2602 una
2161 2576 2294 2609 persona

1408 2750 1419 2765 ⁸
1439 2752 1515 2777 Vers.
1535 2751 1576 2776 117.
1596 2765 1631 2770 —-
1650 2751 1772 2783 Sequitur
1792 2752 1858 2777 loan.
1881 2752 1927 2783 11,
1947 2752 1990 2777 27.

1407 2795 1419 2810 ⁹
1440 2797 1513 2821 Vcrs.
1532 2795 1576 2820 78.
1595 2798 1619 2820 et
1638 2795 1680 2819 70.

1410 2840 1432 2855 ¹⁰
1452 2842 1526 2867 Vers.
1547 2841 1590 2865 33.
1610 2840 1697 2872 (codd.
1715 2840 1853 2866 omittunt:
1874 2841 1908 2868 Ut
1926 2841 1951 2867 in
1971 2848 2014 2867 me
2036 2847 2130 2874 pacem
2150 2837 2295 2871 habeatis),

1338 2890 1397 2918 post
1415 2892 1495 2918 quem
1516 2884 1579 2909 Phil.
1601 2883 1630 2914 4,
1649 2884 1675 2909 7.

1411 2929 1430 2944 ¹¹
1452 2930 1569 2960 Aristot.,
1589 2928 1615 2953 ll.
1636 2928 1776 2953 Pei-iherm.
1802 2936 1825 2954 1.
1850 2929 1874 2954 4.
1894 2929 1927 2962 (6.
1948 2930 2015 2962 111.);

1338 2973 1466 3005 contingit
1483 2973 1570 2998 eidem
1589 2972 1673 2997 inesse
1692 2972 1831 2997 contraria.

1410 3016 1432 3031 ¹¹
1454 3017 1528 3042 Vers.
1541 3016 1581 3041 11.
1592 3029 1627 3034 -
1641 3015 1758 3041 Subinde
1774 3016 1919 3047 allegantur
1932 3017 1959 3042 ll.
1971 3016 2030 3043 Cor.
2044 3017 2074 3049 6,
2090 3017 2136 3048 17;
2150 3017 2236 3042 Matth.
2251 3016 2297 3046 10,

1339 3063 1383 3088 35.
1403 3061 1459 3094 (ubi
1478 3068 1527 3093 pro
1545 3061 1651 3094 patrem
1670 3059 1747 3085 codd.
1767 3059 1907 3093 fratrem),
1927 3063 1952 3085 et
1971 3060 2014 3086 37.

1412 3104 1434 3120 ¹³
1454 3106 1528 3131 Vcrs.
1548 3105 1590 3130 26.
1609 3104 1660 3130 Cl'r.
1681 3103 1816 3133 Ambros..
1836 3104 1887 3129 Vll.
1907 3104 1932 3129 in
1953 3105 2014 3130 Luc.
2036 3106 2076 3131 12,
2095 3112 2120 3130 11.
2140 3105 2200 3131 135.
2219 3112 2274 3137 seq.

1412 3149 1434 3164 ¹¹
1454 3151 1528 3176 Vers.
1547 3151 1572 3175 9.
1592 3149 1675 3175 Codd.
1695 3149 1818 3174 omittunt
1835 3155 1885 3174 suo
1905 3151 1931 3173 et
1948 3156 2014 3175 snae
2032 3156 2062 3175 ac
2080 3149 2147 3175 suis.

1413 3193 1435 3209 ¹⁶
1454 3196 1502 3220 Pro
1522 3193 1675 3221 divitientur
1695 3193 1729 3226 (in
1750 3193 1862 3225 Vulgata
1882 3193 1931 3218 hoc
1951 3192 2034 3218 verbo
2059 3193 2180 3224 incipitur
2198 3201 2224 3219 v.
2244 3193 2297 3226 53.)

1341 3239 1452 3266 ACDG
1472 3238 1640 3265 dividuntur.
1658 3251 1693 3257 -
1713 3237 1835 3270 Sequitur
1855 3235 1933 3262 llebr.
1954 3236 1985 3267 4,
2005 3237 2047 3262 ⁴2.

1413 3282 1435 3298 ¹⁶
1455 3284 1511 3309 Vat.
1527 3290 1587 3309 rum
1601 3283 1712 3314 Vulgata
1726 3286 1752 3308 et
1765 3282 1893 3307 nonnullis
1912 3281 1991 3307 codd.
2003 3280 2077 3307 addit
2088 3287 2178 3307 suum.
2193 3294 2227 3298 —-
2240 3281 2300 3306 Sen-

2036 2929 2118 2955 Simul
2137 2931 2224 2954 autem
2244 2934 2297 2952 non

1342 3328 1420 3354 tentia
1438 3327 1573 3360 Chrysost.
1591 3326 1701 3353 habetur
1721 3326 1809 3352 homil.
1828 3326 1871 3352 26.
1892 3326 1915 3351 in
1940 3326 2026 3351 Matth.
2048 3325 2095 3356 10,
2114 3325 2157 3350 37.
2177 3324 2235 3357 (Op.
2255 3324 2301 3349 im-

1342 3373 1457 3406 perfect.)
1462 3392 1468 3397 .

2315 2469 2425 2492 Notandun
