2476 3921
930 241 1208 275 PROLEGOMENA
1232 241 1264 273 C.
1291 242 1324 273 lt.

202 336 273 362 Alter
286 342 340 369 quo
355 335 393 361 usi
408 341 501 360 sumus
514 334 573 360 cod.
587 333 607 359 Α
621 336 660 359 est
670 339 778 365 prorsus
788 338 945 364 anonymus,
959 338 1006 357 nec
1017 332 1044 356 Ρ.
1057 331 1092 356 Fi·

131 390 197 416 delis
221 397 235 415 a
254 390 341 416 Fauna
369 394 488 421 unquam
519 387 639 413 invenire
666 386 752 419 potuit
773 385 983 417 manuscriptum
1016 384 1094 410 libelli

131 443 215 475 aliud,
229 442 303 476 quod
323 448 418 468 nomen
433 442 633 467 Bonaventurae
652 439 759 471 habeat,
779 439 838 465 licet
857 439 935 465 huius
961 444 1093 464 commen-

131 495 189 522 tarii
207 496 362 527 apographa
381 495 408 520 in
428 497 465 520 tot
484 493 651 520 bibliothecis
669 495 767 519 attente
786 491 937 525 quaesierit.

202 548 267 575 Hinc
286 551 370 580 patet,
390 555 438 580 pro
458 548 604 575 Pet-chamo
621 549 728 572 auctore
748 546 814 571 illius
833 545 1028 576 commentarii,
1047 545 1093 578 qui

131 593 233 635 incipit:
256 602 370 635 Tempus
381 600 538 635 planqe‘nclz',
557 600 653 632 duplex
673 600 797 625 exsistere
816 598 995 625 testimonium
1014 601 1094 624 exter-

130 662 196 682 num
224 658 250 682 et
278 655 431 687 antiquum,
459 660 509 686 pro
537 653 720 679 Bonaventura
750 658 814 678 vero
834 652 935 678 nullum
964 652 1026 677 satis
1054 658 1093 677 ex-

130 715 260 742 pressum.

201 761 217 794 S
236 761 262 787 3.
280 759 467 787 Discutiuntur
484 758 594 785 orituris
612 757 726 785 interna.

202 815 228 840 Si
247 814 458 847 praescindimus
477 820 491 839 a
512 813 676 845 gravissimis
704 812 788 845 vitiis,
807 818 877 845 quae
896 815 994 838 textum
1014 810 1092 837 libelli

130 870 268 901 hucusque
288 868 384 894 misere
402 866 559 898 foedabant,
578 866 684 892 laudem
711 866 795 897 illam,
813 873 909 899 quam,
928 865 1093 898 approbante

131 922 156 948 Ρ.
176 921 288 954 Bonelli,
308 920 423 947 editores
442 920 533 946 Veneti
554 919 615 945 huic
634 919 764 952 opusculo
783 918 903 945 tribuunt
923 919 995 952 (vide
1008 918 1024 951 S
1038 918 1092 952 2.),

130 975 233 1008 penitus
252 981 351 1007 negare
370 974 504 1000 nolumus.
524 973 623 999 Verum
643 975 682 999 est
706 973 801 1004 etiam,
819 972 894 1006 quod
916 972 943 998 in
961 972 1093 998 nonnullis

130 1028 193 1055 locis
210 1028 380 1061 inveniuntur
399 1027 554 1059 sententiae,
572 1027 718 1053 divisiones
733 1029 759 1053 et
777 1026 901 1060 loquendi
922 1026 994 1052 modi
1008 1026 1092 1052 Bona-

128 1085 256 1109 venturae
269 1081 417 1107 familiares.
431 1081 483 1107 Sed
497 1081 546 1106 hoc
565 1080 688 1113 explicari
702 1080 776 1106 facile
788 1082 888 1113 potest,
898 1080 980 1106 etiam
998 1080 1018 1105 si
1032 1087 1093 1113 sup-

128 1142 268 1168 ponamus,
280 1135 470 1168 Pecchamum,
482 1136 572 1167 utpote
585 1134 688 1160 fidelem
702 1133 862 1166 discipulum
876 1134 1091 1167 Bonaventurae,

128 1196 186 1215 esse
206 1191 340 1215 auctorem
359 1188 458 1221 operis.

199 1242 276 1268 Aliud
295 1245 483 1275 argumentum
505 1241 674 1268 intrinsecum
694 1241 721 1267 P.
742 1241 837 1267 Bonelli
858 1242 938 1268 sumit
957 1248 987 1267 ex
1002 1245 1093 1268 aucto-

127 1295 202 1322 ribus
220 1296 247 1322 in
265 1295 360 1322 eodem
379 1295 507 1327 allegatis.
534 1295 601 1320 Dicit
625 1294 710 1320 enim:
733 1303 746 1317 ιι
760 1295 865 1320 Praeter
884 1294 1092 1327 Hieronymum,

128 1349 303 1382 Augustinum
323 1351 350 1375 et
368 1349 525 1381 Gregorium
545 1355 626 1381 saepe
645 1348 671 1374 in
690 1355 722 1374 ea
739 1348 861 1375 laudatur
885 1348 1024 1380 Rabanns,
1043 1355 1093 1374 nec

128 1404 370 1437 praetermittuntur
389 1403 538 1430 Bernardus
557 1406 582 1429 et
600 1403 677 1436 Hugo
697 1410 711 1429 a
732 1403 756 1429 S.
778 1403 892 1429 Victore.
906 1404 973 1429 inter
993 1402 1092 1428 histori-

127 1464 173 1484 cos
200 1458 313 1484 citantur
339 1458 468 1490 Iosephus
495 1459 520 1483 et
548 1454 736 1489 aegesippus,
765 1457 832 1483 inter
857 1458 976 1483 rhetores
1003 1459 1092 1483 autem

128 1511 230 1537 Tullius
248 1517 279 1536 ac
297 1511 365 1537 inter
392 1510 579 1543 grammaticos
607 1509 714 1543 Papias,
739 1517 809 1544 quae
827 1510 937 1543 quidem
957 1511 1093 1536 citationes

127 1571 220 1591 omnes
238 1563 400 1591 conveniunt
417 1564 481 1590 divo
500 1565 713 1595 Bonaventurae,
732 1564 779 1597 qui
797 1566 924 1597 tanquam
943 1563 1028 1589 scriba
1049 1564 1094 1590 do-

128 1622 185 1646 ctus
204 1618 341 1645 consuevit
360 1617 393 1644 de
412 1618 536 1644 thesauro
555 1624 604 1643 suo
624 1624 693 1643 nova
712 1620 738 1643 et
756 1620 845 1643 vetera
864 1618 984 1649 proferre
996 1626 1022 1643 n.

200 1671 251 1697 Sed
269 1677 300 1697 ex
319 1671 384 1697 intra
403 1670 524 1696 dicendis
542 1669 655 1703 patebit,
675 1670 783 1696 easdem
802 1669 938 1696 citationes
950 1670 1094 1703 qualicum-

127 1732 180 1759 que
192 1725 292 1752 auctori
304 1725 400 1751 saeculi
415 1725 479 1751 xtll.
492 1726 547 1750 nori
560 1724 665 1750 indocto
678 1731 763 1758 aeque
775 1723 845 1750 bene
857 1724 999 1750 convenire
1011 1731 1093 1757 quam

128 1780 154 1805 S.
173 1780 380 1805 Bonaventurae.
400 1779 463 1807 Nam
483 1778 673 1811 Hieronymus,
695 1778 739 1804 vel
758 1777 1037 1810 Pseudohieronymus
1057 1778 1092 1811 (in

127 1832 245 1865 quodam
264 1831 392 1864 opusculo
412 1831 452 1857 illa
471 1833 555 1857 aetate
574 1837 715 1863 perperam
733 1830 769 1856 illi
787 1830 933 1865 attributo),
952 1830 1093 1863 Rabanus,

127 1886 205 1918 nugo
225 1892 240 1911 a
259 1886 285 1911 S.
305 1885 425 1917 Victore,
445 1883 591 1916 Gilbertus,
616 1884 772 1911 Paschasius
794 1885 847 1910 iam
871 1885 1033 1917 scripserunt
1052 1891 1093 1910 ex-

127 1938 271 1971 positiones
291 1938 459 1964 Threnorum
473 1938 536 1964 satis
548 1940 636 1970 notas;
650 1937 721 1963 unde
735 1937 825 1963 talium
839 1938 1008 1970 allegationes
1021 1945 1092 1964 novo

127 1991 327 2019 commentatori
346 1991 420 2018 facile
438 1998 467 2017 se
485 1990 662 2024 praestabant.
682 1992 758 2025 Quod
784 1994 873 2018 autem
892 1999 923 2018 ex
946 1992 1058 2024 Hugone
1076 1999 1091 2018 a

127 2047 153 2072 S.
173 2046 280 2072 Victore
298 2048 352 2072 tam
380 2045 461 2072 multa
489 2045 689 2077 describuntur,
714 2045 777 2079 quin
808 2047 880 2078 fons,
899 2046 971 2072 unde
999 2047 1103 2072 hausta

128 2102 205 2133 sunt,
224 2099 390 2133 nominetur,
409 2100 436 2125 S.
457 2100 656 2125 Bonaventurae
674 2099 764 2125 minus
782 2099 924 2125 convenire
943 2106 1092 2126 censemus.

200 2153 300 2179 Nullius
325 2152 404 2178 etiam
430 2152 555 2178 momenti
584 2155 645 2178 sunt
671 2151 871 2179 observationes
897 2160 912 2178 a
941 2153 968 2179 P.
994 2153 1091 2179 Bonelli

129 2206 205 2240 (ibid.
223 2214 250 2233 n.
269 2206 306 2240 3.)
325 2206 431 2238 allatae,
450 2206 506 2232 scil.
527 2206 601 2239 quod
619 2208 711 2232 auctor
730 2204 849 2238 opusculi
865 2207 995 2239 «regulas
1014 2207 1091 2232 metri

127 2261 197 2287 bene
215 2260 320 2287 noverit
337 2263 364 2286 et
375 2260 454 2286 etiam
467 2259 611 2286 Hebraieae
624 2260 730 2292 linguae
742 2267 794 2286 non
806 2267 917 2293 prorsus
930 2260 1007 2286 ruerit
1020 2260 1092 2292 igna-

127 2322 174 2341 rus
185 2324 211 2341 n.
230 2311 296 2340 Nam
315 2314 375 2345 loci,
388 2313 421 2340 ad
441 2320 510 2347 quos
528 2313 634 2346 respicit
652 2314 764 2345 Bonelli‚
783 2314 908 2346 descripti
926 2316 986 2340 sunt
1005 2320 1036 2339 ex
1049 2320 1093 2339 an-

126 2367 285 2402 tiquioribus
297 2367 505 2400 commentariis,
525 2374 622 2400 nempe
634 2374 666 2393 ex
678 2367 803 2399 Gilberto,
816 2367 939 2401 Rabano,
952 2367 1092 2393 Paschasio

127 2425 154 2462 et
172 2423 283 2448 fortasse
301 2422 380 2448 etiam
399 2428 430 2448 ex
449 2421 492 2447 illo
511 2421 784 2454 Pseudohieronymo3
809 2421 884 2455 quod
909 2421 935 2447 in
956 2428 1011 2455 seq.
1030 2421 1047 2454 S
1066 2423 1092 2447 et

128 2476 154 2502 in
172 2476 241 2502 notis
258 2475 354 2502 nostris
373 2474 556 2508 probabimus.

198 2529 352 2556 Examinato
372 2530 423 2555 hoc
441 2527 544 2562 libello,
564 2528 627 2554 nihil
646 2516 766 2555 invenire
794 2528 944 2561 potuimus,
964 2528 1037 2562 quod
1056 2528 1092 2556 lu-

129 2583 231 2610 culenta
249 2582 346 2609 indicia
365 2582 459 2609 indolis
478 2585 504 2609 et
522 2582 572 2609 stili
592 2582 811 2608 Bonaventuriani
837 2581 978 2614 praeberet
995 2581 1091 2607 eodem

128 2637 223 2669 modo,
236 2639 264 2663 ut
277 2637 434 2670 plerumque
446 2636 474 2662 in
486 2636 543 2662 aliis
555 2636 659 2668 scriptis
671 2635 749 2662 nobis
766 2635 867 2667 evenit3
881 2635 964 2661 immo
978 2635 1053 2667 plura
1066 2637 1093 2661 et

116 2690 220 2723 *gravia
234 2690 259 2716 in
272 2690 433 2716 contrarium
447 2691 533 2715 lacere
542 2689 652 2716 omnino
664 2689 795 2715 videntur.
809 2689 947 2715 Methodus
960 2687 1091 2714 scribendi

129 2744 154 2769 in
168 2745 218 2770 hoc
239 2742 326 2769 libello
351 2743 501 2769 communis
522 2746 562 2769 est
581 2741 846 2773 commentatoribus,
859 2742 905 2775 qui
928 2741 1091 2774 Scripturam

129 2804 197 2824 saec.
216 2798 279 2824 Xlll.
303 2796 551 2830 interpretabantur.
569 2796 668 2823 Eadem
687 2796 797 2830 quidem
825 2798 865 2822 est
883 2795 1009 2822 omnibus
1034 2802 1092 2821 con-

128 2852 241 2878 suetudo
259 2853 358 2878 textum
377 2853 403 2877 et
426 2850 625 2883 explicationem
644 2849 769 2876 continuo
788 2849 925 2875 dividendi
950 2852 976 2875 et
1003 2848 1093 2875 subdi-

128 2904 250 2937 videndi;
275 2904 323 2930 sed
341 2904 369 2929 in
390 2905 438 2930 hac
463 2903 567 2936 postilla
590 2906 682 2929 auctor
701 2904 772 2929 hunc
791 2909 870 2929 usum
894 2905 1005 2935 usurpat
1030 2909 1091 2928 cum

129 2957 246 2990 quodam
267 2963 319 2982 non
338 2956 473 2982 communi
495 2962 613 2982 excessu.

200 3009 302 3042 Singuli
320 3010 375 3035 rere
392 3009 515 3035 versiculi
533 3009 630 3035 iterum
648 3008 805 3035 dividuntur
822 3011 849 3035 et
860 3008 959 3041 passim
979 3008 1092 3041 pluries,

131 3064 184 3089 sere
201 3070 288 3097 usque
306 3063 341 3089 ad
359 3063 463 3095 singula
482 3062 578 3094 verba,
598 3062 671 3096 quod
689 3069 742 3089 non
761 3062 796 3088 ita
814 3062 843 3088 fit
862 3062 891 3088 in
909 3062 1033 3094 legitimis
1045 3062 1092 3088 Bo·

128 3118 289 3142 naventurae
316 3115 524 3142 Commentariis.
543 3116 612 3142 Dum
631 3116 659 3142 in
676 3116 861 3142 Bonaventura
879 3115 980 3149 ubique
999 3115 1094 3147 depre-

129 3170 252 3196 henditur
270 3168 398 3196 mirabilis
416 3170 547 3202 synthesis
567 3176 621 3203 qua
648 3172 738 3202 partes
766 3169 867 3196 divisae
894 3169 930 3195 ad
957 3169 1092 3202 quandam

130 3223 257 3250 unitatem
284 3215 457 3257 rediguntur,
476 3224 503 3250 in
522 3223 659 3256 proposito
678 3229 760 3255 opere
778 3226 867 3255 partes
885 3223 974 3255 potius
992 3223 1093 3249 coordi-

130 3279 234 3303 nantur.
252 3278 310 3310 Ipsa
329 3277 466 3310 explicatio
485 3277 609 3310 litteralis,
628 3284 697 3310 quae
715 3279 776 3309 post
794 3277 940 3303 divisiones
958 3277 1093 3310 sequitur,

131 3331 218 3363 magis
235 3331 307 3357 nuda
325 3333 365 3358 est
383 3334 409 3357 et
428 3331 646 3363 grammaticalis,
665 3331 700 3357 ita
719 3333 749 3357 ut
766 3330 932 3357 desideretur
955 3331 1093 3363 seraphiea

131 3384 173 3410 illa
193 3384 328 3411 doctrinae
346 3384 506 3417 amplitude,
520 3384 627 3411 devotio
646 3387 671 3410 et
689 3391 782 3411 sensus
800 3384 915 3410 litteralis
934 3384 968 3410 ad
987 3391 1092 3411 morum

2059 245 2121 277 xltt

1157 330 1324 362 disciplinam
1343 330 1496 362 applicatio,
1516 337 1567 364 qua
1589 331 1696 362 legitimi
1718 332 1916 358 Bonaventurac
1935 333 2121 361 Commentarii

1157 383 1290 409 excellent.
1310 383 1357 409 Hic
1371 391 1435 409 vcro
1448 388 1540 409 auctor
1560 385 1667 410 moralia
1686 385 1751 411 solet
1763 392 1901 412 reservare
1914 383 2032 419 sequenti
2047 394 2122 420 expo-

1157 437 1242 463 sitioni
1258 437 1398 470 mysticae,
1418 444 1498 471 quam
1519 438 1617 470 passim
1638 439 1801 470 transcrIpsit
1819 446 1848 465 cx
1868 440 1924 465 aliis
1943 440 2103 467 auctoribus.

1229 489 1296 516 Cum
1317 490 1397 522 igitur
1416 491 1518 516 criteria
1539 491 1683 517 extrinseca
1697 491 1773 517 valde
1787 493 1891 518 {aveant
1910 493 1997 518 loanni
2015 494 2121 519 Peccha-

1157 550 1216 576 mo,
1236 551 1284 569 nec
1303 544 1443 570 intrinseca
1473 544 1584 570 dubium
1612 545 1714 576 tollant,
1734 545 1779 570 sed
1801 546 1888 577 potius
1906 551 2033 578 augeant,
2054 547 2123 573 libel-

1157 597 1211 622 lum
1232 597 1302 623 illum
1323 598 1413 624 saltem
1433 598 1467 623 ad
1486 598 1584 624 incerta
1611 598 1784 625 reiiciendum
1804 606 1862 625 esse
1881 603 1906 625 et
1931 601 1954 625 in
1974 601 2121 632 appendice

1158 650 1311 682 ponendum
1331 652 1491 683 putavimus.
1505 652 1573 677 Sane
1586 652 1693 684 quando
1707 655 1785 678 testes
1799 653 1886 678 idonei
1900 654 1933 679 de
1947 654 2035 686 aliquo
2055 655 2122 680 illius

1157 703 1249 729 aetatis
1268 704 1459 730 commentario
1473 704 1581 737 desunt,
1601 705 1759 738 plerumque
1774 706 1850 732 valde
1869 706 1974 732 dittlcile
1987 707 2050 738 erit,
2069 714 2121 733 cer-

1157 759 1212 782 tum
1226 757 1261 783 de
1274 760 1381 783 auctore
1395 757 1522 783 iudicium
1543 759 1624 790 terre,
1643 759 1704 791 quia
1725 765 1818 784 omnes
1837 759 1862 784 in
1883 760 2007 786 methodo
2022 761 2121 786 multis-

1156 817 1209 843 que
1228 810 1285 836 aliis
1303 810 1383 836 rebus
1402 812 1575 844 conveniunt,
1596 815 1621 837 et
1634 812 1695 844 quia
1717 812 1799 846 (quod
1820 814 1895 845 peius
1909 817 1948 839 est
1967 818 1992 839 et
2012 821 2025 839 a
2046 814 2122 840 nobis

1157 864 1183 889 in
1196 864 1394 896 Prolegomenis
1413 865 1446 890 ad
1467 868 1531 891 tom.
1551 865 1591 891 Vl.
1612 873 1634 891 c.
1656 866 1679 891 l.
1701 867 1843 898 praecipue
1864 874 1925 899 pag.
1946 868 2004 892 XlV
2024 869 2072 894 col.
2095 869 2119 894 l.

1156 917 1352 951 monstratum),
1372 918 1442 944 idem
1463 925 1543 951 saepe
1562 919 1768 945 commentarius
1783 927 1877 952 parum
1899 924 2026 953 mutatus,
2047 922 2122 947 inter-

1157 972 1249 1004 positis
1269 971 1389 1004 partibus
1408 972 1535 999 adauctus
1549 973 1591 998 vel
1605 972 1714 999 brevius
1734 977 1896 1005 contractus,
1910 975 2022 1001 diversis
2036 979 2121 1001 aucto-

1155 1025 1230 1051 ribus
1249 1025 1408 1052 inscribitur.

1227 1079 1243 1112 S
1263 1078 1287 1105 4.
1307 1079 1484 1106 Reosnsentur
1503 1087 1594 1114 opere,
1615 1079 1710 1114 quibus
1728 1080 1820 1107 auctor
1833 1080 1912 1107 huius
1926 1080 2047 1116 postillae
2060 1089 2122 1116 pu·

1156 1131 1205 1158 sim
1225 1132 1323 1159 utitur.

1230 1186 1253 1211 l.
1274 1186 1346 1212 Sicut
1364 1193 1457 1212 omnes
1485 1187 1565 1213 medii
1595 1187 1656 1214 aevi
1674 1191 1810 1219 auctores,
1831 1189 1863 1214 ita
1883 1189 1961 1215 etiam
1983 1190 2024 1216 hic
2043 1191 2121 1222 pluri-

1157 1246 1231 1265 mum
1250 1246 1315 1265 usus
1332 1243 1372 1265 est
1392 1243 1503 1273 utraque
1523 1241 1630 1272 Glossa,
1650 1244 1703 1266 tam
1724 1240 1896 1268 interlineari
1913 1249 1993 1275 quam
2014 1243 2120 1269 ordina-

1155 1292 1209 1319 ria.
1229 1293 1281 1319 Sed
1300 1293 1498 1320 observandum
1518 1297 1570 1327 est,
1599 1295 1773 1321 Walat'ridum
1795 1295 1966 1327 Strabonem,
1986 1300 2119 1322 auctorem

1156 1346 1263 1372 Glossae
1275 1346 1433 1374 ordinariae
1446 1348 1472 1373 in
1486 1347 1606 1380 Bibliam,
1620 1356 1672 1374 non
1686 1349 1823 1381 scripsisse
1836 1350 1954 1376 Glossam
1970 1336 1999 1375 in*
2009 1350 2122 1377 Lamen-

1156 1400 1279 1427 tationes.
1298 1401 1387 1426 Glossa
1403 1401 1428 1426 in
1443 1401 1563 1427 Threnos
1582 1402 1654 1434 apud
1674 1403 1806 1434 Lyranum
1826 1404 1880 1429 iere
1900 1407 1951 1429 tota
1977 1407 2062 1429 sumta
2083 1408 2121 1430 est

1156 1461 1187 1479 ex
1207 1454 1346 1480 Paschasio
1365 1453 1514 1485 RadbertO,
1534 1455 1579 1487 qui
1599 1455 1704 1487 scripsit
1719 1455 1923 1489 Expositionem
1942 1457 1967 1482 in
1988 1457 2121 1483 Lamenta-

1156 1507 1241 1533 tiones
1255 1507 1380 1534 leremiae
1393 1507 1505 1540 (Migne,
1518 1508 1613 1533 Patrol.
1635 1509 1691 1534 Lat.
1713 1512 1776 1534 tom.
1800 1510 1860 1535 ⁴20.
1879 1510 1928 1535 col.
1953 1511 2016 1535 4061
2035 1513 2120 1543 seqq.)

1156 1562 1182 1585 et
1202 1560 1256 1585 sere
1274 1562 1344 1586 totus
1363 1560 1432 1586 circa
1451 1567 1559 1586 sensum
1579 1561 1720 1592 mysticum
1740 1565 1894 1594 occupatur.
1914 1562 2021 1588 Glossae
2040 1563 2122 1590 inter-

1157 1612 1275 1640 lineares
1293 1614 1375 1645 vulgo
1394 1613 1547 1639 tribuuntur
1566 1615 1690 1640 Anselmo
1709 1615 1886 1641 Laudanensi.

1228 1653 1256 1692 ln
1276 1668 1325 1693 hac
1345 1670 1431 1693 nostra
1451 1667 1553 1699 postilla
1572 1668 1679 1693 Glossae
1700 1669 1871 1700 transcriptae
1893 1670 2052 1703 plerumque
2070 1677 2122 1696 non

1157 1727 1281 1753 expresse
1309 1721 1436 1754 citantur,
1464 1721 1538 1754 quod
1566 1728 1662 1753 parum
1691 1722 1814 1748 convenit
1837 1723 2023 1749 consuetudini
2042 1724 2123 1749 Bona-

1157 1777 1293 1801 venturae.

1229 1830 1253 1854 2.
1274 1829 1374 1855 Pluries
1393 1828 1520 1861 allegatur
1538 1829 1696 1861 opusculum
1711 1829 1735 1854 S.
1750 1829 1912 1861 Hieronymo
1931 1836 2071 1862 perperam
2085 1834 2123 1856 at-

1155 1882 1299 1914 tributum,
1313 1882 1386 1915 quod
1400 1881 1512 1908 habetur
1526 1883 1551 1908 in
1565 1883 1608 1908 ed.
1622 1882 1740 1909 Vallarsii
1749 1903 1756 1916 ,
1770 1883 1892 1909 Veronae
1906 1883 1984 1910 ⁴742.
2001 1887 2063 1910 tom.
2078 1886 2122 1911 ΧΙ-

1156 1937 1204 1963 col.
1223 1937 1355 1968 727-732,
1374 1937 1401 1962 in
1419 1944 1474 1970 quo
1502 1939 1603 1962 tantum
1632 1936 1750 1969 primum
1780 1937 1925 1969 capitulum
1954 1937 2121 1965 Threnorum

1154 1990 1271 2017 breviter
1290 1991 1438 2023 exponitur.
1457 1990 1556 2016 Eodem
1576 1993 1702 2023 tanquam
1721 1990 1839 2023 legitimo
1858 1991 2012 2024 Hieronymi
2032 1992 2122 2019 labore

1155 2044 1207 2069 iam
1227 2043 1267 2069 usi
1286 2046 1347 2070 sunt
1374 2043 1529 2069 Paschasius
1548 2046 1574 2069 et
1593 2042 1732 2075 Rabanus,
1751 2044 1796 2076 qui
1816 2044 1884 2069 inter
1903 2044 1951 2070 alia
1971 2044 2121 2078 interpreta-

1155 2097 1252 2123 tionem
1272 2097 1412 2129 mysticam
1431 2096 1564 2129 alphabeti
1583 2096 1704 2122 Ilebraici
1724 2097 1785 2123 inde
1804 2098 1932 2123 sumsisse
1952 2098 2084 2125 videntur.

1227 2151 1252 2177 3.
1271 2151 1431 2184 Frequenter
1458 2151 1551 2177 citatur
1570 2150 1670 2177 Rabani
1690 2151 1772 2177 Mauri
1791 2151 1932 2185 Expositis)
1952 2159 2034 2186 snper
2054 2153 2120 2179 lere-

1154 2204 1254 2237 miam,
1273 2205 1300 2230 in
1318 2211 1371 2238 qua
1390 2204 1458 2230 libro
1472 2205 1535 2230 ΧΙΙΙ.
1550 2205 1641 2237 incipit
1653 2205 1780 2237 expositio
1796 2205 1976 2236 Threnorum,
1991 2206 2032 2231 cui
2046 2214 2120 2239 prae-

1155 2258 1245 2290 figitur
1263 2258 1396 2290 quaedam
1415 2257 1588 2289 introductio,
1608 2264 1677 2290 quae
1696 2260 1788 2284 tractat
1807 2258 1841 2284 de
1859 2258 2071 2291 interpretatione
2084 2260 2120 2286 lit-

1155 2311 1228 2337 terali
1247 2314 1273 2337 et
1291 2311 1402 2344 mystica
1421 2310 1554 2344 alphabeti
1569 2311 1704 2344 Hebraici,
1718 2318 1800 2344 quam
1814 2315 1903 2338 noster
1916 2316 2008 2338 auctor
2020 2313 2118 2345 passim

1155 2364 1311 2391 transcribit.
1330 2363 1448 2390 Habetur
1467 2364 1539 2397 apud
1559 2364 1646 2396 Migne
1665 2365 1691 2390 in
1711 2365 1804 2390 patrol.
1824 2366 1879 2390 Lat.
1899 2368 1963 2391 tom.
1986 2366 2043 2391 ill.

1229 2418 1253 2444 4.
1272 2420 1335 2445 item
1344 2438 1351 2450 ,
1370 2419 1453 2444 multa
1472 2419 1603 2451 descripta
1617 2421 1678 2444 sunt
1691 2425 1722 2444 ex
1734 2419 1864 2450 opusculo
1877 2419 1996 2451 Hugonis
2009 2426 2024 2444 a
2038 2420 2063 2445 S.
2078 2420 2120 2445 Vi-

1156 2473 1228 2497 ctore
1240 2470 1488 2498 Annotatz'unculae
1500 2470 1693 2498 elucidatoriae
1707 2471 1735 2497 in
1751 2471 1871 2498 Threnos
1892 2472 2001 2504 (Migne,
2021 2473 2116 2498 Patrol.

1155 2526 1211 2551 Lat.
1232 2527 1296 2551 tom.
1317 2525 1378 2551 ⁴75.
1398 2525 1448 2550 col.
1477 2524 1528 2550 256
1548 2524 1643 2558 seqq).
1662 2524 1746 2550 Etiam
1772 2524 1814 2550 hic
1842 2524 1944 2551 libellus
1963 2528 2001 2551 est
2021 2525 2118 2551 incom-

1155 2579 1255 2611 pletus,
1268 2578 1331 2612 quia
1349 2585 1401 2604 non
1420 2577 1526 2610 exponit
1537 2578 1588 2603 nisi
1601 2577 1703 2603 initium
1723 2584 1782 2610 cap.
1803 2578 1828 2603 l.
1847 2581 1873 2604 et
1890 2581 1974 2604 totum
1992 2585 2015 2604 c.
2029 2580 2053 2604 2.
2073 2580 2120 2605 Ha-

1155 2640 1215 2664 rum
1234 2632 1351 2665 partium
1370 2632 1512 2658 sententias
1524 2631 1695 2664 principales,
1708 2632 1862 2664 praesertim
1877 2632 2053 2664 expositiones
2067 2640 2121 2665 my-

1156 2687 1247 2718 sticas,
1267 2689 1358 2712 auctor
1378 2686 1456 2711 etiam
1476 2685 1501 2710 in
1521 2685 1584 2711 locis
1604 2691 1619 2710 a
1638 2685 1715 2711 nobis
1733 2692 1787 2711 non
1811 2685 1930 2712 indicatis
1949 2687 2077 2718 excerpsit
2096 2690 2120 2712 et

1155 2739 1255 2772 passim
1274 2726 1450 2771 transcripsit,
1474 2738 1571 2764 additis
1595 2744 1676 2770 saepe
1700 2739 1757 2764 aliis
1781 2738 2050 2771 interpretationibus.
2074 2740 2121 2765 Ta·

1156 2800 1218 2819 men
1237 2795 1287 2820 hoe
1306 2793 1465 2826 opuseulum
1484 2799 1535 2818 non
1554 2792 1616 2818 citat
1634 2799 1759 2824 expresso
1778 2792 1884 2818 nomine
1903 2793 1953 2818 nisi
1972 2795 2065 2825 quater
2077 2796 2121 2818 aut

1155 2847 1306 2880 quinquies.

1228 2901 1253 2926 5.
1282 2899 1414 2926 Gilbertus
1441 2900 1613 2933 porretanus,
1642 2900 1724 2932 episc.
1753 2899 1950 2929 pictaviensis„
1966 2902 2044 2924 notus
2068 2905 2121 2924 sae-

1156 2954 1207 2980 culi
1225 2954 1280 2980 xli.
1298 2955 1452 2986 theologus,
1471 2956 1575 2986 praeter
1594 2954 1644 2979 alia
1664 2954 1745 2979 multa
1765 2953 1870 2985 scripsit
1888 2956 1944 2978 tum
1959 2953 2083 2985 prologos
2096 2953 2121 2978 in

1156 3007 1276 3040 singulos
1295 3008 1447 3040 scripturae
1465 3007 1547 3034 libros
1567 3007 1624 3041 (etr.
1645 3007 1732 3033 Sixtus
1752 3007 1875 3038 Senens.‚
1895 3006 2054 3032 Bibliotheca
2067 3013 2122 3032 san-

1156 3063 1210 3093 cta,
1229 3060 1274 3087 lib.
1294 3062 1333 3087 lli.
1351 3068 1414 3094 pag.
1433 3061 1494 3087 474.
1512 3061 1555 3087 ed.
1574 3061 1681 3093 Neapol.
1704 3060 1784 3093 4742)
1804 3063 1860 3085 tum
1881 3060 1990 3085 ineditas
2011 3058 2121 3086 Glossas

1156 3122 1237 3148 super
1256 3116 1414 3148 prophetam
1434 3115 1585 3147 leremiam,
1605 3117 1634 3140 ut
1652 3114 1748 3140 dicitur
1767 3114 1793 3139 in
1812 3112 1929 3139 Histoire
1948 3111 2078 3139 lt'ttdraire
2090 3111 2121 3138 de

1147 3169 1185 3197 ‘la
1203 3169 1311 3197 France
1330 3176 1378 3202 par
1397 3169 1445 3195 des
1463 3168 1599 3201 Religieux
1618 3166 1785 3193 Benedictins
1812 3170 1876 3192 tom.
1904 3166 1959 3192 ΧΠ.
1978 3173 2041 3198 pag.
2061 3165 2120 3197 47¹,

1156 3226 1183 3249 et
1200 3223 1274 3255 apud
1292 3222 1394 3254 Migne,
1413 3221 1507 3247 Patrol.
1526 3222 1581 3247 Lat.
1599 3224 1662 3246 tom.
1684 3221 1745 3245 1188.
1764 3220 1813 3245 col.
1834 3219 1913 3245 1251.
1938 3219 2041 3244 illorum
2060 3225 2122 3250 pro-

1157 3278 1280 3309 logorum
1299 3283 1384 3307 unus,
1402 3275 1457 3302 scil.
1476 3275 1501 3301 in
1519 3274 1716 3307 Apocalypsim,
1736 3273 1831 3305 legitur
1850 3273 1874 3298 in
1894 3273 1922 3298 P.
1941 3272 2036 3298 Bonelli
2057 3272 2120 3303 Sup-

1157 3331 1290 3363 plemento
1304 3333 1367 3356 tom.
1381 3330 1409 3356 ll.
1421 3330 1470 3355 col.
1490 3329 1546 3355 2-6.
1564 3329 1600 3354 Ex
1613 3330 1662 3354 hac
1675 3328 1766 3353 Glossa
1780 3327 1806 3353 in
1822 3327 1941 3352 Threnos
1958 3330 2044 3352 sumta
2061 3328 2120 3350 sunt

1157 3391 1188 3410 ea
1217 3390 1287 3417 quae
1314 3384 1340 3410 in
1369 3383 1421 3409 fine
1449 3382 1552 3415 Prologi
1580 3383 1750 3415 proferuntur
1778 3381 1811 3406 de
1837 3378 2066 3414 indignationibus
2094 3382 2119 3403 et

1937 3454 1957 3472 δὲ
