2476 3921
132 586 155 607 ln
163 585 225 606 tertia
234 590 283 612 par-

139 613 282 659 {aare

148 954 279 981 Principium

148 986 234 1002 movens
250 980 279 1001 ad

154 1007 277 1034 promitten-

185 1033 242 1054 dnm.

158 1903 189 1924 De
203 1902 284 1929 duplici

149 1932 282 1951 testamento.

295 229 337 260 40

296 315 423 348 secundi
455 314 712 346 Machabaeorum
744 312 892 353 primol:
923 310 998 342 «De
1026 310 1146 352 magnis
1170 310 1252 351 peri-

296 369 375 400 culis
398 377 416 398 a
439 367 503 399 Deo
527 364 666 403 liberati,
692 363 855 405 magnifice
872 363 987 404 gratias
1007 362 1129 404 agimus
1145 362 1203 403 ipsi
1220 373 1252 400 »;
1280 371 1286 375 ·

296 425 326 453 et
349 421 378 452 in
405 419 544 451 Psalmo:
575 431 590 451 (ς
609 417 730 458 Eripuit
760 425 809 448 me
831 416 869 448 de
894 415 1025 447 inimicis
1049 415 1128 447 meis
1149 414 1254 447 fortis-

297 474 400 510 simis,
424 476 454 504 et
478 472 517 503 ab
542 470 591 502 his
614 470 667 511 qui
692 469 827 501 oderunt
850 477 900 500 me
916 481 947 499 ».

392 525 459 556 128.
498 524 597 564 (Vers.
636 522 712 560 72).
748 521 803 553 Ad
836 520 1028 563 faciendam
1066 519 1254 552 misericor—

296 579 389 611 diam
413 581 471 609 etc.
496 577 573 607 llaec
598 578 644 607 est
668 574 760 606 tertia
783 582 857 615 pars
880 572 1060 614 principalis
1084 572 1205 610 cantici,
1223 572 1255 603 in

296 640 358 672 qua
382 630 497 671 gratias
521 628 583 669 agit
607 637 665 669 pro
696 630 803 659 nostra
834 626 1048 667 reparatione,
1081 624 1255 657 secundum

297 683 380 725 quod
407 681 567 714 Patribus
587 680 758 722 promissa
781 679 841 711 sub
864 678 1078 711 iureiurando.
1097 678 1132 710 Et
1148 678 1179 709 in
1196 677 1255 709 hac

298 739 386 778 parte
411 735 512 776 primo
529 733 700 775 praemittit
714 731 920 774 principium
938 731 983 763 ad
995 730 1256 772 promittendum

297 798 451 826 movens;
476 786 630 825 secundo,
656 786 882 818 iuramentum
913 784 1082 816 stabiliens
1091 795 1102 821 ;
1134 786 1165 815 et
1193 786 1256 815 ter-

298 843 355 880 tio,
380 841 561 873 remedium.
585 839 791 881 subsequens.

388 894 602 935 Principium
630 896 736 925 autem
767 901 898 923 movens
930 891 975 923 acl
995 889 1255 932 promittendum

298 950 357 982 fuit
380 948 484 980 divina
508 946 737 983 misericordia,
762 954 803 977 ex
832 954 895 986 qua
919 943 1125 985 promissione
1148 946 1255 974 ortum

298 1002 409 1035 habuit
427 1000 639 1033 testimonium
656 999 800 1035 Patrum3
819 1001 849 1029 et
866 997 925 1029 hoc
941 997 1058 1037 tangit,
1076 1005 1147 1028 cum
1166 995 1255 1027 dicit:

300 1055 353 1087 Act
387 1053 578 1095 faciendam
609 1050 876 1083 misericordiam
909 1058 984 1080 cum
1014 1048 1176 1079 Patribus
1199 1056 1257 1078 no-

298 1107 387 1139 stris.
413 1107 448 1138 Et
471 1105 562 1138 debet
586 1103 692 1136 iterari
721 1102 857 1138 ,verbum
881 1102 971 1142 prius
995 1101 1151 1142 positum,
1175 1100 1257 1132 scili-

299 1163 347 1191 cet
382 1157 604 1190 benedictionis
640 1160 670 1188 et
705 1154 892 1187 erectionis:
928 1154 1111 1186 benedictus
1140 1152 1258 1185 scilicet

298 1212 399 1249 Deus,
425 1210 479 1252 qui
503 1209 606 1241 erexit
630 1217 747 1245 cornu,
777 1210 813 1239 ut
844 1206 960 1239 faceret
990 1205 1256 1242 misericordiam

300 1263 397 1296 Exodi
421 1261 613 1304 vigesimo2:
644 1273 659 1288 «
677 1260 776 1292 Faciet
811 1259 1058 1291 misericordiam
1094 1258 1125 1290 in
1162 1257 1258 1289 millia

298 1317 348 1349 his
371 1316 425 1358 qui
449 1315 583 1356 diligunt
607 1314 696 1345 illum
716 1325 745 1351 »;
770 1316 801 1345 et
825 1312 938 1353 Tobiae
963 1312 1074 1344 tertio:
1098 1324 1113 1340 «
1130 1310 1258 1343 Benedi-

300 1373 369 1402 ctus
392 1378 442 1406 es,
467 1367 597 1399 Domine
614 1367 698 1398 Deus
715 1369 839 1407 patrum
865 1368 1064 1402 nostrorum,
1090 1364 1159 1406 qui,
1185 1372 1257 1395 cum

299 1423 399 1455 iratus
422 1421 537 1458 fueris,
562 1419 810 1452 misericordiam
834 1418 910 1451 facis
926 1430 957 1456 »3
975 1418 1133 1450 Psalmus:
1164 1430 1179 1445 «
1196 1417 1258 1448 Ma-

300 1475 450 1517 gnificans
475 1474 591 1506 salutes
614 1472 698 1514 regis
721 1472 789 1504 61115
812 1474 843 1504 et
870 1471 986 1503 faciens
1010 1470 1258 1503 misericordiam

301 1528 424 1560 Christo
448 1536 506 1559 suo
529 1525 626 1558 David
651 1528 682 1557 et
706 1524 816 1557 semini
840 1524 908 1556 eius
932 1524 963 1555 in
987 1523 1212 1564 sempiternum
1227 1536 1257 1553 ».

302 1582 337 1613 Et
361 1580 435 1622 quia
458 1578 703 1611 misericordiam
728 1576 939 1618 promittendo
962 1576 1052 1617 quasi
1076 1576 1149 1608 fecit
1172 1575 1259 1607 debi-

301 1638 368 1666 tum
394 1642 449 1674 per
475 1635 617 1673 pactum,
642 1630 711 1662 ideo
735 1629 858 1662 subdit:
885 1630 925 1661 Et
955 1628 1140 1660 memorari
1163 1631 1259 1660 testa-

301 1686 403 1719 menti
432 1685 488 1717 sui
517 1683 643 1721 sancti,·
668 1682 850 1715 Psalmus3:
880 1695 895 1710 «
914 1682 1029 1714 Memor
1054 1681 1113 1713 fuit
1137 1681 1169 1713 in
1194 1689 1260 1713 sae-

302 1740 408 1772 culum
434 1736 609 1770 testamenti
634 1736 700 1773 sui,
727 1735 832 1773 verbi,
850 1734 934 1776 quod
950 1734 1109 1766 mandavit
1125 1734 1157 1766 in
1173 1733 1258 1765 mille

301 1791 516 1834 generationes
534 1804 563 1821 n.

395 1845 465 1877 129.
492 1844 527 1875 Et
551 1847 641 1881 nota,
665 1842 750 1884 quod
768 1844 989 1881 testamentum
1006 1843 1098 1873 vetus
1114 1840 1173 1873 fuit
1190 1849 1260 1872 san-

303 1902 388 1931 ctum
412 1907 468 1939 per
492 1896 747 1939 ftyurationem,
772 1903 888 1927 novum
914 1903 990 1926 vero
1014 1903 1070 1935 per
1096 1893 1261 1926 eontinen—

304 1951 385 1983 tiam
401 1953 432 1982 et
454 1949 680 1991 impletionem3
698 1948 781 1980 unde
797 1951 952 1979 sanctum
970 1949 1190 1979 testamentum
1208 1955 1259 1977 vo-

303 2008 352 2036 cat
376 2006 596 2036 testamentum
621 2010 753 2039 novum,
778 2000 862 2042 quod
883 1999 1087 2032 sanctificavit
1110 1999 1262 2040 sanguine

304 2067 378 2095 suo;
404 2056 571 2089 Zachariae
595 2056 721 2087 n0n04:
752 2067 767 2082 «
784 2055 831 2086 Tu
855 2057 960 2086 autem
986 2053 1017 2084 in
1041 2053 1192 2094 sanguine
1217 2055 1262 2084 te-

304 2109 448 2142 stamenti
479 2108 525 2140 tui
557 2107 695 2140 eduxisti
727 2107 847 2139 vinctos
880 2106 918 2138 de
950 2106 1064 2143 lacu»;
1089 2107 1120 2137 et
1143 2105 1181 2137 ad
1206 2105 1263 2137 He-

303 2163 415 2195 braeos
438 2171 538 2194 nono:
569 2161 627 2192 «Si
652 2160 778 2202 sanguis
802 2160 965 2191 hircorum
990 2162 1022 2191 et
1045 2158 1122 2191 cinis
1146 2158 1263 2191 vitulae

303 2225 451 2258 aspersus
475 2215 654 2256 inquinatos
678 2213 850 2246 sanctificat
873 2212 911 2244 ad
928 2211 1180 2244 emundationem
1198 2220 1263 2244 car-

304 2269 369 2307 nis;
395 2270 512 2310 quanto
536 2267 634 2309 magis
658 2266 784 2308 sanguis
800 2265 933 2304 Christi,
951 2265 1004 2307 qui
1030 2273 1086 2306 per
1111 2264 1262 2306 Spiritum

304 2324 447 2354 sanctum
461 2320 663 2361 semetipsum
679 2319 792 2351 obtulit
809 2318 1044 2351 immaculatum
1058 2318 1121 2350 Deo
1131 2343 1138 2356 ,
1156 2326 1264 2350 emun-

304 2374 389 2406 dabit
413 2373 633 2405 conscientiam
658 2375 797 2404 nostram
822 2371 861 2403 ab
884 2370 1034 2412 operibus
1057 2370 1191 2402 mortuis
1224 2370 1263 2402 ad

305 2422 504 2459 serviendum
541 2426 605 2457 Deo
640 2424 779 2457 viventi?
805 2424 840 2456 Et
875 2424 943 2456 ideo
978 2423 1049 2455 novi
1086 2422 1263 2455 testamenti

304 2479 456 2511 mediator
480 2482 543 2516 est,
568 2481 621 2515 ut,
646 2480 746 2509 morte
770 2476 998 2513 intercedente,
1024 2475 1055 2507 in
1079 2475 1265 2516 redemptio-

305 2540 375 2563 nem
401 2540 510 2563 earum
535 2530 856 2571 praevaricationum,
874 2537 954 2570 quae
978 2531 1068 2560 erant
1088 2528 1149 2560 suh
1165 2527 1263 2569 priori

306 2587 490 2616 testamento
505 2609 512 2622 ‚
549 2583 823 2624 repromissionem
859 2581 1035 2623 accipiant,
1072 2581 1127 2623 qui
1163 2580 1263 2612 vocati

307 2640 396 2675 suut,
421 2640 566 2669 aeternae
590 2635 772 2668 hereditatis
789 2648 819 2666 ».
846 2635 881 2666 Et
913 2634 972 2666 hoc
1006 2637 1054 2666 est
1084 2633 1168 2675 quod
1192 2636 1265 2665 ante

306 2689 510 2730 promiserat,
528 2688 609 2721 sicut
631 2687 747 2720 dicitur
763 2687 801 2719 ad
818 2687 973 2719 Hebraeos
988 2686 1134 2718 octavo⁵:
1157 2698 1172 2714 «
1186 2686 1265 2718 Con—

307 2742 470 2774 summabo
494 2750 589 2782 super
612 2741 741 2773 domum
759 2740 851 2773 lsrael
876 2743 906 2772 et
929 2739 1058 2771 domum
1075 2739 1149 2771 luda
1172 2742 1265 2771 testa-

307 2798 450 2827 mentum
475 2803 590 2826 novum
608 2807 638 2825 ».

904 222 1096 255 COMMENT.
1123 223 1159 254 lN
1184 221 1423 254 EVANGELlUM
1447 221 1563 253 LUCAE
1588 221 1619 253 C.
1646 221 1665 252 l.

1410 309 1480 341 130.
1506 309 1606 348 (Vers.
1633 308 1709 349 73).
1735 308 1877 341 Secundo
1908 308 2013 340 subdit
2048 308 2274 341 iuramentum

1317 361 1504 399 stabiliam,
1540 369 1612 393 cum
1647 361 1707 393 ait:
1733 360 2000 399 Iusiurandum,
2037 361 2125 403 quod
2147 361 2277 394 iuravit

1318 415 1363 446 ad
1388 412 1582 452 Abrabam,
1612 417 1744 455 patrem
1778 417 1951 450 nosti-uim
1975 417 2006 446 et
2036 413 2129 446 debet
2152 422 2275 455 semper

1318 467 1425 499 iterari
1462 466 1594 498 verbum
1620 466 1847 507 praemissum,
1872 465 1989 498 scilicet
2020 465 2117 507 fecit,·
2148 465 2276 498 Genesis

1318 519 1469 561 vigesimo
1492 519 1672 551 secundoG:
1702 531 1717 547 «
1734 519 1790 551 Per
1814 518 2036 559 memetipsum
2060 518 2177 556 iuravi,
2202 518 2276 550 dicit

1319 572 1489 610 Dominus,
1513 572 1587 613 quia
1610 571 1708 604 fecisti
1744 580 1812 603 rem
1848 571 1928 603 hanc
1959 575 1990 603 et
2024 580 2086 603 non
2111 570 2276 612 pepercisti

1320 624 1480 665 unigenito
1503 624 1567 656 tilio
1591 627 1645 656 tuo
1669 626 1798 665 propter
1822 632 1890 661 me,
1914 626 1945 655 et
1978 623 2164 656 benedicens
2188 623 2278 655 bene-

1319 677 1420 709 dicam
1446 680 1476 708 te
1493 690 1522 708 ».
1548 676 1637 717 Quod
1661 675 1864 708 introducens
1887 676 2052 718 Apostolus
2068 676 2107 708 ad
2124 676 2278 709 Hebraeos

1320 733 1411 762 sexto
1434 729 1553 771 inquit:
1583 742 1598 757 «
1615 728 1756 761 Abrahae
1791 720 1927 770 namque
1943 752 1946 754 v
1963 729 2149 770 promittens
2177 729 2278 767 Deus,

1320 791 1392 814 cum
1417 782 1575 815 neminem
1599 782 1744 819 haberet,
1769 790 1825 822 per
1842 790 1936 822 quem
1953 781 2092 820 iuraret,
2108 781 2258 814 maiorem
2271 808 2278 820 ,

1320 844 1377 876 per
1401 834 1603 876 semetipsum
1639 834 1802 872 iuravit»;
1835 837 1865 866 et
1896 833 1958 872 sic,
1989 837 2026 866 ut
2063 847 2078 862 «
2101 833 2280 866 ostenderet

1320 887 1532 920 abundantius
1559 886 1729 919 heredibus
1764 886 1995 927 pollicitationis
2030 886 2280 919 immobilitatem

1320 941 1440 973 consilii
1465 940 1531 978 sui,
1556 939 1745 980 interposuit
1778 938 2018 978 iusiurandum,
2043 942 2079 971 ut
2110 948 2167 981 per
2201 938 2280 971 duas

1321 1003 1372 1027 res
1394 993 1582 1031 immobiles,
1601 993 1716 1034 quibus
1732 992 1924 1034 impossibile
1944 995 1992 1025 est
2015 992 2141 1024 mentiri
2164 992 2280 1030 Deum,

1320 1046 1526 1079 fortissimum
1552 1046 1742 1078 haberemus
1758 1045 1904 1078 solatium
1922 1058 1952 1077 ».
1971 1044 2148 1083 Abrahae,
2164 1044 2282 1093 promi-

1320 1100 1378 1138 sit,
1396 1099 1513 1132 scilicet
1537 1099 1700 1134 daturum
1716 1108 1749 1130 se
1765 1098 1876 1137 nobis,
1893 1098 1966 1131 filiis
1982 1098 2067 1136 eius,
2093 1098 2210 1131 scilicet
2225 1106 2282 1139 per

1321 1152 1578 1194 promissionem,
1610 1151 1809 1192 Unigenitum
1846 1160 1956 1189 suum;
1989 1151 2111 1187 loannis
2145 1150 2281 1184 terti0⁷:

1328 1218 1343 1233 «
1360 1204 1409 1236 Sic
1432 1204 1516 1236 Deus
1539 1203 1650 1236 dilexit
1673 1204 1826 1242 mundum
1840 1229 1847 1242 ,
1871 1208 1907 1236 ut
1930 1204 2041 1235 Filium
2059 1212 2152 1236 suum
2174 1202 2283 1245 unige—

1320 1257 1423 1288 nitum
1448 1256 1537 1288 daret
1550 1268 1580 1294 »;
1599 1259 1649 1288 et:
1673 1257 1762 1297 «Qui
1787 1256 1916 1298 proprio
1940 1256 2015 1288 Filio
2038 1265 2100 1288 non
2125 1255 2282 1298 pepercit,

1323 1309 1376 1342 sed
1400 1318 1457 1351 pro
1482 1309 1571 1341 nobis
1593 1308 1740 1341 omnibus
1764 1309 1892 1342 tradidit
1908 1309 2015 1348 illum,
2040 1309 2198 1351 quomodo
2221 1317 2283 1341 non

1323 1362 1426 1395 omnia
1450 1362 1539 1394 nobis
1563 1371 1635 1394 cum
1662 1362 1714 1406 illo
1737 1362 1913 1394 donavitn?
1931 1362 1969 1394 ad
1988 1362 2140 1394 Romanos
2163 1365 2282 1394 octavo.

1323 1416 1422 1448 Huius
1445 1418 1550 1447 autem
1575 1415 1678 1457 figura
1700 1415 1827 1448 Genesis
1843 1415 1964 1448 decimo
1987 1415 2112 1457 quinto:
2136 1429 2152 1444 α
2168 1415 2285 1448 Semini

1324 1472 1379 1501 tuo
1402 1468 1482 1500 dabo
1506 1471 1625 1500 terram
1650 1468 1730 1500 hanc
1753 1477 1772 1500 a
1794 1468 1892 1501 fluvio
1908 1469 2035 1510 Aegypti
2052 1478 2155 1510 usque
2171 1468 2210 1501 ad
2225 1468 2286 1501 flu-

1324 1522 1410 1554 vium
1435 1530 1585 1564 magnum
1610 1521 1791 1562 Euphraten
1808 1535 1838 1553 ».

1417 1574 1488 1606 131.
1514 1574 1615 1615 (Vers.
1641 1574 1718 1614 74).
1754 1574 1872 1606 Deinde
1907 1574 2070 1616 subiungit
2098 1575 2286 1608 heneficium

1325 1628 1390 1660 sive
1414 1627 1598 1659 remedium
1628 1626 1846 1669 subsequens,
1871 1635 1945 1659 cum
1977 1627 2037 1659 ait:
2068 1627 2107 1659 Ut
2142 1627 2212 1660 sine
2248 1628 2286 1660 ti-

1324 1689 1415 1713 more
1446 1679 1484 1711 de
1517 1688 1622 1710 manu
1656 1678 1870 1711 inimicorum
1904 1683 2099 1712 nostrorum
2135 1679 2285 1718 liberati,

1324 1733 1514 1764 serviamus
1538 1731 1595 1763 illi.
1622 1731 1706 1764 Istud
1730 1731 1812 1764 enim
1838 1735 1885 1764 est
1909 1731 2103 1770 remedium,
2129 1732 2213 1774 quod
2237 1741 2287 1764 as-

1326 1784 1425 1817 secuti
1449 1793 1560 1828 sumus
1584 1792 1640 1826 per
1669 1784 1829 1818 Christum
1861 1784 1951 1816 nobis
1974 1784 2142 1824 donatum;
2167 1785 2206 1817 ad
2229 1785 2287 1817 Ro-

1326 1846 1435 1870 manos
1459 1837 1593 1869 sextoss:
1624 1850 1639 1864 «
1657 1837 1744 1869 Nunc
1769 1837 1890 1869 liberati
1915 1846 1933 1868 a
1956 1840 2097 1878 peccato,
2123 1837 2206 1870 servi
2230 1846 2287 1870 au-

1326 1894 1388 1923 tem
1412 1890 1484 1922 sacti
1508 1890 1589 1928 Deo,
1615 1890 1769 1922 habemus
1800 1889 1940 1922 fructum
1969 1890 2000 1922 in
2025 1890 2286 1929 sanctificatione,

1326 1944 1420 1976 finem
1456 1952 1531 1975 vero
1566 1943 1661 1975 vitam
1697 1947 1857 1976 aeternam
1878 1956 1914 1982 »3
1952 1943 2126 1985 Sapientiae
2165 1943 2288 1977 decimo

1327 2000 1435 2029 sexto:
1465 2008 1480 2024 «
1497 1995 1665 2028 Ostendisti
1690 1996 1824 2028 inimicis
1847 1996 1978 2035 nostris,
2002 1996 2077 2038 quia
2103 1999 2136 2029 tu
2160 2005 2208 2035 65,
2233 1996 2288 2038 qui

1297 2068 1298 2071 =
1326 2050 1442 2082 liberas
1465 2049 1504 2081 ab
1528 2049 1612 2081 0111111
1637 2049 1719 2082 malo
1735 2063 1766 2088 »‚
1791 2050 1860 2082 illos
1884 2050 2021 2089 scilicet,
2037 2050 2139 2092 quite
2155 2049 2289 2082 audiunt

1327 2101 1482 2134 credendo
1506 2104 1537 2133 et
1560 2101 1745 2141 obediendo;
1779 2102 2022 2135 Proverbiorum
2046 2102 2166 2144 primo:
2196 2114 2212 2130 α
2228 2101 2288 2143 Qui

1327 2158 1432 2187 autem
1456 2163 1507 2186 me
1531 2154 1666 2186 audierit
1689 2155 1809 2202 absque
1833 2158 1955 2187 terrore
1972 2155 2033 2187 erit
2049 2158 2080 2188 et
2095 2154 2289 2187 abundantia

1327 2208 1525 2250 perfruetur,
1550 2208 1706 2240 malorum
1731 2208 1843 2240 timore
1867 2208 1991 2240 sublato
2008 2221 2038 2240 ».
2064 2208 2100 2240 Et
2123 2207 2173 2240 isti
2199 2211 2287 2246 sunt,

1327 2260 1382 2303 qui
1406 2261 1549 2294 serviunt
1573 2261 1721 2300 Domino;
1746 2261 1841 2303 primi
1859 2262 1976 2303 Regum
1993 2261 2142 2303 septimo:
2169 2273 2184 2289 «
2198 2261 2290 2293 Prae-

1327 2316 1435 2355 parate
1459 2313 1554 2346 corda
1577 2317 1682 2346 vestra
1705 2314 1836 2346 Domino
1860 2317 1891 2346 et
1916 2314 2032 2346 servite
2056 2313 2100 2345 illi
2125 2313 2182 2346 soli
2199 2325 2230 2352 »;
2259 2316 2290 2346 et

1328 2367 1473 2400 liberabit
1497 2376 1555 2400 nos
1578 2367 1616 2399 de
1641 2367 1788 2399 manibus
1812 2366 2012 2399 inimicorum
2037 2369 2229 2399 nostrorum.

1420 2420 1491 2453 132.
1517 2421 1618 2461 (Vers.
1644 2421 1720 2461 75.).
1743 2420 1779 2452 Et
1803 2420 1878 2462 quia
1901 2429 1963 2452 non
1980 2419 2081 2452 omnis
2097 2419 2208 2452 modus
2225 2428 2291 2452 ser-

1328 2473 1430 2506 viendi
1454 2476 1501 2505 est
1517 2473 1761 2521 Deowacceptus:
1787 2472 1856 2505 11160
1880 2472 1985 2505 subdit
2001 2472 2156 2511 modum,
2174 2472 2291 2505 scilicet

1327 2530 1438 2559 sancte
1473 2525 1577 2568 quoad
1612 2534 1645 2558 se
1680 2526 1802 2567 ipsum,
1839 2525 1924 2558 iuste
1959 2525 2063 2567 quoad
2087 2525 2289 2567 proximum,

1328 2579 1522 2622 simpliciter
1558 2579 1661 2620 quoad
1703 2579 1819 2616 Deum,
1859 2581 2108 2620 perseveranter
2144 2581 2290 2619 respectu

1329 2633 1469 2665 omnium
1494 2632 1738 2674 praedictorum.
1758 2649 1800 2655 —
1818 2632 1949 2672 Propter
1972 2631 2180 2663 sanctitatem
2197 2630 2288 2663 dicit:

1332 2686 1370 2717 In
1393 2685 1568 2717 sanctitate
1591 2688 1696 2717 autem
1721 2684 1898 2717 serviamus
1922 2683 1981 2721 illi,
2007 2683 2091 2725 quia,
2116 2683 2289 2716 secundum

1325 2738 1415 2780 quod
1438 2737 1553 2770 dicitur
1578 2737 1611 2769 in
1633 2738 1754 2770 Psalmo
1767 2737 1790 2775 ⁹,
1820 2749 1835 2764 «
1852 2736 2017 2768 ambulans
2051 2735 2083 2767 111
2107 2736 2158 2768 via
2180 2736 2291 2768 imma-

1331 2791 1452 2829 culata,
1478 2790 1528 2822 hic
1551 2790 1628 2822 mihi
1653 2789 1852 2822 ministrabat
1868 2801 1898 2827 »3
1924 2788 1993 2821 ideo
2017 2788 2115 2821 Exodi
2140 2788 2290 2831 vigesimo

380 2984 387 3000 ¹
410 2985 482 3010 Vcrs.
504 2985 552 3014 fll,
572 2987 631 3015 post
649 2991 728 3015 quem
750 2984 788 3008 Ps.
813 2983 857 3013 17,
878 2983 920 3007 18.
941 2983 998 3008 Vat.
1011 2982 1131 3014 adiungit
1143 2982 1184 3007 Ps.
1205 2982 1264 3012 itt,

311 3030 338 3054 R:
358 3028 466 3062 Eripuit
485 3028 605 3054 animam
624 3034 713 3053 meam
732 3026 763 3052 de
782 3028 868 3053 morte
887 3029 935 3052 ete.

380 3071 390 3086 ²
411 3073 486 3098 Vers.
508 3073 532 3097 6.
552 3087 587 3090 —
606 3073 662 3097 Duo
682 3079 756 3104 seqq.
776 3072 825 3096 loci
844 3074 904 3096 sunt
924 3070 990 3096 Tob.
1011 3071 1041 3102 3,
1062 3071 1104 3095 13.
1124 3073 1148 3095 et
1164 3071 1203 3096 Ps.
1219 3070 1265 3102 17,

311 3118 358 3149 51,
379 3124 426 3149 pro
446 3124 499 3149 quo
519 3117 576 3141 Vat.
596 3117 629 3142 ll.
650 3117 710 3150 Req.
731 3115 782 3143 22.
802 3114 855 3147 m,
875 3122 942 3148 quac
966 3115 1043 3140 etiam
1064 3114 1196 3147 aliquanto
1225 3121 1265 3139 su-

311 3161 399 3191 pei-ius
418 3160 513 3185 omittit
531 3159 717 3193 promissione.

382 3203 392 3217 ⁸
411 3205 505 3230 Psaim.
526 3204 585 3234 104,
605 3205 628 3228 8.
648 3217 683 3222 —
703 3203 829 3235 Superius
849 3210 897 3234 pro
918 3202 952 3228 Et
970 3202 1034 3236 quia
1059 3205 1084 3228 et
1111 3209 1160 3234 pro
1186 3201 1267 3235 quasi

312 3248 369 3273 Vat.
390 3248 423 3274 Et
440 3247 500 3281 fecit
519 3251 544 3273 et
563 3247 643 3281 quod.

382 3291 393 3305 ⁴
413 3292 486 3316 Vers.
508 3292 548 3316 Μ.
568 3305 602 3310 -
622 3291 744 3323 Sequitur
763 3290 841 3316 llebr.
862 3291 892 3320 9,
913 3291 955 3315 43.
974 3297 1048 3323 seqq.

382 3333 393 3348 ⁶
413 3335 487 3360 Vei-s.
508 3336 531 3360 8.

383 3376 394 3392 ⁶
414 3379 488 3403 Vers.
511 3379 549 3404 16.
569 3385 624 3411 seq.
644 3392 677 3397 —
698 3378 815 3404 Subinde
833 3378 958 3409 allegatur
978 3367 1055 3403 flebr.
1075 3378 1105 3410 6,
1120 3378 1161 3403 43.
1181 3380 1206 3403 et
1226 3377 1267 3403 17.

1329 2988 1384 3014 seq.
1405 2995 1439 2999 —-
1459 2981 1585 3012 Superius
1605 2987 1652 3012 pro
1672 2987 1735 3006 cum
1753 2979 1792 3006 ait
1819 2980 1898 3006 codd.
1920 2986 1982 3006 cum
2006 2979 2104 3006 subdit.
2123 2979 2241 3006 Subinde
2259 2986 2290 3005 ex

1270 3035 1287 3040 s
1330 3025 1382 3050 AD
1401 3028 1460 3056 post
1480 3024 1665 3058 praemissum
1693 3024 1876 3056 supplevimus
1904 3023 2003 3050 scilicet
2030 3023 2109 3057 fecit‚·
2128 3024 2173 3049 cfr.
2202 3026 2290 3050 tamen

1330 3069 1409 3100 paulo
1428 3068 1550 3100 superius
1569 3076 1594 3094 n.
1615 3068 1675 3094 ⁴25.
1694 3075 1768 3101 seqq.

1401 3110 1411 3125 ⁷
1432 3112 1505 3138 Vers.
1526 3113 1573 3145 16,
1592 3115 1652 3144 post
1671 3119 1750 3145 quem
1771 3112 1846 3137 Rom.
1866 3112 1896 3142 8,
1916 3111 1959 3137 32.
1978 3114 2004 3137 et
2022 3112 2087 3137 Gen.
2107 3111 2154 3144 45,
2176 3112 2219 3136 18.

1401 3154 1412 3169 ⁶
1433 3156 1506 3181 Vers.
1525 3157 1568 3182 22.
1587 3170 1622 3175 —
1642 3157 1707 3181 Tres
1727 3163 1802 3188 seqq.
1822 3155 1870 3181 loci
1890 3158 1951 3181 sunt
1970 3156 2032 3188 Sap.
2055 3156 2102 3188 -16,
2123 3156 2245 3188 8;Ρ1·ον.
2267 3156 2290 3185 1,

1332 3200 1374 3225 33.
1394 3204 1419 3225 et
1438 3201 1454 3225 Ι.
1474 3201 1538 3232 Reg.
1557 3200 1587 3231 7,
1608 3201 1638 3232 3,
1657 3207 1737 3233 quem
1767 3200 1825 3226 Vat.
1854 3200 1955 3231 integre
1983 3199 2100 3231 exhibet,
2126 3199 2240 3226 addens:
2266 3200 2292 3226 et

1331 3245 1406 3270 eruet
1424 3250 1471 3270 vos
1490 3243 1521 3270 de
1548 3251 1633 3271 manu
1662 3243 1837 3275 Pltilz'smiim,
1857 3243 1961 3269 omissis
1988 3250 2057 3276 quae
2082 3246 2242 3276 sequuntur:
2265 3244 2290 3269 et

1333 3287 1454 3315 liberabit
1472 3295 1521 3315 nos
1540 3288 1571 3315 de
1589 3288 1715 3315 manibus
1734 3287 1908 3314 inimicorum
1926 3289 2093 3314 nostrorum.

1403 3331 1414 3347 ⁹
1434 3333 1528 3359 Psalm.
1557 3334 1621 3366 ⁴00,
1650 3334 1676 3359 6.
1694 3346 1730 3352 -—
1749 3333 1900 3365 Sequuntur
1928 3332 2006 3358 Exod.
2027 3333 2076 3364 28,
2097 3332 2138 3358 41.
2158 3334 2183 3357 et
2203 3331 2251 3364 43;
2272 3331 2289 3357 1.

1333 3378 1400 3403 Petr.
1423 3378 1452 3408 1,
1473 3377 1515 3404 15.
1537 3384 1600 3411 seq„
1619 3377 1646 3403 in
1666 3384 1719 3410 quo
1739 3377 1863 3409 allegatur
1889 3377 1951 3402 Lev.
1972 3376 1999 3401 Μ
2014 3396 2020 3407 ,
2042 3375 2083 3402 44.
2104 3375 2159 3409 (cir.
2181 3375 2222 3407 19,
2243 3374 2289 3407 2.).

2295 313 2435 336 lui-amentum

2306 340 2422 361 stabiliens.

2309 1575 2433 1597 Remedium

2301 1603 2438 1629 subsequens.

2307 2420 2382 2442 Modus
2396 2419 2438 2440 Deo

2323 2445 2428 2468 serviendi

2304 2472 2442 2500 quadruplex.

2308 2632 2393 2653 Sancto.
