2427 3872
379 241 434 268 DlA

87 285 249 311 voluntatem
267 285 380 311 nocendi
407 292 421 310 a
450 284 593 317 semetipso
611 286 637 310 et
656 286 727 317 pote-

87 331 214 355 statem-a
234 329 288 355 Deo
306 329 473 361 permittente
492 328 542 354 107
562 329 596 354 76

142 387 177 392 -
195 373 274 399 vallat
292 373 434 399 Ecclesiam
460 372 638 405 multipliciter
665 373 728 398 otie-

86 417 170 443 rendo
189 417 374 444 delectationes
393 417 426 443 Vl
445 417 479 443 78
499 424 526 442 v.
546 416 579 442 ⁴5
592 431 628 435 —
640 423 727 442 ascen-

87 461 126 487 dit
145 461 171 487 in
199 461 341 487 Ecclesiam
366 461 411 486 Dei
437 462 527 487 iurans
551 463 577 486 ει
604 461 727 487 occidens

87 505 140 531 383
160 506 175 531 2
195 519 230 524 —
248 506 275 531 ln
301 504 481 536 tribulatione,
509 512 590 538 quam
611 506 726 531 facturus

87 552 127 575 est
150 548 272 575 diabolus
297 549 440 582 Ecclesiae,
468 549 559 575 divina
587 549 726 581 permissio

86 593 222 626 praecedit
241 593 284 620 Vll
304 593 355 619 204
376 593 409 619 56

139 652 175 657 ——
193 638 245 671 Qui
263 637 374 664 obaudit
391 637 496 664 diabolo
525 638 582 669 ipse
600 644 629 663 se
647 637 726 669 depo-

86 682 124 708 nit
143 682 186 708 Vll
207 681 240 707 94
261 682 293 707 ⁴9
313 695 348 701 —
367 684 476 708 vocatur
495 681 540 714 qui
560 681 617 707 eius
629 687 727 712 sugge-

86 726 217 753 stionibus
235 726 364 752 consentit
382 726 415 752 Vl
436 725 488 751 337
509 725 560 751 106
572 738 608 744 -
627 725 725 750 Videre

89 770 211 797 dicuntur
238 777 319 802 opera
348 769 444 796 diaboli
468 769 514 802 qui
541 769 727 801 suggestiones

88 815 144 840 eius
163 814 254 840 vident
272 814 298 840 in
317 814 397 840 corde
416 816 442 839 et
459 813 593 845 complent
604 813 631 838 in
644 819 725 845 opere

87 859 138 885 368
159 859 192 884 68

138 917 172 922 —-
192 902 268 935 impii
287 902 421 928 imitantur
439 901 537 928 diaboli
551 901 678 928 invidiam
692 901 725 927 Vl

86 947 138 973 ⁴25
156 946 174 973 b
188 961 221 966 -—
235 946 344 972 Diabolo
363 946 487 972 adhaeret
505 946 551 979 qui
571 953 619 978 per
638 946 724 972 omnia

85 991 141 1017 vult
159 991 216 1017 eius
235 992 319 1017 facere
337 991 498 1016 voluntatem
518 990 562 1016 Vll
577 991 628 1016 392
642 990 676 1016 27
685 1002 725 1008 ·—

84 1038 193 1068 propter
211 1042 285 1061 suam
316 1034 453 1067 perfidiam
481 1035 523 1060 vix
552 1034 663 1061 discedit
690 1034 725 1060 ab

85 1080 201 1111 homine,
228 1080 275 1113 qui
293 1079 444 1112 possidetur
470 1087 485 1105 a
514 1082 622 1112 peccato
651 1079 724 1112 spiri-

83 1124 146 1150 tuali
166 1124 217 1150 240
245 1124 279 1150 76
298 1139 333 1143 -
352 1124 467 1150 maxime
494 1124 664 1155 adversatur,
690 1130 724 1150 ne

84 1169 144 1202 quis
162 1168 196 1194 ab
215 1175 247 1194 eo
266 1168 391 1195 obsessus
409 1171 577 1197 convertatur
595 1168 630 1194 ad
649 1168 723 1194 Chri-

85 1215 155 1239 stum
184 1213 230 1239 241
262 1213 297 1238 79
315 1227 351 1233 -
369 1213 493 1240 resistunt
515 1216 541 1240 et
558 1212 723 1239 obstaculum

84 1259 185 1290 ponunt
202 1257 303 1289 gratiae
322 1257 372 1283 490
393 1258 426 1283 50

138 1315 173 1320 -
192 1302 218 1327 ln
242 1301 348 1328 diabolo
374 1309 427 1328 non
453 1305 492 1328 est
519 1302 669 1329 laetandum
690 1303 722 1328 Vl

84 1345 117 1371 42
137 1353 164 1372 v.
184 1346 216 1372 ⁴6

137 1405 172 1409 —
191 1391 270 1416 Arma
289 1391 350 1417 facit
373 1390 423 1417 sibi
448 1390 570 1418 diabolus
588 1391 621 1418 de
641 1391 723 1417 homi-

82 1434 161 1461 nibus
179 1442 227 1468 per
246 1442 404 1461 consensum
418 1436 462 1462 Vll
476 1436 527 1462 293
547 1436 581 1461 50
594 1450 628 1455 --
648 1443 721 1462 arma

82 1478 211 1506 diabolica
230 1482 291 1506 sunt
308 1480 413 1506 diversa
442 1483 600 1506 tentatorum
623 1481 723 1506 machi-

82 1526 204 1550 namenta
222 1523 285 1550 ibid.
303 1538 339 1544 —
357 1525 438 1550 armis
465 1525 585 1556 privatus
608 1527 648 1550 est
673 1531 722 1557 per

82 1567 176 1595 Christi
195 1569 332 1595 victoriam
353 1568 377 1594 in
396 1569 586 1595 resurrectione
610 1571 637 1595 et
663 1576 722 1601 spo-

82 1612 158 1639 liatus
177 1615 216 1639 est
234 1613 261 1639 in
279 1613 432 1639 ascensione
451 1612 513 1640 ibid.

135 1671 171 1676 -—
189 1660 265 1683 natus
284 1660 323 1683 est
340 1658 373 1684 ad
393 1657 594 1690 percipiendum
607 1664 721 1689 regnum

81 1703 108 1727 et
126 1701 214 1734 inopia
242 1704 440 1728 consummatur
468 1702 501 1727 Vl
526 1701 554 1728 4⁴
578 1709 605 1728 v.
635 1702 668 1727 16
686 1716 722 1721 -

81 1745 354 1784 (Ξῐινίεῐυεᾱί3ῠο1υηι
373 1746 449 1772 eiecit
462 1746 496 1772 de
508 1753 591 1778 regno
605 1745 667 1773 ibid.
686 1760 722 1766 —

82 1792 121 1816 est
138 1790 245 1822 spiritus
264 1793 419 1823 potestatem
439 1790 539 1817 habens
558 1791 586 1816 81
611 1798 638 1816 v.
658 1790 673 1816 4
686 1805 722 1810 —

81 1837 121 1860 est
138 1835 262 1867 princeps
281 1835 372 1861 mundi
393 1835 443 1860 160
463 1843 489 1861 v.
511 1836 535 1861 ⁴.
548 1835 591 1861 Vll
612 1835 663 1860 392
686 1835 721 1861 27

81 1892 118 1897 -
126 1879 244 1905 Daemon
254 1879 411 1906 credebatur
424 1886 482 1906 esse
494 1879 617 1912 princeps
630 1879 720 1905 mundi

81 1925 107 1949 et
125 1929 141 1948 a
159 1924 248 1949 multis
267 1923 390 1956 gentibus
409 1923 578 1954 adorabatur,
596 1923 642 1949 sed
662 1926 722 1955 post

81 1967 231 1999 passionem
249 1967 344 1994 Christi
363 1967 451 2000 potius
464 1970 503 1994 est
516 1967 629 1993 daemon
642 1967 722 2000 pessi-

81 2018 141 2038 mus
158 2014 295 2044 reputatus
314 2012 348 2037 Vl
368 2011 419 2037 420
439 2011 473 2037 45
491 2025 527 2031 -
545 2014 584 2037 εει
597 2012 721 2044 princeps

80 2056 276 2082 mundanorum
307 2063 359 2082 non
390 2056 479 2089 quoad
510 2058 646 2087 naturam,
674 2055 721 2081 sed

80 2100 170 2133 quoad
196 2100 437 2133 praeexcellentiam
462 2101 489 2126 in
517 2101 595 2133 culpa
615 2100 661 2126 421
687 2100 720 2126 52

81 2159 116 2163 -
134 2147 174 2171 est
201 2145 323 2178 princeps
347 2144 513 2171 tenebrarum
544 2145 596 2171 445
625 2145 658 2171 44
686 2160 722 2164 —

82 2189 244 2222 principatur
272 2190 300 2215 in
327 2189 512 2222 peccatoribus
534 2189 598 2216 ibid.
623 2203 659 2210 —
683 2193 722 2216 est

81 2236 162 2266 caput
178 2234 324 2267 impiorum
347 2235 399 2260 ⁴25
424 2234 442 2260 b
466 2249 502 2253 —
527 2238 619 2267 regnat
643 2235 670 2260 in
696 2235 722 2261 il-

80 2278 111 2304 lis
129 2278 175 2311 qui
194 2278 321 2305 obediunt
338 2279 363 2305 ei
382 2279 426 2305 Vll
445 2279 497 2305 280
524 2279 557 2305 12
582 2294 618 2297 -
636 2279 721 2305 domi-

81 2321 211 2349 nabantur
238 2323 264 2349 in
292 2323 415 2356 gentibus
441 2323 492 2349 490
512 2323 546 2349 50
565 2338 601 2342 -
619 2324 721 2350 Lucifer

80 2369 119 2393 est
137 2367 260 2399 princeps
277 2368 408 2393 latronum
421 2370 447 2394 et
464 2367 666 2394 ambitiosorum
686 2368 720 2394 VI

81 2411 132 2437 383
153 2412 169 2437 2
187 2426 223 2430 —
242 2414 281 2437 est
299 2418 345 2437 rex
359 2419 471 2444 magnus
484 2413 518 2438 78
532 2420 559 2438 v.
574 2413 607 2438 ⁴5
626 2426 662 2432 —
680 2415 719 2438 est

80 2461 126 2481 rex
154 2462 234 2487 super
258 2462 352 2482 omnes
375 2456 442 2482 tilios
469 2456 609 2489 superbiae
639 2457 667 2482 4⁴
692 2464 719 2482 v.

83 2499 125 2525 ⁴6.
142 2499 177 2525 78
197 2507 223 2525 v.
239 2499 281 2525 ⁴5.
294 2499 346 2526 614
365 2508 392 2526 v.
411 2501 445 2526 36
457 2514 493 2520 —-
506 2504 546 2527 est
564 2508 609 2527 rex
627 2501 720 2527 stultus

82 2543 110 2569 41
134 2542 152 2569 b
171 2557 206 2562 -—
223 2546 316 2576 regnat
334 2544 360 2570 in
379 2545 454 2571 malis
474 2544 537 2571 ibid.

135 2602 171 2606 -
189 2587 293 2614 diabolo
312 2589 482 2621 permissive,
494 2597 547 2615 non
560 2590 721 2622 simpliciter,

81 2632 174 2658 tradita
203 2633 287 2659 tuerat
314 2636 416 2659 terrena
436 2637 551 2666 potestas
571 2635 613 2660 Vll
632 2635 666 2660 92
687 2634 720 2659 14

81 2691 117 2695 -
135 2676 227 2703 Omnis
245 2677 403 2704 inordinatio
417 2679 551 2710 potestatis
563 2678 614 2711 ipsi
626 2678 721 2704 adscri-

81 2720 152 2747 bitur
170 2719 233 2747 ibid.
250 2735 286 2741 —
305 2725 334 2748 ut
351 2722 484 2755 superbus
511 2723 568 2754 ipse
596 2722 719 2749 adscribit

81 2764 133 2791 sibi
151 2768 234 2791 totum
254 2765 317 2793 ibid.
335 2780 370 2785 —
389 2773 495 2799 semper
519 2767 553 2792 ad
578 2767 628 2793 alta
648 2767 720 2800 petit,

83 2816 144 2835 cum
164 2809 198 2836 sit
215 2809 348 2842 superbus
367 2811 396 2836 91
421 2812 449 2836 11

135 2867 170 2872 -
188 2861 240 2880 non
260 2853 392 2880 habebant
416 2862 494 2886 posse
522 2855 549 2880 in
572 2854 649 2880 bruta
669 2855 721 2881 ani-

81 2897 158 2923 malia
176 2898 226 2924 nisi
246 2905 277 2925 ex
295 2899 385 2924 divina
411 2899 583 2931 permissione
603 2899 646 2925 1111
667 2898 718 2924 204

82 2942 125 2968 56.
145 2942 197 2968 205
216 2942 249 2968 59

134 3000 170 3004 -
189 2987 223 3012 ita
242 2988 316 3013 sortis
334 2990 385 3020 est,
399 2987 472 3020 quod
485 2994 537 3013 non
552 2991 591 3013 est
607 2990 722 3020 potestas

82 3037 162 3062 super
180 3033 291 3064 terram,
310 3039 379 3065 quae
398 3032 422 3057 ei
436 3036 603 3064 comparetur
623 3033 656 3058 Vl
670 3032 721 3058 175

81 3081 109 3100 ν.
129 3075 162 3101 12
181 3090 216 3094 -
235 3077 320 3108 Super
347 3078 503 3108 potestatem
531 3075 629 3102 diaboli
652 3077 721 3102 nulla

82 3119 215 3150 praevalet
241 3123 356 3152 potestas
384 3120 527 3151 terrestris,
546 3121 592 3146 sed
621 3123 721 3146 tantum

82 3163 200 3189 caelestis
218 3164 335 3196 potentia
354 3165 396 3190 Vll
416 3165 467 3190 293
489 3164 521 3190 48
541 3178 576 3184 —-
594 3168 634 3191 est
651 3166 723 3191 tortis

83 3210 109 3233 et
126 3211 242 3234 armatus
261 3211 287 3234 et
305 3208 339 3234 ab
358 3208 463 3235 infirmo
476 3209 582 3235 homine
600 3216 652 3235 non
665 3212 723 3242 pot-

83 3254 122 3277 est
134 3251 170 3277 illi
180 3252 235 3278 fleri
245 3253 367 3279 violentia
382 3253 433 3279 292
448 3253 482 3279 48
499 3267 531 3272 -
544 3256 630 3286 potest
642 3253 723 3286 ligare

83 3302 131 3327 per
150 3299 267 3328 peccata,
280 3297 326 3323 sed
346 3304 401 3323 non
413 3297 493 3324 habet
511 3304 591 3330 super
610 3298 723 3324 rationa-

83 3339 135 3364 lem
154 3339 274 3371 spiritum
293 3340 439 3367 dominium
458 3349 553 3368 verum
573 3342 623 3367 489
644 3342 678 3368 47

192 3392 222 3419 S.
237 3393 341 3420 Bonav.
351 3407 387 3413 —
400 3395 476 3421 Tom.
490 3395 542 3420 vti.

756 198 792 230 IN
816 197 1108 231 COMMENTARIOS
1131 199 1160 231 S.
1185 198 1411 232 SCRIPTURAE

815 299 851 303 —
879 285 1025 311 Daemones
1049 288 1110 311 sunt
1136 286 1244 317 spiritus
1272 287 1401 313 immundi

765 328 796 354 Vl
817 328 866 354 157
887 336 913 354 ν.
933 330 975 355 23.
996 330 1038 355 1111
1064 330 1115 355 392
1141 330 1175 355 27
1194 344 1229 349 -
1252 331 1327 362 Aqua
1347 330 1402 356 dia-

763 372 815 398 boli
836 373 971 399 immunda
986 374 1018 399 Vl
1033 374 1083 399 290
1098 374 1131 399 10
1144 388 1180 392 -
1193 377 1335 406 pascuntur
1355 375 1402 399 im-

763 417 899 443 munditiis
918 420 1087 449 peccatorum
1108 418 1150 443 Vll
1170 418 1222 443 392
1243 418 1276 444 27
1294 431 1330 437 -
1342 421 1404 444 sunt

762 461 866 492 cognati
887 461 975 492 porcis
993 460 1056 487 ibid.
1074 475 1109 481 —
1134 464 1278 493 pascuntur
1297 461 1331 487 ab
1360 463 1404 488 ho-

763 504 878 530 minibus
897 505 1024 536 porcinis,
1039 505 1064 530 in
1078 505 1176 538 quibus
1194 508 1286 537 regnat
1304 506 1404 532 ruditas

763 549 960 581 intelligentiae,
994 549 1131 574 carnalitas
1158 549 1403 582 concupiscentiae,

763 592 894 625 cupiditas
912 592 1037 618 avaritiae
1056 592 1118 619 ibid.

816 650 852 655 —
871 637 1018 662 Daemones
1044 637 1162 662 exierunt
1188 644 1203 662 a
1231 637 1404 663 daemoniaco

762 680 869 706 divinae
896 681 1001 707 virtutis
1029 681 1140 712 imperio
1168 681 1211 706 Vll
1237 681 1289 706 205
1315 681 1349 706 57
1369 695 1404 699 -—

763 725 788 750 in
801 725 909 750 nomine
921 724 1015 751 Christi
1028 724 1199 750 eiiciebantur
1211 724 1245 750 ab
1259 726 1315 751 eius
1329 725 1404 751 disci-

763 769 833 801 pulis
851 768 915 796 ibid.
938 783 973 787 —
997 769 1162 801 egredientes
1187 769 1221 794 ab
1247 769 1354 795 homine
1379 769 1404 795 in

763 820 858 846 porcos
877 814 972 839 intrant
990 812 1051 839 ibid.
1071 828 1106 831 —
1125 813 1264 839 eiiciuntur
1283 820 1297 838 a
1311 820 1403 845 corpo-

762 857 873 890 poribus
892 864 939 889 per
957 857 1038 883 fldem
1058 858 1114 883 lesu
1133 856 1227 883 Christi
1249 858 1299 883 109
1320 858 1353 883 85

809 916 845 922 -—
863 901 1062 934 obmutescunt,
1083 902 1172 927 audito
1191 901 1284 928 Christi
1297 902 1404 927 nomine

762 946 853 972 eteius
864 946 959 972 virtute
970 953 1016 978 per
1027 946 1150 972 miracula
1161 947 1289 978 patefacta
1300 946 1342 972 Vll
1352 945 1403 971 490

762 991 796 1017 50
818 1006 853 1009 -
873 983 897 1016 in
920 990 1013 1017 Christi
1036 991 1144 1016 nomine
1162 994 1320 1022 superantur
1339 989 1401 1016 ibid.

760 1048 796 1054 —
815 1038 957 1067 praecepto
976 1035 1070 1061 Christi
1090 1042 1141 1061 non
1162 1037 1264 1067 poterat
1282 1034 1403 1060 resistere

761 1079 812 1105 203
832 1080 866 1105 52
885 1093 921 1099 -
940 1079 1092 1105 mandatum
1106 1079 1200 1105 Christi
1214 1086 1265 1105 non
1280 1081 1401 1111 poterant

761 1124 902 1156 praeterire
921 1124 972 1150 204
992 1124 1026 1150 55
1045 1138 1081 1142 -
1100 1123 1225 1150 mandato
1247 1123 1342 1150 Christi
1362 1129 1404 1149 co-

761 1168 891 1201 gebantur
910 1168 971 1195 ibid.

814 1228 848 1232 —
868 1214 895 1239 ln
909 1213 1038 1239 daemone
1057 1213 1104 1239 suit
1122 1213 1197 1239 dolor
1215 1216 1241 1239 et
1260 1215 1358 1238 tremor
1371 1220 1402 1239 ex

760 1265 839 1284 sensu
867 1258 1030 1290 praesentiae
1058 1257 1152 1284 Christi
1178 1258 1222 1283 Vll
1243 1258 1292 1283 106
1312 1257 1342 1283 7⁴
1367 1271 1401 1276 —-

761 1303 934 1335 importabilis
953 1306 992 1329 est
1010 1302 1133 1328 daemoni
1151 1302 1254 1328 afflictio
1274 1305 1300 1328 et
1316 1309 1402 1334 perse-

760 1348 830 1373 cutio
848 1347 942 1374 Christi
961 1347 994 1373 ib.
1013 1347 1048 1373 72
1067 1361 1102 1367 -
1121 1347 1247 1373 Maximus
1266 1350 1305 1373 est
1324 1347 1401 1372 timor

759 1392 918 1418 daemonum
933 1395 1054 1424 respectu
1067 1391 1286 1418 hominis-Christi
1298 1391 1350 1417 205
1366 1392 1400 1417 59

812 1451 846 1456 —
865 1438 920 1463 Non
939 1439 979 1462 est
997 1436 1200 1463 communicatio
1229 1437 1270 1462 vel
1289 1442 1400 1462 conven-

759 1482 795 1507 tio
812 1481 906 1508 Christi
934 1488 996 1507 cum
1020 1481 1151 1507 daemone
1177 1481 1220 1506 Vll
1241 1481 1291 1506 106
1311 1481 1345 1506 72
1364 1495 1400 1499 -

757 1526 900 1552 Daemonia
918 1528 1029 1558 negant,
1049 1532 1077 1551 se
1095 1525 1196 1558 aliquid
1214 1524 1313 1551 habere
1331 1532 1401 1551 com-

759 1577 838 1597 mune
856 1577 917 1596 cum
937 1569 1039 1596 Christo
1059 1570 1109 1595 203
1131 1570 1165 1595 50

811 1630 846 1633 -
866 1615 957 1640 dicunt
984 1614 1116 1640 Christum
1141 1614 1187 1639 Dei
1215 1614 1334 1640 altissimi
1361 1614 1401 1640 Fi-

757 1660 836 1692 lium,
854 1666 907 1685 non
926 1659 1076 1684 venerando
1096 1659 1153 1684 eius
1171 1659 1334 1691 dominium,
1353 1659 1400 1685 sed

759 1703 968 1736 pertimescendo
981 1703 1038 1729 eius
1051 1706 1223 1735 praeceptum
1243 1703 1286 1729 Vll
1300 1703 1351 1728 203
1366 1703 1399 1729 50

757 1762 793 1767 -
803 1747 910 1774 volebat
919 1747 1050 1773 Christum
1061 1747 1187 1779 confiteri,
1198 1750 1227 1772 ut
1236 1748 1327 1773 saltem
1339 1754 1400 1773 con-

758 1791 855 1818 fitendo
874 1792 1003 1817 inveniret
1030 1791 1133 1823 copiam
1160 1791 1291 1817 evadendi
1311 1790 1344 1817 ib.
1365 1791 1393 1816 51

757 1850 793 1856 -
816 1836 934 1862 Daemon
961 1836 1033 1862 elidit
1056 1842 1172 1861 errorem
1196 1835 1352 1861 ludaeorum
1374 1838 1401 1861 et

757 1880 914 1906 Arianorum
932 1879 968 1906 ib.
986 1880 1020 1905 50

811 1939 847 1944 -
865 1925 971 1956 dolore,
991 1925 1084 1950 timore
1103 1928 1129 1949 et
1147 1924 1320 1950 admiratione
1341 1931 1400 1950 con-

758 1969 899 1995 fitebantur
917 1968 1049 1995 Christum
1069 1976 1099 1994 ex
1118 1968 1337 1994 coniecturatione
1356 1968 1399 1994 Vll

759 2014 809 2039 110
838 2014 871 2039 90
899 2028 935 2032 -
962 2013 1042 2039 corde
1071 2012 1195 2039 odiebant
1222 2012 1354 2039 Christum
1374 2016 1400 2038 et

758 2065 839 2090 opere
856 2057 988 2090 negabant
1006 2057 1070 2084 ibid.

812 2116 848 2122 —
867 2101 997 2134 rogabant
1021 2101 1168 2134 Christum,
1193 2102 1255 2135 quia
1274 2101 1400 2134 sciebant,

759 2147 846 2180 ipsum
867 2154 924 2173 esse
937 2141 1065 2179 Angelum
1086 2146 1225 2172 habentem
1244 2149 1399 2178 potestatem

759 2191 876 2218 mittendi
886 2191 913 2217 in
923 2190 1049 2223 abyssum
1061 2191 1127 2217 iusto
1138 2190 1234 2216 iudicio
1245 2191 1288 2216 Vll
1302 2190 1353 2216 204
1365 2190 1399 2215 55

758 2250 793 2255 -
812 2235 952 2266 timebant,
970 2235 1098 2261 iudicium
1123 2235 1264 2261 accelerari
1282 2234 1332 2260 sibi
1351 2241 1400 2266 per

757 2281 899 2313 imperium
928 2279 1036 2310 Christi,
1061 2286 1112 2305 non
1137 2282 1263 2312 tanquam
1288 2278 1398 2311 praescii

759 2326 915 2355 futurorum,
935 2324 981 2350 sed
1001 2326 1108 2356 propter
1122 2323 1191 2349 dicta
1210 2323 1399 2355 Prophetarum

758 2369 821 2396 ibid.
840 2383 875 2388 —
888 2369 1034 2394 Daemones
1047 2367 1189 2394 ostendunt
1201 2366 1294 2393 Christi
1308 2370 1400 2399 poten-

759 2414 820 2440 tiam
842 2416 868 2439 ει
890 2419 965 2438 suam
984 2412 1165 2444 impotentiam
1185 2411 1219 2437 ib.
1239 2411 1272 2437 56
1293 2426 1327 2430 --
1345 2418 1399 2437 non

759 2458 853 2484 meruit
867 2457 984 2483 exaudiri
1003 2457 1028 2482 in
1047 2463 1094 2482 sua
1113 2456 1247 2488 petitione,
1265 2456 1327 2489 quia
1347 2463 1398 2482 non

758 2506 813 2528 erat
836 2509 866 2528 ex
894 2502 988 2527 affectu
1012 2501 1176 2531 devotionis,
1201 2501 1248 2526 sed
1267 2507 1298 2526 ex
1318 2500 1399 2532 impa-

758 2547 845 2573 tientia
858 2549 884 2572 et
901 2545 1010 2577 strepitu
1025 2545 1147 2571 clamoris
1166 2545 1217 2570 203
1237 2545 1270 2570 52
1289 2558 1323 2563 -
1336 2545 1399 2570 Dac-

759 2591 843 2617 monis
870 2589 1027 2622 supplicatio
1055 2589 1118 2615 nihil
1148 2589 1237 2621 valuit,
1265 2589 1327 2622 quia
1346 2596 1398 2615 non

758 2638 813 2661 erat
831 2635 986 2665 voluntaria,
1005 2634 1052 2660 sed
1071 2636 1161 2660 coacta
1181 2632 1242 2660 ibid.

810 2694 846 2699 —
864 2679 994 2705 habitatio
1014 2678 1111 2704 diaboli
1130 2679 1156 2704 in
1176 2678 1282 2704 homine
1301 2681 1340 2704 est
1353 2678 1399 2704 de—

758 2724 883 2750 struenda
902 2724 934 2749 Vl
954 2723 982 2749 31
1007 2730 1033 2748 v.
1054 2723 1069 2748 8
1088 2737 1122 2741 --
1146 2729 1194 2755 per
1214 2722 1294 2748 fldem
1314 2723 1399 2748 exclu-

758 2769 828 2794 ditur
847 2769 890 2794 Vll
911 2768 956 2793 431
983 2768 1014 2793 16
1035 2782 1069 2786 -
1089 2767 1228 2793 Diabolum
1247 2774 1399 2799 expugnare

758 2812 889 2838 debemus
907 2812 996 2844 gladio
1022 2812 1134 2837 iustitiae
1158 2811 1191 2837 Vl
1211 2811 1262 2836 598
1282 2818 1310 2837 v.
1328 2811 1344 2837 4
1363 2825 1398 2830 -

758 2857 919 2889 impugnans
937 2863 985 2889 per
1005 2856 1132 2882 fallaciam
1161 2858 1326 2888 expugnatur
1345 2855 1397 2886 gla-

759 2900 803 2926 dio
821 2901 957 2926 doctrinae
981 2900 1099 2926 veritatis
1118 2900 1170 2925 612
1189 2907 1215 2925 V.
1236 2900 1263 2924 ⁴⁴
1287 2912 1323 2918 -—
1343 2899 1399 2923 Dia-

759 2944 850 2970 bolum
870 2947 1010 2971 tentantem
1029 2947 1137 2977 superat
1154 2943 1268 2970 caritatis
1286 2943 1399 2968 aemula-

759 2989 794 3014 tio
820 2988 883 3015 ibid.
908 3003 942 3007 —
970 2988 1065 3015 Contra
1093 2988 1259 3014 adversarios
1282 2987 1399 3013 occultos

758 3032 956 3065 operationibus
985 3033 1081 3059 nostris
1108 3032 1261 3058 insidiantes
1288 3031 1399 3062 vigilare

759 3077 902 3109 debemus,
920 3085 953 3103 ne
981 3077 1118 3109 irrideant,
1143 3083 1211 3109 quos
1240 3075 1273 3101 ad
1299 3075 1397 3100 malum

759 3122 919 3153 persuadent
937 3122 981 3147 Vtt
1000 3121 1052 3147 378
1072 3121 1105 3146 60

812 3179 849 3185 -
866 3166 891 3192 in
911 3166 1073 3192 recidivante
1100 3165 1129 3190 tit
1155 3164 1284 3190 difficilior
1307 3163 1340 3189 ad
1360 3170 1400 3189 ex·

760 3210 910 3242 pellendum
936 3210 970 3235 Vl
998 3209 1044 3234 56⁴
1078 3216 1105 3235 v.
1132 3208 1164 3234 14
1182 3221 1219 3227 -
1237 3211 1336 3241 quanto
1359 3214 1400 3233 se-

759 3254 848 3280 curius
866 3253 965 3279 habitat
983 3254 1009 3279 in
1036 3253 1150 3284 homine,
1177 3255 1248 3278 tanto
1267 3252 1343 3284 peius
1362 3255 1401 3278 est

760 3298 860 3323 homini
879 3298 922 3323 Vll
941 3297 994 3323 295
1007 3297 1041 3323 57
1051 3312 1086 3316 —
1099 3297 1225 3328 luxuriae,
1238 3296 1363 3322 avaritiae
1376 3299 1401 3321 et

760 3341 901 3373 superbiae
928 3341 1061 3373 tripliciter
1092 3341 1193 3367 eiicitur
1223 3341 1275 3367 289
1304 3341 1337 3367 39
1366 3354 1401 3360 -

2014 203 2078 236 737

1735 246 1787 271 om

1440 289 1564 319 expulsus
1583 289 1650 314 redit
1663 288 1698 314 ob
1711 289 1903 315 simulationem
1921 290 2043 317 bonitatis
2056 294 2081 317 et

1440 331 1552 357 iustitiae
1572 332 1623 357 294
1643 332 1676 358 54
1689 346 1725 352 --
1739 333 1850 364 Spiritus
1866 334 1997 366 malignus
2009 342 2080 367 egre·

1440 375 1510 401 ditur
1524 383 1570 408 per
1584 376 1781 402 detestationem
1797 377 1985 409 immunditiae,
1995 386 2080 410 regre-

1441 420 1510 445 ditur
1524 427 1571 452 per
1589 420 1781 446 simulationem
1796 421 1915 452 iustitiae,
1936 423 2080 454 ingreditur

1441 470 1487 495 per
1513 464 1742 495 protundationem
1772 466 1901 498 nequitiae
1929 465 1963 492 ib.
1992 467 2025 492 52
2044 481 2079 486 —

1441 508 1594 533 immundus
1612 508 1663 533 exit
1681 508 1715 534 ab
1728 509 1833 535 homine
1846 516 1894 541 per
1911 517 2001 536 veram
2021 518 2080 542 poe¹

1441 552 1573 577 nitentiain
1593 551 1654 578 ibid.

1494 609 1528 614 --
1542 596 1654 627 Spiritus
1666 600 1766 628 septem
1781 601 1840 623 sunt
1853 601 1953 630 septem
1971 599 2080 625 virtutes

1441 639 1577 665 simulatae
1597 640 1638 665 Vll
1660 641 1711 665 295
1731 641 1764 667 55
1784 655 1818 659 -
1842 642 1952 673 Spiritus
1974 644 2079 675 nequio-

1441 690 1483 709 res
1501 689 1594 709 secure
1613 683 1731 710 habitant
1750 685 1775 710 in
1795 686 1938 717 hypocritis
1957 686 1990 712 ib.
2010 687 2042 711 56

1494 741 1529 745 -—
1542 727 1629 753 victus
1639 731 1678 753 est
1688 735 1735 760 per
1744 736 1850 754 crucem
1865 730 1897 755 Vl
1913 731 1962 755 ⁴98
1981 738 2005 755 v.
2019 731 2035 755 7
2047 745 2081 749 —

1441 770 1540 796 eiectus
1559 774 1598 797 est
1617 778 1631 796 e
1650 773 1749 798 mundo
1769 780 1816 805 per
1841 774 1989 805 passionem
2010 774 2080 800 Chri-

1441 814 1473 840 sti
1485 814 1534 840 420
1549 815 1583 841 45
1595 829 1630 835 -
1640 816 1767 842 iudicium
1778 816 1875 842 diaboli
1888 818 2079 844 manifestatum

1441 862 1480 884 est
1498 859 1524 884 in
1544 859 1659 885 adventu
1679 859 1772 886 Christi
1801 861 1851 886 458
1879 862 1911 887 18
1931 877 1966 880 -
1986 863 2080 888 detine-

1441 902 1486 928 bat
1504 904 1634 929 mundum
1655 908 1763 937 propter
1783 909 1918 937 peccatum
1946 906 2078 932 infidelita-

1441 947 1473 973 tis
1491 946 1553 973 ibid.
1572 961 1608 967 —-
1626 948 1720 974 iniuste
1740 949 1870 975 mundum
1895 950 2027 976 detinebat
2055 954 2081 977 et

1440 992 1536 1017 iniuste
1548 995 1639 1018 contra
1652 992 1783 1019 Christum
1798 995 1929 1027 peccavit;
1945 995 2003 1020 ideo
2017 995 2078 1020 ami-

1440 1036 1473 1061 sit
1492 1036 1639 1062 dominium
1659 1037 1684 1062 in
1706 1044 1790 1069 genus
1809 1039 1953 1064 humanum
1975 1039 2025 1064 459
2048 1040 2079 1064 18

1440 1094 1475 1098 —-
1502 1081 1530 1105 in
1558 1087 1637 1107 causa
1672 1082 1813 1108 Salvatoris
1841 1089 1901 1108 reus
1931 1084 2012 1108 tactus
2041 1086 2080 1109 est

1440 1123 1501 1150 ibid.
1520 1139 1555 1143 ——
1575 1125 1641 1151 iuste
1660 1126 1747 1151 amisit
1760 1126 1906 1152 dominium
1920 1127 1946 1152 in
1960 1126 2080 1152 membra

1439 1168 1549 1200 Christi,
1574 1170 1637 1202 quia
1662 1170 1756 1196 iniuste
1777 1171 1915 1202 usurpavit
1933 1171 2079 1197 dominium

1439 1220 1520 1246 supra
1539 1213 1671 1240 Christum
1692 1215 1743 1240 446
1764 1215 1797 1240 49

1492 1272 1527 1277 -
1546 1259 1654 1284 tentavit
1673 1257 1815 1293 Christum,
1836 1262 1864 1285 ut
1882 1259 1973 1290 sciret,
1991 1263 2078 1285 utrum

1438 1303 1471 1328 sit
1490 1303 1559 1328 Deus
1579 1304 1620 1328 vel
1639 1303 1718 1329 Filius
1748 1304 1792 1329 Dei
1819 1304 1862 1329 Vll
1883 1303 1915 1329 89
1937 1304 1952 1329 3
1971 1317 2006 1322 -
2025 1307 2079 1329 ten-

1439 1348 1502 1373 tavit
1521 1347 1652 1374 Christum
1673 1354 1704 1373 ex
1722 1351 1835 1381 quatuor
1862 1349 1889 1374 in
1908 1355 1939 1374 eo
1963 1348 2080 1374 conside-

1438 1392 1501 1418 ratis
1519 1391 1553 1419 ib.
1574 1393 1583 1418 ⁴
1607 1406 1642 1411 —
1662 1393 1768 1419 tentavit
1782 1392 1912 1419 Christum
1927 1400 1974 1425 per
1987 1393 2078 1425 triplex

1439 1436 1538 1463 bonum
1564 1437 1597 1462 90
1618 1438 1633 1462 8
1653 1452 1688 1455 -
1708 1437 1832 1463 tentando
1859 1437 1986 1470 processit
2012 1437 2079 1463 ordi-

1438 1485 1498 1507 nate
1517 1480 1580 1508 ibid.

1491 1539 1526 1545 —
1545 1525 1647 1552 Diaboli
1667 1527 1841 1552 fraudulentia
1861 1530 1886 1552 et
1904 1526 2028 1558 superbia
2053 1527 2078 1552 in

1438 1570 1561 1596 tentando
1579 1570 1681 1597 Christo
1701 1571 1742 1596 Vll
1763 1571 1790 1595 91
1816 1571 1831 1595 9
1851 1585 1885 1588 -
1904 1570 1966 1596 Eius
1984 1578 2079 1602 sugge-

1437 1614 1486 1640 stio
1505 1615 1613 1640 omnino
1632 1615 1763 1640 annullata
1783 1618 1821 1640 est
1840 1614 1873 1641 ib.
1895 1615 1926 1640 ⁴0
1945 1629 1981 1633 —
2000 1615 2025 1640 in
2039 1622 2075 1640 se-

1437 1659 1523 1685 cunda
1543 1660 1685 1685 tentatione
1703 1659 1798 1685 Christi
1825 1659 1992 1691 suggerenda
2015 1666 2078 1692 qua-

1438 1707 1497 1729 tuor
1516 1704 1575 1729 seeit
1593 1702 1628 1729 ib.
1649 1704 1676 1729 ⁴⁴

1490 1761 1525 1767 -
1544 1748 1658 1773 ostendit
1676 1747 1778 1774 Christo
1791 1748 1932 1773 vanitatem
1948 1749 2077 1773 humanae

1437 1798 1551 1824 pompae
1582 1791 1658 1817 brevi
1689 1795 1809 1824 tempore
1841 1792 1884 1817 Vll
1916 1792 1948 1817 92
1984 1793 2013 1817 12
2042 1806 2077 1811 -

1436 1836 1548 1862 ostendit
1566 1835 1668 1862 Christo
1694 1837 1781 1861 omnia
1805 1843 1887 1868 regna
1907 1836 1999 1861 mundi
2025 1840 2078 1861 tan-

1436 1887 1516 1913 quam
1535 1880 1667 1911 ignoranti
1687 1881 1715 1905 91
1741 1881 1774 1905 12
1794 1894 1829 1898 -
1847 1880 1960 1906 ostendit
1973 1880 2074 1906 Christo

1436 1931 1517 1956 regna
1537 1924 1644 1955 mundi,
1663 1927 1691 1950 ut
1709 1925 1802 1950 excitet
1827 1924 1854 1949 ln
1879 1925 1937 1956 ipso
1957 1931 2075 1950 amorem

1436 1968 1527 1994 mundi
1548 1969 1581 1993 92
1604 1969 1635 1994 12

1491 2027 1525 2031 -
1543 2013 1634 2038 nititur
1652 2012 1783 2038 Christum
1798 2013 1921 2038 inclinare
1936 2013 1970 2038 ad
1984 2020 2075 2039 veram

1436 2057 1616 2083 adorationem
1635 2056 1670 2083 ob
1689 2057 1778 2082 salsam
1803 2057 2005 2089 promissionem
2031 2058 2074 2083 Vll

1436 2102 1470 2127 92
1490 2102 1524 2128 15
1542 2115 1578 2120 -
1597 2102 1723 2127 honorem
1743 2101 1903 2127 adorationis
1926 2101 2076 2134 requirebat

1436 2145 1497 2172 ibid.
1520 2161 1556 2164 —
1584 2146 1712 2178 promittit
1740 2146 1833 2171 salsum
1861 2146 2024 2178 praemium,
2046 2150 2075 2172 ut

1436 2191 1569 2223 pertrahat
1588 2190 1621 2216 ad
1641 2190 1756 2216 illicitum
1775 2189 1932 2223 obsequium
1955 2189 2016 2216 ibid.
2039 2204 2075 2208 ——

1436 2235 1550 2261 ostendit
1567 2241 1679 2266 regnum
1699 2234 1791 2260 mundi
1816 2235 1849 2260 Vl
1870 2234 1920 2260 174
1940 2242 1967 2260 v.
1988 2235 2020 2259 10
2039 2248 2075 2254 —-

1437 2280 1527 2305 salsam
1537 2279 1650 2312 spondet
1662 2279 1813 2311 potentiam,
1827 2282 1855 2304 ut
1867 2278 1899 2305 ad
1914 2285 2005 2304 veram
2019 2285 2074 2311 per-

1436 2325 1520 2350 trahat
1538 2324 1692 2349 servitutem
1711 2324 1753 2349 Vll
1773 2323 1806 2348 92
1828 2323 1861 2348 15

1488 2382 1525 2387 -
1543 2368 1570 2393 in
1588 2368 1663 2394 tertia
1682 2368 1822 2393 tentatione
1841 2367 1935 2393 Christi
1954 2367 2001 2392 tria
2016 2367 2074 2393 tecit

1436 2413 1478 2438 Vll
1498 2413 1531 2438 93
1552 2413 1584 2437 18
1604 2426 1640 2430 -
1659 2412 1732 2438 duxit
1750 2411 1881 2437 Christum
1896 2412 1920 2437 in
1934 2412 2074 2437 Ierusalem

1436 2459 1561 2489 tanquam
1580 2456 1615 2482 ad
1633 2456 1720 2481 locum
1739 2454 1869 2481 celebrem
1890 2454 1949 2481 ibid.
1964 2469 1998 2474 ·—-
2011 2462 2075 2487 sug-

1436 2500 1516 2532 gessit
1543 2499 1644 2526 Christo
1664 2499 1823 2526 descendere
1845 2499 2022 2532 corporaliter,
2046 2503 2074 2525 ut

1435 2545 1584 2577 superbiret
1605 2545 1772 2577 spiritualiter
1791 2545 1825 2570 94
1846 2545 1878 2569 19
1898 2557 1933 2563 -
1951 2544 2073 2576 allegavit

1436 2590 1607 2622 scripturam,
1617 2589 1679 2622 quia
1690 2588 1807 2615 Christus
1817 2595 1922 2620 semper
1932 2595 1979 2620 per
1991 2589 2075 2620 ipsam

1435 2641 1463 2660 se
1482 2633 1640 2660 defendebat
1659 2632 1693 2659 ib.
1719 2633 1752 2659 20
1771 2647 1806 2651 -
1825 2633 1886 2658 Eius
1916 2633 2009 2658 vitium
2036 2635 2077 2657 est

1435 2679 1600 2705 auctoritates
1614 2678 1763 2710 scripturae
1782 2681 1904 2703 truncare
1921 2681 1947 2702 et
1966 2677 2000 2702 ad
2018 2684 2075 2709 par-

1436 2726 1488 2749 tem
1501 2729 1576 2748 suam
1590 2723 1693 2747 trahere
1706 2721 1738 2748 ib.
1754 2722 1782 2747 21
1804 2736 1838 2740 -
1857 2722 1981 2747 confusus
1994 2727 2076 2747 reces-

1435 2768 1468 2793 sit
1486 2774 1500 2792 a
1520 2766 1622 2792 Christo
1641 2766 1675 2791 95
1695 2765 1729 2791 24

1487 2826 1522 2830 —
1542 2811 1632 2837 ludam
1652 2813 1711 2842 post
1731 2810 1865 2841 indignam
1879 2810 2074 2841 susceptionem

1435 2855 1553 2887 corporis
1572 2854 1665 2880 Christi
1685 2854 1799 2886 amplius
1826 2854 1977 2885 angustavit
1995 2857 2020 2879 et
2039 2854 2073 2879 ad

1435 2899 1558 2924 malitiam
1584 2898 1770 2929 complendam
1798 2898 1884 2924 acrius
1910 2897 2013 2930 impulit
2040 2897 2074 2923 vt

1436 2943 1485 2968 433
1507 2942 1539 2968 43
1561 2942 1588 2968 4·
1606 2956 1641 2960 -
1661 2941 1780 2968 armabat
1807 2942 1928 2968 satellites
1952 2941 1986 2968 ad
2006 2948 2074 2967 com-

1434 2986 1652 3019 prehendendum
1672 2986 1803 3012 Christum
1825 2985 1876 3011 444
1896 2985 1930 3011 44

1488 3045 1523 3049 -
1542 3030 1644 3056 Diaboli
1661 3031 1776 3056 officium
1796 3033 1835 3056 est
1858 3029 2012 3062 dispergere
2030 3029 2075 3055 1”11

1435 3075 1486 3101 294
1506 3075 1535 3101 51
1559 3089 1594 3094 -
1618 3074 1712 3100 dividit
1736 3074 1875 3100 coniuncta
1903 3074 1954 3099 316
1980 3075 2013 3100 22
2040 3087 2075 3092 -·

1435 3122 1474 3145 est
1492 3119 1676 3145 callidissimus
1703 3118 1738 3144 ad
1761 3118 1946 3151 decipiendum
1976 3117 2008 3142 vt
2039 3117 2067 3143 41

1436 3171 1462 3189 v.
1482 3163 1514 3189 ⁴6
1533 3177 1570 3183 —
1587 3166 1627 3189 est
1644 3163 1746 3195 stultus,
1774 3162 1836 3196 quie
1864 3168 2007 3194 aggressus
2035 3164 2075 3187 est

1436 3207 1508 3241 quod
1527 3215 1579 3233 non
1598 3207 1683 3239 potuit
1701 3206 1763 3233 ibid.
1782 3220 1817 3226 —
1835 3206 1947 3232 nescivit
1975 3205 2075 3238 praexi-

1436 3252 1499 3278 dere
1518 3251 1654 3277 victoriam
1674 3250 1769 3277 Christi
1788 3249 1849 3277 ibid.

1488 3310 1529 3321 —.
1543 3299 1582 3321 est
1599 3296 1724 3327 deceptor
1742 3295 1775 3321 Vl
1796 3294 1846 3320 458
1862 3295 1894 3320 18
1910 3307 1943 3313 -
1956 3300 1971 3320 a
1991 3300 2020 3319 se
2039 3294 2075 3320 lo-

1436 3340 1525 3373 quitur
1550 3340 1719 3366 mendacium
1746 3338 1796 3365 459
1823 3339 1856 3365 20
1876 3353 1911 3358 -
1934 3341 1974 3365 est
2002 3341 2075 3372 pater

1924 3392 1958 3418 93
