2476 3921
14 1218 126 1268 l'altlliffi

14 1277 120 1301 inpressae.

732 216 927 249 COMMENT.
952 215 990 247 ΙΝ
1013 213 1253 248 EVANGELlUM
1277 213 1394 246 LUCAE
1419 214 1450 246 C.
1476 214 1523 246 Xl.

143 308 270 347 lactari,
294 311 331 341 ut
352 308 487 347 dicitur,
511 306 614 340 noluit
636 315 653 339 a
689 306 823 339 muliere
846 303 1048 346 Aegyptiaca;
1073 305 1105 335 et

142 360 212 394 ideo
234 360 376 404 quaesita
399 360 459 393 fuit
480 359 596 393 mulier
612 359 764 397 Hebraea,
781 357 900 391 scilicet
916 360 1016 389 mater
1032 364 1105 398 pro—

143 414 227 457 pria,
251 413 335 447 sicut
355 413 473 446 dicitur
496 412 595 445 Exodi
619 411 758 445 secundo
772 413 793 443 ².
819 411 898 444 Haec
921 413 1026 443 autem
1051 408 1106 441 de-

143 468 245 510 signat
266 466 426 509 Virginem
451 466 595 505 Mariam,
612 465 704 498 cuius
727 465 828 498 ubera
844 464 933 497 suxit
948 462 1105 501 Christus,

143 519 316 554 secundum
340 519 418 552 illud
441 518 641 551 canticorum
666 520 793 550 octavo:
823 516 929 558 «Quis
954 515 1029 548 mihi
1053 515 1107 547 det

144 576 175 607 te
197 572 327 606 fratrem
353 580 459 605 meum
483 574 647 614 sugentem
664 571 765 604 ubera
781 569 892 603 matris
908 577 995 602 meae
1008 582 1023 597 ι)
1045 571 1104 601 etc.

144 626 215 659 ldeo
237 627 342 658 autem
367 624 473 657 iunxit
507 623 566 657 ista
596 623 678 662 duo,
702 626 739 656 ut
762 622 984 656 ostenderetur
1007 621 1104 663 Virgo

143 679 239 712 Maria
261 678 358 711 fuisse
373 681 475 710 mater
497 676 613 709 Christi
634 685 709 709 vera
724 679 756 709 et
771 675 927 718 perfecta,
952 674 1027 717 quia
1043 683 1106 707 non

144 731 246 764 solum
269 730 392 773 genuit,
416 729 471 763 sed
494 729 588 762 etiam
611 728 775 768 educavit;
792 732 824 761 et
839 728 922 762 sicut
939 736 1013 761 vere
1029 727 1106 760 edu-

143 783 240 823 cavit,
264 784 307 816 ita
323 792 398 816 vere
413 783 536 826 genuit;
561 786 593 816 et
616 782 647 815 in
672 783 731 815 hoc
748 781 905 824 arguitur,
930 784 967 813 ut
989 780 1106 813 dicitur

143 838 176 870 in
198 837 306 870 Glossa
318 837 342 876 2,
365 836 510 878 impietas
541 835 712 869 Manichaei
744 838 776 868 et
802 834 955 873 aliorum,
980 833 1035 876 qui
1059 833 1106 866 di-

143 894 237 930 cunt,
261 891 364 933 ipsum
388 889 531 922 attulisse
554 897 670 931 corpus
693 889 888 921 aethereum.
906 887 993 920 Unde
1010 886 1104 919 Beda:

149 957 165 973 «
182 943 228 976 Ex
251 943 359 977 eodem
384 943 469 976 fonte
499 945 531 976 et
559 942 606 975 lac
642 941 819 974 nutriendis
846 945 877 974 et
901 949 1007 973 semen
1032 949 1106 982 pro-

144 997 287 1031 creandis
310 996 418 1039 pueris
442 998 557 1029 manat.
584 995 663 1038 Ergo
678 995 717 1028 de
741 994 860 1027 semine
885 993 1032 1036 Virginis,
1058 1002 1106 1026 se-

144 1049 283 1083 cundum
308 1049 473 1092 physicos,
497 1048 600 1091 potuit
623 1047 745 1089 concipi
773 1047 827 1089 qui
852 1047 890 1080 de
922 1046 1001 1080 lacte
1037 1046 1106 1079 eius

144 1103 247 1146 potuit
270 1102 386 1136 nutriri
404 1116 434 1134 ».

235 1158 286 1190 62.
312 1157 413 1196 (Vers.
439 1156 516 1197 28).
542 1155 647 1189 Tertio
664 1164 739 1188 vero
755 1157 910 1197 quantum
927 1153 964 1186 ad
983 1162 1106 1195 appro-

145 1210 307 1244 bationem
343 1209 455 1243 laudis
489 1218 665 1251 expressae
699 1206 823 1241 subdit:
849 1209 894 1240 Ac
925 1207 977 1240 ille
1000 1206 1105 1239 dicit:

146 1264 336 1306 Quinimmo
360 1262 464 1302 beati,
481 1262 540 1306 qui
555 1262 703 1295 audiant
716 1260 854 1294 verbum
880 1260 954 1300 Dei„
966 1261 1027 1293 Hoc
1044 1269 1107 1292 non

144 1317 219 1351 dicit
242 1316 454 1355 adversando,
479 1315 533 1348 sed
558 1315 663 1357 potius
679 1314 936 1356 superaddendo,
954 1313 1044 1356 quasi
1060 1313 1108 1346 di-

145 1374 211 1404 cat:
247 1380 309 1403 non
344 1370 447 1403 solum
482 1368 597 1401 beatas
632 1371 760 1406 venter,
788 1363 843 1410 qui
876 1367 1013 1409 portavit
1037 1375 1106 1405 me,

144 1423 283 1456 Verbum
311 1431 385 1455 caro
408 1421 544 1460 factum,
569 1430 681 1454 verum
706 1421 800 1454 etiam
824 1419 951 1453 beatior
974 1419 1028 1462 qui
1054 1429 1107 1453 su-

145 1476 236 1519 scipit
259 1475 392 1509 verbum
427 1484 447 1507 a
481 1483 532 1507 me
566 1474 734 1516 prolatum.
759 1474 846 1507 Unde
869 1477 901 1507 et
924 1473 1020 1506 Maria
1044 1483 1106 1506 non

145 1533 267 1563 tantum
291 1529 387 1562 beata
409 1528 487 1567 fuit,
511 1528 587 1571 quia
609 1527 772 1560 Christum
795 1526 928 1569 gestavit
952 1527 983 1559 in
1001 1536 1106 1565 carne,

145 1592 255 1616 verum
280 1582 374 1615 etiam
398 1581 542 1620 beatior,
567 1581 641 1624 quia
666 1580 893 1623 perfectissime
917 1580 1051 1623 gestavit
1075 1579 1107 1612 in

146 1639 267 1675 mente,
290 1635 464 1669 secundum
488 1634 573 1678 quod
594 1634 671 1668 dicit
686 1634 923 1677 Augustinus-¹³:
953 1647 969 1664 «ι
986 1634 1108 1667 Beatior

144 1689 205 1723 fuit
226 1689 323 1722 Maria
357 1688 560 1731 concipiendo
591 1688 684 1721 iidem
720 1688 837 1721 Christi
860 1697 956 1730 quam
980 1696 1107 1720 carnem

145 1743 261 1777 Christi
277 1756 309 1775 ι».
334 1743 448 1776 Beatus
471 1745 519 1775 est
541 1741 625 1775 enim
650 1741 768 1780 omnis,
793 1741 847 1783 qui
871 1741 960 1774 audit
983 1744 1015 1774 et
1034 1741 1108 1773 obe-

146 1797 209 1836 dit,
225 1796 400 1830 secundum
424 1795 502 1828 illud
520 1795 641 1828 loannis
661 1795 783 1828 decimo
812 1794 921 1827 tertio:
944 1807 959 1823 α
977 1794 1007 1827 Si
1031 1795 1108 1827 haec

146 1850 249 1889 scitis,
265 1849 348 1883 beati
365 1849 470 1888 eritis,
488 1848 512 1882 si
530 1848 667 1882 feceritis
682 1857 719 1881 ea
735 1861 765 1880 n.
785 1866 827 1872 —
845 1848 881 1880 Et
897 1848 966 1881 ideo
983 1847 1108 1881 subdit:

147 1904 188 1936 Et
210 1902 400 1936 custodiunt
423 1901 507 1934 illud
514 1913 526 1940 ;
542 1905 573 1934 et
589 1901 659 1934 ideo
675 1901 774 1934 Iacobi
793 1901 941 1943 prim04:
972 1914 987 1929 α
1006 1901 1109 1934 Estote

145 1955 280 1988 factores
309 1954 397 1988 verbi
429 1958 461 1987 et
495 1963 556 1987 non
588 1954 748 1987 auditores
778 1957 900 1987 tantum
916 1967 946 1986 n.
981 1954 1012 1986 ln
1045 1962 1109 1996 quo

145 2008 243 2042 verbo
265 2007 411 2040 Christus
426 2007 540 2046 uoluit,
558 2007 678 2040 laudari
696 2016 783 2040 mere
799 2007 1015 2050 cognationem
1032 2016 1109 2039 ear-

146 2061 255 2094 nalem
277 2069 335 2102 per
358 2069 409 2099 se;
434 2068 506 2092 nam
532 2060 574 2092 ita
597 2059 714 2093 dicitur
731 2060 852 2093 Iudaeis
874 2069 972 2102 supra
996 2059 1107 2092 tertio:

152 2128 168 2144 «
185 2114 284 2147 Nolite
314 2112 436 2146 dicere:
468 2113 590 2145 Patrem
619 2113 773 2145 habemus
803 2112 958 2145 Abraham
977 2125 991 2140 n
1030 2115 1107 2150 etc.;

148 2168 202 2202 sed
225 2166 455 2210 spirituatem,
480 2165 556 2208 quia
587 2165 724 2198 sanctior
747 2168 794 2198 est
818 2165 930 2206 copula
954 2165 1108 2197 mentium

148 2230 243 2264 quam
267 2228 446 2262 corporum.
467 2219 502 2251 Et
518 2218 601 2257 ideo,
619 2227 691 2251 cum
709 2221 899 2260 quaererent
915 2226 989 2250 eum
1007 2221 1108 2250 mater

148 2278 179 2308 et
194 2274 326 2313 fratres,
343 2271 487 2305 Matthaei
504 2271 688 2304 duodecimo
701 2271 714 2290 ⁵
731 2270 830 2303 dixit:
852 2283 866 2298 «
881 2270 938 2311 Qui
962 2270 1034 2303 facit
1054 2280 1108 2303 vo-

148 2328 300 2361 luntatem
317 2326 417 2359 Patris
429 2325 504 2364 mei,
518 2324 572 2367 qui
590 2324 621 2356 in
639 2324 732 2357 caelis
748 2327 805 2363 est,
822 2323 873 2356 ille
890 2323 987 2356 frater
1004 2332 1108 2362 meus,

148 2390 238 2415 soror
269 2385 301 2414 et
331 2382 432 2413 mater
456 2382 554 2412 est».
581 2378 616 2410 Et
646 2381 776 2419 propter
808 2377 867 2410 hoc
895 2377 990 2419 Virgo
1013 2377 1110 2410 Maria

147 2434 208 2467 fuit
235 2433 399 2467 laudabilis
431 2432 461 2464 in
498 2430 717 2472 concipiendo,
749 2430 824 2472 quia
853 2429 918 2472 side
948 2430 1107 2472 concepit;

2063 214 2127 245 ⁶297

1167 305 1198 334 et
1221 302 1290 334 ideo
1313 302 1394 334 dixit
1417 302 1444 334 ei
1463 302 1618 334 Elisabeth
1636 311 1733 344 supra
1758 302 1873 344 primo:
1897 315 1912 330 «
1930 302 2031 340 Beata,
2049 310 2130 344 quac

1169 354 1344 394 credidisti,
1362 355 1509 397 quoniam
1529 355 1732 396 perficientur
1749 364 1830 397 quae
1846 355 1928 388 dicta
1949 359 2024 387 sunt
2041 355 2094 388 tibi
2113 364 2131 386 a

1169 408 1300 441 Domino
1317 422 1346 440 n.
1364 427 1407 431 -—
1423 408 1466 440 Ex
1484 418 1548 450 quo
1563 412 1694 450 apparet
1710 408 1790 441 mira
1806 409 2033 441 commendatio
2051 408 2131 441 veri-

1170 462 1259 501 tatis,
1283 471 1364 504 quae
1387 470 1496 494 omnes
1519 461 1576 494 sibi
1593 461 1799 494 adhaerentes
1823 462 1930 494 beatos
1946 461 2051 499 efficit,
2070 469 2131 493 non

1170 515 1271 548 solum
1295 515 1502 548 adhaerentes
1518 514 1652 547 carnali
1667 514 1879 556 aequatione,
1899 518 1933 546 ut
1951 514 2045 556 Virgo
2070 515 2131 546 Ma-

1170 568 1234 607 ria,
1251 577 1363 601 verum
1379 567 1471 601 etiam
1488 567 1664 610 spirituali
1679 566 1856 605 dilectione,
1875 567 1956 599 sicut
1972 566 2132 608 quaelibet

1169 622 1274 655 anima
1296 625 1412 655 sancta.
1437 622 1475 654 Ut
1491 621 1574 654 enim
1590 620 1665 653 dicit
1681 620 1918 662 Augustinus⁸z
1940 633 1954 647 u
1971 619 2132 652 Beatitudo

1170 678 1217 708 est
1240 675 1390 717 gaudium
1414 675 1453 707 de
1476 674 1607 707 veritate
1624 686 1654 712 »;
1679 673 1717 706 ad
1738 673 1822 715 quod
1840 673 1989 715 gaudium
2008 673 2133 705 venient

1170 728 1224 770 qui
1243 728 1406 761 veritatem
1424 727 1574 766 audiunt,
1591 727 1724 769 diligunt
1748 730 1779 759 et
1802 726 1937 764 faciunt,
1955 725 2129 758 secundum

1170 781 1248 814 illud
1271 780 1474 814 Ecclesiastici
1493 780 1642 822 vigesimo
1659 783 1789 822 quarto:
1821 793 1835 807 «
1852 779 1910 820 Qui
1933 779 2066 811 audiunt
2083 788 2132 811 mc

1170 844 1232 867 non
1249 834 1481 867 confundentur
1493 860 1500 873 ‚
1517 837 1548 867 et
1564 834 1618 876 qui
1635 837 1808 875 operantur
1826 833 1856 865 in
1874 841 1923 865 me
1940 842 2001 864 non
2024 841 2133 874 pecca-

1170 888 1267 927 bunt,
1285 891 1315 920 et
1332 888 1386 930 qui
1403 887 1560 920 elucidant
1578 896 1627 920 me
1644 887 1738 919 vitam
1752 890 1911 919 aeternam
1927 885 2129 918 habebunt».

1261 941 1312 974 63.
1339 940 1568 983 sz'rz'tztatiter
1585 944 1691 973 autem
1709 940 1759 972 liic
1776 939 1946 972 notandum
1965 942 2030 977 est,
2048 939 2132 981 quod

1170 994 1291 1028 mulier
1306 994 1345 1027 tle
1362 994 1463 1027 carba
1487 997 1597 1036 typum
1623 993 1705 1036 gerit
1721 993 1824 1035 Legis,
1849 1002 1930 1035 quae
1952 993 2133 1035 yeneratio-

1170 1058 1245 1081 nem
1276 1047 1474 1081 commendat
1509 1047 1701 1086 carnatem,
1731 1046 1902 1079 secundum
1936 1045 2020 1088 quod
2053 1041 2134 1078 sacta

1170 1105 1218 1135 est
1242 1101 1445 1144 repromissio
1477 1101 1636 1139 Abrahae,
1664 1100 1792 1133 Genesis
1823 1099 1943 1132 decimo
1978 1099 2131 1141 quint0⁷:

1176 1168 1192 1184 «
1205 1155 1334 1197 Suspice
1347 1154 1469 1187 caelum
1482 1168 1498 1183 υ
1513 1157 1571 1187 etc.
1584 1166 1591 1193 ;
1605 1158 1636 1187 et
1650 1154 1758 1193 David,
1772 1153 1855 1186 unde
1868 1153 1897 1185 in
1912 1153 2045 1185 Psalmo:
2061 1165 2076 1181 α
2091 1152 2133 1185 De

1170 1208 1279 1242 fructu
1295 1222 1311 1237 »
1340 1212 1420 1247 etc.;
1445 1207 1530 1241 unde
1553 1208 1591 1240 ad
1616 1208 1769 1240 Romanos
1793 1216 1891 1240 nono:
1921 1219 1936 1234 α
1956 1206 2000 1238 Ex
2017 1206 2134 1248 quibus

1171 1265 1219 1295 est
1241 1262 1387 1294 Christus
1411 1261 1586 1294 secundum
1621 1270 1749 1294 carnem
1766 1274 1781 1289 υ
1811 1264 1869 1293 etc.
1895 1260 1953 1292 Sed
1980 1258 2133 1292 Christus

1172 1319 1280 1357 typum
1306 1315 1387 1357 gerit
1410 1314 1529 1357 gratiae
1552 1318 1584 1347 et
1607 1314 1756 1356 spiritus,
1781 1314 1834 1356 qui
1852 1313 1978 1356 quidem
1995 1322 2133 1355 yenera-

1172 1368 1291 1401 tionem
1315 1367 1513 1401 commendat
1528 1367 1756 1410 spiritu-alem,
1774 1366 1947 1400 secundum
1965 1365 2041 1398 illud
2059 1365 2133 1397 Mat-

1172 1421 1255 1454 thaei
1278 1420 1504 1453 duodecimo⁸:
1534 1420 1653 1461 «Quae
1684 1423 1731 1453 est
1768 1423 1868 1452 mater
1901 1427 1984 1457 mea,
2014 1422 2044 1451 et
2079 1418 2133 1459 qui

1171 1477 1247 1507 sunt
1268 1473 1383 1507 fratres
1406 1474 1466 1506 mei
1483 1477 1521 1505 »ἵ
1544 1491 1589 1496 -
1613 1473 1712 1506 Huius
1736 1472 1946 1515 generationis
1969 1472 2132 1514 spiritua-

1171 1528 1213 1561 lis
1235 1527 1398 1570 conceptio
1422 1527 1525 1569 primo
1549 1527 1584 1559 iit
1607 1527 1644 1559 in
1666 1526 1746 1569 fide,
1771 1527 1860 1569 quasi
1886 1526 1918 1558 in
1943 1526 2062 1558 unitate
2079 1525 2133 1557 Ec-

1172 1581 1301 1619 clesiae;
1327 1580 1448 1613 Ioannis
1472 1580 1648 1622 septim0⁹:
1678 1593 1694 1608 α
1711 1580 1770 1622 Qui
1795 1579 1895 1613 credit
1917 1579 1948 1611 in
1965 1587 2030 1617 me,
2055 1578 2136 1611 sicut

1171 1635 1247 1668 dicit
1263 1635 1426 1677 Scriptura
1443 1648 1459 1664 ι)
1477 1638 1535 1667 etc.
1554 1635 1586 1667 ln
1603 1634 1694 1667 cuius
1710 1634 1804 1667 etiam
1822 1633 1867 1666 rei
1892 1633 2017 1675 signum
2041 1632 2136 1674 Virgo

1172 1689 1268 1722 Maria
1284 1697 1340 1731 per
1356 1688 1450 1721 tidem
1466 1688 1625 1730 concepit;
1644 1688 1744 1721 Lucae
1761 1687 1880 1729 primo:
1903 1700 1919 1716 «ι
1933 1687 2038 1725 Beata,
2055 1694 2136 1728 quae

1172 1742 1378 1776 credidisti».
1404 1760 1446 1765 —
1471 1742 1600 1774 Parcus
1624 1744 1730 1774 autem
1755 1741 1790 1773 fit
1810 1750 1872 1782 per
1895 1739 2135 1782 operationem,-

1174 1795 1377 1828 Ecclesiastici
1395 1794 1545 1836 vigesimo
1561 1798 1676 1836 quarto
1689 1794 1731 1825 ¹⁰:
1750 1806 1765 1822 α
1779 1794 1867 1832 Dixi,
1886 1793 1994 1835 rigabo
2007 1793 2136 1836 hortum

1172 1848 1429 1891 plantationum»
1459 1851 1518 1880 etc.
1544 1847 1602 1880 Sed
1626 1847 1670 1879 illi
1694 1847 1748 1889 qui
1774 1846 1908 1880 credunt
1931 1850 1963 1879 et
1984 1855 2044 1878 non
2062 1854 2135 1887 ope-

1174 1904 1302 1940 rantur,
1338 1903 1413 1933 sunt
1448 1900 1530 1933 sicut
1561 1900 1623 1938 illi,
1648 1900 1687 1933 de
1714 1900 1832 1942 quibus
1857 1899 1951 1932 Isaiae
1977 1898 2136 1941 trigesimo

1173 1953 1321 1995 septimo:
1352 1966 1367 1981 «
1384 1953 1546 1985 Venerunt
1570 1952 1625 1985 filii
1642 1961 1744 1994 usque
1761 1952 1800 1984 ad
1816 1954 1943 1993 partum
1957 1977 1964 1989 ‚
1981 1955 2012 1983 et
2034 1951 2136 1983 virtus

1172 2015 1235 2039 non
1251 2009 1298 2038 est
1314 2005 1455 2047 pariendi
1469 2019 1499 2037 υ.
1517 2024 1562 2030 --
1578 2005 1726 2038 Lactatio
1743 2005 1779 2037 fit
1792 2005 1827 2037 in
1840 2004 2009 2037 dilectione
2020 2008 2048 2036 et
2060 2014 2136 2037 con-

1173 2059 1402 2101 templatione;
1433 2058 1633 2091 Canticorum
1666 2058 1826 2100 primo¹¹:
1857 2057 2054 2090 «Osculetur
2086 2066 2136 2090 me

1172 2111 1291 2149 osculo,
1316 2111 1391 2153 quia
1415 2110 1546 2145 meliora
1570 2114 1644 2143 sunt
1667 2110 1767 2144 ubera
1791 2114 1846 2143 tua
1869 2110 1941 2143 vino
1959 2124 1974 2139 »
2003 2114 2080 2150 etc.;
2105 2114 2136 2143 et

1173 2164 1417 2197 Proverbiorum
1441 2164 1569 2206 quinto:
1599 2177 1614 2193 (ι
1632 2164 1731 2197 Cerva
1754 2164 1912 2197 carissima
1938 2168 1969 2197 et
1997 2165 2137 2207 gratissi-

1172 2226 1244 2250 mus
1268 2217 1448 2250 hinnulus»
1478 2221 1535 2250 etc.
1555 2236 1596 2242 —
1614 2217 1650 2250 Et
1673 2217 1718 2251 sic
1734 2218 1765 2250 in
1782 2218 1832 2251 his
1850 2217 1952 2251 tribus
1975 2218 2136 2251 insinuan-

1173 2273 1227 2303 tur
1249 2271 1412 2313 susceptio
1435 2271 1585 2313 9ratiae,
1610 2271 1802 2304 exercitatio
1825 2272 1954 2304 activae
1970 2275 2000 2304 et
2024 2281 2137 2304 conso-

1174 2323 1253 2356 latio
1288 2324 1569 2366 contemplativae.
1608 2325 1643 2357 Et
1678 2325 1738 2357 hoc
1775 2328 1874 2357 totum
1911 2324 2069 2357 clauditur
2105 2325 2136 2357 in

1179 2391 1193 2406 «ι
1213 2377 1290 2416 fide,
1315 2386 1397 2420 quae
1413 2386 1470 2420 per
1486 2377 1683 2411 dilectionem
1708 2382 1858 2420 operatur
1874 2378 1898 2397 ¹²
1915 2392 1946 2417 »,
1968 2387 2064 2420 quam
2081 2378 2137 2411 soli

1174 2431 1229 2473 qui
1253 2431 1370 2464 habent
1393 2434 1489 2464 crunt
1513 2431 1604 2464 beati.

221 2628 229 2642 ²
251 2628 325 2654 Vere.
344 2629 369 2658 8,
388 2626 464 2652 cuius
482 2625 617 2658 explicatio
637 2624 762 2651 fundatur
782 2624 813 2650 iis
825 2632 894 2658 quae
907 2625 1011 2658 loseph.
1029 2626 1110 2657 Flav.,

149 2673 177 2699 ll.
195 2672 281 2705 Antiq.
301 2671 356 2698 lud.
376 2678 399 2697 c.
419 2671 444 2696 9.
464 2669 537 2702 (alias
557 2669 591 2701 5.)
612 2676 638 2694 n.
658 2669 683 2695 5.
713 2669 765 2702 (ed.
794 2669 993 2704 Firmin-Didot)
1023 2672 1109 2697 refert.

148 2730 184 2736 —
204 2716 326 2750 Sequitur
344 2715 418 2741 Cant.
437 2715 468 2747 8,
489 2714 513 2740 1.

220 2759 230 2775 ²
250 2760 352 2786 Scilicet
370 2757 513 2786 ordinaria
543 2758 700 2789 (secundum
729 2758 838 2792 Bedam)
860 2759 884 2785 in
905 2761 967 2786 Luc.
991 2761 1040 2791 11,
1060 2760 1108 2786 27:

149 2804 196 2830 Hic
215 2803 292 2830 Maria
311 2803 446 2833 laudatur,
470 2809 538 2835 quae
567 2802 708 2828 Dominum
727 2803 856 2834 portavit;
876 2806 902 2829 et
921 2804 1037 2835 pravitas
1056 2807 1109 2830 tam

150 2847 325 2879 praesentium
345 2847 501 2872 ludaeorum
521 2853 601 2879 quam
623 2847 770 2872 futurorum
791 2847 994 2879 haereticorum,
1008 2848 1054 2881 qui
1068 2855 1111 2873 vc-

150 2899 206 2918 ram
225 2891 319 2918 Christi
338 2890 526 2916 humanitatem
555 2894 663 2923 negant,
684 2892 847 2923 confutatur,
867 2892 929 2925 quia
949 2899 1043 2918 verum
1065 2892 1110 2918 Dei

150 2936 242 2962 Filium
262 2935 391 2961 adversus
410 2934 579 2967 blasphemos
598 2935 708 2961 ludaeos
733 2936 886 2967 confltetur,
906 2940 931 2962 et
950 2944 1044 2963 verum
1064 2938 1110 2963 ho-

150 2980 228 3006 minis
246 2979 328 3005 fllium
348 2982 469 3011 testatur,
489 2980 566 3005 matri
584 2979 841 3006 consubstantialem.
867 2981 919 3007 Nisi
948 2981 1017 3007 enim
1042 2985 1112 3008 esset

151 3031 203 3050 una
221 3031 283 3050 caro
302 3030 364 3049 cum
377 3026 473 3056 matre,
493 3025 585 3050 trustra
605 3028 697 3050 venter
716 3025 755 3051 ille
775 3025 892 3057 Virginis
905 3029 931 3051 et
949 3025 1032 3052 ubera
1052 3025 1110 3052 bea-

151 3068 317 3094 tincarentur.
335 3066 400 3094 ibid.
420 3067 531 3094 habetur
549 3069 628 3095 etiam
647 3069 772 3095 sententia
791 3069 889 3096 Bedae.

221 3110 232 3126 ⁸
250 3111 307 3138 Lib.
327 3112 360 3138 de
380 3113 474 3138 Sancta
493 3113 663 3145 Virginitate,
682 3121 706 3139 c.
725 3114 750 3139 3.
769 3121 794 3140 n.
814 3114 839 3140 3.
859 3128 895 3133 -
915 3113 1033 3140 Subinde
1051 3115 1112 3140 alle-

152 3159 228 3188 gatui·
246 3157 317 3182 ioan.
337 3156 383 3188 13,
404 3156 446 3182 17.
466 3171 500 3176 -
519 3157 647 3189 Superius
667 3157 727 3184 voci
741 3158 936 3192 perfectissime
955 3159 974 3184 B
988 3159 1111 3191 praefigit

150 3201 318 3234 susceptum,
342 3200 401 3226 Vat.
420 3200 518 3235 ipsu-m.

222 3242 234 3258 ⁴
254 3243 326 3270 Vers.
354 3245 395 3271 22.
424 3258 460 3265 —
488 3245 596 3272 Inferius
624 3253 672 3278 pro
700 3246 789 3274 noluit
813 3246 926 3274 laudari
953 3254 1026 3274 mere
1055 3248 1114 3274 Vat-

151 3286 239 3315 noluit
257 3287 372 3315 laudare
390 3288 496 3317 matria.
518 3303 555 3309 —
579 3290 703 3323 Sequitur
721 3292 783 3317 Luc.
803 3292 832 3322 3,
852 3292 876 3324 8,
895 3294 921 3317 et
939 3291 1053 3318 subinde
1076 3299 1115 3317 re-

152 3332 260 3364 spicitur
279 3333 405 3359 sententia
424 3333 561 3368 Ambros„
580 3334 624 3361 Vl.
643 3335 668 3361 in
686 3336 748 3361 Luc.
768 3336 799 3367 8,
819 3336 863 3361 21.
877 3343 902 3362 n.
916 3336 963 3361 36:
977 3336 1067 3369 Neque
1080 3339 1114 3362 ta·

153 3382 213 3402 men
241 3377 368 3404 iniuriose
396 3379 541 3405 refutantur
570 3382 706 3412 parentes,
732 3379 779 3406 sed
804 3379 980 3412 religiosiores
1004 3380 1114 3412 copulae

259 3429 291 3456 S.
309 3430 413 3456 Bonae.
424 3443 460 3450 —
473 3431 553 3457 Tom.
564 3431 618 3456 Vll.

1175 2627 1303 2652 mentium
1324 2627 1452 2653 docentur
1472 2634 1529 2653 esse
1548 2634 1629 2660 quam
1649 2634 1801 2659 corporum.
1820 2626 1870 2653 Cn:
1891 2634 1970 2659 supra
1990 2634 2052 2659 pag.
2075 2627 2137 2659 197,

1175 2674 1235 2697 nota
1257 2672 1298 2697 10.

1245 2714 1256 2730 ⁶
1276 2716 1351 2742 Vers.
1371 2716 1414 2742 50.
1435 2730 1468 2735 -—
1488 2717 1554 2742 infra
1574 2724 1623 2749 pro
1635 2716 1686 2751 fide
1700 2715 1819 2750 concepit
1832 2717 1889 2742 Vat.
1910 2715 1990 2750 fidem
2009 2716 2136 2749 concepit.

1174 2774 1210 2780 ·—
1229 2761 1354 2794 Sequitur
1373 2762 1436 2787 Luc.
1457 2761 1486 2792 1,
1508 2761 1550 2786 45.

1246 2804 1257 2819 ⁶
1276 2805 1344 2832 Libr.
1367 2806 1399 2832 X.
1418 2805 1533 2832 Confess.
1554 2812 1577 2831 c.
1596 2806 1639 2831 23.
1664 2812 1689 2831 n.
1710 2806 1757 2831 33:
1787 2805 1863 2831 Beata
1889 2804 1990 2838 quippe
2018 2805 2071 2830 vita
2100 2808 2140 2830 est

1175 2850 1304 2882 gaudium
1324 2850 1358 2876 de
1377 2850 1495 2876 veritate.
1514 2863 1549 2869 —
1569 2850 1692 2883 Sequitur
1711 2850 1786 2876 Eccli.
1807 2849 1853 2882 24,
1873 2849 1916 2875 30.
1935 2856 1992 2882 seq.

1246 2892 1256 2908 ¹
1277 2895 1351 2920 Vers.
1372 2895 1396 2921 5.
1415 2908 1451 2914 —-
1470 2895 1527 2920 Duo
1546 2901 1621 2927 seqq.
1648 2894 1696 2920 loci
1725 2897 1784 2920 sunt
1805 2895 1844 2919 Ps.
1866 2893 1929 2925 131,
1950 2893 1993 2918 11.
2011 2896 2037 2918 et
2062 2894 2138 2919 Rom.

1175 2940 1207 2970 9,
1227 2939 1252 2964 5.
1270 2952 1306 2958 -
1325 2938 1452 2970 Superius
1472 2945 1520 2970 pro
1534 2937 1632 2964 mulier
1646 2937 1677 2964 de
1690 2936 1772 2964 turba
1791 2937 1812 2962 Α
1823 2937 1844 2962 D
1857 2936 1957 2963 midler
1968 2936 2120 2970 praedicta.

1249 2981 1259 2996 ⁸
1278 2983 1353 3009 Vers.
1375 2982 1417 3007 48.

1247 3024 1258 3039 ⁹
1279 3026 1353 3051 Vers.
1373 3026 1420 3057 38,
1440 3025 1481 3051 cui
1501 3025 1671 3057 subiungitur
1690 3026 1753 3051 Luc.
1776 3025 1800 3055 1,
1822 3024 1864 3050 45.

1248 3069 1270 3084 ¹⁰
1290 3070 1366 3096 Vers.
1387 3070 1428 3095 42.
1447 3083 1482 3089 —
1495 3070 1620 3103 Sequitur
1640 3069 1694 3095 lsai.
1715 3069 1765 3100 37,
1786 3069 1810 3094 3.

1248 3113 1268 3129 ¹¹
1290 3115 1365 3140 vers.
1388 3115 1415 3145 l,
1435 3118 1494 3146 post
1512 3120 1593 3147 quem
1612 3114 1690 3139 Prov.
1709 3113 1738 3145 5,
1762 3113 1802 3138 19.
1820 3126 1856 3132 -
1876 3113 2002 3144 Superius
2021 3119 2070 3144 pro
2090 3113 2137 3138 La-

1177 3158 1256 3186 ctatio
1269 3158 1301 3193 fit
1312 3158 1339 3185 in
1354 3158 1492 3185 dilectione
1504 3160 1530 3184 et
1548 3156 1771 3191 contemplatione
1790 3157 1863 3182 Vnt:
1883 3157 1934 3183 Sed
1952 3157 2001 3187 illi,
2020 3157 2066 3189 qui
2086 3163 2139 3182 cre-

1177 3204 1243 3229 dunt
1268 3206 1294 3228 ct
1316 3206 1473 3235 operantur,
1493 3205 1553 3228 sunt
1571 3202 1620 3234 1111,
1640 3202 1673 3228 de
1689 3201 1787 3235 quibus
1800 3201 1891 3227 Petrus
1910 3201 1943 3235 [l.
1956 3202 2022 3227 Petr.
2043 3202 2068 3232 2,
2088 3200 2138 3234 2.]:

1178 3246 1255 3274 Sicut
1273 3246 1353 3274 modo
1372 3246 1456 3280 ueniti
1482 3246 1613 3280 infantes,
1633 3245 1794 3273 rationabile
1812 3247 1837 3272 el
1860 3245 1917 3272 sine
1937 3245 1997 3272 dolo
2017 3245 2060 3272 lac
2079 3251 2138 3271 con·

1178 3290 1320 3326 capacite,
1340 3292 1371 3317 ut
1390 3291 1418 3317 in
1437 3297 1466 3317 eo
1485 3290 1612 3317 &esculis
1632 3289 1660 3317 in
1688 3289 1817 3323 salutem,
1838 3290 1936 3316 scilicet
1954 3297 2002 3322 per
2026 3289 2138 3315 dilectio·

1178 3342 1238 3362 nem
1258 3338 1284 3361 et
1302 3335 1560 3367 contemplationem.

1251 3378 1272 3393 ¹¹
1292 3379 1347 3405 Gal.
1366 3379 1397 3410 5,
1417 3379 1442 3404 6.

1995 3428 2027 3452 38

2151 626 2206 653 Quid
2222 626 2289 647 beati-

2193 653 2251 674 tudo.

2156 945 2267 972 Exponitio

2152 972 2278 999 npiritualis.

2153 1477 2278 1506 Spirituali·

2153 1506 2272 1530 conceptio.

2154 1744 2236 1765 Partus.

2156 2009 2259 2031 laciano.

2156 2223 2285 2245 Notandum.
