2427 3872
263 253 282 284 8
289 253 331 285 20

546 294 609 320 ΡΒΑ

262 339 447 365 Ρ138(1851111311
475 341 537 364 511111
568 337 662 364 Christi
686 337 832 363 secundum
851 337 902 362 ele-

263 384 374 410 ctionem
393 386 526 409 aeternam
548 386 574 408 et
592 389 622 408 ex
641 382 706 414 ipsis
724 382 811 407 nullus
834 381 902 413 perit

263 429 314 453 329
334 428 367 453 64
387 440 422 447 -—
441 427 626 453 Praedestinati
652 429 711 452 sunt
738 426 772 451 de
791 432 901 451 numero

262 472 379 498 fidelium
398 471 544 498 secundum
562 471 756 503 praevisionem
769 472 901 496 aeternam

264 517 314 542 475
335 516 362 542 41

316 574 351 580 -
370 554 503 586 8511101115
516 560 613 586 incerta
628 560 659 586 Vl
673 559 707 585 73
720 567 747 592 q.
766 560 781 584 2
797 574 831 577 -
845 559 901 585 Nul-

260 606 300 631 lus
313 608 399 637 potest
418 605 451 631 de
464 611 535 630 novo
549 604 738 637 praedestinari
759 603 810 629 436
831 604 846 628 2
866 617 901 622 -

262 651 310 676 Ρ81·
329 649 593 682 praedestinationem
609 648 760 674 mansiones
778 648 805 673 in
818 654 901 679 regno

263 695 364 720 caelesti
385 694 437 720 iarn
456 697 517 719 sunt
535 696 641 726 paratae
661 691 723 719 ibid.

317 753 349 757 -
369 739 458 764 Nullus
470 738 566 770 dignus
585 740 624 763 est
638 744 685 763 1188
698 739 813 762 1118181111
826 743 901 769 prae-

263 784 386 809 destinari
411 783 443 808 Vt
463 783 497 808 73
516 790 542 815 q.
563 783 578 808 2
599 796 632 800 —
651 783 677 807 ln
702 780 902 814 praedestinatis

263 831 350 853 manet
377 827 449 853 liberi
478 827 577 853 arbitrii
605 826 710 852 libertas
737 826 771 851 ad
790 832 902 857 peccan-

264 873 342 904 dum,
361 873 407 898 sed
426 879 478 898 non
498 874 587 897 manet
611 871 636 897 in
662 870 768 896 diabolo
788 873 902 902 potestas

263 917 422 943 violentandi
441 917 513 949 ipsos
531 919 557 942 et
576 916 602 941 vi
618 915 776 947 surripiendi
796 915 848 940 393
867 913 901 939 54

262 975 298 980 -—
316 961 499 987 praedestinati
516 964 577 986 sunt
596 967 626 986 ex
645 959 754 985 veritate
772 958 903 984 811181113-

262 1009 314 1031 tem
334 1006 445 1031 audiunt
463 1005 513 1030 489
534 1005 567 1030 68
586 1019 622 1023 --
641 1004 690 1029 Pro
704 1002 902 1035 praedestinatis

262 1057 316 1076 non
335 1051 428 1075 frustra
448 1056 556 1075 oramus
576 1049 621 1074 471
648 1049 676 1073 21
702 1047 731 1073 2*

314 1095 482 1120 ΡκΑεοιεΑτιο
501 1108 535 1111 -
555 1093 709 1118 Praedicare
728 1095 767 1117 est
788 1090 900 1117 verbum

263 1139 309 1165 Dei
327 1139 457 1164 seminare
476 1137 510 1163 Vt
530 1138 563 1163 90
593 1144 618 1162 v.
638 1137 663 1162 7.
684 1137 734 1162 299
755 1137 789 1161 68
808 1143 865 1167 arg.
887 1135 896 1160 1

263 1197 297 1202 -
317 1183 469 1208 Praedicare
488 1181 601 1207 verbum
627 1181 747 1207 divinum
766 1183 805 1206 est
825 1181 904 1206 Evan-

263 1228 361 1260 gelium
381 1227 426 1253 Dei
446 1233 578 1258 exponere
594 1229 619 1251 et
632 1226 727 1251 docere
741 1225 783 1250 Vll
804 1224 819 1250 4
839 1225 856 1250 5
870 1239 903 1242 —

263 1272 416 1298 Praedicare
434 1274 460 1297 et
478 1270 599 1297 laborare
627 1273 701 1296 actus
721 1273 760 1296 est
779 1269 860 1295 virilis
879 1271 904 1294 et

264 1318 439 1349 perfectorum
461 1316 512 1341 190
532 1315 548 1340 5
566 1330 601 1334 —
625 1318 664 1340 est
683 1315 799 1340 officium
819 1317 903 1346 pasto·

264 1362 300 1387 ris
318 1362 351 1387 vt
372 1361 422 1386 426
443 1361 475 1386 39
496 1374 529 1378 -
549 1355 659 1385 Piscatio
673 1359 858 1391 Apostolorum
872 1359 903 1384 si-

264 1406 370 1438 gnificat
388 1405 565 1437 praelatorum
584 1404 807 1436 praedicationem
821 1403 873 1429 624
887 1404 902 1428 6

264 1464 299 1469 -
318 1449 473 1475 Ε1181811111111
499 1448 701 1481 praedicationis
724 1450 832 1480 propter
851 1448 904 1473 cul-

265 1499 351 1520 turam
371 1497 396 1520 et
415 1495 527 1520 fructum
547 1493 699 1525 designatur
722 1500 769 1525 per
787 1495 903 1518 aratrum

267 1539 308 1564 Vll
329 1539 375 1564 251
401 1539 451 1563 110
472 1552 505 1556 -
524 1540 563 1563 851
582 1537 686 1569 gladius
704 1537 755 1563 254
776 1537 791 1562 4

319 1597 354 1603 —-
374 1582 575 1608 Praedicationis
593 1589 661 1614 opus
679 1589 732 1607 non
752 1584 851 1607 tantum
866 1584 905 1607 est

266 1629 384 1654 virorum
403 1628 619 1660 apostolicorum,
640 1633 733 1652 verum
746 1626 825 1652 etiam
839 1632 905 1658 quo-

266 1679 443 1705 rumcumque
461 1671 603 1702 bonorum,
618 1671 662 1704 qui
677 1678 691 1696 a
705 1670 807 1697 Christo
820 1670 904 1696 edocti

267 1721 327 1743 sunt
345 1717 388 1743 Vll
408 1717 459 1742 208
479 1717 512 1741 68
532 1731 567 1734 —
592 1716 653 1741 Sine
680 1716 834 1741 auctoritate
852 1716 906 1741 nul-

267 1763 308 1789 lus
335 1761 414 1787 debet
441 1761 594 1793 praedicare
623 1760 674 1786 217
704 1761 718 1786 3
738 1774 773 1779 -
795 1760 905 1792 Signum

267 1806 399 1832 missionis
417 1805 451 1831 ad
471 1805 678 1837 praedicandum
698 1808 737 1830 est
749 1805 849 1830 sanatio
863 1811 906 1830 au-

267 1851 393 1876 dientium
414 1857 428 1875 a
448 1849 548 1875 morbis
568 1849 691 1875 vitiorum
711 1848 773 1875 ibid.

321 1909 356 1914 —
374 1902 427 1920 11011
447 1898 486 1920 est
505 1894 671 1926 suscipienda
684 1893 740 1918 sine
752 1893 909 1918 benevolen-

269 1941 302 1966 tia
322 1940 451 1972 spirituali
479 1939 522 1964 Vll
552 1939 567 1964 4
592 1939 608 1964 5
627 1952 662 1958 -
682 1945 735 1963 non
764 1941 803 1963 est
830 1938 909 1963 susci-

268 1985 363 2018 pienda
383 1984 439 2009 sine
458 1984 565 2009 caritate
585 1983 617 2009 Vl
637 1983 689 2008 525
708 1983 737 2007 31

321 2043 357 2048 -
376 2029 489 2061 perfecta
509 2028 646 2053 coniuncta
671 2034 729 2053 esse
752 2025 832 2053 debet
859 2026 909 2052 vir-

269 2074 316 2100 tuti
335 2073 462 2106 spirituali
481 2072 525 2098 Vll
550 2072 584 2097 96
614 2071 647 2097 27
667 2085 702 2090 -
721 2071 790 2097 1111115
810 2071 910 2103 praedi-

269 2118 336 2144 catio
355 2118 540 2149 contemnitur,
561 2117 637 2142 cuius
651 2116 702 2142 vita
717 2115 862 2148 despicitur
877 2115 908 2141 43

270 2163 330 2188 144.
352 2163 401 2188 162
421 2162 454 2187 97
468 2175 503 2182 -
516 2162 566 2194 Qui
585 2162 658 2187 timet
670 2160 752 2186 verba
772 2160 909 2186 hominum

270 2206 461 2233 detrahentium
480 2213 532 2231 non
551 2205 684 2238 praedicat
702 2205 736 2231 ad
749 2206 862 2230 fructum
877 2205 909 2230 Vt

271 2252 304 2277 90
325 2259 350 2277 v.
369 2252 386 2276 7
405 2266 440 2269 —
460 2257 511 2276 non
531 2250 671 2276 vendenda
685 2253 796 2282 quaestu
811 2249 863 2275 274
877 2249 911 2275 25

323 2309 359 2315 —-
379 2296 403 2321 ln
422 2295 617 2327 praedicatione
642 2301 693 2320 non
718 2297 758 2319 est
781 2300 912 2327 quaeren-

271 2341 322 2366 dus
340 2343 446 2367 ornatus
459 2339 604 2365 verborum
617 2346 666 2364 nec
679 2338 844 2370 profunditas
856 2345 912 2363 sen-

272 2385 425 2417 lamiarum,
444 2384 491 2409 sed
511 2390 583 2409 mera
603 2386 629 2409 et
645 2383 754 2415 simplex
783 2383 844 2409 fidei
869 2389 912 2409 ve-

271 2430 333 2455 ritas
352 2436 412 2454 cum
433 2429 512 2454 multa
525 2428 668 2454 constantia
686 2431 711 2453 et
730 2429 833 2453 fervore
852 2435 912 2460 pro-

271 2474 321 2499 lata
340 2473 384 2499 Vll
403 2472 454 2498 315
475 2473 507 2497 19
520 2486 556 2492 -
568 2473 623 2497 Νο11
637 2472 834 2504 dedignandum
848 2479 913 2504 pau-

272 2518 310 2544 cis
329 2516 493 2543 auditoribus
523 2516 674 2548 praedicare
698 2517 818 2548 exemplo
843 2516 913 2547 Chri-

274 2562 305 2588 sti
326 2562 358 2587 Vl
379 2561 429 2587 296
451 2560 483 2586 44

328 2620 364 2625 -
382 2606 541 2638 Frequenter
560 2608 599 2631 est
612 2605 819 2637 praedicandum
833 2605 865 2630 Vl
879 2605 913 2630 90

274 2658 300 2676 v.
318 2650 335 2675 7
354 2665 389 2668 —
408 2650 519 2683 Quando
538 2650 650 2675 maxime
676 2649 862 2674 intendendum
883 2649 915 2674 sit

276 2693 516 2727 praedicationibus
543 2693 587 2718 Vll
616 2693 667 2718 105
694 2693 726 2718 66
752 2707 787 2711 —
806 2693 914 2725 Propter

276 2739 473 2771 perversitatem
493 2738 621 2763 malorum
641 2745 692 2762 non
706 2740 745 2762 est
757 2737 914 2763 cessandum

277 2791 292 2809 a
312 2782 505 2815 praedicatione
524 2782 556 2808 Vl
577 2781 622 2807 371
648 2781 682 2807 84
694 2795 729 2801 -
744 2781 914 2814 relinquenda

277 2831 316 2853 est
334 2830 442 2859 propter
461 2826 626 2856 scandalum,
646 2825 754 2858 quando
773 2825 835 2851 alibi
855 2826 915 2858 plus

278 2871 431 2897 fructificare
451 2874 536 2902 potest
555 2870 602 2896 291
628 2870 660 2895 12
680 2884 715 2888 -
741 2871 760 2895 Α
782 2870 915 2902 praedica·

276 2916 347 2941 tione
360 2915 473 2941 11011111115
485 2914 578 2940 Christi
591 2914 697 2939 arcendi
710 2921 762 2939 non
775 2917 836 2939 sunt
848 2921 916 2946 quos

277 2960 394 2986 Christus
404 2962 477 2985 curat
487 2966 500 2984 a
513 2958 647 2984 vexatione
661 2958 759 2983 diaboli
773 2958 910 2984 V112087t

333 3018 365 3023 —
384 3004 431 3029 Per
450 3003 671 3035 praedicationem
692 3002 766 3028 verbi
782 3003 827 3028 Dei
845 3003 917 3028 affer-

277 3052 319 3074 tur
338 3049 437 3073 fructus
455 3048 479 3073 in
498 3047 670 3073 conversione
688 3047 797 3073 aliorum
813 3047 845 3073 Vl
866 3046 912 3072 451

279 3093 312 3118 23
332 3106 367 3111 -
386 3092 435 3124 Qui
455 3098 503 3124 per
521 3092 743 3124 praedicationem
763 3099 815 3117 non
834 3091 917 3117 multi-

279 3137 356 3168 plicat
376 3136 514 3168 pecuniam
529 3136 710 3167 evangelicam
724 3136 838 3162 incurret
851 3135 915 3161 iram

281 3181 398 3206 divinam
418 3181 460 3205 Vll
492 3180 541 3205 485
562 3180 595 3204 36
615 3194 648 3198 -—-
677 3180 785 3205 Praelati
809 3186 917 3212 accepe-

278 3229 340 3251 runt
358 3225 511 3256 sapientiam
539 3228 647 3257 propter
675 3224 849 3250 universalem
876 3225 918 3249 Ec-

279 3270 384 3296 clesiam
409 3269 588 3295 instruendam
619 3269 762 3295 ministerio
786 3268 918 3301 praedica-

281 3314 358 3340 tionis
378 3314 427 3339 479
448 3314 481 3339 20

334 3372 367 3377 —
386 3358 535 3390 evangelica
554 3358 690 3383 ordinatur
709 3358 741 3383 ad
761 3359 819 3388 hoc,
839 3360 867 3383 ut
885 3357 918 3382 ad

282 3402 412 3428 Christum
443 3402 575 3433 tripliciter
600 3402 846 3435 appropinquemus
878 3401 919 3427 Vll

1131 248 1245 280 INDEX
1270 248 1398 281 RERUM

940 336 990 362 488
1013 336 1043 362 44
1065 351 1099 354 —
1119 336 1209 362 Verbo
1236 336 1440 368 praedicationis
1463 336 1582 362 aedifica-

940 384 981 406 tur
999 381 1056 406 sive
1075 381 1234 406 instauratur
1254 381 1381 413 templum
1402 381 1530 407 Ecclesiae
1549 381 1581 406 Vl

939 425 990 451 549
1009 425 1026 450 7
1045 439 1081 444 —
1099 425 1150 458 Qui
1175 426 1232 450 vult
1260 428 1428 457 peccatorem
1455 425 1582 452 suscitare

939 469 1018 495 debet
1036 470 1087 501 ipsi
1115 470 1261 495 acclamare
1286 477 1334 502 per
1358 469 1582 502 praedicationem

939 513 985 539 591
1010 521 1035 539 v.
1058 513 1089 539 43
1109 527 1144 533 -—-
1163 513 1268 540 Clamor
1287 517 1392 539 sanctae
1411 513 1582 545 praedicatio-

938 558 980 584 nis
999 558 1091 584 excitat
1110 564 1125 583 a
1144 565 1239 584 somno
1265 558 1358 590 culpae
1377 558 1428 583 588
1449 565 1475 583 v.
1495 558 1523 583 11
1547 572 1582 575 -

939 602 1068 628 Dominus
1087 605 1161 628 sanat
1188 602 1319 635 quosdam
1349 602 1506 635 alloquendo
1526 602 1582 627 solo

939 645 1021 672 verbo
1040 646 1242 678 praedicationis
1267 646 1319 672 564
1339 648 1354 672 2
1375 661 1410 664 -
1428 646 1513 672 Homo
1533 646 1582 671 dis-

938 691 1046 723 ponitur
1066 698 1081 716 a
1101 691 1154 716 Deo
1172 691 1208 716 ad
1226 691 1307 716 vitam
1321 691 1480 723 spiritualem
1498 689 1581 715 verbo

939 736 1141 767 praedicationis
1161 736 1212 762 562
1234 743 1260 761 v.
1284 735 1312 761 21
1336 748 1372 754 —
1391 735 1452 763 fidei
1471 741 1524 760 non
1544 737 1583 760 est

939 781 1029 806 efficax
1057 780 1105 806 nisi
1135 787 1195 806 cum
1223 786 1352 806 consensu
1378 779 1454 805 liberi
1481 778 1580 804 arbitrii

940 825 986 850 291
1015 824 1045 850 14
1070 839 1106 844 --
1134 825 1262 850 Dominus
1290 823 1366 850 nobis
1394 824 1509 856 loquitur
1534 830 1582 855 per

939 869 1043 895 nuntios
1062 870 1088 894 in
1107 869 1303 901 praedicatione
1323 868 1375 894 577
1395 876 1421 893 v.
1441 867 1474 893 43

992 927 1027 933 —-
1042 913 1177 945 Evangelii
1193 913 1341 945 incipienda
1360 915 1415 938 erat
1433 911 1467 937 ab
1487 912 1583 937 1811153-

938 959 998 989 18111,
1006 957 1240 990 sicutpraedicitur
1252 958 1276 982 in
1287 956 1429 988 Scripturis
1436 956 1479 982 Vll
1487 956 1539 981 602
1548 956 1581 981 59

993 1003 1201 1028 PRAEDmAToRES
1219 1015 1255 1021 —
1274 1002 1446 1033 designantur
1465 1007 1583 1033 pergre-

940 1054 987 1078 ges
1008 1050 1142 1072 tonsarum
1164 1047 1205 1071 Vll
1225 1046 1259 1071 78
1280 1046 1313 1071 37
1332 1060 1367 1064 ——
1392 1045 1491 1071 tibicini
1510 1052 1583 1070 com-

940 1094 1048 1122 paratur
1068 1091 1114 1116 181
1139 1091 1172 1116 58
1192 1104 1228 1110 —-
1247 1090 1371 1116 dicuntur
1383 1089 1469 1121 angeli
1484 1090 1516 1115 Vl
1530 1089 1583 1115 267

939 1136 973 1161 98
993 1150 1028 1154 -
1047 1138 1085 1161 851
1104 1135 1271 1161 annuntiator
1298 1135 1459 1166 praecipuus
1477 1134 1583 1160 divinae

941 1180 1043 1212 pletatis
1071 1180 1114 1205 Vll
1144 1180 1194 1205 399
1226 1179 1258 1205 46
1287 1194 1323 1198 —
1350 1182 1411 1204 sunt
1429 1179 1584 1211 spoliatores

941 1225 1052 1257 Aegypti
1072 1225 1123 1250 293
1144 1224 1177 1250 50
1198 1239 1233 1243 ——
1251 1227 1291 1250 est
1309 1225 1415 1250 lucerna
1435 1224 1486 1250 300
1506 1223 1540 1249 72

994 1284 1029 1288 -
1048 1273 1086 1295 est
1104 1270 1188 1295 cultor
1206 1269 1300 1295 vineae
1319 1269 1448 1294 Ecclesiae
1469 1269 1511 1294 Vll
1531 1268 1582 1293 339

942 1315 975 1340 12
994 1329 1029 1333 -
1048 1321 1097 1346 pro
1121 1314 1219 1340 unitate
1247 1313 1324 1339 officii
1350 1313 1530 1345 intelliguntur
1556 1313 1583 1338 in

941 1359 1075 1391 Scriptura
1094 1359 1201 1384 nomine
1230 1359 1307 1384 unius
1335 1357 1405 1383 servi
1425 1357 1476 1383 370
1497 1358 1529 1383 38
1548 1371 1584 1376 -

940 1404 1063 1430 dicuntur
1087 1404 1157 1429 servi
1184 1410 1198 1428 3
1224 1403 1366 1429 581ν1811110
1391 1409 1438 1434 per
1462 1408 1584 1427 reveren-

941 1449 1002 1474 tiam
1022 1448 1175 1473 humilitatis
1193 1451 1219 1473 et
1238 1454 1252 1472 a
1281 1447 1414 1472 servando
1434 1454 1481 1478 per
1500 1449 1584 1472 custo-

941 1493 1012 1519 diam
1032 1500 1144 1524 gregum
1165 1492 1215 1518 478
1240 1492 1269 1517 19
1290 1506 1323 1510 -—
1343 1492 1466 1518 dicuntur
1480 1494 1584 1517 venato-

940 1545 983 1564 res
1004 1538 1035 1563 vt
1055 1538 1106 1563 266
1126 1538 1155 1563 91

994 1595 1030 1600 -
1050 1584 1159 1606 vocatur
1186 1580 1300 1612 piscator
1318 1580 1458 1612 spiritualis
1479 1580 1511 1605 Vl
1531 1580 1582 1605 625

943 1633 968 1651 v.
989 1626 1003 1651 3
1023 1639 1058 1645 -—
1076 1628 1137 1651 sunt
1155 1625 1307 1657 piscatores,
1327 1625 1373 1657 qui
1393 1627 1514 1656 tempore
1527 1631 1583 1656 gra-

942 1670 992 1696 tiae
1011 1670 1101 1696 fideles
1122 1670 1148 1695 in
1171 1670 1312 1695 Ecclesiam
1338 1670 1443 1695 trahunt
1471 1669 1518 1694 521
1550 1669 1582 1694 12

941 1729 978 1734 -
996 1718 1125 1740 vocantur
1143 1721 1222 1740 canes
1240 1714 1388 1746 spirituales
1418 1713 1462 1738 171
1493 1720 1520 1738 v.
1549 1713 1582 1738 19

942 1773 978 1778 -
997 1759 1120 1785 dicuntur
1139 1758 1223 1784 boves
1242 1762 1346 1784 arantes
1365 1758 1417 1784 274
1438 1757 1471 1783 25
1491 1771 1526 1776 -
1545 1760 1584 1783 851

943 1804 1081 1836 operarius
1110 1804 1152 1829 Vll
1181 1803 1233 1829 254
1263 1803 1277 1828 4
1302 1816 1338 1822 -—-
1356 1802 1451 1828 dicitur
1469 1802 1583 1834 agricola

945 1849 995 1874 447
1025 1849 1058 1874 60
1087 1862 1122 1867 -
1150 1847 1237 1874 11011115
1260 1850 1409 1873 assumetur
1428 1847 1465 1872 ad
1481 1847 1584 1872 culmen

944 1893 1075 1919 bonorum
1095 1895 1263 1918 aeternorum
1284 1890 1346 1917 ibid.

997 1951 1033 1957 —
1051 1936 1149 1963 debent
1167 1936 1257 1962 vocari
1275 1936 1318 1961 Vll
1340 1935 1390 1962 478
1412 1936 1444 1961 19
1460 1949 1492 1954 -
1507 1935 1586 1967 Signa

946 1982 1077 2008 missionis
1096 1981 1285 2014 praedicatoris
1304 1984 1343 2006 est
1371 1980 1512 2006 auctoritas
1531 1979 1586 2005 mit-

946 2026 1031 2058 tentis,
1050 2027 1121 2052 zelus
1139 2026 1288 2051 animarum
1313 2028 1338 2051 et
1357 2024 1494 2050 conversio
1513 2024 1587 2049 audi-

946 2073 1032 2097 torum
1062 2070 1113 2096 217
1142 2070 1157 2096 4
1185 2085 1221 2088 -
1240 2070 1337 2096 missus
1356 2072 1395 2095 est
1423 2076 1437 2094 a
1466 2069 1520 2094 Deo
1541 2075 1587 2101 per

946 2116 1157 2141 commissionem
1168 2114 1328 2141 auctoritatis
1340 2114 1392 2140 373
1404 2113 1436 2139 44
1446 2127 1481 2132 ——
1491 2113 1589 2139 reverti

946 2159 1025 2186 dehet
1044 2160 1078 2185 ad
1096 2160 1181 2185 Deum
1206 2166 1254 2191 per
1279 2158 1447 2184 intentionem
1468 2158 1589 2190 puritatis

947 2203 1008 2231 ibid.
1028 2219 1062 2222 —
1081 2204 1227 2229 ascendunt
1249 2204 1317 2229 sicut
1344 2203 1445 2235 Angeli,
1463 2203 1528 2229 dum
1548 2209 1589 2227 ar-

947 2256 1011 2275 cana
1031 2248 1137 2274 Deitatis
1161 2248 1256 2274 Christi
1284 2248 1450 2273 considerant
1458 2258 1465 2278 ;
1483 2247 1589 2273 descen-

948 2294 1027 2324 dunt,
1047 2293 1110 2318 dum
1131 2294 1246 2318 humana
1271 2292 1306 2317 de
1333 2299 1365 2317 eo
1384 2291 1537 2323 praedicant
1557 2291 1588 2317 Vl

949 2337 1000 2363 267
1020 2337 1053 2363 98
1072 2352 1107 2355 -
1126 2339 1187 2362 sunt
1205 2336 1288 2362 nuntii
1308 2336 1398 2366 Patris,
1415 2335 1471 2361 Filii
1490 2338 1516 2361 et
1534 2335 1590 2367 Spi-

948 2382 1013 2408 ritus
1031 2381 1112 2407 sancti
1132 2381 1176 2406 vlt
1196 2381 1248 2406 217
1269 2380 1284 2406 4
1302 2394 1338 2399 -
1357 2383 1481 2413 tanquam
1501 2387 1531 2405 os
1543 2380 1588 2404 Dei

949 2427 1020 2459 pasci
1040 2425 1137 2452 debent
1155 2429 1181 2451 et
1204 2425 1326 2450 honorari
1352 2425 1398 2450 261
1423 2424 1456 2449 27
1476 2438 1511 2442 --
1530 2427 1590 2449 511111

949 2479 979 2497 05
992 2471 1038 2497 Dei
1052 2470 1132 2496 verba
1152 2470 1209 2496 cius
1228 2468 1408 2495 annuntiando
1428 2467 1490 2495 ibid.
1509 2482 1544 2487 —
1564 2469 1589 2493 ln

950 2514 1177 2548 praedicatoribus
1204 2514 1310 2540 auditur
1340 2521 1389 2539 vox
1420 2513 1531 2545 Spiritus
1557 2512 1589 2538 Vl

951 2561 1002 2585 280
1023 2559 1054 2585 13
1074 2573 1109 2578 -
1129 2558 1318 2584 Praedicatoris
1342 2557 1425 2583 verba
1453 2559 1591 2590 quantum·

950 2611 1065 2637 cumque
1076 2603 1218 2629 authentici
1234 2606 1295 2628 sunt
1317 2601 1473 2633 inefficacia,
1487 2601 1534 2627 nisi
1549 2602 1591 2626 ha-

951 2648 1029 2673 beant
1048 2648 1136 2674 divina
1155 2647 1300 2673 testimonia
1321 2647 1364 2672 Vll
1385 2646 1435 2672 217
1458 2646 1466 2671 1

1003 2705 1039 2711 --
1058 2692 1111 2717 (1110
1132 2692 1203 2717 missi
1223 2694 1284 2717 sunt
1297 2691 1331 2716 ad
1348 2689 1590 2716 commendandum

951 2743 1046 2762 nexum
1058 2736 1170 2761 caritatis
1180 2739 1205 2761 et
1216 2738 1323 2767 propter
1330 2735 1461 2767 duplicem
1472 2734 1590 2760 ordinem

951 2780 1158 2813 praedicantium
1168 2780 1209 2805 Vll
1222 2779 1272 2805 488
1285 2779 1318 2804 45
1326 2793 1360 2798 —
1368 2779 1467 2810 Duplex
1477 2781 1516 2804 est
1526 2778 1591 2804 ordo

952 2824 1162 2857 praedicatorum
1182 2823 1329 2849 secundum
1342 2823 1494 2849 dualitatem
1507 2829 1593 2854 popu-

951 2869 1036 2894 lorum
1055 2867 1295 2894 convertendorum
1309 2866 1370 2893 ibid.
1385 2881 1419 2885 —
1432 2867 1592 2892 Praedicatio

952 2913 1083 2939 honorum
1112 2912 1323 2944 praedicatorum
1347 2915 1386 2937 est
1414 2911 1537 2943 bipartita
1556 2918 1593 2937 58-

953 2957 1068 2983 cundum
1097 2957 1229 2988 duplicem
1257 2956 1385 2988 populum
1411 2958 1437 2981 et
1460 2955 1593 2987 duplicem

953 3002 1079 3033 parietem
1099 3001 1228 3026 Ecclesiae
1247 3000 1293 3025 481
1318 3000 1360 3025 25.
1380 2999 1432 3025 483
1451 3000 1479 3025 31
1497 3014 1532 3018 -
1551 2999 1594 3025 3111

953 3048 1139 3072 8011ν8118111111
1151 3044 1279 3077 populum
1293 3044 1448 3070 ludaeorum
1457 3063 1464 3075 ,
1478 3044 1519 3069 11111
1529 3050 1609 3071 vero,

954 3090 1082 3124 populum
1102 3089 1221 3121 gentium
1241 3087 1286 3113 481
1312 3088 1345 3114 25
1371 3101 1406 3107 -
1434 3088 1533 3120 Duplex
1555 3090 1594 3113 est

954 3134 1020 3160 ordo
1049 3133 1257 3166 praedicantium
1289 3132 1421 3161 bonorum
1446 3132 1593 3158 secundum

953 3179 1086 3210 duplicem
1107 3177 1280 3203 differentiam
1293 3177 1385 3202 ovium
1399 3176 1593 3208 pascendarum

956 3223 1006 3249 483
1026 3223 1055 3248 31
1079 3235 1115 3241 -
1133 3221 1178 3254 qui
1194 3221 1530 3254 praedicaveruntiudaico
1550 3227 1594 3252 po-

955 3268 1031 3300 pulo,
1050 3266 1221 3300 designantur
1239 3272 1287 3297 per
1306 3272 1428 3296 servum,
1450 3266 1496 3298 qui
1515 3265 1595 3291 1131181

955 3312 1047 3337 (1888111
1068 3318 1143 3336 mnas
1163 3310 1214 3336 485
1234 3310 1267 3335 37

1008 3369 1043 3375 --
1062 3354 1269 3381 Praedicantium
1289 3354 1371 3380 duces
1389 3357 1414 3380 et
1433 3354 1595 3386 praedicato-

956 3407 998 3426 res
1017 3400 1152 3433 praecipui
1170 3401 1230 3424 sunt
1248 3398 1381 3431 principes
1409 3399 1594 3430 Apostolorum

1910 292 1974 318 PRA

1620 336 1663 362 Vll
1684 336 1734 362 483
1754 337 1783 362 31
1807 350 1844 356 --
1863 335 1923 362 110111
1944 336 2086 362 imitatores
2110 338 2171 362 sunt
2193 335 2260 362 duo-

1619 388 1678 406 rum
1698 380 1849 413 principum
1869 381 2055 412 Apostolorum
2073 379 2138 406 ibid.

1672 439 1707 443 —
1735 425 1843 456 perfecti
1868 426 1982 457 perfecte
2007 424 2139 450 Christum
2164 424 2260 450 imitari

1620 468 1717 494 debent
1736 469 1779 494 Vll
1799 469 1850 494 218
1871 469 1885 494 6
1906 482 1941 488 --
1960 468 2076 494 veritatis
2095 471 2134 494 est
2146 471 2262 494 contem-

1620 515 1679 544 ptor
1698 513 1870 538 terreneitatis
1883 512 1946 539 ibid.
1961 526 1997 532 -
2009 512 2096 538 bonus
2109 512 2188 538 debet
2200 519 2259 538 esse

1620 557 1733 582 imitator
1752 556 1845 583 Christi
1866 558 1917 582 112
1938 557 1971 583 97
1990 571 2025 576 -
2044 556 2128 589 qualis
2147 563 2205 583 esse
2217 556 2261 582 de-

1620 600 1695 631 beat,
1715 604 1742 626 ut
1761 601 1794 626 sit
1812 604 1936 633 acceptus
1956 601 2009 626 Deo
2023 600 2058 627 ib.
2070 601 2103 626 98
2117 614 2153 619 —
2165 600 2222 626 veri
2235 603 2262 626 et

1620 645 1683 670 boni
1702 646 1822 677 exemplo
1842 644 1937 672 Christi
1956 645 2054 671 debent
2072 648 2141 671 stare
2160 651 2207 677 per
2220 651 2262 670 re-

1620 689 1773 715 ctitudinem
1783 689 1934 716 intenttonis
1947 689 1996 715 114
2007 690 2033 715 7.
2044 690 2095 715 ,147
2108 689 2139 714 17
2147 690 2263 715 -Ρ138-

1619 733 1782 760 (1183101111115
1801 734 1879 760 (131111
1898 735 1982 759 1011113
2002 741 2015 759 3
2036 733 2147 764 Christo,
2167 736 2261 759 utnon

1619 786 1689 804 nova
1709 779 1743 805 de
1762 778 1889 805 cordibus
1902 778 1957 804 suis
1970 778 2140 804 adinveniant
2157 777 2208 803 224
2228 778 2262 803 28

1671 837 1707 842 -
1727 824 1752 849 111
1772 823 1953 855 praedicatore
1971 822 2050 849 debet
2065 829 2123 848 esse
2136 823 2262 854 perfectio

1619 867 1689 893 vitae
1707 871 1733 893 et
1751 867 1886 893 doctrinae
1914 867 1946 892 Vt
1975 867 2022 892 521
2057 868 2090 892 12
2109 881 2145 885 —
2163 866 2262 893 debent

1619 911 1717 937 habere
1737 912 1891 944 sapientiam
1917 912 2082 944 eloquentiae
2101 914 2127 937 et
2145 912 2264 937 honesta-

1620 958 1672 981 tem
1691 956 1762 981 vitae
1781 956 1832 981 266
1862 956 1891 981 91
1922 969 1957 975 —-
1981 955 2056 988 prius
2081 958 2157 981 vacet
2181 955 2264 987 perse-

1619 999 1698 1025 ctioni
1718 1001 1841 1032 propriae
1853 1003 1879 1026 et
1895 1000 1993 1026 deinde
2012 999 2186 1026 aedificationi
2204 999 2264 1028 alie-‚

1620 1051 1669 1069 nae
1689 1044 1731 1070 Vll
1752 1044 1784 1070 43
1806 1044 1856 1070 144
1876 1059 1911 1064 -
1929 1044 2103 1070 Ρ138111831011
2117 1043 2263 1070 necessaria

1620 1092 1659 1115 est
1677 1089 1786 1115 altitudo
1806 1089 1914 1115 vivendi
1933 1089 1984 1115 253
2005 1088 2021 1114 4
2042 1102 2077 1107 -
2096 1088 2142 1121 qui
2166 1088 2263 1114 faciunt

1620 1134 1693 1167 quod
1721 1141 1767 1159 ore
1795 1133 1894 1164 dicunt,
1913 1136 1973 1159 sunt
1998 1133 2113 1165 operarii
2131 1135 2156 1158 et
2180 1139 2196 1158 a
2214 1133 2263 1158 Do-

1621 1178 1693 1204 mino
1712 1178 1897 1203 remunerandi
1918 1176 1979 1204 ibid.
1999 1192 2033 1196 —
2057 1176 2119 1203 boni
2138 1179 2199 1203 sunt
2216 1176 2262 1210 qui

1620 1222 1739 1255 gladium
1758 1222 1841 1248 divini
1861 1221 1936 1247 verbi
1955 1229 2008 1247 non
2027 1224 2128 1247 tantum
2154 1221 2180 1246 in
2202 1228 2264 1253 ore,

1621 1268 1667 1293 sed
1678 1267 1756 1292 etiam
1768 1267 1794 1292 in
1804 1274 1883 1292 manu
1895 1269 1999 1298 portant
2009 1265 2061 1291 254
2073 1265 2088 1291 4
2101 1279 2136 1285 -
2148 1265 2264 1291 veritatis

1620 1311 1700 1337 debet
1718 1313 1804 1337 facere
1823 1311 1884 1336 illud
1901 1311 1974 1344 quod
1987 1310 2044 1336 aliis
2057 1310 2198 1342 persuadet
2211 1309 2262 1335 444

1621 1356 1655 1382 54
1674 1371 1708 1374 -
1728 1356 1818 1382 fideles
1837 1362 1885 1388 per
1904 1355 1973 1381 bona
1993 1355 2111 1387 exempla
2127 1354 2162 1380 ad
2181 1354 2262 1380 vitam

1621 1401 1770 1433 perducunt
1788 1400 1822 1426 Vl
1842 1401 1888 1426 521
1915 1400 1947 1425 12

1675 1459 1709 1467 ψ
1728 1444 1955 1470 Praedicatoribus
1975 1444 2119 1469 necessaria
2133 1446 2173 1470 est
2185 1443 2262 1469 lectio

1619 1497 1709 1516 sacrae
1729 1490 1891 1522 Scripturae‚
1911 1489 2009 1519 oratio,
2028 1488 2143 1521 devotio,
2157 1488 2264 1514 medita-

1620 1535 1669 1567 tio⁷
1698 1534 1834 1560 doctrinae
1858 1533 2008 1560 distributio
2040 1540 2089 1567 pro
2120 1533 2264 1565 capacitate

1620 1579 1784 1605 audientium
1808 1578 1852 1603 Vll
1871 1577 1924 1604 224
1949 1579 1983 1603 28
2002 1592 2037 1596 -
2057 1576 2154 1603 debent
2173 1584 2202 1602 se
2220 1583 2265 1602 cu-

1619 1624 1718 1650 stodire
1730 1623 1764 1649 ab
1776 1623 1904 1649 edacitate
1918 1626 1943 1648 et
1955 1629 1970 1648 a
1989 1622 2146 1655 loquacitate
2160 1621 2210 1647 261
2229 1621 2263 1647 27

1674 1682 1709 1687 -
1722 1668 1936 1694 Praedicatorum
1949 1667 2067 1693 studiosa
2080 1666 2205 1692 sedulitas
2218 1673 2265 1698 311->

1621 1711 1764 1745 probatur,
1792 1715 1818 1738 et
1845 1711 2005 1743 negligentia
2035 1710 2193 1743 reprobatur
2221 1710 2265 1736 vit

1622 1757 1672 1782 483
1693 1757 1721 1782 31
1747 1771 1782 1774 -
1801 1756 1851 1788 Qui
1876 1756 2040 1788 negligenter
2068 1758 2176 1781 utuntur
2195 1761 2266 1780 com-

1622 1802 1703 1827 misso
1733 1800 1935 1833 praedicationis
1960 1800 2047 1825 officio
2071 1799 2219 1831 figurantur
2238 1799 2264 1824 in

1622 1853 1700 1872 servo
1714 1846 1791 1878 pigro
1805 1844 1838 1871 ib.
1850 1845 1884 1870 32
1899 1859 1934 1863 —-
1947 1845 2084 1877 negligens
2096 1847 2144 1875 est,
2157 1843 2264 1877 quando

1622 1891 1722 1917 donum
1753 1890 1897 1922 sapientiae
1928 1889 2067 1924 abscondit
2097 1891 2123 1914 et
2153 1888 2267 1914 occultat

1622 1934 1685 1961 ibid.
1703 1948 1738 1953 —
1756 1933 1894 1966 negligens
1906 1936 1946 1959 est
1959 1934 2052 1959 merito
2066 1932 2264 1958 maledicendus

1623 1978 1684 2005 ibid.
1717 1993 1750 1997 —
1778 1978 1932 2010 ignorantes
1958 1978 2102 2010 punientur
2130 1980 2156 2003 et
2183 1977 2266 2003 multo

1624 2023 1716 2049 fortius
1734 2023 1898 2055 negligentes
1917 2022 1968 2048 484
1989 2021 2022 2048 34

1676 2082 1712 2086 -
1730 2068 1901 2100 instruuntur,
1915 2069 1943 2092 ut
1955 2066 2068 2093 verbum
2082 2066 2199 2092 veritatis
2212 2073 2266 2092 non

1624 2115 1784 2145 proponant,
1803 2112 1855 2137 nisi
1872 2111 1979 2137 videant
1998 2111 2169 2143 capacitatem
2193 2111 2267 2137 audi·

1625 2160 1711 2183 torum
1730 2157 1765 2182 ad
1784 2156 1946 2182 credendum
1966 2159 1991 2181 et
2009 2155 2207 2187 suscipiendum
2218 2147 2266 2180 vVll

1625 2202 1676 2227 239
1696 2201 1730 2227 59
1755 2215 1790 2220 —-
1818 2200 2007 2226 praedicatoris
2030 2199 2146 2225 officium
2166 2203 2219 2230 est,
2238 2201 2268 2224 ut

1624 2253 1656 2272 ex
1675 2245 1755 2272 modo
1774 2245 1879 2271 dicendi
1898 2248 1924 2270 et
1942 2251 1972 2270 ex
1991 2251 2070 2270 sensu
2086 2242 2162 2269 verbi
2173 2243 2268 2269 excitet

1625 2290 1762 2316 audientes
1782 2290 1833 2315 192
1854 2289 1886 2314 13
1906 2303 1941 2306 -
1959 2288 2148 2314 Praedicatoris
2164 2288 2223 2313 111115
2242 2287 2267 2313 111

1625 2342 1654 2361 58
1673 2341 1730 2360 8558
1749 2333 1829 2360 debet
1848 2333 2006 2359 sufficienter
2033 2333 2121 2358 dicere
2148 2332 2182 2358 ad
2211 2339 2269 2364 per·

1626 2380 1776 2405 suasionem
1795 2382 1821 2404 et
1840 2378 1973 2404 auditores
1991 2377 2103 2403 excitare
2121 2377 2172 2402 220
2192 2377 2226 2402 10

1679 2438 1715 2443 -
1733 2423 1855 2449 Officium
1874 2423 2019 2448 iniunctum
2040 2421 2268 2454 praedicatoribus

1627 2471 1666 2494 est
1684 2475 1800 2499 narrare,
1819 2470 1916 2501 quanta
1930 2466 2008 2492 nobis
2028 2466 2116 2491 fecerit
2135 2466 2205 2495 Deus
2224 2465 2268 2491 Vll

1628 2512 1679 2537 208
1700 2512 1732 2537 69
1753 2526 1787 2530 -
1806 2512 1863 2537 81115
1882 2511 1998 2537 officium
2018 2513 2057 2536 est
2075 2510 2214 2542 divulgare
2232 2509 2271 2535 di-

1627 2556 1721 2581 vinum
1740 2555 1898 2581 beneficium
1918 2554 1979 2581 ibid.
1999 2569 2033 2573 -
2052 2555 2107 2580 Non
2121 2557 2160 2580 est
2178 2554 2203 2579 in
2224 2560 2270 2586 po·

1627 2602 1719 2627 testate
1737 2600 1925 2631 praedicatoris
1937 2599 2025 2625 omnia
2045 2605 2126 2631 opera
2145 2601 2170 2624 et
2189 2597 2270 2624 bene-

1628 2644 1686 2670 flcia
1704 2644 1752 2669 Dei
1770 2650 1901 2674 enarrare,
1920 2644 1967 2670 sed
1985 2643 2065 2670 debet
2088 2649 2145 2669 esse
2168 2642 2193 2668 in
2212 2643 2270 2668 eius

1628 2688 1759 2714 desiderio
1778 2690 1804 2713 et
1822 2688 1957 2713 voluntate
1976 2686 2010 2713 ib.
2029 2687 2063 2712 70

1681 2745 1717 2751 -
1735 2739 1815 2757 verus
1835 2732 1894 2757 facit
1906 2732 2027 2757 deserere
2042 2732 2155 2764 malum,
2174 2731 2270 2757 discer-

1628 2783 1691 2803 nere
1709 2782 1802 2801 verum
1822 2779 1847 2801 et
1866 2775 1975 2807 diligere
1999 2775 2099 2801 bonum
2119 2776 2162 2801 Vll
2181 2775 2232 2801 567
2252 2775 2268 2801 7

1628 2835 1663 2840 —
1688 2827 1768 2846 verus
1786 2819 1866 2846 debet
1884 2819 2038 2851 praedicare
2063 2820 2271 2851 transmigratio-

1628 2872 1688 2891 nem
1703 2872 1717 2890 a
1730 2867 1798 2890 statu
1818 2864 1933 2896 peccati,
1952 2864 2141 2889 contessionem
2164 2863 2226 2889 tidei
2244 2867 2270 2889 et

1629 2909 1815 2943 quietationem
1830 2909 1855 2934 in
1869 2908 1970 2934 visione
1988 2911 2110 2933 aeternae
2122 2907 2195 2940 pacis
2207 2906 2270 2934 ibid.

1682 2967 1718 2973 -—
1736 2961 1784 2986 per
1803 2952 2024 2985 praedicationem
2043 2952 2137 2977 invitat
2160 2952 2195 2977 ad
2214 2958 2270 2977 coe-

1630 3005 1691 3024 nam
1709 2997 1803 3024 Christi
1818 2997 1861 3022 Vll
1875 2996 1926 3022 370
1947 2997 1980 3021 38
1993 3010 2029 3015 —
2041 2996 2151 3022 excitant
2169 2996 2270 3022 deside-

1630 3043 1699 3068 rium
1719 3041 1841 3067 veniendi
1861 3047 1909 3073 per
1937 3040 2172 3067 considerationem
2197 3047 2271 3073 prae-

1631 3087 1745 3113 miorum
1765 3086 1812 3112 371
1841 3086 1873 3112 39
1896 3098 1931 3105 --
1950 3085 2030 3111 debet
2047 3092 2144 3111 vocare
2162 3085 2196 3111 ad
2215 3091 2272 3110 coe-

1631 3138 1692 3157 nam
1711 3134 1863 3163 peccatores
1888 3133 1914 3156 et
1933 3130 2091 3162 compellere
2111 3129 2205 3155 intrare
2224 3136 2272 3161 per

1631 3176 1859 3202 comminationem
1885 3178 2051 3201 aeternorum
2082 3174 2271 3206 suppliciorum

1632 3220 1683 3246 374
1704 3220 1736 3245 49
1756 3234 1791 3239 —
1810 3219 1871 3246 boni
1891 3219 2027 3245 adducunt
2039 3218 2073 3244 ad
2087 3225 2214 3250 praesepe
2228 3218 2273 3244 do-

1632 3265 1757 3291 minicum
1779 3264 1830 3290 483
1850 3264 1879 3290 at

1686 3323 1718 3328 —
1730 3308 1809 3335 debet
1819 3314 1976 3340 praeparare
1985 3307 2065 3333 corda
2079 3307 2215 3332 hominum
2226 3306 2271 3332 Vll

1635 3353 1666 3379 17
1685 3353 1718 3378 28
1738 3368 1773 3371 -
1791 3360 1852 3379 811111
1878 3353 1970 3378 volunt
1997 3350 2165 3377 audientibus
2184 3350 2271 3376 dicere

1632 3397 1728 3430 ardua,
1748 3397 1911 3423 immisceant
1929 3395 2016 3422 dulcia
2037 3396 2067 3421 Vl
2085 3394 2137 3421 294
2157 3395 2189 3420 32
