2476 3921
762 216 955 249 COMMENT.
981 217 1017 249 ΙΝ
1042 215 1281 249 EVANGELlUM
1308 216 1425 248 LUCAE
1448 217 1480 248 C.
1506 217 1565 248 Vll.

175 309 276 342 iustus
297 310 403 341 autem
426 306 515 350 quasi
539 306 777 340 fundamentum
802 305 1027 347 sempiternum
1046 317 1077 344 »ς
1101 305 1133 337 in

175 362 308 395 Psalmo:
337 374 352 389 α
369 360 486 394 Perfice
519 368 647 402 gressus
678 367 765 392 meos
788 358 819 391 in
848 358 968 391 semitis
993 358 1073 395 tuis⁷
1098 360 1134 389 ut

173 424 235 448 non
258 417 444 448 moveantur
469 413 599 456 vestigia
621 421 691 445 mea
709 425 749 449 n..
763 431 807 436 —
830 412 929 444 Huius
948 415 1054 444 autem
1071 414 1133 443 sta-

173 467 300 501 bilitatis
330 467 410 500 ratio
441 466 601 505 redditur,
633 475 705 509 cum
736 465 940 508 adiungitur:
974 464 1133 497 Fundata

172 521 260 554 enim
282 525 357 554 erat
378 529 486 563 supra
509 519 646 562 firmam
666 523 798 561 petram
811 517 833 550 ¹.
857 518 932 551 Hinc
954 516 1070 550 dicitur
1094 517 1133 549 de

174 575 257 608 iusto
281 574 375 607 isaiae
398 573 547 616 vigesimo
570 572 724 605 secundo:
755 585 771 601 a
787 572 890 614 Figam
917 571 1005 603 illum
1031 570 1132 612 paxil-

174 628 239 660 lum
265 628 295 659 in
321 627 388 659 loco
411 626 493 658 fideli
507 638 538 656 n.
562 625 642 658 Haec
663 625 792 667 quidem
824 624 906 665 fixio
929 627 977 657 est
1001 632 1057 665 per
1081 631 1131 655 ca-

174 680 313 717 ritatem;
329 679 368 712 ad
385 679 538 711 Romanos
560 681 688 711 octavo:
718 691 735 707 «
751 678 828 719 Quis
851 686 908 710 nos
931 676 1090 718 separabit
1113 685 1131 708 a

171 732 301 765 caritate
323 731 462 764 Christi?
486 731 682 764 Tribulatio?
705 740 745 764 an
768 730 930 773 angustia?
946 739 986 763 an
1010 729 1131 762 fames?

171 793 212 817 an
234 784 382 818 nuditas?
404 793 445 817 an
475 784 678 827 periculum?
701 793 741 817 an
773 783 975 826 persecutio?
999 791 1039 815 an
1067 782 1132 824 gla-

171 837 243 871 dius
258 840 297 870 n?
320 855 362 862 —
386 837 486 870 Verae
517 837 614 880 igitur
642 837 836 870 obedientiae
866 836 991 870 fructus
1014 839 1062 869 est
1086 836 1132 868 vi-

172 891 270 924 ctoria
292 891 471 924 tentationis
494 891 663 924 exterioris
697 893 729 923 et
762 890 922 923 interioris
946 899 1002 932 per
1032 890 1132 922 virtu-

172 948 235 977 tem
260 944 380 978 stabilis
402 945 608 978 fundamenti.

264 998 336 1030 109.
362 998 462 1040 (Vers.
485 998 562 1039 49).
590 998 656 1039 Qui
678 1002 790 1030 autem
814 997 912 1030 audit
931 1001 961 1030 et
984 1007 1051 1030 non
1078 996 1132 1040 fa-

14 1057 113 1080 socundo
131 1051 224 1085 vi-eit.
249 1051 302 1085 llic
336 1055 406 1094 post
437 1051 739 1085 commendationem
765 1059 837 1084 vere
861 1050 1034 1084 obedientis
1058 1050 1132 1083 sub—

8 1086 30 1107 tu
47 1086 118 1107 oratur
122 1089 159 1106 no-
173 1105 178 1110 ,

17 1117 29 1139 ε
38 1111 150 1166 'affletu-
171 1105 272 1148 iungit
294 1105 498 1148 vituperium
521 1105 731 1148 neyliyenffl,
750 1104 954 1147 praemittens
969 1104 1132 1147 περιέρρη-

83 422 154 453 Ratio.

172 1159 214 1192 tis
238 1159 377 1198 vitium,
401 1158 519 1192 addens
539 1158 729 1201 perieulum
745 1162 777 1191 et
792 1158 987 1201 subiungens
1000 1158 1012 1177 ²
1033 1167 1133 1200 prae-

171 1212 333 1255 cipitium.

262 1266 448 1303 Praemittit;
458 1266 554 1309 igitur
577 1265 770 1309 negligentis
785 1266 921 1304 vitium,
943 1274 1016 1298 cum
1040 1265 1132 1298 dicit:

21 1324 152 1373 &griffina
173 1319 240 1361 Qui
262 1323 375 1352 autem
397 1319 495 1352 audit
518 1323 548 1351 ec
562 1328 629 1351 non
644 1317 747 1361 facit,
764 1319 846 1351 sicut
864 1319 1001 1358 Balaam,
1018 1319 1133 1351 Nume-

76 1373 78 1375 ’
124 1367 132 1380 ”
171 1382 284 1407 rorum
308 1373 457 1415 vigesimo
481 1372 638 1414 quarto³:
668 1385 683 1400 κ
701 1372 788 1404 Dixit
803 1372 928 1405 auditor
949 1380 1133 1405 sermonum

172 1426 245 1466 Dei,
269 1426 323 1468 qui
348 1426 435 1458 novit
457 1425 632 1458 doctrinam
657 1425 804 1458 Altissimi
822 1438 852 1457 ».
879 1443 921 1448 -
946 1425 1000 1458 Hic
1024 1434 1132 1466 repre-

20 1484 151 1507 Stmilitnflo·
173 1479 336 1513 hensibilis
359 1482 423 1518 est,
448 1478 533 1521 quod
557 1478 693 1511 ostendit
708 1487 765 1521 per
781 1478 900 1518 simile,
918 1487 992 1512 cum
1009 1478 1132 1511 subdit:

173 1532 299 1567 Similis
321 1536 380 1565 est»
401 1531 528 1565 homini
561 1531 755 1574 aedificanti
789 1532 924 1565 domum
947 1542 1047 1565 suam
1077 1542 1133 1564 su-

168 1586 264 1629 pra⁴
287 1590 414 1619 terram
437 1586 507 1619 sine
537 1585 765 1629 fundamento.
807 1586 947 1619 Terram
970 1590 1061 1619 vocat
1090 1586 1134 1619 lo-

172 1649 246 1673 cum
271 1639 498 1673 inconstantem
522 1642 554 1672 et
573 1639 663 1672 facile
679 1639 840 1678 mobilem,
865 1639 1039 1672 secundum
1055 1639 1134 1672 illud

174 1693 303 1726 Psalmi:
334 1705 349 1722 α
365 1693 430 1725 Non
456 1692 500 1725 sic
523 1692 630 1734 impii,
655 1702 716 1725 non
741 1692 800 1731 sic,
818 1692 871 1725 sed
889 1695 1039 1734 tanquam
1063 1693 1134 1734 pul-

173 1746 235 1786 vis,
259 1755 353 1789 quem
378 1745 503 1788 proiicit
525 1749 639 1779 ventus
662 1754 681 1777 a
703 1744 781 1778 facie
805 1748 952 1784 terrae»;
977 1745 1072 1778 Isaiae
1088 1745 1134 1778 vi—

172 1799 290 1842 gesimo
321 1803 457 1841 quarto:
495 1811 511 1827 α
527 1798 743 1831 Confractione
777 1797 993 1840 confringetur
1029 1802 1132 1838 terra,

172 1853 360 1886 contritione
392 1855 579 1885 conteretur·
605 1855 705 1890 terra,
729 1854 761 1884 et
795 1851 958 1884 auferetur
982 1851 1064 1884 sicut
1088 1855 1133 1884 ta-

175 1906 381 1939 bernaculum
416 1906 511 1938 unius
546 1904 646 1938 noctis
661 1917 692 1943 »;
726 1904 778 1937 lob
809 1908 940 1947 quarto:
978 1917 994 1932 α
1010 1904 1134 1946 Quanto

174 1959 272 2001 magis
295 1958 326 1992 hi
352 1958 406 2001 qui
430 1958 573 1992 habitant
603 1958 712 1991 domos
744 1958 862 1997 luteas,
886 1958 939 2000 qui
969 1960 1132 1991 terrenum

2097 219 2157 250 165

1199 304 1316 337 habent
1340 304 1598 343 fundamentum,
1624 310 1856 338 consumuntur
1878 307 1963 339 velut
1986 316 2004 338 a
2029 307 2110 339 tinea
2128 310 2156 338 n!

1199 357 1234 389 Et
1258 357 1318 390 hoc
1341 361 1405 396 est,
1431 358 1504 399 quia
1529 367 1590 390 non
1615 363 1689 390 sunt
1718 372 1733 386 «ι
1752 359 1781 391 in
1806 360 1936 392 caritate
1954 359 2109 392 radicati⁵
2127 374 2157 397 ι»,

1197 409 1299 443 sedin
1317 413 1443 443 terrena
1466 410 1653 452 cupiditate;
1678 411 1852 452 Sapientiae
1876 415 2007 453 quarto:
2038 425 2052 439 «
2067 412 2158 444 Adul-

1198 463 1316 496 terinae
1340 463 1547 504 plantationes
1573 472 1632 495 non
1657 463 1777 495 dabunt
1803 464 1923 497 radices
1941 479 1969 496 ι».

1289 517 1361 548 110.
1387 516 1533 558 Adiungit
1556 516 1749 558 neqliyentis
1770 517 1958 559 periculum
1976 518 2005 550 in
2024 518 2156 550 illisione

1196 569 1381 608 fluminum,
1406 578 1478 602 cum
1502 569 1662 611 adiungit:
1689 570 1728 601 ln
1760 579 1863 612 quam
1895 571 2002 603 illisus
2026 576 2072 603 esc
2094 571 2158 612 fiu-

1195 622 1291 660 vius,
1316 622 1345 654 id
1370 625 1417 655 est
1435 622 1571 655 tentatio
1595 622 1777 664 impellens,
1801 632 1841 655 ex
1867 633 1931 665 qua
1947 624 2089 657 imminet
2106 633 2157 666 pe-

1196 676 1333 709 riculum
1359 676 1487 714 ruinae;
1514 676 1681 709 Ezechielis
1704 676 1824 709 decimo
1845 677 1981 709 tertiossz
2012 691 2027 705 α
2042 678 2096 710 Dic
2120 678 2158 710 ad

1196 737 1249 761 eos
1272 729 1326 771 qui
1352 728 1467 761 liniunt
1492 729 1641 770 parietem
1659 729 1778 771 absque
1797 733 2057 771 temperamento,
2074 730 2157 772 quod

1196 791 1330 815 casurus
1353 782 1394 815 sit
1417 782 1528 824 paries.
1549 782 1613 814 Erit
1629 782 1712 815 enim
1729 782 1831 815 imber
1848 783 2014 822 inundans,
2032 787 2063 815 et
2078 783 2159 816 dabo

1197 836 1314 885 lapides
1347 835 1559 878 praegrandes
1594 836 1731 878 desuper
1767 836 1927 869 irruentes
1962 840 1992 869 et
2029 840 2157 869 ventum

1197 890 1352 932 procellae
1386 890 1587 932 dissipantem
1605 903 1635 922 ».
1663 890 1705 922 De
1741 890 1856 923 talibus
1893 890 1985 923 lsaiae
2011 891 2159 932 vigesimo

1196 947 1323 976 octavo:
1346 956 1361 972 α
1379 943 1546 986 Flagellum
1564 943 1721 976 inundans
1736 952 1808 976 cum
1826 944 2003 982 transierit,
2028 943 2115 976 eritis
2131 944 2157 976 ei

1197 997 1228 1030 in
1245 997 1510 1030 conculcationem
1522 1009 1529 1036 ;
1543 997 1807 1039 quandocumque
1824 997 2059 1039 pertransierit,
2074 998 2159 1030 tollet

1197 1060 1253 1084 vos
1270 1064 1299 1083 ι».
1325 1051 1358 1083 Hi
1383 1051 1465 1084 enim
1483 1054 1571 1090 sunt,
1588 1050 1626 1083 de
1643 1050 1760 1093 quibus
1775 1050 1891 1083 dicitur
1909 1050 1989 1083 infra
2005 1054 2114 1083 octavo
2129 1051 2157 1082 ⁷:

1203 1118 1218 1134 <t
1235 1105 1277 1138 Ad
1303 1108 1426 1146 tempus
1450 1104 1583 1137 credunt
1606 1108 1638 1137 et
1661 1104 1692 1136 in
1717 1108 1858 1146 tempore
1875 1104 2053 1137 tentationis
2078 1113 2159 1137 rece-

1197 1159 1277 1192 dunt
1293 1170 1324 1197 »;
1349 1162 1380 1191 et
1403 1158 1435 1190 hi
1460 1161 1534 1191 sunt
1562 1170 1578 1186 α
1595 1157 1647 1200 qui
1673 1166 1734 1189 non
1760 1157 1876 1190 habent
1898 1157 2017 1190 radices
2034 1170 2063 1188 n.

1291 1213 1362 1244 111.
1387 1211 1555 1254 Subiungit
1583 1214 1741 1253 postremo
1773 1211 1964 1253 neqliyentis
1991 1210 2158 1252 praecipi-

1198 1265 1302 1303 tium,
1321 1274 1392 1297 cum
1410 1265 1470 1297 ait:
1493 1265 1528 1296 Ec
1545 1264 1700 1296 continuo
1724 1264 1850 1302 cecidit,
1867 1268 1895 1296 et
1911 1263 2006 1306 faeta
2022 1268 2068 1295 est
2085 1263 2156 1295 rui-

1197 1328 1244 1350 na
1256 1318 1375 1350 domus
1396 1317 1487 1350 illius
1506 1327 1653 1359 maqmm
1674 1317 1842 1349 Zachariae
1862 1317 1984 1349 decimo
2005 1316 2156 1358 quart08:

1202 1383 1218 1399 «ι
1236 1370 1301 1402 Erit
1324 1370 1425 1407 ruina,
1439 1370 1512 1412 equi
1529 1373 1561 1403 et
1578 1370 1673 1408 muli,
1691 1370 1799 1403 cameli
1817 1373 1848 1402 et
1863 1370 1940 1402 asini
1967 1373 1997 1402 et
2015 1370 2156 1402 omnium

1198 1424 1410 1456 iumentorum
1430 1437 1460 1462 n,
1485 1422 1515 1455 id
1539 1426 1586 1456 est
1609 1423 1749 1455 omnium
1784 1423 1947 1455 bominum
1973 1423 2155 1455 animalium

1197 1481 1229 1510 et
1263 1477 1487 1520 negligentium
1523 1480 1554 1509 et
1595 1477 1788 1518 impiorum;
1825 1477 2000 1519 Sophoniae
2036 1476 2157 1518 primo:

1204 1543 1219 1559 (τ
1233 1531 1311 1563 Haec
1327 1530 1402 1563 dicit
1418 1530 1587 1562 Dominus:
1613 1529 1811 1572 Congregans
1828 1529 1986 1562 hominem
2004 1533 2035 1561 et
2051 1538 2157 1570 pecus,

1198 1592 1392 1626 congregans
1416 1583 1553 1616 volatilia
1577 1583 1652 1616 caeli
1686 1587 1716 1616 et
1747 1583 1848 1625 pisces
1872 1583 1986 1621 maris;
2011 1586 2042 1615 et
2067 1586 2159 1615 erunt

1199 1638 1310 1671 ruinae
1333 1637 1523 1679 impiorum,
1548 1640 1579 1670 et
1603 1636 1780 1679 disperdam
1806 1636 1950 1669 homines
1966 1646 1984 1669 a
1999 1636 2077 1674 facie
2098 1639 2161 1668 ter-

1199 1700 1253 1724 rae
1269 1691 1379 1724 ».-Nec
1395 1691 1525 1729 mirum,
1542 1690 1627 1732 quia,
1645 1689 1887 1723 Proverbiorum
1906 1693 2020 1732 quarto
2034 1688 2059 1728 ⁹,
2080 1702 2095 1717 «x
2111 1688 2160 1720 via

1198 1745 1367 1787 impiorum
1400 1744 1583 1782 tenebrosa;
1608 1744 1770 1782 nesciunt,
1802 1743 1856 1776 ubi
1890 1746 2086 1783 corruant».
2118 1760 2161 1765 —

1198 1798 1245 1831 Ex
1270 1798 1411 1839 periculo
1435 1797 1532 1839 igitur
1557 1800 1588 1830 et
1619 1797 1849 1839 vituperatione
1873 1796 2106 1839 neyliyentium
2130 1799 2161 1828 et

1197 1850 1465 1884 commendatione
1489 1850 1706 1882 obedientium
1729 1850 1922 1883 sufficienter
1948 1850 2098 1882 invitatur
2122 1848 2160 1881 ad

1198 1903 1404 1946 diliyentiam
1429 1902 1634 1945 ayendorum
1645 1928 1655 1940 ,
1680 1906 1711 1934 et
1727 1902 1758 1934 in
1776 1902 1835 1934 hoc
1851 1901 2040 1934 documenta
2055 1901 2161 1934 divina

1199 1956 1316 1990 habent
1339 1956 1520 1989 terminum.

1034 2092 1218 2125 CAP1TULUM
1243 2092 1268 2123 V
1271 2091 1303 2124 ll.

249 2217 373 2262 ‘Secundo
391 2217 541 2247 coutantur
560 2216 710 2245 sublimitas
728 2217 757 2243 in
775 2216 881 2244 noctura
900 2215 1053 2252 tripliciter.

267 2327 295 2358 1.
310 2325 405 2358 *Cum
429 2330 540 2359 autem
564 2325 734 2368 implesset⁴
747 2324 861 2357 omnia
877 2324 978 2357 verba
993 2333 1060 2356 sua
1075 2327 1134 2357 etc.

177 2380 344 2422 Postquam
367 2382 556 2421 prosecutus
578 2381 626 2411 est
650 2377 841 2420 Evangelista
862 2377 1023 2410 doctrinae
1046 2377 1135 2410 Chri-

177 2433 216 2466 sti
240 2433 406 2470 veritatem
422 2432 458 2472 ¹⁰,
482 2432 533 2465 hic
556 2431 595 2464 ad
618 2431 717 2474 ipsius
740 2430 1041 2464 commendationem
1071 2439 1136 2463 ma-

135 2505 137 2507 *
178 2486 302 2519 nifestat
331 2485 483 2519 Doctoris
504 2484 760 2523 sublimitatem,
786 2493 880 2527 quam
909 2484 1044 2517 ostendit
1068 2493 1136 2517 esse

178 2539 378 2582 praecipuam
395 2542 524 2581 propter
540 2538 618 2577 tria,
635 2537 752 2571 scilicet
768 2541 898 2580 propter
914 2537 1136 2570 excellentiam

176 2592 363 2636 potestatis‚·
394 2595 523 2635 propter
554 2591 752 2625 evidentiam
775 2591 945 2631 veritatis,
970 2591 1011 2624 ibi
1027 2592 1070 2624 ¹¹:
1098 2591 1137 2624 Ec

176 2646 258 2679 exiit
280 2644 333 2679 hic
356 2656 463 2679 sermo
479 2649 557 2685 etc.;
574 2648 606 2678 et
621 2648 750 2688 propter
767 2644 975 2688 affluentiam
989 2645 1135 2688 pietatis,

179 2699 236 2732 ibi:
262 2699 414 2742 Royabac
436 2703 546 2732 autem
583 2698 679 2731 illum
703 2698 843 2742 quidam
865 2698 904 2731 de
927 2697 1134 2731 Pharisaeis.

179 2752 370 2785 Excellentia
393 2752 554 2794 potestatis
589 2748 766 2792 ostenditur
788 2752 818 2784 in
843 2751 1002 2794 operando
1025 2761 1138 2794 magna

179 2805 348 2844 miracula;
384 2805 539 2838 evidentia
572 2805 730 2845 veritatis,
763 2805 794 2838 in
826 2804 1028 2847 approbando
1063 2813 1138 2837 vera

180 2858 372 2897 testimonia;
397 2858 557 2892 affluentia
573 2858 715 2901 pietatis,
732 2858 763 2891 in
781 2857 984 2891 condonando
1000 2861 1136 2900 peccata.

252 3076 260 3091 ¹
281 3079 316 3103 lta
336 3078 414 3104 etiam
427 3077 503 3105 Card.
517 3079 609 3112 Hugo;
623 3079 735 3112 Vulgata
747 3086 830 3113 super
839 3080 955 3113 petram.
968 3094 1002 3098 —
1021 3079 1139 3106 Subinde

180 3122 323 3154 allegantur
342 3122 399 3148 lsai.
420 3123 468 3153 22,
488 3123 531 3149 23.
549 3126 575 3149 et
594 3124 670 3149 Rom.
690 3124 720 3156 8,
740 3124 782 3150 35.

252 3164 263 3180 ⁹
282 3166 332 3192 Pro
350 3165 515 3200 subiungens
535 3167 593 3193 Vat.
612 3166 780 3202 negligentis.

252 3208 262 3224 ⁸
282 3211 357 3237 Vers.
379 3211 420 3237 16.
710 3242 712 3245 Ι

253 3253 264 3269 ⁴
284 3255 397 3287 Vulgata
424 3262 523 3290 supen-
552 3257 597 3283 cfr.
625 3264 705 3290 supra
725 3263 787 3289 pag.
807 3256 872 3288 ⁴64,
892 3260 951 3283 nota
976 3258 1001 3283 8.
1020 3271 1057 3288 7—
1075 3258 1140 3284 Tres

182 3306 256 3333 seqq.
277 3299 326 3325 loci
346 3302 406 3325 sunt
424 3300 464 3325 Ps.
485 3300 514 3331 l,
534 3299 564 3332 43
584 3301 641 3327 lsai.
661 3301 708 3332 24,
729 3301 771 3327 49.
791 3307 846 3334 seq.
864 3303 891 3326 et
909 3300 954 3327 lob
974 3300 1004 3333 4,
1026 3302 1066 3327 19.

253 3341 264 3357 ⁶
284 3344 348 3375 Epli.
369 3343 398 3375 3,
419 3343 459 3369 ⁴7.
479 3357 514 3363 —
533 3344 656 3377 Sequitur
675 3346 737 3378 Sap.
756 3344 786 3377 4,
806 3345 830 3370 3.

254 3385 266 3401 ⁶
284 3387 358 3413 Vers.
380 3388 420 3413 it.
441 3401 476 3407 —
496 3386 614 3414 Subinde
633 3389 759 3421 allegatur
778 3389 833 3414 lsai.
853 3390 899 3421 28,
921 3389 961 3414 48.
981 3396 1036 3422 seq.

1320 2215 1404 2242 Primo
1422 2215 1526 2251 propter
1545 2213 1727 2242 excellentiam
1744 2213 1886 2249 potestatis
1905 2213 2039 2248 probatam

1547 2267 1592 2294 per
1611 2258 1659 2286 duo
1677 2257 1814 2285 miracula.

1289 2377 1448 2418 Quantum
1473 2376 1511 2409 ad
1536 2377 1675 2418 primum
1691 2375 1942 2419 intelligendum,
1960 2375 2043 2417 quod
2060 2374 2160 2416 prima

1200 2438 1275 2472 pars
1298 2430 1393 2462 habet
1415 2429 1495 2463 duas
1530 2430 1704 2463 secundum
1738 2429 1801 2462 duo
1830 2429 1998 2467 miracula,
2024 2436 2161 2470 quorum

1200 2483 1338 2526 primum
1363 2485 1411 2515 est
1434 2483 1566 2515 curatio
1586 2483 1686 2524 pueri
1709 2482 1870 2515 morituri
1878 2494 1888 2521 ,·
1913 2481 2086 2515 secundum
2115 2484 2161 2513 est

1201 2535 1411 2569 resuscitatio
1436 2535 1647 2569 adolescentis
1664 2536 1732 2568 iam
1749 2536 1894 2575 mortui,
1913 2544 1993 2578 quae
2010 2535 2051 2567 ibi
2068 2534 2092 2554 ¹⁵³
2110 2534 2162 2567 de-

1201 2589 1369 2623 scribitur:
1396 2589 1435 2621 Et
1457 2587 1587 2631 factum
1611 2593 1657 2621 est
1680 2589 1830 2631 deinceps
1854 2593 1912 2622 etc.
1942 2589 1974 2621 ln
2004 2588 2162 2621 sanatione

1201 2651 1338 2685 namque
1371 2642 1533 2675 morituri
1570 2641 1746 2675 ostenditur
1781 2642 1931 2675 dominus
1963 2642 2071 2680 vitae,
2107 2641 2161 2683 qui

1201 2699 1304 2739 potest
1327 2695 1422 2729 vitam
1446 2698 1630 2737 pereuntem
1655 2695 1790 2733 salvare;
1808 2695 1839 2727 in
1856 2695 2058 2728 suscitatione
2074 2704 2162 2727 mor-

1202 2751 1271 2790 tui,
1295 2750 1443 2783 dominus
1466 2749 1602 2788 mortis,
1627 2748 1681 2791 qui
1714 2752 1816 2790 potest
1839 2752 1974 2781 mortem
1999 2757 2161 2790 superare.

1202 2804 1276 2836 item
1288 2829 1295 2842 ‚
1320 2803 1350 2835 in
1374 2803 1548 2836 sanatione
1564 2801 1716 2844 eorporis
1738 2801 1900 2834 morituri
1915 2801 2091 2837 ostenditur
2105 2799 2163 2832 do-

1201 2857 1307 2890 minus
1330 2866 1528 2899 corporum,
1562 2856 1615 2899 qui
1652 2858 1752 2898 potest
1787 2864 1903 2897 corpus
1934 2863 2101 2897 reparare;
2131 2854 2161 2886 in

1274 3077 1284 3092 ⁷
1305 3079 1379 3104 Vers.
1400 3078 1443 3104 43.
1461 3077 1545 3105 Codd.
1565 3079 1677 3111 allegant
1696 3079 1784 3105 Matth.
1807 3078 1851 3109 ¹3,
1871 3078 1900 3104 2t
1914 3098 1920 3109 ‚
1947 3076 1992 3103 ubi
2012 3076 2096 3107 idem,
2116 3076 2162 3102 sed

1203 3124 1259 3150 aliis
1277 3122 1367 3149 verbis
1385 3122 1491 3149 dicitur.

1274 3165 1285 3180 ⁹
1305 3167 1379 3193 Vers.
1400 3166 1445 3199 ⁴5,
1467 3170 1527 3199 post
1545 3174 1626 3200 quem
1646 3167 1727 3199 Sopli.
1747 3167 1771 3199 ⁴,
1791 3167 1815 3192 3.

1274 3209 1285 3224 ⁹
1304 3211 1378 3237 vers.
1400 3211 1441 3236 ⁴9.
1461 3224 1497 3230 —
1516 3211 1622 3237 inferius
1641 3217 1689 3243 pro
1715 3209 1845 3237 invitatur
1867 3209 1928 3244 [Cli
1947 3207 2107 3242 invitamur]
2128 3207 2164 3235 ad

1204 3254 1370 3289 diligentiam
1392 3255 1447 3281 Vat„
1468 3254 1593 3282 innuitw·
1613 3254 1759 3289 diligentia.

1275 3297 1297 3313 ¹⁰
1316 3298 1368 3325 Cir.
1387 3306 1466 3331 supra
1486 3306 1508 3325 c.
1530 3299 1554 3325 4.
1573 3307 1600 3326 n.
1623 3300 1646 3325 ·t.
1665 3302 1691 3325 et
1709 3306 1731 3325 c.
1751 3299 1776 3325 6.
1796 3306 1822 3325 n.
1842 3299 1884 3324 24.

1276 3343 1296 3358 ¹²
1318 3344 1392 3370 Vers.
1413 3344 1460 3375 t7;
1481 3344 1584 3370 tertium
1605 3343 1716 3370 babetur
1735 3350 1762 3369 ν.
1781 3344 1823 3369 36,

1275 3386 1297 3402 ¹²
1318 3388 1393 3414 Vers.
1416 3388 1457 3413 lt.
1478 3402 1511 3407 -
1532 3389 1581 3414 Pro
1601 3395 1669 3422 quae
1687 3387 1724 3414 ibi
1741 3387 1853 3414 ACDH
1873 3385 1945 3421 quod
1964 3385 2007 3412 ibi.

2179 526 2246 553 lpniu
2262 526 2318 553 peri-

2204 553 2282 574 culam.

2177 1217 2250 1248 11)·ριιρΔ
2271 1223 2322 1244 praa

2191 1247 2295 1271 eiptlmm.

2180 1803 2286 1830 Epilogus.
