2427 3872
277 260 342 292 776

570 303 625 329 lUD

330 361 365 367 —
383 350 598 380 contempserunt
612 347 743 374 Christum
764 347 918 372 morientem

276 393 310 418 Vl
332 392 381 418 136
402 400 429 417 v.
450 392 481 417 18
507 406 542 411 -
567 399 628 418 cum
649 390 814 423 principibus
837 398 920 417 sacer-

277 437 370 462 dotum
389 436 567 468 multipliciter
588 434 746 461 insultabant
767 435 861 462 Christi
882 435 920 461 in—

277 482 426 507 firmitatem
446 481 489 506 Vll
509 480 560 506 577
582 480 614 506 43
635 494 669 498 —
688 483 768 519 caput
785 479 920 512 agitabant

277 529 337 551 ante
355 532 463 558 crucem
481 524 577 551 Christi
602 525 654 550 578
674 523 707 550 43
726 538 761 544 —
780 524 807 550 in
827 524 918 550 vinum

277 572 412 595 acetosum
425 569 591 594 immiserunt
605 569 636 594 sel
649 571 675 594 et
688 570 823 601 myrrham
837 567 870 595 ib.
885 568 918 594 44

277 624 312 632 —
331 614 514 645 improperant
532 616 622 639 contra
641 612 774 639 Christum
794 612 828 639 ib.
849 613 882 638 45

328 671 363 677 —
383 656 508 683 volebant
525 657 613 683 delere
626 657 728 683 titulum
742 657 843 688 crucis,
856 657 931 683 cum'

277 705 346 727 esset
364 702 390 727 in
410 708 485 727 suam
505 701 677 734 ignominiam
699 701 731 727 Vl
759 701 809 727 497
830 702 863 727 33
882 716 918 720 -

278 746 312 772 de
331 746 511 777 lei-osolymis,
525 752 586 772 cum
600 746 686 777 magis
699 753 862 778 cognoscere
875 746 917 772 de·

278 790 385 821 herent,
404 790 519 816 oblocuti
539 793 599 816 sunt
619 790 669 816 346
690 791 733 821 36,
747 791 782 817 37
796 804 829 809 --
843 790 918 816 multi

278 834 469 861 concurrebant
487 834 521 860 ad
540 841 647 860 crucem
666 834 761 860 Christi
782 834 832 860 496
854 835 887 860 32

332 893 366 897 —-
385 879 537 904 occiderunt
549 878 680 904 Christum
694 882 765 904 extra
779 879 918 904 ierusalem

278 923 321 949 Vll
344 923 395 948 507
415 924 449 949 20
468 937 503 942 -
522 923 676 949 occiderunt
694 922 839 954 Christum,
853 923 918 949 dum

278 968 441 993 tradiderunt
465 974 527 993 eum
546 967 626 993 Pilato
645 968 679 993 ad
698 967 874 993 occidendum
894 970 920 993 et

277 1012 417 1044 petierunt,
430 1012 502 1044 quod
516 1012 716 1043 crucifigeretur
731 1010 793 1037 ibid.
811 1026 847 1029 —
866 1018 919 1037 non

277 1059 377 1081 tantum
406 1056 563 1087 Prophetae,
591 1055 637 1081 sed
666 1055 745 1081 etiam
777 1054 918 1081 Dominum

276 1100 415 1131 proprium
448 1100 631 1125 interfecerunt
662 1102 688 1125 et
718 1106 810 1125 omnes
841 1102 919 1125 testes

276 1144 360 1176 ipsius
373 1143 424 1169 307
444 1144 478 1169 95
497 1157 532 1163 -
551 1144 683 1176 persecuti
700 1146 763 1170 sunt
780 1144 919 1176 Apostolos

276 1191 386 1220 propter
405 1188 579 1220 ignorantiam
608 1190 634 1214 et
657 1188 864 1222 incredulitatem
886 1188 917 1215 Vl

278 1234 330 1260 555
351 1235 366 1259 2

329 1291 366 1297 -
384 1281 560 1310 peccaverunt
579 1278 757 1305 interficiendo
776 1278 918 1310 Christum,

276 1322 377 1348 ratione
396 1322 559 1355 intentionis,
579 1324 640 1356 quia
665 1330 720 1349 non
748 1323 918 1350 intendebant

276 1367 387 1399 implere
415 1367 532 1393 divinam
561 1367 736 1400 voluntatem,
765 1368 813 1393 sed
840 1375 917 1394 suam

277 1411 371 1437 satiare
390 1411 517 1437 invidiam
536 1411 570 1436 Vl
590 1411 640 1437 409
660 1411 695 1438 75
713 1425 748 1431 —
761 1412 846 1444 magis
859 1419 919 1444 pec-

277 1458 404 1482 caverunt
421 1462 502 1489 quam
531 1455 626 1481 Pilatus
653 1456 704 1482 492
726 1457 758 1482 12
776 1470 813 1476 -
836 1457 919 1483 consi·

277 1500 341 1525 lium
360 1499 454 1526 dantes
479 1499 612 1526 Christum
636 1500 802 1527 innocentem
821 1501 918 1527 interti-

278 1544 372 1577 ciendi,
391 1547 569 1576 peccaverunt
587 1548 612 1571 et
624 1545 725 1571 ratione
743 1548 817 1571 actus
836 1549 861 1572 et
879 1553 918 1572 ra-

277 1588 349 1614 tione
367 1588 515 1614 intentionis
534 1588 585 1614 409
604 1588 639 1614 75
669 1604 702 1608 —
727 1593 918 1622 peccaverunt,

277 1633 350 1666 quod
369 1633 479 1665 dignum
493 1636 578 1659 morte
591 1633 720 1660 innocenti
740 1635 919 1666 praetulerunt

277 1681 385 1710 propter
403 1684 532 1710 personae
550 1674 756 1710 acceptationem
771 1678 822 1704 494
837 1679 870 1704 19
883 1693 918 1698 -

277 1722 392 1748 minores
410 1725 587 1754 peccaverunt
605 1728 635 1748 ex
648 1722 794 1754 ignorantia
808 1723 851 1750 Vll
866 1724 917 1749 506

278 1766 311 1791 19
329 1779 364 1785 -
384 1766 497 1792 maiores
515 1771 693 1798 peccaverunt
711 1774 741 1793 ex
767 1770 836 1793 certa
865 1771 917 1793 ma-l

277 1810 330 1836 litia
349 1809 412 1837 ibid.
431 1825 464 1829 —
478 1811 591 1837 maiores
604 1810 731 1837 timebant
744 1813 916 1844 temporalem

276 1854 389 1886 perdere
408 1854 519 1886 gloriam
538 1854 600 1881 ibid.
623 1869 660 1874 —
684 1856 798 1881 maiores
817 1856 917 1882 occide-

276 1901 336 1924 runt
354 1897 496 1931 Christum,
515 1906 568 1924 non
587 1902 615 1924 ut
633 1899 799 1932 acquirerent
817 1900 917 1926 heredi-

276 1945 355 1967 tatem
374 1949 488 1973 novam,
507 1942 554 1968 sed
583 1945 611 1968 ut
636 1942 752 1969 habitam
780 1946 916 1970 conserva·

274 1989 332 2012 rent
350 1985 411 2012 ibid.

328 2043 364 2049 -—
383 2031 493 2056 salutem
514 2030 607 2056 merito
631 2031 805 2063 perdiderunt
828 2035 853 2058 et
880 2032 917 2058 vi-

277 2077 331 2100 tam
351 2074 392 2100 Vll
413 2074 464 2099 570
485 2075 518 2100 23
532 2089 567 2092 -
580 2075 746 2102 incurrerunt
759 2076 835 2109 mala,
848 2083 918 2109 quae

278 2117 405 2145 timebant
423 2125 438 2144 a
466 2119 592 2145 Romanis
610 2119 644 2145 Vl
664 2119 715 2146 407
736 2120 769 2146 66
787 2134 823 2140 --
839 2128 917 2154 quae-

277 2166 366 2188 rentes
385 2170 480 2189 noccre
508 2162 624 2196 Christo,
645 2171 696 2190 non
717 2167 840 2197 poterunt
858 2169 918 2198 post

277 2207 495 2233 resurrectionem
524 2207 575 2234 349
606 2208 638 2234 49
658 2222 692 2228 —-
712 2208 830 2236 Christus
848 2217 918 2237 com·

277 2251 391 2278 minatur
418 2252 520 2278 ludaeis
548 2256 659 2279 mortem
687 2254 780 2286 culpae
799 2257 825 2280 et
843 2255 919 2281 amis-

277 2297 379 2323 sionem
399 2297 498 2329 gloriae
517 2297 568 2323 360
589 2297 632 2330 31,
651 2298 694 2331 33,
714 2298 755 2324 34.
769 2299 821 2325 362
837 2299 864 2325 41
882 2313 918 2319 -

276 2341 337 2374 quia
349 2341 497 2374 noluerunt,
511 2341 643 2368 Christum
656 2349 768 2374 regnare
781 2351 862 2376 super
880 2350 917 2375 se,

278 2385 450 2417 perdiderunt
468 2392 581 2418 regnum
601 2386 644 2412 Vll
666 2386 716 2412 480
736 2387 764 2413 21
784 2402 818 2406 --
831 2389 918 2414 nolue-

276 2433 346 2461 runt,
365 2436 476 2462 regnare
495 2431 646 2462 caelestem,
660 2432 720 2464 quia
735 2431 860 2458 amabant
879 2440 917 2459 re-

277 2480 359 2505 gnum
378 2474 481 2500 carnale
500 2473 561 2500 ibid.

330 2531 365 2536 —
384 2518 492 2544 credere
511 2519 651 2545 noluerunt
674 2519 698 2545 in
718 2519 820 2547 Christo
839 2522 918 2548 susci-

278 2564 330 2591 tato
350 2562 392 2586 Vll
412 2562 464 2587 525
483 2562 511 2587 61
530 2574 566 2582 ——
579 2566 639 2594 post
657 2564 782 2590 miracula
796 2565 823 2591 in
834 2569 918 2592 morte

277 2605 372 2631 Christi
390 2606 499 2631 credere
517 2607 665 2639 noluerunt,
678 2611 704 2633 et
717 2607 776 2634 ideo
786 2611 916 2636 excaecati

277 2652 339 2675 sunt
366 2650 417 2675 582
442 2649 475 2675 57
501 2664 536 2669 -
554 2651 602 2676 etsi
630 2652 767 2678 veritatem
787 2654 917 2687 viderunt,

277 2695 363 2720 solum
382 2698 569 2725 percusserunt
588 2698 692 2728 pectus,
712 2697 760 2722 sed
778 2697 805 2722 in
823 2698 917 2724 vocem

277 2739 447 2764 consessionis
475 2745 527 2764 non
556 2743 734 2771 proruperunt
762 2740 795 2766 ib.
825 2741 858 2766 58
885 2756 917 2760 —-

279 2784 331 2809 Etsi
353 2783 487 2809 videretur
518 2784 556 2809 eis
588 2784 682 2810 iniuste
710 2787 797 2810 actum
827 2788 917 2811 contra

276 2827 420 2859 Christum,
448 2831 535 2854 tamen
560 2828 594 2854 ad
622 2836 683 2855 eum
712 2829 847 2855 modicum
876 2830 917 2855 vel

276 2873 374 2898 nullum
395 2872 526 2898 habebant
544 2874 664 2899 affectum
686 2872 746 2899 ibid.

329 2930 365 2936 —
383 2924 435 2942 non
455 2917 566 2949 dilIgunt
591 2917 723 2943 Christum
754 2921 782 2944 ut
811 2919 915 2944 fratrem

282 2960 309 2986 Vl
330 2961 380 2985 366
401 2960 433 2986 59
454 2975 487 2979 -—
508 2961 609 2987 ludaeis
628 2962 778 2994 excaecatis,
798 2962 916 2989 Christus

280 3005 400 3036 ,pigravit
419 3005 453 3030 ad
482 3006 584 3030 Patrem
613 3007 664 3031 290
684 3007 699 3031 8
718 3019 754 3025 -
774 3007 915 3033 manuduci

276 3052 396 3080 poterant
415 3049 446 3074 ad
468 3049 591 3075 iustitiam
612 3050 746 3081 tripliciter
760 3051 802 3076 Vll
817 3051 868 3076 504
886 3050 915 3076 14

329 3106 364 3111 -
383 3093 420 3118 De
439 3092 595 3118 ludaeorum
615 3093 690 3119 vinea
711 3101 763 3119 non
783 3094 862 3120 exivlt
881 3095 916 3119 vi-

276 3143 348 3167 num,
368 3136 414 3162 secl
435 3137 465 3162 scl
488 3137 528 3162 Vll
555 3137 606 3162 507
627 3138 660 3163 20
679 3151 715 3156 -
740 3138 862 3164 dicuntur
881 3139 914 3164 la-

276 3184 374 3211 trones,
394 3181 455 3214 quia
476 3181 529 3207 Deo
549 3188 596 3213 per
615 3181 767 3213 superbiam
788 3182 812 3207 in
831 3182 914 3208 Adam

275 3225 416 3251 voluerunt
435 3226 586 3257 praeripere
605 3226 758 3258 dignitatem
778 3226 914 3258 propriam

275 3269 327 3295 575
348 3270 379 3295 38
400 3283 434 3289 -—-
454 3270 569 3301 Populus
588 3270 709 3296 ludaicus
734 3273 858 3303 tanquam
880 3271 915 3296 lu-

275 3317 314 3339 tro
334 3314 436 3339 sinister
455 3314 541 3340 adhuc
561 3313 726 3346 blasphemat
745 3313 806 3341 ibid.

327 3371 362 3376 —
386 3364 478 3383 eorum
507 3359 591 3384 scelus
619 3360 690 3385 nullo
715 3359 796 3385 modo
824 3358 915 3385 debuit

274 3406 410 3427 remanere
429 3402 540 3428 inultum
561 3402 604 3428 Vll
625 3403 671 3429 531
697 3403 729 3429 33
749 3417 784 3423 -
803 3403 913 3429 intrave-

1148 257 1262 290 INDEX
1286 257 1414 291 RERUM

957 349 1017 372 runt
1036 346 1062 372 in
1083 347 1223 373 lerusalem
1236 350 1298 373 ante
1311 347 1475 373 eversionem
1490 350 1598 379 propter

957 390 1147 417 solemnitatem
1168 394 1193 417 et
1211 394 1319 424 propter
1331 391 1496 422 securitatem
1517 390 1549 417 ib.
1564 392 1593 417 31

956 447 992 454 -—
1010 438 1071 467 post
1088 436 1252 461 eversionem
1272 436 1385 462 civitatis
1397 436 1598 467 superviventes

957 479 1053 511 captivi
1073 480 1144 505 ducti
1164 482 1189 506 et
1212 487 1261 512 per
1288 479 1380 505 orbem
1406 480 1520 512 dispersi
1538 482 1598 505 sunt

957 522 1008 548 532
1029 523 1062 548 37
1081 535 1117 542 -·
1135 523 1320 555 comprehensi
1338 527 1399 549 sunt
1417 531 1509 549 omnes
1521 531 1536 549 a
1550 524 1598 549 Ro-

958 567 1042 593 manis
1060 567 1128 593 iusto
1147 567 1193 593 Dei
1212 568 1310 594 iudicio
1330 568 1376 593 531
1402 568 1431 593 31

1011 626 1044 630 ——
1063 612 1202 645 Nunquam
1222 613 1280 638 talis
1298 612 1416 638 interitus
1433 612 1505 638 venit
1517 619 1598 644 super

956 656 1052 688 impios
1065 656 1132 682 sicut
1144 663 1226 688 super
1245 656 1356 683 ludaeos
1375 657 1417 683 Vll
1437 657 1488 682 308
1510 657 1543 682 98
1563 671 1597 675 -

956 701 1041 732 Super
1060 701 1256 732 generationem
1285 708 1378 727 eorum
1406 702 1456 727 erit
1484 701 1597 727 vindicta

955 745 1042 770 omnis
1054 745 1190 777 sanguinis
1205 745 1280 771 effusi
1293 745 1328 772 ib.
1346 746 1380 771 96
1400 759 1435 765 —-
1454 746 1598 777 puniuntur

957 788 983 814 in
1002 789 1151 821 exemplum
1165 790 1286 820 aliorum,
1298 790 1370 822 quia,
1387 796 1449 816 cum
1468 790 1597 821 viderent,

956 833 1055 859 malum
1076 834 1101 859 in
1120 833 1176 859 aliis
1194 834 1290 866 puniri,
1308 841 1337 860 se
1356 841 1409 860 non
1428 838 1598 860 correxerunt

957 876 1020 904 ibid.
1037 891 1074 896 —
1092 878 1249 903 ludaeorum
1268 879 1409 905 multitudo
1428 878 1543 905 debebat
1560 879 1598 904 di-

957 922 1045 953 spergi
1059 925 1167 954 propter
1180 925 1318 954 peccatum
1333 923 1522 949 incredulitatis
1535 922 1565 948 71
1581 924 1597 949 5

956 979 992 984 -
1005 966 1053 991 Per
1065 972 1158 991 eorum
1171 966 1331 992 occisionem
1341 967 1493 1000 intelligitur
1502 967 1597 993 caedes

957 1009 1085 1041 maxima,
1110 1016 1179 1043 quae
1206 1011 1255 1036 erit
1284 1011 1309 1037 in
1336 1010 1503 1038 tribulatione
1526 1011 1597 1037 finali

957 1053 1008 1079 532
1028 1054 1061 1079 38
1080 1067 1117 1073 -
1135 1054 1280 1087 quaesituri
1299 1059 1372 1081 erant
1396 1055 1490 1082 Christi
1515 1055 1597 1082 subsi-

956 1097 1030 1123 dium
1049 1098 1075 1124 in
1095 1099 1241 1124 vastatione
1261 1099 1293 1124 Vl
1313 1099 1366 1125 348
1381 1099 1414 1125 49
1428 1114 1462 1119 —
1475 1107 1524 1132 per
1536 1107 1598 1133 qua-

955 1141 1077 1174 draginta
1095 1142 1163 1168 duos
1175 1149 1258 1169 annos
1276 1144 1416 1176 exspectati
1430 1147 1501 1176 sunt,
1515 1148 1544 1171 ut
1561 1146 1598 1171 ra-

955 1189 1045 1212 cerent
1072 1186 1257 1219 poenitentiam
1286 1188 1329 1214 Vll
1358 1188 1410 1215 524
1440 1189 1467 1214 11
1491 1203 1527 1209 -
1545 1196 1597 1215 non

956 1230 1086 1257 videbunt
1104 1230 1237 1258 Christum
1266 1232 1301 1258 ad
1328 1233 1452 1266 salutem,
1471 1234 1519 1260 nisi
1539 1241 1598 1260 con-

955 1278 1091 1302 vertantur
1103 1276 1138 1302 ad
1151 1276 1231 1302 fldem
1245 1279 1271 1302 et
1283 1276 1367 1309 ipsius
1379 1277 1484 1304 laudem
1499 1278 1550 1304 358
1563 1278 1597 1304 76

1008 1333 1044 1339 -
1057 1320 1178 1346 iudaicus
1188 1321 1304 1353 populus
1317 1322 1424 1348 nomine
1437 1322 1532 1348 dicitur
1544 1329 1598 1354 rex,

955 1364 1002 1390 sed
1012 1364 1121 1390 veritate
1130 1368 1170 1391 est
1179 1372 1274 1391 servus
1284 1366 1326 1392 Vll
1337 1366 1389 1391 560
1400 1366 1434 1392 63
1441 1381 1474 1385 -
1482 1367 1598 1399 Populus

957 1408 1077 1435 ludaicus
1095 1410 1210 1441 perdidit
1221 1410 1384 1442 spiritualem
1401 1411 1597 1443 intelligentiam

955 1452 1016 1479 ibid.
1035 1468 1069 1472 —
1090 1454 1206 1486 Populus
1224 1455 1346 1481 Iudaicus
1358 1455 1487 1487 figuratur
1500 1456 1527 1481 in
1540 1456 1598 1482 Mal-

956 1499 1006 1523 cho
1024 1497 1086 1524 ibid.
1105 1513 1139 1517 —
1159 1499 1276 1531 Populus
1305 1499 1426 1526 ludaicus
1451 1507 1499 1532 per
1517 1500 1598 1527 incre-

956 1542 1093 1569 dulitatem
1112 1550 1206 1570 servus
1227 1545 1310 1570 sactus
1328 1547 1368 1570 est
1379 1544 1522 1577 impietatis
1535 1544 1597 1572 ibid.

955 1601 991 1606 —
1018 1588 1134 1620 Populus
1162 1588 1283 1614 ludaicus
1311 1589 1426 1621 perdidit
1452 1590 1596 1616 auriculam

955 1631 1103 1664 dexteram,
1122 1635 1151 1658 ut
1170 1635 1271 1658 tantum
1291 1633 1390 1659 litterae
1403 1633 1537 1660 utilitatem
1551 1641 1598 1660 au-

956 1676 1010 1703 diat
1028 1676 1089 1703 ibid.
1109 1690 1145 1696 —
1165 1678 1279 1709 Populus
1302 1678 1423 1704 iudaicus
1441 1686 1493 1704 non
1513 1679 1597 1711 perdi-

955 1721 993 1747 dit
1003 1721 1147 1747 auriculam
1166 1728 1214 1754 per
1227 1723 1342 1754 Petrum,
1355 1723 1403 1749 sed
1416 1730 1464 1755 per
1476 1723 1596 1749 divinum

955 1765 1082 1791 iudicium
1102 1765 1165 1792 ibid.
1183 1780 1219 1786 —
1241 1767 1332 1799 Populi
1362 1767 1459 1793 ludaici
1479 1768 1597 1794 auricula

955 1816 1002 1842 per
1021 1810 1126 1836 Petrum
1146 1810 1231 1837 ablata
1250 1811 1397 1837 ostenditur
1415 1811 1477 1839 ibid.

1007 1868 1043 1872 ——
1061 1854 1089 1880 in
1108 1854 1159 1880 flue
1177 1855 1270 1881 mundi
1289 1855 1457 1882 vocabuntur
1469 1857 1504 1883 ad
1517 1857 1595 1883 fldem

955 1898 997 1924 Vll
1018 1898 1064 1924 49l
1089 1899 1122 1924 52
1142 1913 1177 1919 -
1196 1899 1307 1926 finaliter
1332 1900 1366 1926 ad
1385 1900 1517 1927 Christum
1537 1905 1598 1928 sunt

954 1943 1124 1969 convertendi
1145 1943 1196 1969 485
1215 1944 1250 1970 37
1270 1958 1304 1962 —-
1324 1945 1472 1978 Aliquando
1486 1946 1509 1971 ei
1523 1947 1597 1972 resti-

954 1989 1009 2012 tuet
1028 1987 1155 2013 Dominus
1173 1988 1294 2014 auditum
1314 1991 1340 2014 et
1358 1989 1518 2016 intellectum
1533 1991 1598 2016 veri-

954 2031 1014 2056 tatis
1033 2031 1085 2057 560
1105 2031 1139 2057 64
1158 2045 1193 2051 -
1211 2032 1239 2058 in
1267 2032 1318 2058 tine
1342 2033 1436 2059 mundi
1455 2040 1598 2066 congrega-

955 2074 1054 2101 buntur
1081 2075 1115 2102 Vl
1144 2075 1194 2102 408
1222 2076 1257 2102 70
1285 2091 1320 2096 -
1345 2084 1438 2103 eorum
1458 2079 1597 2105 conversio

955 2122 1121 2151 exspectatur
1139 2120 1164 2146 in
1183 2121 1252 2146 linali
1272 2124 1391 2153 tempore
1405 2125 1465 2154 post
1478 2123 1596 2155 gentium

956 2164 1145 2196 plenitudinem
1166 2164 1210 2191 Vll
1231 2166 1282 2191 358
1302 2165 1336 2191 76

1009 2223 1044 2227 -—-
1063 2209 1178 2242 Populus
1206 2210 1326 2236 Iudaicus
1345 2217 1399 2236 non
1416 2211 1472 2237 vult
1491 2211 1598 2237 introire

956 2253 983 2279 in
1010 2254 1212 2280 ecclesiasticam
1248 2254 1389 2286 unitatem,
1415 2256 1477 2289 quia
1508 2263 1598 2288 super·

956 2297 1031 2324 biens
1049 2298 1084 2324 de
1095 2305 1143 2324 sua
1162 2298 1272 2332 iustitia,
1291 2306 1343 2325 non
1362 2303 1481 2332 acceptat
1500 2301 1598 2327 summi

955 2343 1038 2369 Patris
1056 2343 1265 2369 misericordiam
1290 2344 1474 2376 peccatoribus
1500 2345 1598 2378 impen-

955 2394 1011 2413 sam
1033 2387 1075 2413 Vll
1096 2387 1146 2413 400
1167 2387 1200 2413 47
1219 2403 1255 2406 -
1274 2391 1300 2414 et
1316 2389 1427 2421 gentiles
1440 2389 1464 2415 in
1478 2389 1598 2416 Christia-

956 2432 995 2458 nis
1014 2432 1205 2465 persequendis
1224 2435 1249 2458 et
1268 2433 1321 2459 ilde
1335 2432 1430 2459 Christi
1443 2434 1597 2466 perimenda

955 2477 1119 2502 consentiunt
1137 2477 1188 2503 569
1212 2477 1246 2502 15
1269 2491 1306 2497 -
1330 2478 1487 2504 ludaeorum
1513 2478 1598 2505 erudi-

955 2521 1040 2547 tiones
1058 2524 1083 2547 et
1101 2521 1281 2547 caeremonias
1297 2523 1451 2549 conculcare
1465 2522 1598 2549 debebant

955 2564 1094 2591 Christiani
1115 2565 1165 2591 492
1185 2566 1219 2591 54

1009 2611 1082 2636 lunis
1103 2624 1134 2628 —
1152 2610 1338 2642 interpretatur
1357 2611 1483 2637 confitens
1512 2615 1537 2637 et
1556 2615 1595 2638 est

955 2654 1105 2686 exemplum
1119 2655 1278 2680 strenuitatis
1291 2655 1316 2680 in
1330 2655 1434 2687 agendo
1446 2656 1488 2681 Vll
1501 2655 1551 2681 145
1563 2656 1595 2681 40

1008 2711 1043 2717 -
1080 2698 1214 2724 lscnriotes
1252 2698 1435 2731 interpretatur
1467 2700 1594 2725 memoria

956 2741 1046 2766 mortis
1065 2744 1090 2767 et
1109 2744 1148 2767 est
1159 2742 1309 2773 exemplum
1324 2743 1529 2769 mortificationis
1542 2750 1595 2769 car-

955 2785 994 2810 nis
1014 2785 1056 2810 Vll
1078 2785 1128 2810 145
1149 2785 1181 2810 40
1201 2800 1236 2803 -
1255 2786 1390 2812 lscariotes
1412 2786 1594 2819 interpretatur

954 2829 1082 2855 memoria
1101 2829 1264 2855 mortalitatis
1283 2829 1329 2855 541
1350 2830 1364 2855 4
1377 2843 1412 2849 -—
1424 2831 1520 2857 dicitur
1533 2832 1595 2858 lsca-

955 2873 1046 2904 riotes,
1066 2876 1094 2899 ut
1112 2873 1288 2905 distinguatur
1301 2880 1314 2899 a
1330 2874 1392 2899 luda
1413 2875 1490 2900 fratre
1509 2875 1594 2901 lacobi

954 2916 1016 2944 ibid.

1007 2976 1042 2981 -—
1060 2962 1155 2988 dicitur
1174 2962 1242 2988 lilius
1261 2962 1423 2995 perditionis,
1441 2963 1502 2995 quia
1522 2971 1595 2995 prae-

953 3007 1035 3033 scitus
1052 3007 1085 3033 ad
1107 3010 1218 3032 mortem
1249 3007 1280 3032 Vl
1302 3006 1352 3032 472
1373 3006 1415 3032 24.
1436 3006 1486 3032 474
1507 3008 1539 3033 33
1559 3021 1594 3027 -

953 3054 1009 3077 erat
1027 3050 1158 3077 Christum
1179 3051 1323 3076 traditurus
1342 3050 1392 3076 429
1407 3051 1440 3076 28
1456 3065 1488 3069 -
1499 3051 1594 3078 dicitur

953 3095 1088 3128 diabolus,
1108 3095 1170 3128 quia
1189 3094 1273 3127 ipsius
1300 3094 1516 3126 suggestionibus
1535 3103 1593 3122 con-

953 3140 1033 3165 sensit
1051 3139 1103 3165 337
1123 3140 1174 3165 ’106

1006 3197 1041 3202 --
1060 3183 1175 3209 habebat
1192 3183 1292 3209 loculos
1317 3186 1440 3215 tanquam
1461 3183 1593 3216 dispensa-

954 3231 992 3254 tor
1011 3231 1037 3254 et
1056 3227 1191 3254 furabatur
1211 3227 1244 3253 Vl
1275 3225 1320 3252 411
1346 3227 1361 3252 6
1380 3242 1415 3246 -
1434 3228 1513 3254 ludae
1531 3235 1593 3260 pro-

953 3272 1044 3298 ditoris
1062 3271 1209 3304 indignatio
1234 3273 1321 3297 ortum
1350 3271 1440 3298 habuit
1458 3279 1490 3298 ex
1509 3273 1592 3298 avari-

953 3315 996 3347 tia,
1015 3315 1063 3342 sed
1081 3315 1246 3341 occasionem
1272 3321 1302 3340 ex
1322 3315 1447 3341 effusione
1466 3316 1592 3348 unguenti

955 3361 1017 3385 sacta
1038 3359 1064 3385 in
1082 3359 1206 3386 convivio
1227 3358 1277 3385 410
1293 3359 1317 3384 1.
1332 3359 1377 3384 411
1397 3359 1421 3390 4,
1441 3360 1457 3386 5
1475 3374 1512 3379 —
1524 3360 1592 3386 Cura

952 3404 985 3430 de
1004 3403 1096 3435 egenis
1114 3402 1262 3436 pertinebat
1280 3403 1313 3429 ad
1333 3403 1423 3429 ludam
1442 3411 1494 3430 non
1508 3411 1591 3437 quun-

1921 302 1975 328 lUD

1637 349 1692 372 tum
1712 346 1744 372 ad
1764 348 1895 378 affectum,
1909 347 1955 372 sed
1969 348 2097 379 quantum
2111 347 2145 373 ad
2158 347 2274 373 officium

1637 391 1688 416 412
1709 391 1741 416 12
1763 391 1790 416 l‘
1809 406 1843 409 —
1862 391 1987 424 quamvis
2006 392 2047 417 sur
2067 391 2169 424 suisset,
2189 394 2276 417 tamen

1636 436 1770 461 voluntate
1788 435 1892 461 Domini
1910 435 2009 461 loculos
2028 434 2156 466 habebat,
2176 438 2205 461 ut
2223 443 2276 462 non

1636 479 1745 505 haberet
1763 479 1970 510 excusationem,
1990 479 2064 513 quod
2082 479 2207 511 proderet
2224 480 2277 506 Do-

1636 524 1738 550 minum
1757 527 1866 556 propter
1893 523 2010 556 inopiam
2030 522 2063 550 ib.
2083 523 2112 549 2*
2130 537 2166 543 —
2185 524 2276 550 ludam

1635 569 1764 594 Dominus
1783 575 1835 594 non
1854 568 1981 600 corripuit
2005 568 2104 599 sciens,
2124 568 2197 601 quod
2224 576 2277 594 non

1636 613 1825 645 melioraretur,
1844 612 1891 638 sed
1911 612 1985 645 peior
2004 613 2152 638 efficeretur
2172 612 2222 638 413
2243 613 2276 639 12

1635 657 1665 683 3·
1684 672 1717 676 —
1737 657 1816 683 ludae
1835 657 1964 683 Dominus
1982 657 2098 682 officium
2119 664 2171 682 non
2190 656 2277 683 abstu-

1634 702 1671 734 lit,
1690 708 1723 727 ne
1742 701 1867 734 proderet
1894 701 1994 727 crimen
2022 704 2048 727 et
2072 701 2107 727 ad
2127 701 2212 729 maius
2230 701 2277 727 cri·

1635 753 1695 771 men
1715 745 1833 771 incitaret
1851 744 1913 772 ibid.

1688 805 1723 808 —
1742 790 1812 816 Deus
1840 789 1985 822 reprobum
2014 789 2093 822 elegit
2117 790 2223 821 ludam,
2250 793 2278 816 ut

1635 841 1682 866 per
1701 841 1762 860 eum
1782 834 1942 866 dispensatio
1960 834 2067 860 divinae
2079 834 2277 860 misericordiae

1635 879 1660 905 in
1679 879 1788 905 salutem
1809 879 1903 905 mundi
1927 879 2079 911 impleretur
2098 879 2130 904 Vl
2152 879 2203 904 338
2227 879 2275 905 112

1634 938 1670 941 -
1689 923 1736 949 fuit
1753 924 1852 949 electus
1870 923 1904 948 ad
1923 926 2090 955 praesentem
2109 918 2278 955 dignitatem,

1634 974 1687 993 non
1705 967 1737 993 ad
1758 970 1892 993 aeternam
1912 967 2103 993 solemnitatem
2123 967 2174 993 429
2194 967 2228 993 26

1688 1026 1723 1030 -
1743 1019 1796 1037 non
1814 1014 1923 1044 repente
1941 1018 2084 1044 persuasus
2108 1014 2147 1038 est
2174 1012 2277 1038 tradere

1635 1056 1780 1087 Christum,
1800 1056 1848 1082 sed
1875 1056 1921 1082 diu
1950 1055 2091 1082 meditatus
2116 1056 2164 1082 ruit
2191 1057 2277 1083 scelus

1636 1101 1679 1126 Vll
1699 1100 1746 1126 541
1772 1100 1788 1126 4
1800 1114 1836 1120 -
1849 1103 1908 1126 ante
1922 1099 2033 1126 biduum
2046 1101 2160 1133 paschae
2180 1100 2279 1127 machi-

1636 1148 1711 1171 natus
1730 1147 1769 1171 est
1787 1145 1963 1177 proditionem
1982 1144 2076 1171 Christi
2096 1145 2147 1171 540
2167 1146 2183 1170 2
2202 1144 2277 1171 —in

1635 1189 1679 1215 die
1699 1189 1822 1215 mercurii
1840 1189 1961 1215 tractavit
1979 1189 2013 1215 de
2031 1189 2179 1222 proditione
2197 1188 2260 1216 ibid.

1688 1248 1724 1252 —
1742 1234 1862 1260 Fortasse
1881 1234 2009 1260 Dominus
2027 1234 2101 1266 prius
2119 1233 2183 1259 lavit
2195 1233 2285 1266 pedes

1636 1277 1723 1309 iudae,
1742 1278 1803 1311 quia
1824 1278 1871 1304 ille*
1884 1281 2010 1311 tanquam
2040 1280 2278 1311 praesumptuosus

1635 1322 1752 1354 primum
1771 1323 1859 1348 locum
1878 1322 2067 1355 anticipaverat
2080 1322 2113 1348 Vl
2128 1322 2179 1348 427
2193 1322 2227 1348 15
2241 1335 2278 1343 ·-

1636 1367 1799 1393 conculcavit
1816 1366 1949 1393 Christum
1962 1367 2023 1393 dolo
2032 1387 2038 1399 ,
2053 1367 2154 1398 fraude,
2167 1366 2277 1396 occulta-

1636 1411 1705 1437 tione
1724 1411 1878 1437 insidiarum
1898 1411 1949 1437 428
1971 1412 2003 1437 22

1689 1469 1724 1474 -
1751 1459 1890 1488 susceptus
1917 1458 1956 1482 est
1978 1456 2013 1482 ad
2041 1462 2160 1482 mensam
2189 1459 2215 1482 et
2241 1456 2277 1482 ad

1635 1500 1769 1526 scutellam
1794 1500 1888 1527 Christi
1915 1500 1959 1526 Vll
1979 1500 2030 1526 548
2051 1501 2084 1526 30
2103 1514 2139 1520 -
2157 1507 2209 1526 non
2233 1500 2278 1527 de-

1635 1545 1697 1570 stitit
1716 1552 1730 1570 a
1749 1544 1898 1577 proditione
1922 1547 1983 1576 post
2011 1545 2194 1576 humilitatem,
2214 1544 2278 1571 cari-

1635 1592 1715 1615 tatem
1735 1592 1761 1615 et
1780 1589 1980 1615 familiaritatem
2009 1589 2033 1615 ei
2051 1596 2065 1615 a
2085 1588 2188 1615 Christo
2208 1589 2278 1617 exhi-

1636 1633 1716 1660 bitam
1737 1633 1798 1660 ibid.
1817 1647 1853 1653 —
1872 1640 1923 1659 non
1949 1633 2077 1666 frangitur
2101 1640 2151 1659 nec
2170 1633 2277 1660 familia-

1635 1678 1709 1704 ritate
1728 1678 1844 1704 convivii
1857 1684 1905 1704 nec
1918 1677 2071 1704 intinctione
2085 1677 2216 1704 buccellae
2228 1685 2277 1704 nec

1635 1722 1719 1748 osculi
1737 1722 1820 1755 gratia
1834 1722 1885 1748 559
1899 1722 1928 1748 61
1946 1736 1982 1742 -
1995 1726 2099 1749 notatur
2117 1723 2152 1748 de
2171 1722 2276 1753 malitia,

1636 1769 1664 1793 ut
1682 1767 1760 1793 ceteri
1780 1767 1888 1793 timeant
1907 1767 1940 1793 Vl
1960 1767 2011 1793 337
2033 1767 2092 1798 106,
2114 1766 2164 1792 107

1688 1825 1724 1831 -
1742 1818 1795 1837 non
1813 1811 1967 1843 designatur
1987 1815 2015 1837 ut
2042 1811 2162 1844 proditor
2180 1818 2212 1837 ex
2229 1817 2277 1837 no-

1635 1856 1719 1887 mine,
1739 1863 1772 1881 ne
1792 1856 1928 1882 manifeste
1947 1858 2085 1888 correptus
2099 1855 2278 1888 impudentior

1635 1900 1680 1926 ssat
1698 1900 1743 1926 Vll
1762 1900 1813 1926 548
1835 1900 1867 1926 30
1880 1914 1917 1919 -
1929 1900 2010 1926 Fictio
2025 1900 2102 1926 ludae
2115 1900 2278 1932 significatur

1635 1951 1702 1976 pane
1721 1944 1828 1970 intincto
1847 1945 1880 1970 Vl
1901 1944 1952 1970 430
1972 1945 2005 1970 33
2019 1958 2054 1964 -
2068 1944 2191 1976 Videtur,
2203 1944 2277 1978 quod

1635 1988 1712 2021 panis
1730 1989 1854 2015 intinctus
1873 1988 1952 2015 ludae
1971 1991 2109 2021 porrectus
2127 1995 2182 2015 non
2200 1989 2277 2015 suerit

1635 2040 1732 2065 corpus
1751 2032 1844 2059 Christi
1865 2033 1916 2059 432
1937 2032 1970 2059 43

1688 2092 1723 2096 -
1742 2077 1800 2103 eius
1827 2077 1988 2109 ingratitudo
2015 2077 2114 2104 directe
2138 2078 2277 2110 impugnat

1636 2121 1747 2153 gratiam
1767 2122 1929 2148 sacramenti
1947 2122 2036 2148 altaris
2055 2122 2098 2148 Vll
2118 2121 2170 2147 548
2188 2122 2222 2147 30
2240 2136 2276 2140 -

1635 2166 1663 2191 Εἰ
1677 2165 1775 2192 similes
1787 2168 1848 2191 sunt
1860 2165 1906 2199 qui
1919 2166 1954 2192 ad
1967 2173 2086 2192 mensam
2100 2165 2195 2192 Christi
2214 2173 2275 2192 cum

1635 2217 1761 2242 perverso
1780 2210 1861 2236 corde
1879 2210 2009 2236 accedunt
2028 2209 2090 2237 ibid.
2108 2225 2144 2229 -
2162 2211 2276 2236 Affectus

1635 2255 1692 2281 eius
1711 2254 1758 2280 fuit
1776 2254 1918 2287 displicens
1937 2257 1962 2280 et
1980 2261 2123 2286 perversus
2142 2254 2193 2280 549
2215 2254 2248 2280 32

1687 2312 1723 2318 -
1742 2298 1859 2331 rugiebat
1877 2297 2013 2330 publicum
2031 2302 2058 2325 et
2076 2298 2221 2332 quaerebat
2239 2305 2276 2324 se-

1635 2345 1734 2369 cretum
1755 2343 1798 2369 Vll
1818 2343 1869 2369 542
1888 2343 1905 2368 7
1926 2357 1959 2362 -
1978 2343 2084 2369 intravit
2112 2343 2137 2368 in
2157 2349 2218 2369 eum
2238 2349 2276 2369 sa-

1635 2389 1708 2413 tanas
1726 2394 1779 2413 non
1798 2394 1846 2419 per
1864 2387 1985 2419 illapsum
2005 2387 2144 2420 essentiae,
2167 2387 2215 2413 sed
2228 2393 2276 2419 per

1635 2432 1831 2464 suggestionem
1860 2432 1992 2465 nequitiae
2011 2431 2057 2457 541
2088 2432 2103 2457 4
2129 2446 2164 2450 —-
2184 2431 2275 2458 ludam

1634 2475 1755 2502 diabolus
1775 2476 1878 2508 plenius
1897 2476 2029 2508 possedit,
2050 2476 2111 2509 quia
2131 2479 2168 2502 tot
2187 2476 2275 2502 modis

1634 2520 1758 2546 excitatus
1777 2521 1811 2546 ad
1830 2520 2018 2552 poenitendum
2033 2527 2084 2546 non
2099 2520 2227 2552 poenituit
2242 2520 2273 2546 Vl

1635 2565 1685 2590 433
1715 2564 1747 2590 43
1778 2579 1810 2583 -
1839 2565 1999 2591 Acceleratio
2025 2564 2104 2591 ludae
2132 2564 2275 2597 proditoris

1634 2610 1698 2634 sacta
1728 2612 1766 2635 est
1793 2615 1841 2641 per
1869 2610 2054 2635 vehementem
2082 2608 2274 2635 infestationem

1633 2653 1743 2684 diaboli,
1762 2660 1843 2686 quam
1862 2652 1954 2679 habuit
1973 2653 1999 2678 in
2019 2653 2105 2685 ipsum
2120 2655 2179 2685 post
2191 2652 2275 2685 ipsius

1633 2697 1822 2723 correctionem
1843 2696 1894 2722 430
1912 2696 1957 2723 34.
1977 2697 2028 2723 433
2049 2696 2082 2722 44
2102 2711 2136 2715 -
2149 2697 2274 2723 accelera-

1633 2740 1686 2772 bat,
1704 2741 1772 2767 sicut
1790 2740 1911 2767 diabolus
1924 2740 2093 2773 suggerebat,
2112 2744 2138 2767 et
2156 2740 2274 2767 Christus

1632 2785 1796 2818 praedixerat
1815 2784 1866 2811 430
1887 2786 1928 2811 36.
1951 2785 2001 2811 433
2022 2785 2056 2811 44

1685 2844 1720 2848 —
1739 2829 1846 2855 tradidit
1864 2830 1948 2855 lesum
1963 2829 2128 2862 principibus
2141 2830 2175 2855 Vl
2190 2828 2240 2855 478
2257 2830 2272 2855 4

1633 2874 1793 2900 ——tradidit
1819 2873 1951 2900 Christum
1980 2874 2150 2906 suggestione
2176 2872 2272 2899 diaboli

1633 2918 1684 2944 425
1704 2919 1718 2944 3
1738 2932 1773 2937 -
1792 2921 1901 2951 propter
1919 2918 2057 2944 avaritiam
2083 2925 2159 2944 suam
2185 2918 2274 2944 vendi-

1632 2963 1670 2989 dit
1695 2962 1835 2989 Dominum
1865 2962 1910 2988 411
1936 2963 1952 2988 6
1971 2976 2007 2982 -
2032 2962 2137 2989 volebat
2160 2965 2273 2988 mortem

1631 3006 1725 3033 Christi
1745 3014 1775 3033 ex
1794 3007 1903 3033 avaritia
1923 3007 1966 3032 Vll
1986 3007 2038 3033 549
2058 3007 2091 3032 32
2110 3020 2146 3026 -
2165 3006 2273 3032 tradidit

1631 3051 1763 3078 Christum
1791 3058 1839 3083 per
1866 3051 2076 3077 scelestissimam
2101 3050 2272 3083 cupiditatem

1632 3095 1683 3122 542
1702 3095 1718 3121 7
1738 3109 1773 3115 -
1793 3095 1899 3121 tradidit
1922 3094 2053 3121 Christum
2080 3102 2110 3121 ex
2129 3094 2272 3127 cupiditate

1633 3141 1663 3166 Vl
1684 3140 1730 3165 601
1755 3147 1782 3165 v.
1795 3140 1839 3165 21.
1853 3139 1905 3165 615
1920 3139 1930 3164 1
1948 3152 1984 3159 -
1998 3142 2086 3165 motus
2098 3145 2113 3164 a
2127 3138 2271 3171 cupiditate

1631 3183 1764 3210 consensit
1782 3190 1842 3209 cum
1862 3182 2028 3216 principibus
2047 3183 2073 3208 in
2092 3189 2176 3208 unum
2202 3189 2279 3208 com--

1632 3228 1759 3254 mercium
1779 3234 1936 3259 perversum
1956 3230 1982 3253 et
2000 3227 2111 3259 impium
2132 3227 2175 3252 Vll
2189 3226 2235 3253 541
2254 3226 2270 3252 5

1682 3285 1719 3291 —
1737 3274 1844 3304 pactum
1863 3271 1923 3297 fecit
1950 3278 2011 3297 cum
2036 3271 2138 3297 ludaeis
2156 3277 2204 3303 pro
2230 3270 2271 3296 tri-

1630 3316 1702 3348 ginta
1721 3316 1853 3348 argenteis
1873 3316 1915 3341 Vll
1935 3315 1982 3341 541
2016 3316 2031 3340 6
2050 3329 2086 3348 -1
2114 3315 2187 3347 petiit
2213 3321 2271 3346 pre-

1630 3361 1695 3386 tium
1720 3360 1855 3392 sanguinis
1880 3359 1977 3386 Christi
2006 3358 2040 3386 ib.
2069 3360 2085 3385 5
2111 3373 2146 3379 -
2169 3358 2271 3391 accepit

1630 3404 1744 3437 pretium
1765 3403 1903 3437 unguenti,
1923 3403 1996 3436 quod
2015 3403 2168 3435 Magdalena
2186 3409 2270 3434 super
