2476 3921
160 879 264 903 secundo,

136 905 239 933 promotio
258 905 280 926 si-

137 932 172 954 dei
177 931 246 958 quoad
252 937 283 953 re-

154 958 270 980 vei-entiam

155 985 272 1006 Creatoris.

136 1566 194 1591 ilem,
225 1566 280 1587 uoad

163 1593 213 1614 intel
224 1593 280 1619 igen-

162 1620 213 1640 tiam
239 1619 281 1640 Me-

162 1646 257 1667 diatoris.

160 2414 268 2441 Expositio

155 2441 280 2468 spiritualis.

146 2468 232 2515 Triptl'psx
246 2469 287 2488 sta-

145 2684 216 2704 Status
231 2684 289 2704 iusti-

149 2710 189 2731 tiae
201 2710 287 2737 triplex.

193 2737 283 2757 Primus.

167 2948 285 2968 Secundus.

303 259 363 289 172

300 344 393 377 illum
415 343 520 375 matri
542 351 642 378 suae,-
666 341 697 373 in
721 349 785 382 quo
808 339 959 377 ostendit,
984 347 1017 371 se
1041 338 1128 370 illum
1154 337 1253 370 susci-

300 401 379 429 tasse
402 396 440 428 ad
464 394 573 427 matris
596 393 848 426 consolationem.
871 391 955 424 Unde
978 391 1046 433 ipsa
1061 394 1184 433 poterat
1206 390 1253 422 di-

299 458 368 482 cere
392 448 468 481 illud
492 448 594 479 Annae
617 445 708 488 primi
735 446 851 487 Regum
876 445 1020 486 primo1:
1043 457 1058 472 «
1074 443 1168 476 Oravi
1193 444 1252 475 Do-

300 502 417 534 minum
454 509 511 542 pro
542 507 641 541 puero
670 498 746 536 isto,
781 501 813 530 et
842 497 927 530 dedit
961 497 1036 529 mihi
1073 496 1253 538 petitionem

299 563 397 587 meam
412 567 442 585 ».
467 553 516 585 Sic
540 552 620 584 Elias
643 551 769 584 tradidit
793 559 927 593 puerum
944 550 1164 583 resuscitatum
1188 559 1253 581 ma-

301 608 338 640 tri
363 616 447 645 suae,
470 606 577 638 dicens
600 604 683 637 tertii
708 604 824 646 Regum
849 603 969 636 decimo
993 603 1142 645 septimo:
1166 616 1180 631 «
1198 602 1252 641 En,

300 660 381 692 tilius
405 663 480 691 tuus
497 658 573 690 vivit
589 657 697 696 »ised
721 657 773 689 ille
790 656 949 694 tradidit,
966 656 1025 688 iste
1049 655 1154 693 dedit,
1180 655 1254 697 quia

299 713 349 744 ille
380 711 439 744 fuit
461 710 603 743 minister
627 709 855 747 suscitationis,
888 708 946 741 iste
969 717 1045 741 vero
1067 707 1157 740 dator
1173 707 1254 740 vitae

298 769 328 797 et
351 764 469 797 salutis.

385 818 437 850 29.
463 817 564 857 (Vers.
596 816 669 852 16.).
695 815 836 848 Secundo
865 824 940 848 vero
966 815 1148 856 designatur
1176 823 1255 856 pro-

297 871 396 904 motio
418 869 497 912 fidei
518 871 672 911 quantum
695 868 734 901 ad
749 868 968 900 reverentiam
985 867 1165 905 Creatoris,
1182 875 1255 899 cum

298 924 431 957 dicitur:
458 923 590 965 Accepit
613 926 725 954 autem
747 931 858 954 omnes
882 921 997 959 timor,
1013 925 1043 952 et
1058 920 1256 962 magnifica-

298 977 377 1009 bant
402 977 506 1008 Deam
515 987 526 1014 ;
540 976 650 1008 timor
666 975 783 1008 scilicet
799 973 995 1007 reverentiae
1011 973 1256 1015 magnificantis3

299 1030 350 1063 lob
366 1029 526 1071 trigesimo
550 1028 683 1070 septimo
696 1028 726 1059 ²:
749 1040 765 1056 «
781 1027 949 1059 Timebunt
964 1035 1042 1059 eum
1054 1026 1131 1064 viri,
1148 1030 1179 1058 et
1196 1035 1257 1058 non

298 1082 459 1115 audebunt
482 1078 685 1122 contemplari
709 1089 832 1118 omnes,
857 1079 911 1121 qui
936 1079 994 1112 sibi
1018 1078 1165 1111 videntur
1189 1087 1258 1110 esse

297 1137 452 1178 sapientes
469 1147 499 1174 ”3
524 1137 556 1167 et
580 1134 673 1167 isaiae
706 1132 966 1175 quinquagesimo
995 1141 1094 1164 nono:
1124 1145 1138 1159 ιι
1156 1131 1258 1163 Time-

298 1191 376 1222 bunt
399 1189 453 1230 qui
478 1188 518 1220 ab
541 1187 700 1220 occidente
716 1194 830 1218 nomen
854 1185 993 1224 Domini,
1011 1184 1112 1227 etqui
1128 1184 1168 1216 ab
1184 1187 1258 1216 ortu

297 1242 388 1280 solis,
412 1241 544 1284 gloriam
569 1240 637 1273 eius
654 1253 684 1271 ».
711 1239 746 1271 Et
769 1238 813 1271 sic
846 1238 990 1270 timentes
1021 1237 1116 1270 corde
1140 1236 1258 1279 glorifi-

298 1295 409 1327 cabant
432 1296 463 1327 et
487 1292 728 1335 magnificabant
749 1300 821 1330 ore;
845 1290 1049 1324 Ecclesiastici
1081 1290 1257 1332 quadrage—

298 1349 377 1381 simo
393 1347 500 1380 tertio:
523 1360 539 1375 «ι
550 1346 766 1379 Glorificantes
778 1354 863 1383 eum,
880 1348 1173 1387 quantumcumque
1190 1346 1257 1385 pot-

298 1401 389 1440 estis,
414 1400 627 1442 supervalebit
661 1399 809 1432 adhuc».
839 1410 855 1426 α
873 1398 908 1430 Εῑ
939 1397 1012 1440 quis
1044 1396 1257 1439 magnificabit

298 1464 388 1493 eum,
413 1454 495 1487 sicut
518 1457 566 1486 est
589 1463 607 1485 a
631 1453 843 1495 principion?

389 1507 440 1540 30.
466 1507 524 1539 Sed
556 1515 617 1539 non
649 1505 841 1539 sufficienter
874 1509 1078 1547 promovetur
1110 1503 1188 1538 fides
1218 1503 1255 1536 ad

300 1560 507 1593 reverentiam
531 1559 687 1591 Creatoris
711 1559 776 1591 sine
802 1557 1016 1600 intelligentia
1044 1550 1257 1594 Mediatoris;

299 1617 330 1646 et
354 1613 422 1645 ideo
445 1615 598 1654 quantum
614 1612 653 1644 ad
669 1612 752 1644 illam
769 1611 969 1653 adiungitur:
989 1610 1150 1642 Dicentes:
1170 1609 1257 1650 Quia

299 1665 462 1709 propheta
492 1675 637 1708 magnus
670 1664 819 1697 surremit
843 1664 879 1696 in
906 1663 1018 1702 nobis,
1042 1664 1073 1696 id
1097 1667 1144 1696 est
1167 1663 1257 1695 Chri-

302 1724 370 1753 stus
393 1719 562 1757 mediator,
587 1717 759 1751 secundum
785 1717 862 1749 illud
886 1717 1120 1749 Deuteronomii
1137 1716 1257 1749 decimo

302 1772 454 1805 octav032
483 1784 499 1800 «
516 1771 701 1812 Prophetam
734 1770 898 1802 suscitabit
925 1769 1013 1802 vobis
1036 1769 1188 1801 Dominus
1218 1768 1257 1801 de

301 1825 452 1859 fratribus
476 1824 588 1857 vestris
612 1828 760 1866 tanquam
785 1832 853 1861 me;
886 1823 988 1864 ipsum
1012 1822 1146 1855 audietis
1163 1836 1192 1854 ».
1219 1823 1259 1854 Et

300 1879 380 1923 qaia
405 1878 492 1911 Deus
508 1877 654 1910 visitavit
673 1875 796 1918 plebem
819 1885 937 1920 Suam,
963 1875 1079 1908 scilicet
1097 1884 1152 1917 per
1168 1875 1259 1907 Chri-

300 1935 383 1965 stum
409 1931 658 1972 redemptorem,
683 1929 857 1962 secundum
882 1929 959 1961 illud
976 1929 1145 1961 Zachariae
1162 1937 1259 1970 supra

302 1985 442 2027 primo4:
473 1997 488 2012 «
505 1983 688 2017 Benedictus
713 1983 864 2015 Dominus
888 1983 971 2015 Deus
987 1982 1098 2021 israel,
1116 1982 1190 2024 quia
1214 1982 1258 2013 vi-

300 2038 404 2071 sitavit
435 2041 466 2071 et
489 2037 560 2070 fecit
584 2036 829 2078 redemptionem
855 2036 954 2077 plebis
985 2044 1061 2068 suae
1077 2048 1108 2073 »;
1133 2039 1164 2068 et
1200 2035 1259 2067 hoc

301 2092 473 2125 secundum
498 2091 574 2123 illud
592 2090 719 2123 Genesis
735 2090 864 2122 intimo:
886 2102 901 2118 «
920 2090 990 2122 Post
1007 2092 1140 2121 mortem
1158 2097 1260 2121 meam

301 2145 437 2178 visitabit
461 2153 516 2177 vos
539 2144 691 2176 Dominus
723 2147 754 2176 et
785 2143 898 2176 educet
920 2152 976 2176 vos
999 2143 1037 2176 de
1062 2143 1129 2175 loco
1152 2143 1211 2175 isto
1228 2154 1258 2181 ”3

300 2198 384 2240 quod
407 2197 551 2239 intelligit
573 2197 611 2229 de
643 2197 819 2229 visitatione
851 2205 907 2238 per
938 2196 1141 2229 mediatorem
1170 2196 1259 2228 Chri-

300 2255 393 2284 stum.
408 2269 449 2274 —
464 2250 498 2282 Et
514 2250 557 2283 sic
573 2252 704 2292 apparet
720 2259 761 2282 ex
778 2249 962 2291 praedictis,
987 2249 1145 2291 quomodo
1160 2249 1259 2281 mani-

301 2305 431 2337 festatus
454 2307 501 2336 est
524 2307 678 2345 quantum
694 2302 733 2335 ad
746 2303 963 2335 excellentiam
987 2303 1149 2344 potestatis
1173 2311 1257 2335 suae.

390 2357 442 2390 31.
456 2356 646 2403 ⁸Secundum
669 2356 880 2398 spiritualem
900 2355 1147 2398 intelliqentiam
1171 2360 1257 2394 nota,

302 2410 386 2453 quod
410 2410 527 2452 triplex
552 2412 652 2442 status
684 2409 715 2441 in
747 2410 966 2450 prosecutione
994 2409 1091 2441 huius
1114 2409 1258 2442 miraculi

301 2464 501 2505 designatur,
526 2462 644 2494 scilicet
674 2465 775 2494 status
805 2462 952 2494 iustitiae
975 2462 1005 2494 in
1031 2463 1181 2495 comitatu
1205 2463 1259 2495 do-

302 2516 433 2561 min-ic03
458 2519 558 2548 status
581 2515 765 2547 iniustitiae
787 2515 817 2547 in
843 2515 1037 2548 adolescente
1062 2519 1204 2555 mortuo;
1229 2519 1260 2548 et

303 2573 404 2602 status
425 2568 641 2611 poenitentiae
672 2568 702 2600 in
735 2567 843 2601 eodem
867 2568 1062 2601 resuscitato.
1088 2587 1130 2591 --
1155 2570 1261 2601 Status

303 2623 429 2665 quidem
454 2621 602 2654 iustitiae
625 2621 807 2663 designatur
843 2621 875 2653 in
906 2621 1031 2653 Christo
1055 2624 1086 2654 et
1109 2622 1259 2654 comitatu

303 2685 369 2708 suo.
394 2676 471 2707 Nam
495 2674 611 2716 triplex
635 2678 682 2707 est
714 2677 814 2706 status
844 2673 1020 2713 iustorum,
1044 2674 1162 2706 scilicet
1185 2684 1260 2707 con-

303 2727 541 2771 templationis,
562 2726 783 2770 praelationis
806 2730 837 2759 et
859 2727 1009 2759 actionis.
1035 2728 1140 2760 Status
1160 2737 1259 2770 prae—

303 2781 450 2814 latorum
473 2780 655 2822 designatur
687 2780 717 2811 in
749 2779 888 2818 Christo,
913 2779 951 2812 de
975 2789 1039 2822 quo
1063 2781 1184 2813 loannis
1207 2781 1260 2814 de—

303 2834 421 2868 cimo⁵:
443 2847 458 2863 «
472 2834 533 2876 Ego
545 2842 615 2866 sum
630 2835 734 2875 pastor
750 2833 865 2871 bonus;
884 2833 985 2866 bonus
1001 2837 1107 2875 pastor
1122 2834 1258 2867 animam

304 2897 393 2921 suam
416 2888 469 2920 dat
493 2896 551 2929 pro
574 2886 686 2919 ovibus
710 2886 776 2918 suis
793 2898 822 2925 »3
848 2886 902 2919 ubi
927 2887 957 2919 in
982 2896 1014 2920 se
1037 2888 1173 2920 ostendit
1196 2888 1259 2921 sor-

306 2950 385 2973 mam
422 2944 524 2973 rectae
556 2939 765 2981 praelationis.
778 2956 832 2982 ,-
858 2939 963 2972 Status
996 2940 1259 2982 contemplativo-

888 250 1080 283 COMMENT.
1107 251 1142 282 IN
1169 249 1405 282 EVANGELIUM
1430 249 1548 282 LUCAE
1573 248 1604 279 C.
1630 248 1689 280 Vll.

1316 345 1591 387 transfiguratione
1609 344 1745 382 Domini,
1764 342 1936 376 secundum
1961 343 2038 376 illud
2056 344 2200 376 Matthaei
2223 343 2276 376 de-

1316 399 1397 431 cimo
1421 399 1553 440 septimo
1565 398 1595 429 ⁶:
1625 410 1640 425 «
1659 397 1812 430 Assumsit
1829 397 1914 430 lesus
1931 397 2056 429 Petrum
2075 400 2107 429 et
2131 397 2277 429 Iacobum

1316 455 1347 484 et
1372 453 1515 484 loannem
1552 451 1680 483 fratrem
1706 450 1792 488 eius,
1815 454 1848 483 et
1870 450 1964 483 duxit
1986 450 2059 482 illos
2082 450 2113 482 in
2139 453 2276 482 montem

1317 504 1479 537 excelsum
1503 513 1664 541 seorsum,
1690 507 1722 536 et
1746 503 1990 544 transfiguratus
2013 506 2060 534 est
2083 506 2155 534 ante
2175 511 2228 534 eos
2245 514 2275 540 »;

1317 561 1348 590 et
1371 557 1452 589 infra
1475 557 1612 589 decimo:
1642 569 1657 584 α
1674 556 1852 588 Conversus
1875 556 1914 588 ad
1937 555 2107 597 discipulos
2123 563 2207 593 suos,
2231 555 2276 587 di-

1318 610 1383 641 xit:
1408 609 1489 642 Beati
1515 609 1616 647 oculi,
1642 609 1695 650 qui
1722 608 1827 641 vident
1850 617 1931 650 quae
1955 617 2010 640 vos
2035 607 2145 640 videtis
2162 601 2192 645 »ξ
2217 608 2276 640 hoc

1317 661 1433 694 dicitur
1457 661 1715 703 contemplativis.
1734 679 1776 683 ——
1793 661 1899 693 Status
1922 660 2112 692 activorum
2134 659 2277 702 designa-
2295 663 2386 684 remus.

1318 719 1371 747 tur
1396 715 1426 747 in
1452 714 1563 753 turba,
1588 723 1669 756 quae
1692 717 1837 747 versatur
1861 714 1892 746 in
1918 713 2067 746 fluctibus
2091 712 2213 751 mundi;
2231 713 2277 745 in-

1318 767 1366 800 fra
1388 767 1551 800 decimo⁷:
1581 780 1597 795 «
1612 768 1751 806 Martha,
1777 767 1915 805 Martha,
1940 766 2071 799 sollicita
2093 774 2127 813 es
2150 769 2181 798 et
2209 770 2277 798 tur·
2312 798 2315 800 .

1318 821 1403 853 baris
1427 829 1502 862 erga
1525 820 1662 862 plurima
1679 832 1709 859 »;
1733 820 1822 862 quia,
1858 820 2031 853 secundum
2056 820 2140 862 quod
2162 819 2278 852 dicitur

1320 873 1441 905 Ioannis
1464 872 1584 905 decimo
1608 877 1717 911 sext0‚
1747 885 1762 900 «
1779 873 1809 904 in
1835 872 1953 905 mundo
1977 881 2158 914 pressuram
2182 872 2278 905 habe-

1320 925 1409 963 bitis;
1433 925 1488 957 sed
1511 925 1674 964 confidite,
1698 934 1756 967 ego
1780 925 1838 957 vici
1864 925 2016 957 mundum
2034 938 2064 956 ».
2090 944 2133 948 —
2157 925 2201 957 De
2217 925 2277 957 hoc
2295 927 2379 954 Figura·

1321 978 1435 1019 triplici
1459 982 1544 1011 statu
1567 978 1714 1010 iustitiae
1736 978 1853 1010 dicitur
1872 978 1903 1009 in
1922 978 2024 1019 figura
2041 978 2209 1011 Ezechielis
2225 978 2278 1011 de-

1321 1031 1402 1063 cimo
1418 1035 1532 1073 quarto
1545 1031 1576 1063 8:
1596 1044 1611 1060 α
1624 1032 1653 1063 Si
1670 1031 1810 1064 fueritin
1827 1031 1929 1064 medio
1945 1031 2014 1064 eius
2030 1032 2107 1070 Noe,
2124 1031 2232 1064 Daniel
2249 1035 2279 1064 et

1322 1084 1391 1123 10b;
1409 1085 1467 1126 ipsi
1483 1084 1610 1126 quidem
1623 1085 1743 1117 animas
1755 1093 1828 1117 suas
1842 1084 2020 1117 liberabunt
2034 1098 2049 1113 ι)
2070 1088 2127 1118 etc.
2143 1085 2200 1118 Per
2213 1084 2280 1117 Noe

1322 1137 1541 1179 intelliguntur
1554 1137 1702 1178 praelati
1709 1149 1720 1174 ;
1737 1146 1792 1179 per
1812 1137 1998 1176 Danielem,
2015 1138 2064 1169 cui
2082 1137 2154 1170 data
2170 1141 2217 1170 est
2233 1137 2280 1170 in—

1323 1190 1493 1232 telligentia
1516 1190 1690 1229 visionum,
1715 1190 1959 1232 contemplativi
1970 1202 1981 1228 ,·
2006 1200 2061 1232 per
2086 1191 2153 1230 Iob,
2167 1191 2278 1223 activi.

1412 1243 1463 1275 32.
1482 1243 1587 1275 Status
1604 1251 1679 1275 vero
1695 1242 1811 1284 culpae
1835 1243 2017 1285 designatur
2033 1243 2063 1276 in
2082 1244 2280 1277 adolescente

1321 1300 1472 1333 mortuo,
1497 1295 1589 1328 cuius
1614 1295 1729 1337 triplex
1754 1299 1801 1328 est
1831 1295 1966 1337 gradus:
1991 1296 2114 1338 primus
2137 1297 2169 1329 in
2201 1297 2280 1329 inte-

1322 1348 1410 1381 riori
1433 1347 1618 1391 affectione;
1643 1348 1818 1387 secundus,
1843 1349 1874 1381 in
1898 1349 2056 1381 exteriori
2075 1349 2280 1391 operatione,-

1322 1401 1436 1435 tertius
1454 1411 1553 1440 ‚ver0,
1585 1402 1616 1434 in
1641 1402 1875 1434 consuetudine
1906 1402 1971 1434 sive
2003 1402 2219 1435 obstinatione.
2245 1403 2279 1435 Hi

1322 1460 1387 1489 tres
1410 1459 1510 1488 status
1527 1464 1583 1497 per
1608 1458 1673 1488 tres
1696 1459 1838 1488 mortuos
1861 1465 1879 1488 a
1901 1455 2030 1488 Domino
2047 1456 2212 1489 suscitatos
2227 1456 2280 1489 de-

1321 1509 1486 1550 signantur
1515 1512 1582 1541 tum
1620 1508 1740 1540 ratione
1763 1508 1929 1547 locorum,
1955 1512 2021 1541 tum
2046 1509 2166 1542 ratione
2190 1513 2281 1542 aeta-

1321 1566 1400 1594 tum.
1419 1580 1461 1586 —-
1478 1562 1553 1594 Nam
1579 1565 1679 1594 status
1699 1562 1910 1603 peccantium
1926 1562 1962 1594 in
1985 1562 2082 1594 corde
2097 1562 2279 1605 designatur

1321 1624 1377 1657 per
1409 1615 1546 1657 puellam
1576 1618 1731 1647 mortuam
1765 1615 1794 1646 in
1831 1615 1945 1653 domo,
1977 1615 2016 1647 de
2051 1624 2114 1657 qua
2145 1615 2280 1648 habetur

1320 1669 1413 1701 Marci
1439 1669 1550 1711 quinto
1563 1668 1585 1700 ⁹.
1612 1686 1654 1691 —
1678 1669 1784 1700 Status
1797 1668 2007 1710 peccantium
2031 1667 2067 1700 in
2090 1677 2197 1710 opere,
2222 1677 2278 1710 per

1320 1722 1566 1760 adolescentem,
1591 1721 1645 1764 qui
1669 1721 1708 1754 ad
1729 1725 1865 1763 portam
1889 1720 2034 1753 civitatis
2058 1721 2205 1753 inventus
2221 1724 2279 1759 est,

1321 1775 1396 1816 quia
1419 1775 1479 1807 iam
1506 1776 1657 1817 processit
1681 1779 1844 1818 peccatum
1868 1778 1898 1808 et
1923 1774 2040 1816 patuit,
2065 1774 2103 1807 de
2131 1783 2195 1816 quo
2219 1774 2278 1807 hic.

1324 1846 1363 1850 —
1390 1829 1495 1860 Status
1521 1828 1730 1870 peccantium
1763 1838 1824 1870 per
1860 1827 2128 1860 consuetudinem
2164 1830 2195 1860 et
2225 1827 2281 1860 ob-

1323 1881 1538 1919 stinationem,
1564 1891 1618 1923 per
1643 1883 1812 1921 Lazarum,
1838 1882 1898 1914 iam
1932 1882 1962 1913 in
1995 1881 2077 1913 virili
2113 1884 2214 1914 aetate
2238 1880 2281 1913 ia-

1323 1937 1463 1972 centem,
1496 1934 1556 1966 iam
1591 1935 1838 1976 quatriduanum
1873 1939 2036 1967 mortuum
2068 1938 2100 1967 et
2132 1934 2281 1967 foetidum

1324 1987 1354 2019 in
1379 1988 1541 2029 sepulcro,
1567 1988 1687 2020 loannis
1711 1989 1876 2021 undecimo
1896 1989 1930 2020 ¹⁰.
1956 2007 1999 2011 -—
2023 1988 2074 2021 His
2099 1988 2201 2021 tribus
2233 1997 2282 2021 re-

1324 2040 1476 2082 spondent
1500 2044 1565 2072 tres
1588 2041 1703 2072 mortui
1729 2041 1868 2073 suscitati
1895 2042 1924 2073 in
1955 2042 2052 2074 veteri
2078 2044 2281 2081 testamento,

1324 2094 1441 2126 scilicet
1459 2093 1625 2135 puerulus
1649 2094 1688 2126 ab
1714 2094 1829 2132 Eliseo,
1854 2095 1938 2127 filius
1969 2095 2111 2128 mulieris
2139 2095 2282 2128 Sunami-

1324 2148 1382 2186 tis,
1406 2147 1510 2189 quarti
1536 2147 1653 2188 Regum
1678 2151 1792 2189 quarto
1807 2149 1846 2186 11;
1871 2148 2075 2187 adolescens,
2105 2149 2188 2181 filius
2213 2158 2283 2181 mu-

1324 2200 1410 2233 lieris
1433 2201 1639 2242 Sareptanae,
1671 2200 1840 2233 suscitatus
1871 2201 1911 2233 ab
1936 2201 2016 2239 Elia;
2049 2202 2132 2234 tertii
2166 2203 2282 2244 Regum

1323 2254 1444 2286 decimo
1476 2253 1624 2295 septim03
1650 2257 1681 2286 et
1704 2253 1776 2291 vir,
1808 2253 1848 2285 ab
1882 2254 1981 2286 Eliseo
2013 2258 2152 2293 mortuo,
2177 2255 2281 2297 quarti

1324 2306 1441 2348 Regum
1466 2305 1587 2338 decimo
1611 2306 1713 2338 tertio.
1742 2306 1771 2337 ln
1799 2306 1847 2338 his
1864 2306 1967 2338 tribus
1991 2306 2195 2349 designantur
2219 2311 2283 2341 tres

1324 2359 1473 2401 praedicti
1499 2362 1609 2391 status.
1636 2378 1675 2382 ——
1702 2359 1833 2391 Possunt
1857 2360 1950 2391 etiam
1976 2359 2005 2391 in
2028 2360 2076 2392 his
2093 2360 2196 2392 tribus
2220 2364 2284 2393 tres

1324 2412 1456 2444 radices
1485 2416 1694 2453 peccatorum
1719 2411 1893 2453 designari,
1918 2411 1992 2453 quia
2023 2421 2107 2444 unus
2138 2415 2284 2445 mortuus

1324 2474 1365 2497 ex
1384 2464 1544 2507 tanguore
1557 2464 1795 2506 aeyritadinis,
1813 2465 1844 2497 in
1869 2474 1932 2507 quo
1948 2465 2284 2507 concupiscentiacar-

1324 2517 1387 2555 nis;
1405 2517 1485 2549 alius
1498 2526 1537 2549 ex
1556 2516 1686 2558 fervore
1705 2517 1784 2549 solis
1795 2517 1880 2561 ¹2,>in
1903 2527 1966 2560 quo
1983 2518 2137 2560 cupiditas
2157 2518 2281 2557 mundi;

1324 2570 1438 2602 tertius
1454 2570 1679 2609 invisibiliter,
1698 2571 1727 2602 in
1745 2580 1808 2612 quo
1825 2571 1974 2613 superbia
1990 2571 2080 2604 vitae.

1414 2625 1520 2656 Status
1543 2627 1647 2656 autem
1669 2624 1886 2666 poenitentiae
1913 2624 2095 2666 designatur
2120 2624 2150 2657 in
2175 2625 2283 2658 adole-
2294 2626 2446 2674 nistffiggergss

1323 2681 1429 2709 scente
1452 2677 1665 2715 resuscitato,
1690 2677 1728 2710 de
1752 2687 1816 2719 quo
1846 2677 1980 2716 dicitur,
2005 2678 2089 2720 quod
2113 2678 2233 2711 resedit
2255 2680 2343 2711 etv¹⁰¹
2361 2679 2444 2706 &³²1⁰ss-

1324 2731 1427 2772 coepit
1451 2730 1540 2773 loqui
1561 2735 1589 2763 et
1613 2731 1763 2763 redditus
1786 2735 1833 2763 est
1856 2733 1969 2763 matri.
1997 2731 2124 2764 Resedit
2155 2731 2282 2774 quidem
2301 2732 2393 2754 Primus.

1325 2792 1380 2825 per
1404 2783 1632 2822 contritionem,
1656 2793 1737 2825 quae
1762 2784 1843 2816 levat
1867 2789 1961 2826 caput
1985 2794 2003 2816 a
2027 2787 2129 2823 terra;
2146 2785 2176 2817 in
2201 2785 2283 2817 Psal-

1324 2846 1375 2869 mo
1389 2836 1429 2868 13:
1460 2849 1475 2864 «
1492 2837 1634 2878 Surgite,
1652 2841 1815 2879 postquam
1833 2837 1993 2875 sederitis,
2017 2837 2071 2879 qui
2089 2837 2283 2871 manducatis

1324 2898 1435 2930 panem
1458 2889 1575 2922 doloris
1591 2902 1621 2927 »3
1646 2893 1678 2922 et
1701 2890 1874 2922 secundum
1899 2890 1975 2922 illud
1995 2890 2139 2923 ieremiae
2162 2890 2283 2924 decimo

1324 2942 1447 2984 quinto:
1479 2943 1601 2975 «Solus
1624 2943 1786 2981 sedebam,
1812 2943 1959 2985 quoniam
1995 2943 2204 2977 amaritudine
2233 2953 2282 2977 re-

2306 1245 2378 1266 Status
2391 1246 2433 1267 cul-

2299 1277 2340 1299 pae
2358 1272 2433 1299 triplex

2300 1298 2384 1325 gradus.

2299 1564 2389 1586 Primus.

2298 1671 2416 1694 Secundus.

2300 1830 2390 1852 Tertius.

2303 2361 2380 2382 Aliter.

304 3003 383 3025 rum
418 2994 447 3025 in
479 2993 654 3035 discipulis,
679 2991 733 3034 qui
756 2991 966 3025 admittuntur
997 2993 1028 3025 in
1066 2996 1202 3026 montem
1228 2994 1258 3025 in
1290 2979 1293 3018 Ι
1323 2994 1413 3036 plesti
1449 3004 1498 3027 me
1523 3009 1552 3026 ».
1592 2995 1699 3037 Coepit
1735 2995 1842 3039 loqui,
1868 3005 1923 3037 per
1948 2995 2192 3035 confessionem;
2230 2996 2282 3029 lob
2301 2997 2417 3019 S⁹⁰¹¹¹¹²¹⁰⁸·

378 3152 385 3166 ¹
410 3154 474 3185 Vers
504 3153 544 3179 27.
568 3167 600 3172 —
619 3153 737 3179 Subinde
750 3154 878 3185 allegatur
898 3154 933 3179 ΙΙΙ,
954 3154 1018 3186 Reg.
1039 3154 1086 3186 ⁴7,
1106 3155 1147 3180 23.

376 3196 386 3210 ²
408 3198 480 3223 Vers.
496 3195 548 3230 24,
568 3202 627 3229 post
646 3205 725 3230 quem
748 3198 802 3223 lsai.
822 3197 871 3229 59,
896 3198 938 3229 19,
959 3199 1032 3224 Eccli.
1053 3199 1099 3229 43,
1114 3200 1155 3224 32.
1175 3203 1200 3225 et
1219 3199 1262 3224 35.

372 3239 389 3254 θ’
403 3242 478 3267 Vei-s.
499 3241 538 3267 15.
558 3256 593 3261 -
613 3242 739 3274 Superius
758 3249 805 3274 pro
825 3241 879 3268 Sed
904 3249 959 3268 non
978 3242 1140 3276 sufficienter
1157 3250 1262 3277 promo-

308 3287 383 3311 vetur
402 3285 466 3320 fides
487 3286 544 3311 Vnt.
565 3285 618 3313 Sed
635 3293 690 3312 non
708 3286 806 3321 sufficit
821 3286 956 3320 promotio
974 3286 1044 3322 fidei.

379 3329 389 3343 ⁴
411 3330 484 3355 Vers.
505 3331 552 3360 68,
570 3331 613 3355 cui
632 3330 801 3362 subiungitur
819 3332 883 3356 Gen.
902 3331 951 3363 50,
971 3332 1014 3357 23.
1091 3330 1102 3345 ⁵
1124 3332 1198 3357 Vere.
1221 3332 1263 3357 tt.

379 3371 390 3387 ⁰
410 3374 485 3398 Vei-s.
508 3375 528 3398 l.
548 3381 603 3406 seq.
622 3388 657 3393 —
677 3375 799 3406 Sequitur
818 3376 879 3400 Luc.
902 3375 948 3407 ⁴0,
968 3376 1010 3401 23.

379 3415 389 3431 ⁷
413 3417 486 3443 Vere.
508 3417 554 3448 44,
574 3420 634 3449 post
653 3424 732 3451 quem
753 3418 822 3443 ioan.
842 3418 889 3450 16,
909 3418 953 3443 33.
1095 3417 1106 3432 ¹¹
1128 3419 1200 3444 Vers.
1222 3418 1264 3444 ⁴4·

1396 3154 1407 3169 ⁹
1427 3156 1500 3182 Vers.
1521 3156 1562 3182 35.
1582 3164 1656 3189 seqq.
1674 3170 1710 3175 ·—
1729 3156 1837 3182 inferius
1858 3157 1915 3182 Vat.
1935 3156 2029 3182 omittit
2046 3157 2072 3182 et
2085 3156 2184 3190 patuit.

1397 3198 1420 3214 ¹⁰
1440 3201 1514 3226 Vers.
1534 3201 1575 3225 39.
1596 3200 1647 3226 Csr.
1667 3200 1731 3225 infra
1746 3201 1774 3231 8,
1789 3200 1831 3226 55.
1845 3204 1871 3226 et
1884 3203 1947 3226 tom.
1963 3201 2002 3226 Vl.
2017 3207 2079 3232 pag.
2092 3200 2153 3232 399,
2167 3203 2226 3226 nota
2242 3200 2282 3225 15.

1398 3243 1418 3258 ¹¹
1440 3245 1514 3270 Vers.
1534 3246 1575 3270 32.
1595 3252 1668 3278 seqq.
1682 3258 1718 3263 ——
1731 3244 1847 3271 Subinde
1866 3246 2010 3277 allegantur
2030 3246 2066 3270 ΙΙΙ.
2087 3245 2150 3276 Reg.
2174 3245 2221 3275 17,
2240 3247 2281 3270 2¹.

1327 3295 1381 3321 seq.
1402 3291 1427 3313 et
1446 3288 1488 3313 lV.
1508 3289 1571 3320 ch.
1597 3288 1640 3320 13,
1660 3289 1701 3313 2⁴.

1399 3330 1420 3346 ¹⁹
1443 3334 1499 3358 vat.
1518 3332 1584 3358 sitis.
1605 3333 1640 3357 De
1660 3332 1746 3364 primo
1766 3334 1811 3358 cfr.
1832 3333 1867 3358 ΙΙΙ.
1888 3333 1953 3364 Reg.
1979 3333 2023 3364 17,
2044 3333 2094 3364 l7;
2114 3334 2147 3359 de
2166 3334 2282 3360 secundo

1329 3377 1369 3401 lV.
1390 3377 1454 3407 Reg.
1475 3376 1502 3407 4,
1524 3376 1565 3401 18.
1585 3376 1626 3401 19.

1401 3417 1422 3432 ¹⁸
1442 3419 1535 3443 Psalm.
1555 3419 1618 3450 ⁴26,
1638 3420 1667 3449 2,
1687 3422 1746 3449 post
1764 3426 1844 3450 quem
1863 3420 1909 3444 ler.
1933 3420 1978 3449 ¹5,
2000 3420 2039 3445 Π.
