2476 3921
232 351 322 384 Circa
334 351 555 394 repulsionem
571 350 756 392 duplicium
773 349 1022 382 introducuntur
1034 349 1112 382 dno:

7 411 134 460 ndreipleio·
148 405 287 447 primum
303 407 351 438 est
366 403 538 437 simulatio
552 403 792 446 simplicitatis,
810 403 983 436 secundum
1000 406 1048 435 est
1064 402 1114 434 de-

7 476 17 510 ,1
29 444 136 513 Ῠὶἑῗιιιῗω
149 458 240 491 tectio
254 459 266 478 ¹
289 457 506 500 duplicitatis.

2 542 3 554 ,
82 507 87 512 '
241 510 312 544 103.
338 511 439 549 (Vers.
458 511 535 549 57.).
561 510 664 543 Primo
681 510 778 552 igitur
798 514 954 552 quantum
978 509 1015 542 ad
1032 509 1112 541 sim-

2 583 3 586 =
25 570 128 594 Primum.
143 563 306 606 plicitatis
336 563 582 596 simulationem
610 563 702 595 dicit:
737 563 879 595 Factum
910 566 957 595 est
979 566 1111 601 autem,

147 616 398 649 ambulantibus
420 616 487 649 illis
510 616 546 649 in
570 616 643 655 via,
668 616 787 649 scilicet
809 615 972 658 discipulis
1001 615 1112 648 ambu-

146 670 285 703 lantibus
308 679 381 703 cum
405 670 538 702 Domino
562 670 592 702 in
617 669 668 702 via
691 669 906 712 perfectionis,
930 669 1012 702 sicut
1035 669 1112 701 dici-

147 726 201 756 tur
224 722 263 756 de
286 723 349 755 Noe
371 719 499 755 Genesis
523 726 614 755 sexto
628 723 657 754 2:
688 735 704 751 «
721 723 784 755 Noe
807 723 856 754 vir
881 722 985 755 iustus
1016 726 1112 764 atque

146 776 305 818 perfectus
325 784 396 808 cum
422 776 486 808 Deo
501 776 675 808 ambulavit
692 787 726 815 ”3
747 779 779 808 et
798 775 942 808 similiter
959 775 1112 808 Dominus

145 829 185 862 ad
209 829 380 868 Abraham,
404 828 532 861 Genesis
555 828 676 862 decimo
692 829 842 871 septimo:
873 842 888 858 «
905 829 1037 861 Ambula
1060 838 1112 861 co-

146 891 214 915 ram
239 891 303 921 me,
327 885 359 915 et
382 885 449 915 esto
473 882 673 924 perfectus».
699 883 743 915 De
767 892 831 924 qua
856 882 904 914 via
930 882 1025 915 Isaiae
1055 883 1111 915 tri-

145 936 281 979 gesimo:
312 949 327 964 «
345 936 457 969 Audies
481 936 614 969 verbum
639 937 853 978 praeceptoris
875 937 930 969 tui.
956 937 1035 969 Haec
1063 940 1111 969 est

146 989 196 1022 via
219 989 316 1027 bona;
342 989 501 1022 ambulate
525 989 556 1022 in
581 999 618 1022 ea
635 1003 664 1022 ».
689 1009 734 1013 —
757 990 791 1022 Et
815 989 890 1032 quia
913 990 944 1022 in
971 990 1029 1022 hac
1061 990 1111 1022 via

144 1043 328 1085 frequenter
354 1043 423 1075 mali
450 1043 649 1076 simulatione
673 1043 759 1085 iungi
778 1043 888 1076 volunt
912 1043 1016 1082 honis,
1041 1043 1111 1076 ideo

0 1113 3 1135 ι
144 1096 286 1129 additur:
306 1096 398 1139 Dixit
421 1096 560 1140 quidam
582 1097 628 1129 ad
646 1097 754 1129 lesum
767 1096 796 1128 3:
823 1096 953 1140 Sequar
974 1101 1017 1135 te,
1034 1107 1111 1140 quo-

145 1159 285 1194 cumque
308 1150 397 1182 ieris.
424 1150 454 1181 ln
479 1159 544 1191 quo
567 1149 769 1188 ostendebat,
795 1158 828 1182 se
856 1149 973 1182 habere
998 1150 1111 1182 volun-

1 1206 3 1221 *
145 1207 240 1236 tatem
264 1202 415 1245 sequendi
439 1202 591 1244 perfecte,
616 1212 689 1235 cum
715 1206 818 1235 tamen
842 1202 926 1235 aliud
952 1203 983 1235 in
1015 1203 1110 1236 corde

2 1261 3 1266 ¹
145 1256 294 1295 haberet,
320 1256 401 1289 sicut
418 1255 522 1288 Simon
546 1265 676 1298 magus,
700 1256 738 1289 de
752 1265 819 1298 quo
842 1256 959 1289 dicitur
975 1256 1110 1289 Actuum

144 1313 269 1349 octavo,
292 1309 376 1352 quod
407 1322 422 1337 (ι
438 1318 512 1341 cum
534 1309 776 1351 baptizabantur
801 1309 860 1342 viri
885 1312 916 1342 et
941 1309 1108 1349 mulieres,

143 1367 220 1396 tunc
244 1363 348 1395 Simon
373 1365 405 1395 et
428 1361 494 1404 ipse
511 1362 643 1395 credidit
666 1366 698 1395 et
721 1362 898 1404 baptizatus
914 1366 1010 1401 est»,
1027 1363 1109 1395 malo

143 1421 247 1450 tamen
265 1416 359 1450 corde
382 1419 414 1449 et
436 1416 572 1457 duplici,
597 1416 679 1449 sicut
708 1424 749 1448 ex
778 1416 984 1458 sequentibus
1013 1420 1107 1458 patet.

145 1471 229 1504 Unde
253 1470 501 1511 Hieronymus4:
532 1483 548 1498 «
566 1470 624 1502 iste
648 1470 707 1502 hac
724 1470 896 1502 intentione
920 1470 1044 1503 volebat
1061 1479 1108 1503 se-

143 1525 197 1567 qui
231 1524 349 1563 Iesum,
385 1533 449 1565 qua
480 1523 585 1556 Simon
619 1532 730 1566 magus
761 1523 958 1556 desiderabat
991 1524 1109 1557 habere

143 1580 328 1620 potestatem
345 1577 499 1609 miracula
521 1577 669 1616 faciendi,
686 1580 723 1610 ut
742 1577 780 1610 de
798 1577 960 1610 miraculis
984 1577 1109 1610 divitias

143 1632 324 1664 lucraretur
340 1644 371 1663 ».
396 1631 454 1664 Sed
479 1634 588 1664 contra
618 1631 822 1664 Ecclesiastici
848 1632 995 1674 primo⁵:
1026 1645 1042 1660 «
1066 1632 1109 1665 Ne

142 1685 312 1718 accesseris
335 1683 374 1717 ad
398 1685 487 1717 illum
511 1685 627 1727 duplici
652 1685 746 1718 corde
770 1689 800 1718 et
824 1694 864 1718 ne
887 1685 987 1718 fueris
1010 1686 1120 1728 hypo-¹

142 1738 222 1771 crita
245 1738 276 1770 in
293 1741 464 1780 conspectu
490 1738 654 1770 hominum
672 1751 702 1770 ».
720 1739 810 1771 Tales
834 1742 908 1771 sunt
924 1739 978 1781 qui
996 1748 1110 1781 magna

142 1792 332 1834 promittunt
352 1794 382 1824 et
400 1801 497 1833 parva
520 1791 653 1831 faciunt,
675 1796 785 1824 contra
801 1802 881 1834 quos
903 1793 1107 1825 Ecclesiastici

141 1848 274 1888 quarto:
304 1858 319 1873 «
341 1845 384 1878 Ne
407 1845 506 1878 fueris
529 1845 643 1878 citatus
667 1845 698 1877 in
724 1846 831 1888 lingua
855 1849 910 1879 tua
933 1850 964 1879 et
988 1846 1108 1879 inutilis

141 1902 173 1932 et
198 1899 352 1931 remissus
375 1899 406 1931 in
430 1896 581 1941 operibus
605 1899 668 1932 tuis
685 1913 715 1931 n.

233 1952 305 1984 104.
342 1951 441 1994 (Vers.
476 1952 553 1992 58).
591 1953 734 1985 Secundo
765 1962 842 1986 vero
876 1956 1032 1995 quantum
1067 1953 1106 1986 ad

20 2009 119 2031 cundum·
142 2005 348 2048 duplicitatis
371 2005 579 2038 detectionem
603 2006 804 2049 adiungitur:
833 2007 879 2038 Et>
894 2007 944 2038 ait
966 2006 1041 2039 illi6
1059 2007 1107 2039 Je-

141 2068 219 2091 sus:
252 2058 367 2101 Vulpes
396 2058 510 2101 foveas
542 2058 678 2098 liabent,
711 2059 742 2092 in
774 2060 892 2102 quibus
924 2060 1042 2093 scilicet
1063 2061 1107 2092 la-

142 2115 224 2151 tent,
248 2115 277 2145 et
300 2112 449 2145 volucres
470 2113 554 2145 caeli
575 2113 688 2151 nidos,
710 2113 741 2145 in
763 2113 880 2155 quibus
904 2117 1105 2155 pernoctant;

142 2165 252 2198 Filius
275 2170 386 2198 autem
410 2165 555 2199 hominis
577 2176 644 2199 non
669 2166 779 2205 kabel,
804 2166 863 2199 ubi
886 2170 988 2208 caput
1011 2166 1104 2198 recli-

142 2223 215 2258 net;
239 2219 271 2252 in
296 2229 360 2262 quo
388 2220 501 2252 miram
527 2220 665 2252 ostendit
697 2220 866 2261 inopiam,
891 2219 980 2261 quasi
1004 2219 1104 2258 dicat,

142 2281 175 2305 se
200 2273 282 2305 nolle
306 2273 423 2306 habere
448 2273 612 2311 comitem,
637 2272 692 2314 qui
716 2272 823 2314 diligat
853 2276 995 2310 terrena;
1020 2271 1105 2304 unde

141 2326 223 2359 infra
242 2326 363 2359 decimo
379 2330 494 2368 quarto
507 2326 534 2358 ⁷:
565 2339 580 2354 «
597 2326 655 2367 Qui
674 2335 736 2358 non
756 2325 986 2358 renuntiaverit
1008 2325 1105 2357 omni-

140 2379 219 2419 hus,
243 2389 325 2422 quae
357 2380 511 2422 possidet,
543 2389 605 2412 non
630 2382 732 2421 potest
756 2388 846 2411 meus
869 2387 937 2411 esse
967 2378 1104 2420 discipu-

141 2432 242 2472 lus»,
269 2433 328 2465 hoc
359 2436 406 2465 est
437 2432 575 2464 imitator
603 2432 771 2474 perfectus.
800 2431 887 2464 Unde
918 2430 1103 2472 Chrysosto-

211 2626 220 2641 ¹
241 2626 326 2652 Codd.
345 2626 363 2652 C
375 2626 427 2652 DII
447 2626 608 2652 substituunt
627 2627 677 2651 lioc.
696 2626 752 2651 loco
766 2625 1019 2659 detestatio,ta1nen
1035 2627 1101 2652 insi-a

141 2680 166 2698 n.
187 2671 251 2704 tot,
271 2672 292 2697 D
311 2679 325 2697 a
346 2671 462 2697 secunda
491 2678 569 2696 mann
589 2674 713 2703 excepte,
733 2671 894 2697 conveniunt
913 2679 974 2697 cum
994 2672 1059 2697 aliis.

212 2715 222 2730 ²
245 2718 316 2742 Vers.
337 2717 367 2747 9,
388 2719 447 2748 post
466 2723 545 2748 quem
567 2715 711 2747 allegantur
730 2717 794 2741 Gen.
819 2716 865 2746 ⁴7,
886 2716 910 2742 1.
933 2719 958 2741 et
977 2717 1033 2742 lsai.
1053 2717 1102 2747 30,

141 2762 183 2787 20.
203 2769 273 2794 seq.:
294 2762 374 2786 Erunt
391 2760 515 2794 oculivtni
539 2760 659 2786 videntes
678 2763 875 2792 praeceptorem
897 2763 984 2792 tunm,
1009 2764 1035 2786 et
1060 2768 1103 2786 au·

140 2808 255 2831 νος-11136
274 2805 381 2830 audient
399 2804 511 2830 verbnm
532 2808 592 2836 post
611 2807 715 2836 tergum
736 2805 879 2830 monentis:
899 2806 968 2830 Haec
987 2808 1026 2831 est
1046 2805 1102 2837 via,

140 2849 273 2876 ambulate
293 2849 317 2874 in
337 2856 377 2874 ea.

211 2892 222 2907 ²³
242 2894 367 2925 Vulgata,
386 2900 466 2926 quam
486 2896 633 2926 sequuntur
652 2894 673 2918 11
692 2897 717 2919 et
738 2894 808 2924 Vat.,
827 2893 865 2920 ad
877 2893 963 2920 illum.
983 2908 1020 2913 —
1039 2894 1103 2920 Sub-

139 2939 201 2965 inde
221 2938 347 2969 allegatur
366 2937 420 2963 Aet.
442 2938 473 2968 8,
494 2938 534 2962 12.
555 2945 625 2970 seq.;
646 2938 707 2963 vide
726 2937 791 2964 ibid.
811 2946 836 2964 v.
859 2938 901 2963 ts.
920 2945 994 2971 seqq.
1011 2954 1014 2958 ι

210 2981 222 2996 ⁴
240 2981 311 3007 Libr.
333 2982 350 3007 1.
368 2981 515 3008 Commeat.
534 2982 561 3007 in
574 2982 661 3007 Matth.
682 2983 710 3013 8,
732 2983 772 3007 19.
791 2990 860 3015 seq.,
880 2983 907 3008 in
920 2990 999 3016 qnem
1014 2984 1101 3009 locum

141 3028 230 3053 Glossa
244 3025 443 3052 interlinearis:
457 3025 501 3052 Ait
520 3025 573 3058 illi,
596 3027 646 3052 hoc
659 3027 827 3059 desiderans,
846 3027 919 3060 quod
936 3027 1026 3053 Simon
1051 3035 1102 3053 ma-

142 3078 191 3103 gns
210 3070 292 3096 voluit
310 3076 412 3101 emere,
431 3073 459 3095 ut
478 3070 512 3095 do
532 3070 663 3096 miraculis
682 3071 834 3096 lucraretur.

211 3112 222 3127 ⁵
243 3114 317 3139 Vers.
336 3114 379 3139 36.
398 3116 423 3139 et
443 3114 485 3139 37.
503 3127 539 3133 —-
558 3114 681 3147 Sequitur
701 3115 776 3140 Eccli.
797 3114 824 3147 t,
844 3115 888 3141 34.

211 3155 222 3171 ⁶
241 3158 274 3183 lta
295 3157 373 3183 etiam
392 3157 478 3188 Beda,
497 3157 575 3183 Card.
588 3158 678 3189 Hugo,
698 3159 831 3184 Gorranns
850 3162 876 3184 et
890 3159 1021 3191 Lyranns;
1043 3159 1102 3185 Vul·

141 3205 200 3234 gata
220 3200 291 3228 divit
314 3200 363 3227 illi.
383 3201 499 3227 Subinde
525 3205 584 3233 post
608 3203 689 3235 caput
708 3202 786 3228 codd.
813 3202 875 3235 (CD
900 3203 1029 3235 exceptis,
1055 3203 1102 3236 qui

140 3246 305 3281 consentiunt
322 3253 382 3272 cum
404 3246 526 3278 Vulgata)
546 3249 571 3271 et
591 3246 649 3272 Vat.
668 3246 769 3272 addunt
787 3253 884 3279 suum,
903 3247 976 3280 quod
1002 3247 1102 3273 habent

140 3291 219 3317 etiam
231 3290 309 3317 card.
322 3291 413 3322 Hugo,
433 3291 460 3315 13.
474 3290 584 3321 Athen„
599 3293 624 3316 S.
640 3291 734 3316 Thom.
750 3290 816 3324 (Cat.
829 3298 909 3317 aurea
924 3292 949 3317 in
963 3292 1025 3317 Luc.
1038 3299 1063 3318 c.
1076 3293 1102 3318 9.

140 3342 167 3360 n.
189 3335 255 3368 iz),
267 3335 400 3360 Gorranns
413 3337 438 3360 et
451 3335 577 3366 Lyranns.
595 3334 647 3361 Csr.
661 3336 747 3361 Mattb.
768 3336 799 3366 8,
818 3336 866 3368 20,
886 3335 932 3361 ubi
951 3336 1102 3362 Hieron.'le-

142 3379 179 3412 git
198 3380 283 3413 caput
299 3386 396 3411 suum,
416 3380 528 3411 Vulgata
547 3381 631 3413 caput
648 3379 767 3407 reclinet.

212 3421 222 3437 ⁷
242 3423 317 3449 Vers.
337 3424 378 3449 33.
392 3437 427 3443 -
440 3424 571 3450 Sententia
584 3423 718 3456 chrysost.
732 3424 842 3451 babetur
856 3425 949 3451 Homil.
964 3425 1006 3451 27.
1027 3425 1101 3457 (alias

249 3476 280 3503 S.
298 3477 403 3504 Bonav.
413 3491 448 3497 —
463 3477 542 3503 Tom.
554 3478 608 3504 Vll.

744 261 937 294 COMMENT.
963 261 1000 293 IN
1026 260 1264 293 EVANGELIUM
1288 260 1406 294 LUCAE
1430 261 1462 293 C.
1489 262 1535 294 tx.

2074 265 2137 297 249

1178 357 1265 381 mus:
1297 362 1313 377 «
1330 350 1504 391 Respondet
1528 350 1680 383 Dominus
1706 352 1744 384 ad
1770 356 1907 385 mentem
1931 353 2017 391 eius,
2049 353 2139 394 quasi

1176 402 1276 435 dieat:
1294 402 1375 443 Quid
1392 411 1442 435 me
1459 403 1602 444 sequeris
1623 408 1752 445 propter
1778 405 1943 445 pecunias,
1967 405 2020 446 qui
2039 405 2139 444 vides,

1177 465 1238 488 non
1263 459 1385 488 tantum
1419 456 1495 488 mihi
1528 456 1737 490 diversorium
1770 467 1856 496 esse,
1889 463 2043 500 quantum
2075 459 2140 491 avi-

1176 508 1349 541 11113111-
1366 508 1464 541 Simul
1481 508 1574 541 etiam
1600 518 1671 542 cum
1693 510 1750 542 hoc
1775 514 1861 542 notat
1885 520 1957 543 eum
1975 512 2014 544 de
2036 512 2141 544 simu·
2186 518 2297 548 Simuhtio

1177 561 1297 594 latione
1320 561 1495 601 exteriori,
1519 570 1601 604 quae
1624 562 1810 604 intelligitur
1839 564 1869 595 in
1894 564 2004 606 vulpe,
2030 574 2142 598 secun·
2160 547 2297 592 3333ss

1176 614 1252 647 dum
1277 614 1361 656 quod
1386 615 1468 647 infra
1498 614 1620 648 decimo
1644 616 1737 648 tertio
1754 615 1766 634 ⁸
1790 616 1906 649 dicitur
1938 617 1976 649 de
2000 618 2140 651 Herode:
2162 598 2231 624 '⁰¹⁹⁰'

1182 668 1274 707 «lte,
1306 668 1399 701 dicite
1432 669 1518 710 vulpi
1550 668 1593 701 illi
1619 682 1649 700 n.
1684 669 1719 701 Et
1748 673 1915 710 propterea
1942 679 1997 711 per
2030 671 2141 713 vulpes

1176 721 1397 764 intelliguntur
1422 722 1590 761 haeretici,
1614 723 1763 764 quoniam
1790 724 1921 756 tortuosi
1955 728 1986 757 et
2017 725 2139 758 subdoli

1176 778 1251 807 sunt
1273 779 1305 808 et
1322 775 1425 818 ignem
1450 776 1567 808 habent
1583 776 1613 808 in
1639 776 1762 814 caudis,
1779 777 1861 809 sicut
1884 777 2001 810 dicitur
2017 778 2055 811 de
2073 780 2141 811 vul-

1176 828 1269 870 pibus
1292 829 1450 861 Samsonis
1474 829 1615 862 iudicum
1638 829 1760 862 decimo
1783 830 1904 872 quinto.

1269 883 1341 915 105.
1367 882 1456 915 Notat
1480 883 1573 915 etiam
1598 891 1671 915 eum
1688 883 1727 915 de
1749 883 1963 916 simulatione
1988 885 2142 918 interiori
2166 890 2235 933 ,ftemv
2251 890 2306 938 info-

1175 936 1206 968 in
1231 935 1378 975 volucre,
1403 945 1485 978 quae
1505 937 1567 969 alta
1589 937 1681 978 petit;
1708 937 1778 969 talis
1798 942 1845 970 est
1869 938 2042 980 superbus,
2059 923 2197 972 sicuti-'ris
2212 923 2233 938 ’Β
2248 922 2273 938 ὀ
2283 923 2306 938 ⁰⁵

1174 989 1291 1022 dicitur
1312 989 1425 1022 Abdiae
1443 989 1545 1031 primo
1558 989 1585 1021 ⁹:
1608 1003 1623 1017 α
1638 990 1666 1022 Si
1685 990 1844 1023 exaltatus
1867 990 1966 1023 fueris
1983 996 2018 1024 ut
2034 993 2141 1034 aquila

1174 1045 1206 1075 et
1229 1042 1311 1075 inter
1335 1042 1439 1075 sidera
1456 1043 1600 1084 posueris
1625 1043 1732 1075 nidum
1752 1047 1861 1081 tuum;
1879 1044 1951 1076 inde
1975 1044 2138 1078 detraham

1175 1099 1222 1135 te,
1243 1095 1319 1128 dicit
1338 1096 1490 1129 Dominus
1506 1109 1536 1128 n.
1555 1114 1597 1120 —
1615 1097 1650 1128 Et
1670 1101 1799 1139 propter
1825 1098 1901 1130 haec
1917 1097 1981 1130 duo
2005 1099 2140 1132 ostendit

1173 1149 1327 1182 Dominus
1350 1149 1419 1182 eius
1450 1150 1644 1182 consortium
1677 1151 1927 1192 repudiandum,
1960 1152 2052 1194 quia,
2079 1153 2140 1194 pri-

1173 1211 1243 1235 mae
1266 1202 1303 1235 ad
1322 1202 1500 1235 Corinthios
1517 1203 1619 1244 primo
1634 1203 1669 1242 ¹0,
1696 1217 1711 1232 α
1729 1203 1877 1246 ignobilia
1893 1205 2000 1237 mundi
2019 1208 2050 1238 et
2066 1215 2138 1238 con—

1174 1255 1360 1297 temptibilia
1383 1256 1476 1297 elegit
1500 1256 1601 1294 Deus,
1626 1259 1657 1289 et
1679 1265 1715 1289 ea
1740 1266 1822 1299 quae
1846 1267 1907 1289 non
1933 1262 2025 1297 sunt,
2051 1262 2086 1291 ut
2102 1268 2138 1292 ea

1173 1318 1255 1350 quae
1272 1312 1356 1347 sunt,
1373 1309 1566 1348 destrueret,
1584 1312 1619 1341 ut
1638 1319 1699 1342 non
1717 1310 1870 1351 glorietur
1894 1311 1996 1344 omnis
2016 1320 2089 1344 caro
2106 1312 2136 1344 in

1173 1366 1342 1404 conspectu
1360 1362 1428 1395 eius
1442 1376 1471 1394 ».
1491 1381 1532 1386 —
1551 1363 1586 1395 Et
1602 1366 1770 1405 propterea
1787 1364 1816 1396 in
1835 1365 2017 1406 exemplum
2037 1365 2138 1398 imita·
2158 1370 2288 1401 E¹0e¹¹0⁰²i³

1173 1416 1266 1449 tionis
1289 1415 1391 1448 sactus
1415 1420 1462 1448 est
1486 1416 1666 1455 mendicus,
1692 1417 1782 1449 iuxta
1806 1417 1883 1450 illud
1913 1419 2068 1451 secundae
2100 1420 2138 1452 ad
2153 1399 2294 1424 p³⁰⁹⁰¹m¹⁸'

1173 1469 1351 1502 Corinthios
1382 1474 1509 1502 octavo:
1540 1483 1555 1498 «
1580 1470 1691 1503 Factus
1714 1474 1762 1503 est
1794 1480 1851 1512 pro
1883 1471 1973 1504 nobis
2001 1481 2137 1514 egenus,

1173 1527 1209 1556 ut
1240 1524 1309 1556 eius
1340 1523 1445 1565 inopia
1474 1523 1586 1556 divites
1618 1533 1759 1557 essemus
1784 1537 1815 1563 »ς
1849 1525 1933 1558 unde
1965 1526 2138 1559 imitatores

1172 1577 1288 1610 Christi
1314 1577 1418 1619 inopia
1441 1577 1556 1610 Christi
1584 1577 1696 1610 divites
1721 1578 1791 1610 sacti
1825 1582 1908 1611 sunt.
1936 1579 2030 1612 Valde
2054 1580 2136 1612 enim

1172 1631 1260 1663 dives
1283 1634 1331 1663 est
1354 1630 1408 1673 qui
1434 1633 1557 1663 tantum
1583 1631 1693 1669 habet,
1726 1635 1882 1673 quantum
1907 1633 1972 1665 Rex
1997 1633 2073 1665 caeli
2105 1637 2136 1666 et

1174 1688 1287 1717 terrae.
1313 1684 1496 1717 Huiusmodi
1529 1687 1635 1717 autem
1660 1688 1723 1723 est,
1756 1685 1811 1727 qui
1836 1685 1914 1717 nihil
1947 1686 2042 1718 babet
2066 1696 2138 1728 pro-

1172 1738 1305 1780 prietate
1329 1741 1360 1770 et
1384 1740 1485 1770 totum
1510 1737 1646 1780 possidet
1667 1738 1811 1777 caritate,
1836 1738 1918 1771 sicut
1942 1739 2001 1778 illi,
2027 1748 2138 1772 secun-

1172 1792 1230 1825 dae
1253 1791 1292 1824 ad
1315 1792 1494 1824 Corinthios
1519 1795 1610 1824 sexto
1625 1793 1660 1831 ¹¹,
1691 1805 1706 1820 α
1723 1796 1872 1834 tanquam
1891 1793 1968 1825 nihil
1986 1793 2137 1826 habentes

1172 1849 1204 1878 et
1227 1845 1332 1877 omnia
1349 1845 1543 1886 possidentes
1560 1859 1589 1877 ».
1616 1845 1742 1884 Beatus,
1759 1846 1813 1887 qui
1840 1849 1997 1878 terrenam
2017 1846 2135 1879 foveam

1172 1902 1346 1932 commu-tat
1368 1898 1399 1931 in
1424 1903 1583 1931 aeternam
1604 1899 1727 1937 aulam;
1758 1912 1773 1927 «
1791 1899 1871 1932 beati
1890 1904 1995 1932 autem
2020 1909 2136 1942 paupe-

1172 1962 1224 1986 res
1246 1952 1360 1994 spiritu
1378 1966 1393 1981 »
1422 1955 1480 1985 etc.
1505 1971 1546 1976 —
1572 1953 1669 1985 Simul
1694 1953 1786 1985 etiam
1812 1962 1885 1985 cum
1911 1954 1968 1985 hoc
1993 1954 2135 1993 attende,
2157 1957 2279 2005 Dssee‘qw·

1172 2006 1255 2048 quod
1280 2009 1449 2047 paupertas
1474 2015 1534 2037 non
1560 2009 1606 2038 est
1631 2005 1744 2047 placita
1772 2006 1829 2038 nisi
1854 2006 1993 2048 simplem
2026 2011 2136 2040 contra
2165 1990 2269 2038 Ρῗὶἷῑῖῗ

1171 2059 1375 2091 dolositatem
1399 2058 1528 2100 vulpis,
1553 2062 1584 2091 et
1600 2057 1736 2090 humilis
1760 2062 1870 2091 contra
1894 2059 2064 2092 elationem
2080 2070 2135 2092 vo-

1172 2112 1286 2145 lucris.
1311 2112 1397 2145 Unde
1422 2111 1515 2144 Isaiae
1533 2112 1729 2153 sexagesimo
1753 2115 1844 2144 sexto
1859 2112 1901 2143 ¹2:
1932 2125 1948 2140 «
1971 2112 2014 2144 Ad
2038 2122 2132 2154 quem

1170 2162 1464 2206 autem'respiciam
1489 2164 1547 2197 nisi
1580 2164 1619 2196 ad
1643 2165 1873 2206 pauperculum
1898 2170 1929 2197 et
1961 2166 2132 2198 contritum

1170 2217 1284 2259 spiritu
1308 2220 1339 2250 et
1363 2220 1549 2249 trementem
1580 2226 1743 2250 sermones
1768 2227 1853 2250 meos
1878 2221 1919 2250 n?
1943 2218 1996 2251 ubi
2032 2219 2132 2262 iungit

1170 2273 1388 2312 paupertatem
1412 2270 1602 2312 simplicitati
1619 2275 1650 2303 et
1674 2271 1854 2303 humilitati.
1878 2272 1963 2305 Unde
1987 2273 2133 2315 Augusti—

1169 2333 1230 2356 nus
1244 2324 1285 2356 13:
1315 2337 1331 2352 «τ
1348 2324 1428 2365 Quid
1453 2324 1580 2366 prodest
1600 2324 1723 2357 divitias
1743 2325 1923 2367 reliquisse,
1945 2335 2017 2359 cum
2037 2327 2133 2359 miser

1169 2377 1264 2409 homo
1288 2377 1455 2419 superbior
1471 2377 1607 2410 efficitur
1631 2377 1755 2411 divitias
1778 2380 2019 2419 contemnendo,
2038 2389 2133 2422 quam

1169 2430 1273 2463 fuerat
1296 2430 1482 2472 possidendo
1498 2434 1539 2463 »1
1563 2431 1638 2464 Nam
1663 2441 1784 2474 pauper
1817 2433 1975 2474 superbus
2006 2433 2132 2467 odiosus

1168 2626 1220 2658 28.)
1242 2626 1267 2651 iu
1289 2626 1375 2652 Matth.
1401 2634 1426 2652 n.
1446 2627 1472 2651 2.
1496 2627 1564 2652 circa
1589 2626 1678 2652 finem.
1701 2641 1732 2645 —
1754 2627 1862 2652 inferius
1882 2634 1929 2659 pro
1949 2627 1998 2653 lioc
2024 2630 2062 2654 est
2080 2627 2132 2653 (ID

1168 2670 1210 2697 hic
1229 2673 1281 2703 est,
1303 2672 1323 2696 11
1343 2672 1369 2697 et
1387 2670 1449 2697 talis
1469 2672 1515 2697 cst.

1240 2713 1250 2729 ⁸
1271 2716 1345 2742 Vers.
1366 2716 1407 2741 32.
1428 2730 1463 2735 —
1483 2715 1601 2742 Subinde
1614 2716 1740 2747 allegatur
1760 2717 1839 2742 indic.
1864 2717 1908 2746 15,
1929 2716 1953 2741 t.
1967 2724 2021 2749 seq.
2042 2717 2129 2742 (nossa

1168 2759 1312 2786 ordinaria
1332 2761 1488 2792 (secundum
1509 2760 1644 2791 Ambros„
1661 2761 1710 2786 Vll.
1725 2761 1750 2786 in
1764 2761 1826 2786 Luc.
1846 2768 1870 2786 n.
1885 2761 1926 2786 30.
1941 2764 2007 2794 seq.)
2029 2761 2052 2786 in
2068 2762 2129 2787 Lnr.

1167 2805 1198 2837 9,
1219 2804 1266 2829 58:
1282 2805 1395 2836 Vulpes,
1407 2804 1504 2830 animal
1519 2805 1607 2836 fallax,
1627 2804 1726 2830 insidiis
1745 2805 1889 2835 intentum,
1909 2805 2013 2836 rapinas
2034 2805 2131 2830 fraudis

1167 2856 1303 2880 exercens,
1317 2849 1396 2874 etiam
1416 2849 1482 2874 inter
1495 2849 1552 2880 ipsa
1572 2849 1709 2874 hominnm
1723 2849 1834 2881 hospitia
1856 2848 1975 2874 habitans
1989 2849 2013 2874 in
2031 2849 2130 2879 foveis,

1167 2894 1202 2920 ita
1222 2894 1381 2925 haereticus,
1401 2894 1512 2919 domum
1526 2893 1587 2919 ndei
1600 2900 1652 2919 non
1666 2893 1779 2924 habeus,
1794 2894 1858 2919 alios
1872 2893 1898 2918 in
1915 2900 1989 2919 suam
2011 2893 2128 2918 fraudem

1168 2939 1245 2964 trahit
1264 2942 1289 2964 et
1308 2945 1322 2963 a
1343 2938 1394 2963 tide
1413 2938 1522 2963 seducit.

1238 2981 1249 2996 ⁹
1271 2983 1343 3008 Vers.
1364 2982 1388 3008 4.
1406 2995 1442 3001 —·
1461 2982 1545 3012 Beda,
1565 2982 1601 3007 111.
1627 2982 1652 3006 in
1672 2983 1733 3007 Luc.
1759 2982 1787 3013 9,
1808 2982 1856 3007 58:
1883 2982 2034 3013 intelligitur
2054 2982 2128 3007 mira-

1167 3027 1233 3053 culis
1252 3027 1354 3052 Domini
1375 3029 1536 3057 commotns,
1554 3020 1663 3058 propter
1683 3026 1787 3051 inanem
1807 3026 1955 3051 iactantiam
1975 3033 2035 3051 eum
2056 3028 2129 3058 sequi

1167 3071 1295 3103 voluisse,
1315 3077 1397 3103 quam
1416 3071 1564 3102 significant
1582 3077 1654 3095 aves.

1239 3114 1261 3129 ¹⁰
1282 3116 1356 3140 Vers.
1376 3116 1418 3140 28.
1439 3122 1494 3147 seq.
1514 3118 1539 3140 et
1558 3111 1672 3140 subinde
1689 3114 1716 3140 ll.
1736 3114 1795 3141 Cor.
1816 3115 1844 3146 8,
1865 3115 1889 3139 9.

1239 3159 1259 3174 ¹¹
1281 3161 1354 3185 Vers.
1378 3160 1418 3185 10.
1438 3159 1493 3191 (cfr.
1515 3159 1653 3192 Bcrnard.,
1674 3159 1755 3184 561111,
1777 3159 1820 3184 21.
1837 3160 1861 3185 in
1875 3159 1947 3185 Cant.
1961 3167 1985 3184 n.
1999 3159 2051 3189 7.),
2071 3164 2129 3191 post

1166 3211 1246 3238 quem
1267 3205 1353 3231 Matth.
1374 3204 1403 3235 5,
1424 3204 1447 3229 3.
1467 3203 1519 3230 Cir.
1539 3210 1618 3235 supra
1638 3211 1661 3229 e.
1680 3204 1706 3229 2.
1725 3211 1751 3228 n.
1776 3203 1813 3228 15.
1834 3211 1888 3237 seq.
1909 3208 1934 3229 et
1953 3211 1975 3229 c.
1994 3204 2020 3229 6.
2039 3211 2064 3229 n.
2085 3203 2126 3228 50.

1156 3244 1228 3274 ‘cum
1249 3251 1307 3273 nota
1330 3247 1355 3272 t.

1238 3290 1260 3306 ¹⁹
1280 3292 1354 3317 Vers.
1377 3292 1402 3317 2.

1239 3334 1260 3352 ¹⁸
1279 3336 1306 3361 ln
1324 3336 1424 3367 Regula
1444 3336 1478 3361 ad
1497 3342 1589 3361 servos
1609 3336 1668 3368 Dei,
1688 3343 1709 3361 c.
1730 3336 1760 3361 2:
1781 3337 1810 3361 Et
1823 3335 1887 3369 quid
1901 3335 2009 3367 prodest
2027 3335 2127 3367 disper-

1166 3387 1229 3412 gere
1247 3380 1335 3406 dando
1354 3379 1517 3412 pauperibus
1536 3384 1561 3406 et
1586 3387 1730 3412 pauperem
1751 3380 1819 3411 fleri,
1840 3387 1900 3406 cum
1925 3380 2012 3405 anima
2032 3380 2126 3405 misera

1165 3424 1305 3459 superbior
1323 3424 1434 3451 efficitur
1452 3428 1501 3451 etc.
1521 3438 1556 3445 —
1576 3424 1693 3451 Subinde
1716 3425 1843 3457 allegatur
1863 3425 1939 3450 Eccli.
1960 3425 2006 3454 25,
2027 3425 2052 3450 3.
2071 3431 2127 3457 seq.

1986 3477 2020 3502 32
