2476 3921
146 736 293 766 consideratio

180 768 256 789 prima.

168 1317 287 1344 Abuegatio

142 1344 175 1365 sui
195 1350 233 1371 per
250 1345 287 1365 hu-

141 1371 260 1392 militatem.

140 1795 181 1816 Per
197 1795 287 1817 austeri·

176 1824 249 1843 tatem.

153 2325 284 2347 Notandum.

139 2432 218 2463 Beatus
226 2433 290 2454 Fran-

179 2465 255 2480 ciseus.

312 268 376 300 228

310 355 459 397 operibus
483 368 513 386 ».
538 354 690 396 Quoniam
723 358 829 387 autem
852 354 978 387 difficile
1009 359 1056 389 est
1086 356 1170 388 ferre
1198 365 1271 389 cru-

311 417 395 446 cem,
422 408 489 440 ideo
512 408 550 440 ad
575 408 634 440 1106
658 408 768 440 invitat
785 408 982 450 quadruplici
1008 409 1270 449 consideratione,

311 461 428 494 scilicet
450 470 491 493 ex
523 460 769 494 consideratione
792 461 849 493 suz'
871 461 1027 503 exempli,
1052 462 1188 504 proprii
1214 472 1270 504 pe-

311 514 429 552 riculi,
454 513 568 556 futuri
597 514 718 546 iudicii
740 517 772 546 et
795 514 891 556 requi
921 514 1029 546 divini
1036 526 1047 552 ;
1072 519 1125 553 ut,
1150 515 1175 547 si
1207 524 1270 547 non

310 570 436 599 movent
458 567 593 605 monita,
618 570 763 599 moveant
791 567 953 608 exempla,
979 567 1028 599 vel
1052 567 1161 600 saltem
1186 567 1270 609 peri-

310 620 398 658 cula,
424 620 473 652 vel
496 620 605 652 sutura
627 620 759 659 iudicia,
782 620 832 652 vel
855 621 964 653 saltem
989 620 1144 662 promissa
1158 621 1178 652 1.

400 673 502 705 Primo
526 673 621 715 igitur
653 673 763 705 invitat
786 673 1047 706 consideratione
1077 674 1134 706 sui
1163 683 1269 706 exem-

307 726 375 768 pli,
400 735 471 758 cum
495 726 587 758 dicit:
615 725 747 758 Dicebat
770 730 881 758 autem
906 726 951 759 ad
974 736 1104 759 omnes:
1134 726 1172 759 Si
1194 726 1269 770 quis

312 779 379 811 uult
398 783 472 821 post
496 789 546 811 me
575 779 704 817 venire,
730 779 759 811 id
791 783 837 812 est
870 789 918 812 me
946 780 1082 819 imitari,
1114 780 1153 812 ad
1184 780 1269 822 quod

309 842 370 865 non
395 842 488 874 cogo,
513 832 566 865 sed
590 832 705 871 invito;
730 832 799 865 ideo
822 833 914 865 dicit:
940 833 977 865 Si
999 833 1074 876 quis
1097 833 1182 871 vult‚·
1214 833 1269 865 Ec-

309 885 470 918 clesiastici
488 884 607 917 decimo
624 885 734 927 quinto
747 886 774 917 2:
804 898 819 914 «
833 886 863 918 Si
880 886 1018 919 volueris
1042 886 1187 919 mandata
1202 894 1269 919 ser-

308 947 397 976 vare,
422 938 652 970 conservabunt
676 941 706 970 te
730 951 761 970 ».
792 951 807 966 «
828 939 978 980 Apposuit
1001 939 1056 971 tibi
1091 949 1206 981 aquam
1237 942 1268 972 et

309 991 425 1032 ignem;
450 991 489 1023 ad
520 991 605 1032 quod
631 991 784 1030 volueris,
809 992 936 1034 porrige
968 1002 1095 1025 manum
1129 997 1217 1025 tuam
1236 1006 1266 1024 ι).

308 1044 393 1076 Unde
417 1044 702 1085 Chrysostomusssz
733 1044 794 1076 «Si
824 1045 896 1086 quis
926 1054 1040 1077 aurum
1074 1046 1181 1085 daret,
1212 1049 1268 1078 aut

308 1097 493 1129 thesaurum
524 1100 714 1138 apponeret,
746 1105 808 1129 non
842 1101 968 1130 vocaret
998 1107 1071 1130 cum
1102 1098 1266 1138 violentia,

307 1149 360 1182 sed
393 1152 560 1181 currerent
592 1149 751 1188 homines;
783 1150 884 1182 multo
916 1150 1015 1192 magis
1045 1151 1082 1183 ad
1115 1160 1152 1183 ea
1185 1160 1267 1193 quae

307 1206 381 1235 sunt
405 1202 435 1234 in
460 1203 562 1235 caelis.
588 1203 618 1235 Si
642 1203 724 1235 enim
746 1206 860 1235 natura
877 1212 985 1236 rerum
1011 1204 1178 1246 persuadet
1197 1213 1268 1237 cur-

307 1265 394 1295 rere;
420 1256 444 1289 si
470 1265 532 1288 non
557 1256 678 1295 curris,
703 1248 823 1289 nones
845 1257 959 1299 dignus
982 1258 1124 1299 accipere
1141 1272 1171 1290 ».
1196 1258 1267 1291 Ideo

306 1309 393 1341 dicit:
420 1309 457 1341 Si
479 1309 554 1352 quis
580 1309 648 1341 vult
671 1310 852 1352 exemplum
877 1319 982 1343 meum
1007 1312 1107 1353 sequi.
1132 1330 1176 1334 —
1201 1311 1266 1344 Ab-

306 1366 396 1404 neget
418 1362 648 1403 semetipsum,
682 1371 737 1403 per
770 1363 993 1396 omnimodam
1027 1362 1265 1403 humilitatem,

306 1415 490 1457 captivando
507 1424 648 1454 sensum,
673 1416 819 1449 affectum
837 1420 867 1449 et
893 1417 1114 1449 «intellectum
1133 1417 1162 1449 in
1179 1417 1266 1450 Chri-

305 1468 343 1501 sti
368 1468 582 1510 obsequium
598 1481 633 1507 »3
655 1469 739 1511 quod
756 1473 843 1502 notat
866 1470 898 1502 in
915 1470 974 1504 1106
998 1470 1082 1512 quod
1105 1470 1194 1503 dicit:
1216 1470 1266 1503 Se-

304 1522 490 1563 metipsum.
517 1522 552 1553 Et
574 1522 634 1554 1106
658 1525 705 1554 est
734 1522 899 1555 consilium
924 1523 1147 1562 Ecclesiastiffl,
1171 1524 1265 1565 septi-

306 1584 373 1607 mo:
406 1588 420 1602 «
438 1574 571 1607 Humilia
596 1575 685 1607 valde
709 1575 856 1616 spiritum
881 1580 971 1608 tuum
997 1588 1028 1615 »3
1057 1580 1089 1609 et
1112 1577 1172 1609 1106
1196 1577 1265 1619 qui-

304 1627 373 1659 dem
407 1627 618 1660 necessarium
643 1631 690 1661 est
725 1628 839 1661 volenti
869 1629 957 1670 sequi
992 1629 1143 1662 humilem
1175 1629 1265 1662 Chri-

305 1683 397 1712 stum.
427 1680 512 1712 Unde
540 1680 710 1722 Gregorius
738 1681 769 1713 in
798 1681 945 1714 Glossa5:
977 1682 1070 1715 «Nisi
1091 1683 1163 1725 quis
1187 1692 1205 1715 a
1233 1692 1266 1716 se
1310 1686 1313 1689 “

306 1732 372 1774 ipso
403 1732 540 1771 deficiat,
572 1733 611 1765 ad
647 1743 720 1766 eum
749 1734 803 1776 qui
836 1744 933 1776 supra
960 1744 993 1768 se
1024 1739 1089 1774 est,
1117 1745 1179 1768 non
1211 1746 1265 1778 ap-

305 1785 543 1827 propinquat».
574 1805 616 1809 -
644 1786 702 1819 Sed
734 1787 793 1819 1106
818 1797 879 1819 11011
912 1788 1044 1827 sufficit3
1070 1788 1139 1821 ideo
1162 1789 1264 1822 addit:

307 1839 345 1870 Et
376 1838 465 1870 tollat
496 1848 628 1871 erucem
658 1849 759 1872 suam
790 1841 953 1883 quotidie,
983 1850 1039 1882 per
1072 1842 1265 1875 continuam

305 1892 555 1930 austeritatem,
576 1895 612 1924 ut
636 1893 732 1934 possit
748 1893 853 1925 dicere
877 1893 953 1926 illud
978 1895 1063 1926 Pauli
1080 1895 1118 1927 ad
1142 1895 1266 1928 Galatas

304 1945 484 1978 secundossz
509 1958 524 1974 «
539 1945 664 1978 Christo
687 1946 833 1978 confixus
849 1955 919 1979 sum
944 1948 1029 1980 cruci
1049 1960 1082 1987 »;
1100 1952 1132 1980 et
1155 1957 1266 1981 secun-

304 1997 361 2030 dae
384 1998 423 2030 ad
446 1998 624 2030 Corinthios
647 2001 779 2040 quarto:
806 2012 821 2026 «
839 1999 968 2040 Semper
992 2000 1265 2033 mortificationem

305 2051 372 2084 lesu
397 2051 512 2084 Christi
544 2051 575 2083 in
599 2053 731 2093 corpore
755 2054 863 2084 nostro
890 2052 1150 2086 circumferentes
1166 2067 1196 2085 ».
1231 2053 1265 2086 Et

304 2103 372 2136 ideo
402 2103 518 2136 dicitur
550 2103 589 2137 ad
620 2104 743 2136 Galatas
774 2104 901 2145 quinto:
932 2104 1022 2146 «Qui
1055 2108 1160 2138 autem
1190 2109 1265 2138 sunt

303 2156 418 2188 Christi
443 2165 569 2189 carnem
586 2165 676 2189 suam
700 2157 932 2190 crucifixerunt
948 2166 1024 2202 611111
1046 2158 1129 2191 vitiis
1144 2162 1175 2192 et
1191 2168 1265 2192 con-

304 2209 504 2251 cupiscentiis
521 2224 551 2241 ».

393 2262 444 2295 38.
470 2263 564 2302 Nota,
597 2263 680 2305 quod
705 2263 796 2296 dicit:
824 2264 989 2305 Quotidie,
1018 2265 1093 2307 quia
1124 2266 1263 2308 quotidie

304 2316 494 2357 poenitentia
517 2316 621 2349 crucis
644 2317 736 2350 debet
760 2326 828 2351 esse
851 2327 932 2351 nova
958 2322 989 2351 et
1006 2328 1133 2358 recens,
1158 2323 1193 2353 ut
1216 2320 1263 2352 di-

304 2373 353 2402 cat
384 2371 554 2412 semper⁷:
585 2384 601 2399 «
626 2371 715 2403 Dixi:
745 2372 833 2405 Nunc
865 2372 950 2414 coepi
977 2386 1007 2412 »,
1041 2373 1122 2406 sicut
1153 2374 1263 2407 beatus

303 2414 504 2462 Franciscus,
529 2424 583 2466 qui
617 2424 647 2457 in
681 2428 781 2458 morte
804 2425 943 2465 dicebat,
969 2426 1052 2468 quod
1087 2431 1162 2460 tunc
1185 2428 1262 2461 inci-

303 2477 407 2518 piebat
424 2477 502 2510 hene
526 2477 645 2510 facere:
667 2491 682 2506 «
700 2479 837 2517 Fratres,
862 2479 1047 2521 incipiamus
1064 2483 1094 2513 et
1118 2481 1262 2522 proficia-

305 2539 392 2569 mus,
417 2531 491 2572 quia
526 2539 610 2563 nunc
645 2541 747 2573 usque
770 2541 883 2573 parum
913 2533 1148 2574 profecimus».
1173 2534 1261 2567 Crux

304 2593 438 2625 namque
454 2584 568 2617 Christi
587 2585 799 2617 renovativam
817 2585 911 2618 habet
935 2590 1095 2626 naturam;
1114 2587 1198 2620 unde
1214 2597 1261 2620 se-

303 2636 422 2669 cundae
446 2637 485 2669 ad
508 2637 686 2670 Corinthios
709 2641 840 2679 quarto:
870 2650 885 2666 «
902 2638 986 2671 Licet
1010 2639 1036 2672 is
1052 2640 1106 2681 qui
1122 2640 1198 2673 soris
1215 2644 1262 2673 cst

375 2800 381 2814 ¹
404 2801 462 2826 Vai.
481 2801 522 2827 vel
542 2803 611 2827 certe
630 2802 726 2835 sutura
745 2802 859 2835 iudicia,
879 2803 921 2829 vel
939 2804 1046 2830 tandem
1062 2805 1209 2838 promissa.

373 2843 383 2858 ²
404 2845 478 2870 Vers.
503 2846 539 2870 16.
561 2848 586 2870 et
607 2846 648 2870 17.

374 2887 385 2901 '³
405 2889 497 2914 llomil.
518 2889 559 2914 55.
581 2889 654 2917 (alias
674 2890 726 2923 556.)
749 2891 772 2915 in
799 2891 886 2916 Matth.
905 2899 929 2916 n.
953 2893 979 2922 1,
1000 2892 1045 2917 ubi
1066 2900 1113 2924 pro
1132 2893 1179 2919 sed
1203 2900 1262 2920 cui·-

304 2934 394 2958 rerent
422 2932 541 2959 homines
572 2933 603 2966 [11
633 2934 705 2959 addit
733 2940 794 2960 cum
823 2934 1017 2967 benevolentia,
1046 2937 1102 2962 Vat.
1130 2938 1262 2963 substituit

304 2975 409 3009 omnes]
430 2980 513 3001 textus
532 2978 666 3008 originalis
684 2977 709 3003 si
727 2985 789 3004 erro
809 2978 845 3004 ad
863 2978 928 3004 hart:
946 2980 1003 3006 sine
1024 2980 1148 3007 violentia
1168 2981 1231 3008 itur.

374 3019 385 3033 ⁴
406 3020 483 3051 Epist.
504 3021 529 3045 ll.
550 3021 608 3046 (lor.
632 3022 676 3053 10,
700 3021 730 3046 5;
751 3022 776 3046 111
791 3023 967 3054 captivitatem
987 3025 1135 3056 redigentes
1154 3032 1260 3051 omnem

305 3064 458 3089 intellectum
480 3067 528 3089 et‹·.
547 3078 582 3083 —
602 3064 719 3091 Subinde
738 3067 864 3098 allegatur
884 3068 960 3093 [56611.
978 3069 1004 3101 7,
1025 3069 1065 3094 19.

375 3106 386 3120 ⁶
406 3108 507 3133 Scilicet
526 3108 668 3134 ordinaria
693 3117 722 3135 ex
742 3111 864 3142 Gregor.,
888 3112 915 3136 ll.
935 3112 1028 3137 11011111.
1055 3112 1081 3137 111
1101 3113 1199 3145 Evaug.
1219 3114 1262 3138 ho-

304 3152 356 3177 mil.
376 3152 417 3176 32.
438 3159 462 3177 n.
483 3153 507 3177 2.
528 3153 576 3178 Pro
595 3152 631 3178 ad
649 3160 710 3179 eum
731 3154 750 3178 11
769 3154 806 3180 ad
826 3155 916 3181 Deum.

374 3194 385 3209 ὅ
406 3197 479 3222 Vers.
494 3197 535 3222 111.
548 3211 583 3215 -
597 3198 654 3222 Duo
673 3205 746 3230 seqq.
767 3199 814 3223 lori
829 3203 888 3225 sunt
908 3201 935 3225 ll.
948 3199 1006 3225 Cor.
1022 3200 1050 3231 4,
1066 3201 1106 3226 10.
1123 3200 1153 3232 (Α
1165 3200 1183 3226 C
1195 3202 1261 3227 DG:

304 3240 414 3273 Semper
434 3241 522 3267 crucis
542 3241 776 3275 mortificationem
795 3242 823 3268 in
842 3250 956 3277 corpore
974 3244 1033 3277 etc.)
1055 3248 1079 3270 et
1095 3246 1149 3270 Gal.
1170 3245 1198 3276 5,
1219 3245 1262 3271 24.

373 3283 382 3297 ⁷
404 3285 465 3310 lllud
487 3286 525 3310 ΡΞ.
545 3286 594 3317 76,
622 3286 661 3311 tl.
683 3300 717 3305 -
738 3287 774 3312 De
792 3288 932 3319 sententia,
951 3296 1031 3321 quam
1058 3291 1083 3314 S.
1108 3290 1262 3316 Franciscus

305 3328 418 3353 moriens
438 3329 599 3360 proterebat,
619 3332 664 3355 cfr.
690 3332 714 3356 S.
741 3331 858 3362 Bonav.,
877 3333 998 3364 Legenda
1019 3335 1044 3359 S.
1069 3335 1157 3360 Franc.
1176 3341 1198 3360 c.
1220 3328 1261 3360 14.

305 3371 421 3397 Subinde
440 3373 564 3404 allegatur
583 3375 610 3399 ll.
629 3374 687 3399 Cor.
708 3374 735 3405 li,
758 3376 799 3400 16.

375 3414 385 3429 ⁸
406 3416 480 3442 Vers.
499 3416 540 3442 27.
555 3432 588 3435 —
603 3418 732 3443 Sententia
752 3419 876 3445 Bernardi
896 3419 1007 3446 habetur
1027 3421 1052 3446 111
1066 3421 1261 3448 Declamationi-

917 266 1109 299 COMMENT.
1136 268 1173 300 IN
1198 268 1436 301 EVANGELIUM
1460 270 1577 303 LUCAE
1601 270 1633 302 C.
1658 271 1705 303 IX.

1335 360 1442 390 noster
1466 358 1560 391 homo
1584 363 1828 402 corrumpatur,
1853 364 1958 394 tamen
1981 362 2008 395 is
2041 363 2095 405 qui
2120 363 2205 396 intus
2228 368 2293 403 est,

1335 413 1506 443 renovatur
1530 411 1568 443 de
1592 411 1641 444 die
1666 412 1696 444 in
1720 413 1802 446 diem
1820 427 1850 445 n.
1876 433 1920 438 —
1935 415 1977 447 Ad
2002 415 2171 457 perfectam
2187 420 2294 449 autem

1334 461 1449 495 Christi
1474 463 1679 497 imitationem
1703 475 1765 498 non
1790 466 1906 499 sufficit
1930 468 2091 501 humilitas
2106 472 2137 501 et
2160 469 2294 502 austeri-

1334 518 1396 554 tas,
1419 516 1473 549 sed
1497 517 1590 549 etiam
1614 519 1791 551 necessaria
1814 523 1861 552 est
1881 525 2079 562 paupertas.
2097 522 2167 555 ldeo
2189 522 2292 556 addit:
2312 531 2354 553 Por
2368 523 2453 560 pauper)

1336 569 1374 600 Et
1396 573 1557 612 sequatur
1580 579 1648 609 me,
1674 571 1791 604 scilicet
1814 581 1871 613 per
1895 573 2096 607 altissimam
2109 580 2293 618 pauperia·
2348 559 2421 580 ‘mm'

1334 625 1414 660 tem,
1439 631 1503 663 qua
1526 623 1604 655 nihil
1634 623 1761 656 omnino
1795 625 1919 658 volebat
1954 630 2081 668 portare
2110 627 2141 660 in
2166 628 2233 667 via,
2257 632 2294 661 ut

1305 685 1307 687 ·
1334 677 1420 707 recte
1442 677 1474 707 et
1497 675 1644 716 expedite
1667 677 1848 718 perveniret
1870 678 1907 710 ad
1924 680 2069 721 patriam.
2087 680 2157 714 Ideo
2171 680 2294 714 dicebat

1334 727 1445 761 Petrus
1468 728 1615 760 Matthaei
1639 728 1760 761 decimo
1784 730 1909 762 nonos:
1939 744 1954 760 «
1974 732 2066 771 Ecce,
2083 742 2142 766 nos
2163 733 2297 776 reliqui-

1333 789 1405 813 mus
1427 781 1533 813 omnia
1556 784 1587 813 et
1622 782 1720 814 secuti
1752 792 1863 816 sumus
1895 788 1926 817 te
1941 797 1973 824 »;
2002 795 2098 827 super
2122 796 2186 829 quo
2220 787 2294 820 Ber-

1333 834 1468 866 nardus:
1500 848 1516 862 «
1532 835 1630 873 Bene,
1656 835 1761 874 Petre,
1786 839 1817 869 et
1840 846 1902 869 non
1926 838 1964 870 ad
1989 838 2197 881 insipientiam
2221 840 2292 880 tihi;

1333 886 1409 928 quia
1431 890 1611 920 currentem
1638 888 1727 930 sequi
1745 898 1807 921 non
1824 892 1950 930 poteras
1966 895 2116 924 oneratus
2132 906 2161 923 ».
2182 892 2217 925 Et
2233 893 2293 926 hoc

1332 943 1380 972 est
1403 940 1492 973 valde
1516 941 1714 980 honorabile,
1739 942 1811 974 licet
1846 942 1990 975 videatur
2022 944 2096 984 vile,
2121 946 2213 987 quia,
2238 946 2292 979 Ec-

1332 993 1494 1026 clesiastici
1520 994 1669 1036 vigesimo
1692 995 1785 1028 tertio
1798 995 1821 1034 9,
1851 1008 1865 1024 «
1879 1005 1991 1038 magna
2014 997 2113 1039 gloria
2136 1001 2184 1031 est
2203 1000 2293 1041 sequi

1332 1044 1499 1079 Dominum
1516 1061 1546 1079 n.
2249 1053 2252 1055 ’

1421 1099 1468 1131 Ex
1492 1100 1552 1132 hoc
1576 1103 1680 1133 autem
1707 1101 1804 1133 verbo
1827 1102 1952 1135 elicitur
1986 1103 2103 1145 triplex
2127 1104 2292 1137 consilium
2316 1112 2436 1160 ¹21sliuuatnr

1331 1155 1362 1184 et
1385 1155 1494 1185 votum
1518 1153 1756 1195 religiosorum,
1780 1155 1898 1187 scilicet
1921 1155 2119 1189 obedientiae
2142 1157 2172 1190 iu
2196 1158 2291 1191 abne·
2303 1141 2445 1213 ssfii‘lffet‘ssss'.

1331 1205 1472 1246 gatione,
1497 1206 1662 1239 eastitatis
1685 1207 1717 1239 in
1741 1217 1836 1240 cruce
1865 1212 1896 1241 et
1923 1210 2137 1252 paupertatis
2160 1211 2192 1244 in
2216 1212 2291 1244 sub-
2359 1198 2401 1213 ω’

1331 1258 1506 1297 secutione;
1531 1259 1585 1293 sed
1615 1269 1709 1292 «non
1733 1269 1842 1293 omnes
1874 1262 2003 1303 capiunt
2033 1263 2167 1296 verbum
2197 1263 2290 1304 illud,

1331 1310 1385 1343 sed
1409 1311 1526 1353 quihus
1560 1312 1670 1344 datum
1700 1316 1747 1346 est
1770 1322 1788 1345 a
1812 1313 1901 1346 Patre
1929 1324 1999 1348 meo
2016 1328 2047 1354 υ,
2071 1316 2154 1349 sicut
2175 1316 2292 1350 dicitur

1331 1364 1475 1397 Matthaei
1508 1365 1628 1398 decimo
1659 1367 1799 1405 nono¹⁰3
1832 1367 1901 1401 ideo
1932 1369 2124 1410 praemittit:
2153 1370 2192 1403 Si
2217 1370 2292 1414 quis

1330 1417 1399 1449 vult
1430 1422 1488 1450 etc.
1521 1419 1559 1451 Ut
1589 1428 1681 1452 nemo
1713 1429 1746 1452 se
1777 1424 1927 1460 excuset,
1963 1422 2052 1464 quasi
2085 1432 2148 1456 non
2179 1423 2292 1456 habeat

1329 1471 1477 1512 gratiam,
1502 1471 1594 1504 dicit:
1620 1472 1658 1505 Si
1680 1473 1755 1516 quis
1778 1473 1847 1506 vult
1871 1477 1941 1514 etc„
1965 1476 2056 1517 quasi
2079 1476 2178 1516 dicat,
2207 1476 2292 1519 quod

1329 1524 1431 1565 gratia
1454 1524 1507 1557 Dei
1533 1525 1623 1558 nohis
1646 1529 1772 1567 praesto
1795 1530 1859 1566 est,
1885 1527 1909 1560 si
1934 1537 1997 1561 non
2021 1528 2101 1562 desit
2128 1530 2289 1569 voluntas;

1329 1576 1368 1609 ad
1393 1577 1548 1610 Hebraeos
1571 1578 1756 1611 duodecimo
1771 1580 1814 1611 ¹¹:
1845 1593 1860 1608 «
1876 1580 2146 1623 Contemplantes,
2162 1591 2202 1616 ne
2218 1583 2290 1625 quis

1329 1630 1410 1662 desit
1433 1631 1552 1672 gratiae
1577 1631 1678 1664 Dei».

1419 1683 1471 1716 39.
1498 1684 1598 1725 (Vers.
1625 1684 1702 1725 21).
1728 1686 1872 1718 Secundo
1902 1687 2014 1719 invitat
2041 1688 2289 1722 consideratione
2307 1696 2401 1718 Secunde

1326 1736 1464 1778 proprii
1482 1737 1641 1778 periculi,
1667 1747 1740 1770 cum
1764 1738 1821 1771 ait:
1848 1739 1915 1780 Qui
1936 1740 2023 1773 enim
2046 1740 2187 1773 voluerit
2214 1742 2289 1774 ani-

1330 1798 1421 1821 mam
1444 1799 1545 1822 ¹suam
1568 1790 1700 1823 salvam
1731 1790 1843 1833 facere
1870 1793 1984 1835 perciet
2011 1803 2085 1826 eam
2100 1794 2137 1833 ¹2,
2170 1794 2201 1827 id
2224 1798 2288 1834 est,

1330 1842 1384 1884 qui
1410 1843 1545 1875 voluerit
1569 1844 1690 1877 salvare
1715 1845 1747 1877 in
1770 1847 1927 1887 praesenti
1946 1847 2041 1879 vitam
2065 1847 2174 1889 perdet
2196 1848 2290 1881 vitam

1330 1895 1360 1926 in
1384 1895 1507 1934 futuro,
1533 1896 1650 1929 scilicet
1680 1907 1738 1939 pro
1771 1898 1833 1931 vita
1864 1903 2081 1933 momentanea
2104 1901 2214 1942 perdet
2237 1910 2289 1934 ae-

1330 1951 1469 1987 ternam;
1494 1949 1578 1981 unde
1612 1950 1735 1983 Ioannis
1769 1952 1970 1986 duodecimo:
2002 1966 2017 1982 «
2033 1954 2092 1996 Qui
2116 1958 2200 1987 amat
2223 1955 2289 1988 ani-

1329 2010 1412 2034 mam
1436 2011 1525 2034 suam
1551 2003 1660 2044 perdet
1683 2013 1752 2036 eam
1769 2018 1800 2037 »:
1825 2006 1900 2047 quia
1928 2007 1983 2049 qui
2008 2007 2100 2041 nimis
2123 2012 2207 2042 amat
2231 2008 2289 2042 ini-

1329 2063 1392 2095 que
1415 2058 1516 2093 amat,
1540 2059 1571 2087 et
1601 2068 1616 2084 «
1633 2056 1687 2098 qui
1711 2056 1811 2099 diligit
1843 2058 2041 2101 iniquitatem
2064 2061 2129 2094 odit
2152 2062 2288 2095 animam

1329 2116 1418 2140 suam
1436 2121 1466 2146 »,
1491 2109 1572 2141 sicut
1595 2109 1711 2142 dicitur
1728 2110 1758 2142 in
1776 2111 1905 2144 Psalmo.
1923 2113 1982 2154 Qui
1999 2114 2082 2146 enim
2107 2114 2207 2157 diligit
2222 2115 2288 2148 ani-

1328 2170 1411 2193 mam
1435 2171 1524 2194 suam
1550 2171 1647 2204 supra
1670 2163 1769 2196 Deum
1805 2165 1909 2206 perdit
1931 2166 2050 2206 Deum,
2075 2171 2107 2200 et
2129 2168 2288 2210 perdendo

1330 2214 1428 2247 Deum
1453 2215 1556 2257 perdit
1580 2224 1637 2257 per
1661 2225 1856 2259 consequens
1886 2227 1920 2251 se
1952 2219 2065 2261 ipsum.
2092 2221 2127 2253 Et
2150 2221 2219 2256 ideo
2242 2222 2288 2254 di-

1328 2267 1417 2300 cebat
1433 2267 1548 2300 Paulus
1564 2269 1696 2301 Actuum
1714 2269 1863 2312 vigesimo
1877 2271 1920 2303 13;
1944 2285 1959 2300 α
1976 2272 2041 2307 Non
2058 2272 2137 2306 facio
2152 2273 2286 2307 animam

1326 2329 1428 2353 meam
1446 2322 1663 2363 pretiosiorem
1680 2333 1774 2365 quam
1791 2333 1842 2358 me
1859 2325 1962 2367 ipsum
1979 2339 2009 2358 ι).
2029 2346 2069 2350 —-
2088 2327 2123 2360 Et
2139 2327 2214 2370 quia
2229 2328 2288 2361 ista

1326 2374 1451 2407 videtur
1476 2384 1543 2408 esse
1567 2375 1648 2408 dura
1671 2378 1842 2417 sententia,
1867 2378 1936 2412 ideo
1960 2379 2106 2421 probata
2129 2381 2287 2414 contrario

1326 2436 1436 2460 sensu:
1462 2427 1552 2461 Nam
1575 2429 1635 2472 qui
1654 2430 1839 2471 perdiderit
1862 2432 2014 2465 animam
2037 2443 2137 2466 suam
2151 2438 2287 2477 propter

1326 2491 1395 2520 me,
1419 2482 1450 2515 in
1475 2482 1534 2515 hac
1558 2483 1675 2516 scilicet
1700 2484 1777 2523 vita,
1802 2485 1934 2518 salvam
1966 2485 2068 2528 faciet
2090 2487 2209 2527 illam„
2227 2488 2286 2521 sci-

1326 2534 1398 2567 licet
1422 2535 1452 2567 in
1478 2535 1586 2568 futura
1604 2537 1679 2575 vita,
1709 2538 1883 2571 secundum
1910 2539 1986 2572 illud
2011 2541 2140 2573 secundi
2164 2542 2286 2574 Macha-

1326 2588 1476 2621 baeorum
1511 2589 1643 2631 septimo
1658 2590 1701 2622 ¹⁴¹:
1732 2603 1747 2619 «
1763 2592 1811 2623 Tu
1835 2592 1960 2634 quidem
1986 2593 2017 2625 in
2042 2595 2198 2635 praesenti
2222 2595 2286 2628 vita

1328 2650 1382 2674 nos
1406 2642 1529 2683 perdis,
1553 2643 1606 2675 sed
1632 2643 1698 2676 Rex
1733 2645 1841 2677 mundi
1866 2645 2030 2679 defunctos
2057 2655 2114 2679 nos
2137 2656 2196 2689 pro
2219 2648 2285 2681 suis

1327 2806 1377 2831 bus
1395 2807 1429 2832 de
1447 2807 1577 2839 colloquio
1598 2808 1712 2833 Simonis
1731 2816 1791 2834 cum
1812 2809 1867 2835 lesu
1882 2817 1911 2835 ex
1928 2811 1953 2835 S.
1966 2811 2090 2837 Bernardi
2104 2812 2283 2844 sermonibus,

1326 2852 1432 2874 auctore
1451 2850 1576 2875 Gauri-ido
1595 2850 1704 2882 abbate,
1724 2852 1751 2877 ΙΙ.
1771 2860 1795 2877 n.
1816 2854 1839 2878 2.
1870 2854 1966 2879 Textus
1994 2855 2127 2887 originalis
2146 2860 2206 2888 post
2229 2863 2283 2883 non

1326 2892 1362 2918 ad
1380 2893 1560 2926 insipientiam
1579 2894 1627 2920 tibi
1645 2894 1700 2928 [ΡΞ.
1720 2897 1765 2927 21,
1786 2896 1828 2930 3.]
1848 2898 1921 2929 plura
1941 2898 2021 2924 addit.

1397 2935 1408 2949 ⁰
1428 2938 1500 2963 Vers.
1522 2939 1564 2963 38.
2031 2949 2033 2951 ·

1397 2980 1420 2994 ¹⁰
1440 2982 1512 3007 vers.
1536 2984 1581 3013 11,
1602 2983 1646 3009 uhi
1668 2984 1777 3016 Vulgata
1806 2989 1832 3011 et
1861 2987 1917 3011 Vat.
1938 2987 2062 3013 omittunt
2080 2995 2096 3013 a
2124 2989 2205 3015 Patre
2223 2996 2281 3015 meo

1327 3024 1383 3056 (cfr.
1404 3025 1471 3050 loan.
1492 3026 1516 3057 6,
1535 3026 1599 3059 66.).
2102 3030 2122 3045 ¹¹
2144 3032 2217 3058 Vei-s.
2240 3033 2282 3058 15.

1398 3067 1419 3082 ¹²
1439 3070 1473 3094 lta
1493 3070 1570 3095 etiam
1591 3072 1709 3103 Gregor„
1729 3073 1755 3098 ll.
1775 3073 1868 3098 11011111.
1883 3073 1910 3098 111
1924 3074 2021 3105 Evang.
2037 3075 2124 3100 homil.
2138 3076 2185 3108 32,
2204 3076 2281 3103 Card.

1326 3113 1402 3144 llugo
1421 3116 1447 3138 et
1466 3114 1491 3138 B.
1513 3114 1623 3147 Albert.;
1643 3116 1754 3148 Vulgata
1774 3120 1800 3142 et
1829 3118 1885 3143 Vat.
1914 3117 2007 3150 perdet
2034 3118 2127 3152 iliam;
2147 3121 2192 3145 etr.
2212 3121 2281 3146 loan-

1327 3158 1372 3189 12,
1393 3158 1442 3190 25,
1461 3161 1539 3190 paulo
1558 3160 1665 3186 inferius
1684 3161 1821 3192 allegatus.
1838 3175 1874 3180 —
1887 3162 2009 3194 Sequitur
2029 3163 2069 3189 l‘s.
2089 3164 2138 3195 10,
2156 3165 2180 3189 6.
2195 3165 2281 3189 -111-

1326 3203 1404 3228 serius
1418 3210 1466 3234 pro
1485 3203 1566 3230 nimis
1585 3206 1660 3231 amat
1679 3205 1736 3230 Vat.
1757 3204 1846 3231 minus
1865 3208 1949 3232 amat.

1396 3245 1418 3260 ¹⁴³
1439 3248 1511 3273 Vers.
1533 3247 1574 3273 24.
1594 3262 1629 3267 —
1647 3249 1738 3274 Glossa
1766 3248 1948 3276 interlinearis
1977 3251 2001 3276 in
2026 3251 2088 3277 Luc.
2108 3252 2138 3283 9,
2158 3251 2207 3277 24:
2228 3251 2282 3283 Qui

1325 3291 1395 3317 enim
1414 3291 1530 3318 voluerit
1557 3292 1680 3319 animam
1707 3300 1789 3319 suam
1816 3290 1922 3320 saluam
1949 3295 2039 3328 facere
2062 3295 2169 3329 perdet,
2193 3296 2219 3321 in
2245 3297 2279 3322 su·

1325 3338 1396 3366 turo,
1415 3334 1506 3368 illam,
1520 3337 1601 3362 vitam
1616 3337 1756 3363 aeternam
1781 3338 1865 3369 Nam,
1885 3345 1900 3363 e
1913 3340 2056 3370 contrario,
2076 3338 2124 3372 qni
2134 3339 2280 3373 perdiderit

1324 3379 1445 3405 animam
1464 3387 1556 3411 suem,
1577 3381 1657 3406 vitam
1678 3384 1857 3413 praesentem,
1875 3385 1984 3416 propter
2004 3390 2045 3409 me
2064 3386 2112 3409 etc.

1396 3422 1419 3437 ¹²
1439 3424 1511 3449 Vers.
1532 3425 1555 3449 9.
1575 3438 1610 3444 -
1629 3426 1751 3458 Sequitur
1770 3427 1824 3451 Act.
1844 3427 1892 3458 21,
1913 3427 1954 3452 13.
