2476 3921
187 605 275 627 Solutio.

134 1451 281 1474 Corollarium.

174 2407 203 2427 Ex
207 2406 283 2433 positio

184 2434 277 2455 moralis.

296 298 359 328 592

295 384 369 426 quia
399 383 549 416 ordinem
581 380 737 414 caritatis
769 379 999 421 praetermisit,
1035 381 1146 411 contra
1176 377 1254 410 illud

294 437 447 479 Apostoli:
478 436 575 468 «Non
599 438 635 467 ut
665 434 734 466 aliis
766 433 805 465 sit
837 432 998 470 remissio,
1034 431 1123 463 vobis
1146 434 1253 463 autem

295 490 473 528 tribulatio,
498 488 551 521 sed
575 496 615 520 ex
640 486 837 529 aequalitate.
876 486 906 517 ln
931 484 1088 527 praesenti
1113 487 1254 526 tempore

295 548 400 576 vestra
412 541 603 575 abundantia
615 541 743 573 illorum
756 539 878 581 inopiae
895 539 935 571 sit
951 538 1208 580 supplementum
1223 550 1254 575 n,

296 596 451 630 secundae
479 595 518 627 ad
548 593 726 626 Corinthios
757 597 877 625 octavo.
902 610 945 615 —-
970 591 1029 624 Sed
1057 591 1126 624 ideo
1149 590 1255 623 divino

295 659 351 682 ore
374 649 538 687 laudatur,
563 648 638 689 quia
661 655 748 688 spem
774 654 894 688 ponens
918 645 949 677 111
973 644 1099 677 Christo
1122 646 1154 676 et
1176 643 1255 676 divi-

295 712 370 735 num
395 702 528 743 implens
560 700 744 737 consilium,
778 699 852 741 quia
867 700 876 718 ¹
901 698 955 731 Dei
989 698 1110 730 cultum
1134 696 1255 739 praese-

296 765 369 790 rens
393 764 468 788 suae
493 754 633 796 privatae
649 753 787 786 utilitati.
806 752 889 785 Licet
905 751 1079 784 secundum
1097 750 1255 783 hominem

298 818 359 841 non
384 808 528 840 videatur
552 807 649 839 fuisse
679 806 815 838 discreta
845 805 915 838 eius
938 805 1153 845 eleemosyna,
1179 812 1255 845 pru-

295 861 476 894 dentissima
500 863 603 892 tamen
627 859 704 898 fuit,
728 858 803 891 dum
836 861 938 891 totum
972 857 1074 889 dando
1106 857 1187 889 facta
1210 858 1257 889 est

296 914 448 947 imitatrix
484 912 618 951 Christi,
649 912 688 945 de
719 921 783 954 quo
815 910 971 944 secundae
1006 910 1045 942 ad
1079 909 1257 942 Corinthios

296 971 405 1000 octavo
418 966 448 998 ²⁷:
479 979 494 995 «
507 966 598 999 Scitis
621 965 753 1007 gratiam
778 964 900 997 Domini
926 963 1025 996 nostri
1043 963 1110 995 lesu
1128 961 1256 1001 Christi,

296 1020 444 1062 quoniam
469 1022 597 1061 propter
622 1027 677 1051 vos
709 1026 827 1059 egenus
858 1017 959 1059 factus
987 1019 1052 1054 est,
1077 1024 1149 1048 cum
1174 1017 1257 1047 esset

296 1074 399 1111 dives,
424 1076 460 1105 ut
484 1072 569 1105 illius
592 1071 696 1113 inopia
720 1080 775 1103 vos
798 1070 911 1103 divites
934 1069 1086 1102 essetis».
1104 1068 1160 1101 Ubi
1181 1076 1257 1110 ergo

296 1127 441 1159 Christus
462 1126 618 1168 promittit
641 1124 850 1167 stipendium,
874 1133 941 1155 uon
973 1127 1019 1155 est
1046 1121 1257 1164 periculum;

296 1179 349 1212 ubi
375 1179 427 1212 dat
461 1178 662 1220 exemplum,
687 1187 753 1209 uon
788 1176 953 1209 deseritur
984 1175 1150 1213 medium,
1183 1173 1258 1216 quia

297 1233 362 1274 ipse
387 1235 434 1265 est
465 1231 567 1264 omnis
603 1229 802 1272 perfectionis
837 1233 1001 1267 centrum;
1025 1228 1080 1261 ubi
1104 1227 1259 1270 approbat

296 1286 462 1324 affectum,
486 1284 641 1317 caritatis·
672 1284 754 1316 ordo
789 1293 855 1315 uon
886 1281 1130 1325 perturbatur,
1163 1280 1259 1313 immo

298 1339 492 1380 completur;
517 1337 606 1379 quia,
623 1340 659 1369 ut
675 1336 790 1368 dicitur
814 1335 935 1377 primae
950 1334 988 1367 ad
1005 1333 1184 1367 Corinthios
1205 1333 1258 1365 de-

299 1392 379 1424 cimo
403 1391 496 1424 tertio
509 1390 532 1429 ³,
562 1403 577 1418 «
595 1390 708 1422 caritas
728 1399 790 1422 non
816 1389 941 1430 quaerit
956 1397 1037 1430 quae
1055 1396 1112 1420 sua
1136 1389 1210 1420 sunt
1226 1399 1257 1418 ».

300 1463 341 1474 .—
367 1444 412 1476 Ex
437 1443 486 1476 his
510 1442 686 1484 colligitur,
710 1441 795 1484 quod
827 1450 889 1473 non
924 1444 971 1473 est
1006 1439 1119 1472 vitium
1156 1442 1258 1471 totum

299 1498 490 1539 relinquere,
515 1496 569 1529 sed
592 1496 785 1538 perfectum,
803 1495 878 1537 quia
894 1494 985 1526 radix
1012 1492 1152 1526 merendi
1172 1492 1260 1534 prin-

301 1551 442 1593 cipaliter
459 1550 586 1592 respicit
602 1549 705 1583 cordis
721 1550 884 1587 affectum,
901 1552 932 1581 et
948 1548 1023 1590 quia
1047 1547 1146 1589 magis
1169 1555 1258 1579 acce-

300 1608 367 1647 ptat
383 1605 466 1637 Deus
491 1604 646 1637 servorem
672 1602 774 1635 cordis
798 1611 893 1644 quam
918 1600 1166 1643 magnitudinem
1189 1609 1259 1632 mu-

300 1658 394 1691 neris.
430 1658 462 1690 ln
494 1657 585 1690 cuius
625 1657 749 1698 signum
785 1655 901 1688 dicitur
936 1654 1063 1687 Genesis
1099 1653 1259 1695 quarto4:

305 1724 320 1739 a
339 1712 485 1753 Respexit
510 1710 661 1743 Dominus
684 1709 722 1741 ad
746 1709 820 1741 Abel
844 1712 875 1741 et
898 1708 937 1740 ad
960 1716 1094 1740 munera
1117 1707 1203 1745 eius,
1221 1705 1260 1738 ad

301 1764 373 1796 Cain
398 1768 503 1796 autem
528 1768 559 1796 et
583 1763 621 1795 ad
645 1771 779 1795 munera
814 1761 898 1793 1111115
922 1769 985 1793 non
1010 1759 1199 1801 respexit».
1224 1758 1261 1791 Et

300 1817 369 1849 ideo
393 1819 502 1849 contra
525 1825 599 1848 cum
623 1815 676 1857 qui
702 1818 749 1848 est
774 1814 873 1847 malae
903 1813 1093 1852 voluntatis,
1115 1812 1156 1850 ,de
1179 1812 1260 1845 6166-

300 1879 429 1911 mosyna
453 1869 658 1902 confidentem
695 1868 811 1900 dicitur
846 1866 1050 1899 Ecclesiastici
1083 1864 1258 1907 septimo⁵:

305 1936 320 1951 «
337 1923 402 1955 Non
427 1922 535 1964 alliges
559 1922 613 1954 tibi
639 1921 776 1963 duplicia
799 1924 926 1962 peccata
943 1933 974 1958 n,
997 1923 1045 1952 et:
1068 1931 1083 1947 «
1097 1919 1140 1951 Ne
1156 1918 1258 1950 dicas:

300 1975 332 2007 In
357 1974 559 2007 multitudine
583 1982 752 2006 munerum
776 1981 921 2005 meorum
946 1971 1094 2013 respiciet
1117 1970 1212 2009 Deus,
1230 1972 1261 2002 et

299 2028 449 2061 offerente
472 2036 523 2060 me
546 2027 610 2059 Deo
633 2026 801 2064 altissimo,
826 2024 976 2066 suscipiet
991 2032 1125 2056 munera
1150 2031 1260 2061 mea»;

299 2081 391 2123 quia,
417 2079 621 2113 Ecclesiastici
646 2078 807 2120 trigesimo
839 2081 971 2119 quarto,
1001 2089 1017 2105 «
1033 2076 1115 2109 dona
1138 2076 1261 2117 iniquo-

300 2142 372 2165 rum
397 2141 458 2165 non
483 2132 596 2174 probat
627 2131 847 2169 Α111551111115»,
872 2130 943 2169 sed,
968 2128 1052 2171 quod
1089 2128 1206 2161 dicitur
1229 2128 1261 2160 in

301 2186 439 2224 Psalmo,
469 2198 483 2213 α
501 2184 690 2217 5361111613111
715 2184 779 2217 Deo
795 2183 926 2226 spiritus
943 2181 1191 2220 contribulatus,
1208 2190 1262 2214 cor

301 2239 471 2272 contritum
496 2241 527 2271 et
550 2238 751 2270 humiliatum
768 2250 799 2276 n,
817 2245 919 2279 usque
942 2236 1003 2269 ibi:
1027 2235 1153 2268 «altare
1170 2238 1261 2268 tuum

302 2292 417 2325 vitulos
434 2305 463 2323 ι).

391 2347 420 2377 7.
446 2345 525 2378 11366
558 2344 732 2378 secundum
764 2344 901 2377 litteram
930 2343 1013 2376 dicta
1036 2346 1125 2382 sunt;
1150 2351 1263 2376 secun-

301 2399 376 2432 dum
400 2398 561 2431 moralem
585 2401 691 2431 autem
715 2397 913 2430 intellectum
936 2406 993 2439 per
1017 2397 1098 2430 hanc
1122 2396 1263 2429 viduam

298 2451 562 2494 pauperculam,
587 2460 681 2493 quam
706 2450 927 2492 benignissime
958 2449 1086 2492 respicit
1109 2449 1271 2482 Dominus-

302 2505 404 2543 Iesus,
439 2504 626 2546 intelligitur
660 2504 797 2542 anima,
822 2512 903 2546 quae
934 2502 1053 2536 recedit
1087 2503 1128 2536 ab
1156 2511 1263 2535 amore

303 2558 543 2600 temporalium;
576 2566 657 2599 quae
687 2556 757 2589 ideo
790 2556 896 2589 vidua
928 2556 1059 2594 dicitur,
1095 2555 1263 2597 quoniam,

303 2610 428 2652 quando
452 2610 569 2642 mundo
592 2609 751 2651 adhaesit,
777 2609 888 2641 habuit
912 2609 1035 2647 virum,
1059 2617 1145 2641 nunc
1172 2608 1264 2650 quasi

376 2746 383 2761 ¹
406 2747 464 2772 Vnt.
483 2749 507 2773 et
526 2746 598 2780 qaia.
1113 2745 1124 2774 ἲ
1144 2747 1220 2772 Vers.
1239 2747 1264 2772 9.

376 2791 386 2805 ³
406 2792 482 2817 Vei-s.
501 2792 527 2817 5.
545 2805 580 2810 —
600 2791 727 2823 Superius
755 2798 804 2823 pro
829 2790 963 2824 promittit
981 2790 1063 2817 CDH
1080 2790 1216 2824 promisit,
1240 2794 1265 2816 et

305 2843 354 2868 pro
372 2835 504 2862 deseritur
524 2836 582 2861 Vat.
602 2835 776 2862 discernitur.

377 2879 387 2893 ⁴
408 2880 483 2905 Vers.
502 2880 526 2904 li.
545 2882 571 2905 et
590 2874 614 2905 5.
634 2879 685 2905 Ctr.
705 2879 730 2904 S.
759 2880 867 2909 Bonav„
886 2879 935 2911 Qq.
955 2878 1024 2910 disp.
1053 2879 1086 2904 de
1105 2878 1265 2904 perfectione

306 2924 457 2955 evangelica
478 2923 554 2955 (tom.
573 2924 615 2957 V.)
636 2931 659 2949 3.
681 2924 705 2949 sl.
724 2931 780 2956 seq.

377 2967 387 2981 ⁵
408 2968 483 2993 Vers.
502 2968 526 2992 8.
546 2971 571 2992 et
595 2968 634 2993 11.
652 2981 688 2987 —-
706 2968 764 2993 Duo
783 2974 858 3000 seqq.
878 2968 926 2993 loci
945 2971 1007 2993 sunt
1026 2968 1103 2993 Eccli.
1123 2966 1171 2998 34,
1185 2968 1228 2993 23.
1241 2970 1267 2993 61

306 3013 347 3037 l‘s.
366 3012 414 3042 50,
440 3012 521 3037 19-21.
540 3024 576 3030 —
595 3012 721 3043 superius
734 3019 783 3044 pro
796 3011 827 3038 de
840 3011 1007 3045 eleemosyna
1020 3011 1196 3046 confidentem
1215 3011 1234 3037 C
1246 3012 1266 3036 D

305 3058 330 3082 et
348 3055 514 3090 eleemosyna
533 3055 716 3090 confidentem.
736 3070 771 3076 —
791 3056 897 3082 lnterius
916 3063 965 3088 pro
984 3055 1044 3087 sed,
1071 3055 1143 3090 quod
1167 3054 1266 3082 dicam·

305 3100 333 3127 in
352 3100 461 3127 Psalmo
480 3101 500 3126 Α
512 3100 563 3126 CD
580 3099 627 3126 sed
645 3099 731 3134 quid?
750 3100 827 3126 illud.
1239 3097 1242 3100 ’

377 3144 388 3159 ⁰
408 3145 502 3170 Psalm.
524 3145 589 3175 131,
609 3144 650 3170 15,
670 3158 705 3164 -
724 3145 847 3178 Sequitur
867 3145 883 3170 l.
905 3144 974 3170 Tim.
994 3144 1024 3175 5,
1045 3144 1070 3170 5.

377 3188 386 3203 ⁷
407 3189 482 3215 Vers.
505 3190 546 3214 11.
565 3202 600 3208 ·-
618 3189 668 3214 Pro
686 3188 814 3223 affectum
833 3188 998 3216 terrenitatis
1013 3188 1058 3222 (ita
1077 3187 1139 3221 CD)
1154 3187 1213 3213 Vat.
1232 3187 1267 3221 ef-

306 3233 404 3266 fectam
418 3232 590 3259 terrenitatis.

378 3275 388 3290 ¹³
408 3277 482 3302 Vers.
504 3277 533 3308 1,
553 3280 611 3309 post
630 3284 710 3310 quem
731 3277 748 3303 l.
767 3277 877 3309 paralip.
897 3277 944 3309 22,
964 3276 1011 3308 14,
1031 3275 1077 3302 ubi
1091 3275 1149 3302 voci
1169 3274 1267 3309 impen-

306 3327 352 3347 sas
371 3320 390 3346 C
402 3321 422 3346 D
442 3321 590 3353 praefigunt
609 3327 709 3348 omnes.
1096 3328 1100 3331 ⁷

379 3363 390 3378 ⁹
410 3364 483 3390 Vers.
505 3365 529 3389 1.
547 3377 583 3384 -
602 3365 792 3397 Theophylact.
812 3366 839 3390 in
864 3365 943 3390 Marc.
962 3365 1008 3397 12,
1038 3364 1132 3390 tta-tt:
1154 3372 1167 3387 «
1180 3364 1267 3390 Gloria

309 3407 370 3439 tibi,
389 3407 503 3441 Christe,
523 3408 569 3441 qul
588 3412 613 3434 et
632 3415 715 3441 parva
734 3409 848 3441 gratiora
868 3415 948 3441 saepe
966 3404 1049 3434 habes
1061 3415 1141 3442 quam
1160 3415 1268 3441 magna.

310 3452 427 3484 Quaeso,
447 3455 475 3477 ut
494 3452 572 3478 etiam
593 3459 649 3478 mea
670 3452 756 3479 anima
775 3452 856 3478 vidua
875 3453 932 3478 talis
950 3452 997 3484 sit,
1016 3452 1085 3486 qua'e
1103 3451 1212 3482 3111161111
1229 3458 1267 3478 53-

874 290 1069 323 COMMENT.
1094 290 1131 322 IN
1155 288 1394 323 EVANGELIUM
1419 288 1536 321 LUCAE
1561 288 1593 320 C.
1618 288 1692 320 XXI.

1318 377 1424 409 vidua
1441 380 1472 409 et
1486 376 1698 419 paupercula
1713 379 1776 409 est:
1794 376 1898 409 vidua
1922 375 2061 418 quidem,
2079 375 2154 418 quia
2170 383 2282 417 seque-

1318 433 1416 462 strata
1431 433 1486 462 est
1510 439 1529 462 a
1552 429 1672 462 mundo
1695 432 1850 471 quantum
1866 429 1904 462 ad
1922 420 2076 472 affectum
2097 428 2282 461 carnalita-

1319 483 1381 521 tls;
1406 483 1548 516 Psalmus
1560 483 1589 514 ⁶:
1619 495 1634 511 α
1649 482 1867 515 Viduam-eius
1884 481 2071 515 benedicens
2087 481 2281 519 benedicam,

1319 545 1475 578 pauperes
1510 536 1579 568 eius
1614 535 1763 568 saturabo
1798 535 1980 577 panibus».
2007 535 2042 567 Et
2077 535 2154 567 haec
2187 534 2283 566 vidua

1319 598 1444 622 omnem
1470 598 1559 622 suam
1584 589 1822 622 delectationem
1847 588 1935 630 ponit
1958 588 1989 621 in
2013 588 2154 626 Christo,
2171 596 2283 620 secun-

1318 642 1394 675 dum
1431 642 1509 674 illud
1544 642 1665 684 primae
1696 641 1735 674 ad
1771 641 1970 674 Timotheum
2007 641 2136 683 quinto:
2166 646 2182 669 '«
2197 640 2284 681 Quae

1320 704 1394 728 vere
1420 695 1514 728 vidua
1537 698 1584 728 est
1607 698 1639 728 et
1661 694 1800 728 desolata
1823 698 1929 736 speret
1952 693 1982 726 in
2007 694 2108 728 Deum
2132 696 2164 725 et
2190 693 2285 725 instet

1319 747 1517 780 orationibus
1541 751 1572 780 et
1595 747 1867 780 obsecrationibus
1891 750 1982 779 nocte
2006 755 2041 779 ac
2065 745 2115 778 die
2132 759 2162 778 n.
2189 764 2229 768 —
2248 745 2284 777 Et

1320 803 1399 835 haec
1431 801 1644 844 paupercula
1673 805 1738 840 est,
1772 801 1847 843 quia
1883 802 2080 842 sequestrata
2111 809 2130 832 3
2165 798 2284 831 mundo

1320 859 1476 898 quantum
1508 855 1547 888 ad
1579 854 1734 898 affectum
1759 854 1990 892 ter7·enitatz's;
2024 853 2063 886 de
2094 862 2157 895 qua
2189 852 2284 885 Isaiae

1320 909 1582 952 quinquagesimo
1598 912 1714 951 quarto
1727 909 1757 940 ⁷:
1777 921 1793 937 «
1806 907 2000 950 paupercula
2014 909 2198 948 tempestate
2211 914 2284 938 con-

1322 962 1430 1001 vulsa,
1455 962 1575 1004 absque
1607 961 1672 994 ulla
1696 960 1907 994 consolatione
1924 973 1955 992 ».
1980 958 2163 999 Huiusmodi
2187 958 2285 1000 igitur

1321 1019 1369 1048 est
1393 1015 1509 1048 offerre
1534 1015 1597 1048 Deo
1620 1015 1687 1047 duo
1711 1024 1795 1047 aera
1817 1014 1966 1052 minuta,
1991 1013 2021 1045 id
2038 1016 2085 1045 est
2101 1010 2285 1054 mortifica-

1322 1068 1442 1100 tionem
1467 1068 1595 1107 carnis,
1619 1068 1650 1100 in
1675 1071 1830 1110 quantum
1855 1070 1903 1100 est
1922 1066 2039 1105 vidua,
2057 1065 2232 1098 secundum
2248 1064 2285 1101 il-

1324 1121 1379 1153 lud
1403 1121 1539 1169 Apostoli
1563 1121 1602 1153 ad
1627 1121 1780 1154 Romanos
1796 1115 2027 1153 duodecimo⁸i
2047 1118 2214 1151 «Obsecro
2231 1126 2286 1151 vos

1324 1183 1381 1216 per
1405 1174 1652 1207 misericordiam
1676 1174 1751 1213 Dei,
1775 1176 1811 1206 ut
1835 1172 2014 1206 exhibeatis
2030 1180 2164 1213 corpora
2180 1174 2286 1204 vestra

1322 1227 1655 1266 hostiam-viventem,
1688 1229 1846 1266 sanc-tam,
1879 1219 1949 1259 Deo'
1974 1226 2165 1268 placentem,
2190 1224 2287 1257 ratio-

1322 1280 1426 1313 nabile
1449 1280 1637 1322 obsequium
1663 1282 1805 1312 vestrum
1822 1292 1853 1318 »3
1878 1282 1909 1312 et
1925 1278 2039 1311 offerre
2052 1281 2286 1320 paupertatem

1322 1333 1484 1375 spiritus,
1509 1334 1540 1366 in
1564 1337 1720 1376 quantum
1744 1336 1791 1366 est
1813 1332 2044 1375 paupercula:
2060 1331 2154 1374 primi
2172 1330 2287 1364 Parali-

1323 1395 1478 1428 pomenon
1510 1386 1661 1428 vigesimo
1692 1385 1847 1419 secundo:
1877 1398 1893 1414 «
1912 1386 2006 1424 Ecce,
2038 1385 2069 1417 in
2101 1387 2287 1427 paupertate

1323 1448 1393 1472 mea
1425 1439 1611 1481 praeparavi
1641 1439 1797 1481 impensas
1827 1438 1939 1471 domus
1963 1438 2084 1470 Domini
2102 1451 2134 1470 ».
2159 1438 2204 1470 De
2227 1438 2287 1470 hoc

1323 1492 1442 1534 duplici
1467 1492 1590 1524 minuto
1613 1491 1772 1524 offerendo
1796 1490 1952 1524 secundae
1975 1490 2013 1523 ad
2034 1490 2213 1523 Corinthios
2238 1498 2286 1522 56-

1325 1545 1467 1587 ptimo⁹:
1509 1544 1729 1577 «Mundemus
1764 1554 1821 1577 nos
1855 1544 1895 1577 ab
1930 1544 2014 1577 omni
2050 1543 2288 1586 inquinamento

1324 1598 1429 1631 carnis
1453 1607 1489 1631 ac.
1513 1598 1661 1640 spiritus,
1686 1598 1885 1640 perficientes
1908 1597 2185 1631 sanctificationem
2201 1597 2233 1629 in
2250 1596 2289 1629 ti-

1324 1660 1413 1684 more
1438 1651 1539 1684 Dei».
1564 1663 1567 1664 ⁷
2110 1672 2124 1676 μ

1414 1706 1443 1737 8.
1467 1705 1645 1738 Secundum
1662 1708 1767 1738 autem
1785 1704 2002 1747 alleyorz'cum
2019 1704 2216 1737 intellectum
2232 1712 2289 1746 per

1325 1758 1443 1791 divites
1466 1758 1688 1800 intelliguntur
1706 1758 1826 1797 ludaei;
1845 1758 1929 1791 unde
1945 1758 2104 1791 Glossaffl:
2128 1770 2143 1786 «
2155 1757 2287 1796 Divites‚

1324 1812 1378 1854 qui
1403 1812 1435 1844 in
1458 1811 1716 1854 gazophylacium
1741 1820 1876 1844 munera
1900 1811 2048 1850 mittunt,
2073 1810 2177 1843 ludaei
2203 1813 2288 1849 sunt,

1324 1864 1379 1907 qui
1395 1864 1434 1897 de
1450 1864 1570 1897 iustitia
1586 1864 1675 1906 Legis
1691 1867 1766 1896 sunt
1790 1864 1862 1896 elati
1876 1877 1908 1902 »,
1925 1862 2099 1896 secundum
2116 1862 2195 1895 illud
2211 1863 2290 1904 Apo-

1324 1917 1394 1950 stoli
1418 1917 1457 1950 ad
1482 1918 1636 1949 Romanos
1659 1916 1797 1949 decimo:
1827 1928 1843 1944 α
1860 1916 1915 1948 Dei
1939 1916 2119 1958 ignorantes
2135 1915 2286 1948 iustitiam

1324 1974 1356 2003 et
1379 1979 1469 2003 suam
1505 1970 1646 2002 volentes
1674 1973 1829 2009 statuere,
1862 1969 1999 2002 iustitiae
2032 1968 2084 2002 Dei
2118 1978 2180 2001 non
2213 1971 2288 2010 sunt

1325 2023 1502 2056 subiecti».
1528 2040 1570 2046 —
1594 2023 1653 2055 Per
1675 2022 1816 2055 ‘uiduam
1836 2022 2083 2065 pauperculam
2099 2021 2286 2064 intelligitur

1321 2075 1462 2109 ‘Ecclesia
1477 2075 1515 2108 de
1532 2075 1679 2117 gentibus
1695 2078 1897 2118 congregata;
1915 2075 1999 2109 unde
2015 2075 2123 2109 Glossa
2137 2076 2180 2108 ¹²:
2203 2088 2219 2104 «
2239 2074 2289 2107 Vz'-

1326 2128 1408 2167 dua,
1433 2128 1587 2168 Ecclesia,
1611 2137 1670 2170 pro
1694 2138 1758 2171 qua
1780 2128 1830 2162 vir
1854 2128 1923 2162 eius
1947 2129 2077 2171 pertulit
2100 2132 2234 2162 mortem
2259 2131 2290 2161 et

1325 2181 1358 2214 in
1381 2181 1457 2215 caeli
1482 2182 1711 2224 penetralibus,
1736 2182 1826 2225 quasi
1851 2182 1890 2215 ab
1914 2182 2014 2215 oculis
2037 2182 2106 2216 eius
2129 2182 2290 2221 occultus,

1327 2235 1416 2277 quasi
1441 2234 1473 2267 in
1497 2238 1587 2277 parte
1602 2235 1734 2269 alterius
1751 2235 1888 2278 regionis
1904 2235 2025 2268 vivit».
2044 2235 2116 2268 11160
2132 2235 2171 2268 311
2188 2235 2290 2277 Ε[1116-

1326 2288 1390 2321 sios
1413 2288 1582 2331 quinto¹²:
1612 2301 1628 2318 α
1645 2288 1727 2328 Viri,
1751 2288 1869 2331 diligite
1893 2296 2013 2321 uxores
2043 2291 2183 2327 vestras,
2211 2287 2293 2320 sicut

1326 2344 1358 2375 et
1380 2341 1525 2375 Christus
1548 2341 1661 2375 dilexit
1685 2341 1852 2375 Ecclesiam
1870 2345 1900 2374 et
1917 2350 1950 2374 se
1966 2341 2069 2384 ipsum
2088 2341 2216 2374 tradidit
2232 2349 2292 2384 pro

1327 2404 1380 2434 ea,
1413 2398 1449 2428 ut
1483 2395 1569 2428 illam
1604 2395 1832 2435 sanctificaret,
1869 2394 2024 2428 mundans
2059 2403 2128 2427 eam
2165 2395 2291 2427 lavacro

1326 2457 1427 2491 aquae
1452 2449 1485 2481 in
1509 2448 1607 2482 verbo
1630 2448 1712 2481 vitae
1726 2460 1756 2487 »3
1782 2451 1814 2481 et
1837 2451 1922 2490 post:
1946 2448 2212 2481 «Sacramentum
2229 2447 2289 2480 hoc

1327 2511 1477 2544 magnum
1502 2506 1566 2541 est;
1592 2510 1649 2544 ego
1672 2505 1779 2535 autem
1803 2501 1873 2535 dico
1889 2501 1920 2534 in
1937 2501 2062 2534 Christo
2086 2504 2117 2534 et
2138 2501 2170 2534 in
2187 2501 2291 2534 Eccle-

1328 2555 1374 2588 sia
1387 2569 1417 2587 ι).
1431 2555 1564 2588 1111136115
1580 2564 1656 2597 ergo
1672 2555 1764 2588 offert
1775 2564 1815 2588 ex
1827 2554 2039 2588 abundantia
2055 2557 2186 2597 propter
2202 2563 2293 2596 prae—

1328 2602 1537 2647 sumtionem;
1562 2608 1646 2641 unde
1669 2608 1835 2641 Glossa¹⁸:
1865 2621 1880 2636 α
1899 2608 2031 2641 1111136115
2054 2616 2095 2640 ex
2119 2607 2293 2640 abundanti

1330 2750 1430 2778 tanam,
1450 2747 1492 2772 cui
1511 2746 1644 2778 adhaesit,
1663 2749 1689 2771 et
1708 2746 1791 2771 11111131
1820 2746 1844 2771 111
1873 2747 2025 2777 thesaurum
2045 2751 2153 2771 sacrum
2170 2745 2224 2771 duo
2245 2744 2291 2770 mi-

1329 2794 1406 2821 nuta,
1426 2797 1533 2816 carnem
1553 2794 1578 2816 et
1598 2793 1725 2822 mentem,
1746 2790 1856 2823 ipsaque
1877 2789 2029 2820 imminuat,
2049 2789 2206 2815 continentia
2234 2789 2292 2821 qui-

1330 2835 1390 2861 dem
1410 2842 1515 2861 carnem
1525 2854 1531 2866 ,
1551 2835 1696 2860 humilitate
1715 2841 1779 2860 vero
1800 2837 1913 2860 mentem
1923 2853 1929 2865 ,
1943 2837 1971 2859 ut
1985 2837 2010 2859 et
2023 2840 2074 2866 ego
2087 2833 2203 2865 audiam,
2217 2833 2290 2866 quod

1330 2883 1410 2905 totam
1431 2887 1517 2905 meam
1546 2880 1627 2905 vitam
1657 2878 1834 2905 consecrarim
1854 2879 1922 2909 Deo,
1941 2885 1992 2904 non
2017 2878 2106 2903 relicta
2125 2878 2176 2903 ulla
2196 2877 2292 2909 cogita-

1331 2924 1400 2949 tione
1413 2924 1455 2949 161
1469 2923 1604 2949 affectione
1617 2923 1677 2949 111116
1691 2922 1791 2948 mundo
1802 2932 1828 2948 n.
1841 2936 1876 2942 —
1895 2923 1961 2948 111161
1979 2929 2060 2954 opera
2080 2922 2196 2952 Hieron„
2215 2920 2293 2947 Com-

1330 2970 1411 2993 ment.
1432 2967 1456 2993 in
1476 2968 1554 2993 111316.
1573 2968 1621 2998 12,
1641 2967 1683 2992 11.
1703 2974 1793 3000 seqq:
1814 2967 1975 2999 Paupercula
2004 2973 2068 2992 vero
2081 2982 2084 2985 -
2097 2972 2166 2998 quae
2186 2969 2225 2991 est
2242 2965 2293 2991 nisi

1330 3014 1356 3037 et
1368 3018 1419 3043 ego
1432 3015 1457 3037 et
1470 3012 1568 3037 similes
1582 3011 1647 3043 mei,
1661 3011 1706 3044 qui
1722 3011 1796 3037 mitto
1809 3011 1882 3044 quod
1896 3017 2004 3043 possum
2014 3030 2020 3042 ‚
2039 3012 2065 3035 et
2084 3009 2205 3036 desidero
2219 3009 2292 3043 quod

1331 3063 1383 3082 non
1403 3063 1512 3088 possum
1533 3059 1581 3081 etc.

1402 3099 1424 3114 ¹⁰
1443 3100 1546 3126 Scilicet
1563 3099 1706 3126 ordinaria
1728 3102 1771 3129 (61(-
1787 3098 1868 3131 Beda)
1883 3098 1955 3130 apud
1969 3099 2100 3130 Lyranum
2120 3098 2145 3124 in
2166 3099 2228 3124 Luc.
2248 3098 2291 3128 21,

1335 3145 1362 3174 1;
1382 3144 1474 3170 similis
1493 3143 1630 3173 exhibetur
1648 3143 1726 3169 6113111
1746 3149 1761 3168 3
1781 3141 1867 3168 strab.
1886 3142 1913 3167 111
1933 3142 2011 3168 Μ316.
2034 3142 2075 3174 12,
2091 3142 2132 3168 tt.
2152 3155 2187 3161 —
2201 3141 2291 3175 sequi-

1332 3190 1373 3213 tur
1392 3188 1468 3213 Rom.
1489 3188 1536 3220 to,
1556 3188 1580 3213 3.

1403 3230 1423 3246 ¹¹
1444 3232 1544 3264 Nempe
1563 3230 1707 3258 orda'naria
1727 3231 1772 3261 (de
1790 3237 1843 3264 qua
1862 3231 1908 3256 cfr.
1921 3234 1982 3257 nota
1997 3230 2184 3263 praecedens),
2199 3230 2223 3255 in
2238 3237 2290 3263 qua

1331 3279 1391 3308 post
1407 3275 1592 3310 penetralibus
1611 3278 1695 3302 textus
1713 3275 1847 3306 originalis
1866 3275 1960 3301 omittit
1980 3274 2066 3309 quasi.

1403 3318 1425 3334 ¹²
1445 3319 1522 3345 Vers.
1541 3318 1583 3344 25.
1603 3325 1658 3351 seq.
1678 3321 1703 3344 et
1722 3318 1766 3344 32.

1403 3362 1424 3378 ¹⁸
1445 3362 1547 3392 Scilicet
1565 3360 1708 3388 ordinaria
1728 3361 1768 3395 (ex
1787 3362 1867 3395 Beda)
1882 3362 1907 3388 in
1921 3362 1983 3388 Luc.
2002 3362 2052 3393 21,
2072 3360 2100 3394 Ιι;
2118 3361 2214 3394 tuipsa
2233 3361 2291 3387 alle·

1332 3410 1409 3439 gatur
1428 3407 1491 3433 Luc.
1512 3407 1559 3438 18,
1580 3406 1622 3432 11.
1642 3405 1694 3432 Cn·-
1722 3412 1803 3438 supra
1830 3413 1853 3432 c.
1883 3406 1925 3432 18.
1945 3413 1971 3432 11.
1996 3405 2046 3437 21,
2065 3404 2110 3432 ubi
2131 3405 2289 3437 ostenditur,

1331 3451 1402 3484 quod
1424 3450 1578 3484 Pharisaeus
1597 3449 1731 3476 ludaicum
1751 3450 1879 3483 populum
1899 3450 2028 3482 designat.

2316 1705 2426 1737 Expositis>

2309 1733 2430 1760 allegorica.
