<?xml version="1.0" encoding="UTF-8"?>
<!DOCTYPE html PUBLIC "-//W3C//DTD XHTML 1.0 Transitional//EN"
    "http://www.w3.org/TR/xhtml1/DTD/xhtml1-transitional.dtd">
<html xmlns="http://www.w3.org/1999/xhtml" xml:lang="en" lang="en">
 <head>
  <title>
</title>
<meta http-equiv="Content-Type" content="text/html;charset=utf-8" />
  <meta name='ocr-system' content='tesseract 3.04.00' />
  <meta name='ocr-capabilities' content='ocr_page ocr_carea ocr_par ocr_line ocrx_word'/>
</head>
<body>
  <div class='ocr_page' id='page_1' title='image "./doctorisseraphic07bona_0186.png"; bbox 0 0 2476 3921; ppageno 0'>
   <div class='ocr_carea' id='block_1_1' title="bbox 129 870 283 945">
    <p class='ocr_par' dir='ltr' id='par_1_1' title="bbox 129 870 283 945">
     <span class='ocr_line' id='line_1_1' title="bbox 161 870 283 896; baseline -0.016 -5"><span class='ocrx_word' id='word_1_1' title='bbox 161 870 283 896; x_wconf 74' lang='lat' dir='ltr'>Aequalitas</span> 
     </span>
     <span class='ocr_line' id='line_1_2' title="bbox 131 896 283 918; baseline -0.007 -1"><span class='ocrx_word' id='word_1_2' title='bbox 131 896 283 918; x_wconf 83' lang='lat' dir='ltr'>mensuraede-</span> 
     </span>
     <span class='ocr_line' id='line_1_3' title="bbox 129 924 261 945; baseline -0.015 -1"><span class='ocrx_word' id='word_1_3' title='bbox 129 924 261 945; x_wconf 77' lang='lat' dir='ltr'>terminatur.</span> 
     </span>
    </p>
   </div>
   <div class='ocr_carea' id='block_1_2' title="bbox 143 1347 271 1369">
    <p class='ocr_par' dir='ltr' id='par_1_2' title="bbox 143 1347 271 1369">
     <span class='ocr_line' id='line_1_4' title="bbox 143 1347 271 1369; baseline -0.008 0"><span class='ocrx_word' id='word_1_4' title='bbox 143 1347 271 1369; x_wconf 72' lang='lat' dir='ltr'><strong>Notandum.</strong></span> 
     </span>
    </p>
   </div>
   <div class='ocr_carea' id='block_1_3' title="bbox 299 298 360 329">
    <p class='ocr_par' dir='ltr' id='par_1_3' title="bbox 299 298 360 329">
     <span class='ocr_line' id='line_1_5' title="bbox 299 298 360 329; baseline -0.016 0"><span class='ocrx_word' id='word_1_5' title='bbox 299 298 360 329; x_wconf 82' lang='lat'>160</span> 
     </span>
    </p>
   </div>
   <div class='ocr_carea' id='block_1_4' title="bbox 292 378 1260 2604">
    <p class='ocr_par' dir='ltr' id='par_1_4' title="bbox 295 378 1253 792">
     <span class='ocr_line' id='line_1_6' title="bbox 296 378 1251 422; baseline -0.008 -5"><span class='ocrx_word' id='word_1_6' title='bbox 296 384 433 417; x_wconf 89' lang='lat' dir='ltr'>nocendo</span> <span class='ocrx_word' id='word_1_7' title='bbox 458 382 506 414; x_wconf 84' lang='lat' dir='ltr'>vel</span> <span class='ocrx_word' id='word_1_8' title='bbox 530 382 609 414; x_wconf 87' lang='lat' dir='ltr'>male</span> <span class='ocrx_word' id='word_1_9' title='bbox 632 380 751 422; x_wconf 83' lang='lat' dir='ltr'>agendo</span> <span class='ocrx_word' id='word_1_10' title='bbox 780 380 844 412; x_wconf 89' lang='lat' dir='ltr'>sive</span> <span class='ocrx_word' id='word_1_11' title='bbox 875 379 1081 417; x_wconf 88' lang='lat' dir='ltr'>demerendo,</span> <span class='ocrx_word' id='word_1_12' title='bbox 1106 378 1251 410; x_wconf 80' lang='lat' dir='ltr'>remetie-</span> 
     </span>
     <span class='ocr_line' id='line_1_7' title="bbox 297 431 1251 474; baseline -0.006 -5"><span class='ocrx_word' id='word_1_13' title='bbox 297 442 352 469; x_wconf 80' lang='lat' dir='ltr'>tar</span> <span class='ocrx_word' id='word_1_14' title='bbox 363 439 374 456; x_wconf 89' lang='lat'>¹</span> <span class='ocrx_word' id='word_1_15' title='bbox 392 436 491 474; x_wconf 73' lang='lat' dir='ltr'>vobiS,</span> <span class='ocrx_word' id='word_1_16' title='bbox 508 436 598 467; x_wconf 88' lang='lat' dir='ltr'>iuxta</span> <span class='ocrx_word' id='word_1_17' title='bbox 614 433 690 466; x_wconf 91' lang='lat' dir='ltr'>illud</span> <span class='ocrx_word' id='word_1_18' title='bbox 708 432 942 465; x_wconf 88' lang='lat' dir='ltr'>Deuteronomii</span> <span class='ocrx_word' id='word_1_19' title='bbox 960 432 1109 474; x_wconf 85' lang='lat' dir='ltr'>vigesimo</span> <span class='ocrx_word' id='word_1_20' title='bbox 1125 431 1251 473; x_wconf 88' lang='lat' dir='ltr'>quinto:</span> 
     </span>
     <span class='ocr_line' id='line_1_8' title="bbox 301 484 1251 526; baseline -0.007 -4"><span class='ocrx_word' id='word_1_21' title='bbox 301 504 316 519; x_wconf 73' lang='grc' dir='ltr'>«ι</span> <span class='ocrx_word' id='word_1_22' title='bbox 333 490 422 522; x_wconf 84' lang='lat' dir='ltr'>quta</span> <span class='ocrx_word' id='word_1_23' title='bbox 448 496 628 520; x_wconf 89' lang='lat' dir='ltr'>mensuram</span> <span class='ocrx_word' id='word_1_24' title='bbox 653 486 755 519; x_wconf 82' lang='lat' dir='ltr'>delicti</span> <span class='ocrx_word' id='word_1_25' title='bbox 773 485 834 518; x_wconf 88' lang='lat' dir='ltr'>erit</span> <span class='ocrx_word' id='word_1_26' title='bbox 849 488 880 517; x_wconf 90' lang='lat' dir='ltr'>et</span> <span class='ocrx_word' id='word_1_27' title='bbox 903 485 1067 526; x_wconf 83' lang='lat' dir='ltr'>plagarum</span> <span class='ocrx_word' id='word_1_28' title='bbox 1091 484 1203 516; x_wconf 90' lang='lat' dir='ltr'>modus</span> <span class='ocrx_word' id='word_1_29' title='bbox 1220 495 1251 521; x_wconf 84' lang='lat'>»;</span> 
     </span>
     <span class='ocr_line' id='line_1_9' title="bbox 296 536 1253 584; baseline -0.007 -9"><span class='ocrx_word' id='word_1_30' title='bbox 296 548 326 576; x_wconf 86' lang='lat' dir='ltr'>et</span> <span class='ocrx_word' id='word_1_31' title='bbox 350 541 547 584; x_wconf 80' lang='lat' dir='ltr'>Apocalypsis</span> <span class='ocrx_word' id='word_1_32' title='bbox 570 540 691 572; x_wconf 87' lang='lat' dir='ltr'>decimo</span> <span class='ocrx_word' id='word_1_33' title='bbox 713 542 840 571; x_wconf 91' lang='lat' dir='ltr'>octavo:</span> <span class='ocrx_word' id='word_1_34' title='bbox 870 551 885 566; x_wconf 91' lang='lat'>«</span> <span class='ocrx_word' id='word_1_35' title='bbox 903 538 1062 579; x_wconf 87' lang='lat' dir='ltr'>Quantum</span> <span class='ocrx_word' id='word_1_36' title='bbox 1097 546 1130 570; x_wconf 90' lang='lat' dir='ltr'>se</span> <span class='ocrx_word' id='word_1_37' title='bbox 1157 536 1253 579; x_wconf 83' lang='lat' dir='ltr'>glori-</span> 
     </span>
     <span class='ocr_line' id='line_1_10' title="bbox 296 591 1252 631; baseline -0.006 -3"><span class='ocrx_word' id='word_1_38' title='bbox 296 596 398 629; x_wconf 86' lang='lat' dir='ltr'>ficavit</span> <span class='ocrx_word' id='word_1_39' title='bbox 421 598 452 627; x_wconf 89' lang='lat' dir='ltr'>et</span> <span class='ocrx_word' id='word_1_40' title='bbox 476 594 505 626; x_wconf 89' lang='lat' dir='ltr'>in</span> <span class='ocrx_word' id='word_1_41' title='bbox 529 593 648 626; x_wconf 88' lang='lat' dir='ltr'>deliciis</span> <span class='ocrx_word' id='word_1_42' title='bbox 675 592 749 631; x_wconf 85' lang='lat' dir='ltr'>fuit,</span> <span class='ocrx_word' id='word_1_43' title='bbox 786 595 909 624; x_wconf 85' lang='lat' dir='ltr'>tantuin</span> <span class='ocrx_word' id='word_1_44' title='bbox 944 591 1015 623; x_wconf 90' lang='lat' dir='ltr'>date</span> <span class='ocrx_word' id='word_1_45' title='bbox 1050 591 1077 623; x_wconf 91' lang='lat' dir='ltr'>ei</span> <span class='ocrx_word' id='word_1_46' title='bbox 1114 594 1252 623; x_wconf 91' lang='lat' dir='ltr'>tormen-</span> 
     </span>
     <span class='ocr_line' id='line_1_11' title="bbox 296 642 1253 686; baseline -0.007 -5"><span class='ocrx_word' id='word_1_47' title='bbox 296 652 362 681; x_wconf 92' lang='lat' dir='ltr'>tum</span> <span class='ocrx_word' id='word_1_48' title='bbox 393 651 423 680; x_wconf 90' lang='lat' dir='ltr'>et</span> <span class='ocrx_word' id='word_1_49' title='bbox 448 647 566 679; x_wconf 88' lang='lat' dir='ltr'>luctum</span> <span class='ocrx_word' id='word_1_50' title='bbox 583 657 614 683; x_wconf 90' lang='lat'>»;</span> <span class='ocrx_word' id='word_1_51' title='bbox 639 649 669 677; x_wconf 90' lang='lat' dir='ltr'>et</span> <span class='ocrx_word' id='word_1_52' title='bbox 693 645 753 677; x_wconf 87' lang='lat' dir='ltr'>hoc</span> <span class='ocrx_word' id='word_1_53' title='bbox 776 648 823 677; x_wconf 89' lang='lat' dir='ltr'>est</span> <span class='ocrx_word' id='word_1_54' title='bbox 847 643 931 686; x_wconf 89' lang='lat' dir='ltr'>quod</span> <span class='ocrx_word' id='word_1_55' title='bbox 954 643 1165 676; x_wconf 83' lang='lat' dir='ltr'>comminatur</span> <span class='ocrx_word' id='word_1_56' title='bbox 1192 642 1253 674; x_wconf 89' lang='lat' dir='ltr'>Do-</span> 
     </span>
     <span class='ocr_line' id='line_1_12' title="bbox 295 695 1253 733; baseline -0.006 0"><span class='ocrx_word' id='word_1_57' title='bbox 295 701 399 733; x_wconf 82' lang='lat' dir='ltr'>minus</span> <span class='ocrx_word' id='word_1_58' title='bbox 423 699 509 732; x_wconf 85' lang='lat' dir='ltr'>loelis</span> <span class='ocrx_word' id='word_1_59' title='bbox 530 698 640 731; x_wconf 90' lang='lat' dir='ltr'>tertio:</span> <span class='ocrx_word' id='word_1_60' title='bbox 669 711 684 726; x_wconf 94' lang='lat'>«</span> <span class='ocrx_word' id='word_1_61' title='bbox 702 697 769 730; x_wconf 90' lang='lat' dir='ltr'>Cito</span> <span class='ocrx_word' id='word_1_62' title='bbox 793 697 941 729; x_wconf 87' lang='lat' dir='ltr'>velociter</span> <span class='ocrx_word' id='word_1_63' title='bbox 977 696 1104 729; x_wconf 81' lang='lat' dir='ltr'>reddam</span> <span class='ocrx_word' id='word_1_64' title='bbox 1135 695 1253 728; x_wconf 89' lang='lat' dir='ltr'>vicissi-</span> 
     </span>
     <span class='ocr_line' id='line_1_13' title="bbox 296 752 928 792; baseline -0.008 -6"><span class='ocrx_word' id='word_1_65' title='bbox 296 754 432 787; x_wconf 80' lang='lat' dir='ltr'>tudinem</span> <span class='ocrx_word' id='word_1_66' title='bbox 458 752 545 784; x_wconf 92' lang='lat' dir='ltr'>vobis</span> <span class='ocrx_word' id='word_1_67' title='bbox 569 752 600 784; x_wconf 90' lang='lat' dir='ltr'>in</span> <span class='ocrx_word' id='word_1_68' title='bbox 624 754 719 792; x_wconf 91' lang='lat' dir='ltr'>caput</span> <span class='ocrx_word' id='word_1_69' title='bbox 743 753 928 783; x_wconf 87' lang='lat' dir='ltr'>vestrum».</span> 
     </span>
    </p>

    <p class='ocr_par' dir='ltr' id='par_1_5' title="bbox 292 803 1260 2604">
     <span class='ocr_line' id='line_1_14' title="bbox 383 803 1254 838; baseline -0.005 0"><span class='ocrx_word' id='word_1_70' title='bbox 383 807 434 838; x_wconf 83' lang='lat'>91.</span> <span class='ocrx_word' id='word_1_71' title='bbox 460 805 614 838; x_wconf 84' lang='lat' dir='ltr'>Retribuit</span> <span class='ocrx_word' id='word_1_72' title='bbox 637 808 742 837; x_wconf 85' lang='lat' dir='ltr'>autem</span> <span class='ocrx_word' id='word_1_73' title='bbox 772 803 924 836; x_wconf 84' lang='lat' dir='ltr'>Dominus</span> <span class='ocrx_word' id='word_1_74' title='bbox 959 803 989 835; x_wconf 94' lang='lat' dir='ltr'>in</span> <span class='ocrx_word' id='word_1_75' title='bbox 1026 812 1176 835; x_wconf 89' lang='lat' dir='ltr'>mensura</span> <span class='ocrx_word' id='word_1_76' title='bbox 1200 812 1254 834; x_wconf 88' lang='lat' dir='ltr'>ae-</span> 
     </span>
     <span class='ocr_line' id='line_1_15' title="bbox 293 856 1254 904; baseline -0.004 -12"><span class='ocrx_word' id='word_1_77' title='bbox 293 860 403 904; x_wconf 66' lang='lat' dir='ltr'>quali,</span> <span class='ocrx_word' id='word_1_78' title='bbox 428 861 557 900; x_wconf 86' lang='lat' dir='ltr'>pensato</span> <span class='ocrx_word' id='word_1_79' title='bbox 580 862 693 896; x_wconf 85' lang='lat' dir='ltr'>reatu,</span> <span class='ocrx_word' id='word_1_80' title='bbox 717 857 819 890; x_wconf 89' lang='lat' dir='ltr'>sedin</span> <span class='ocrx_word' id='word_1_81' title='bbox 842 856 987 895; x_wconf 81' lang='lat' dir='ltr'>maiori,</span> <span class='ocrx_word' id='word_1_82' title='bbox 1005 860 1132 898; x_wconf 85' lang='lat' dir='ltr'>pensata</span> <span class='ocrx_word' id='word_1_83' title='bbox 1148 856 1254 888; x_wconf 76' lang='lat' dir='ltr'>clara-</span> 
     </span>
     <span class='ocr_line' id='line_1_16' title="bbox 295 909 1254 954; baseline -0.005 -8"><span class='ocrx_word' id='word_1_84' title='bbox 295 914 395 951; x_wconf 84' lang='lat' dir='ltr'>tione,</span> <span class='ocrx_word' id='word_1_85' title='bbox 419 912 493 954; x_wconf 88' lang='lat' dir='ltr'>quia</span> <span class='ocrx_word' id='word_1_86' title='bbox 527 912 588 944; x_wconf 91' lang='lat' dir='ltr'>cito</span> <span class='ocrx_word' id='word_1_87' title='bbox 620 911 733 943; x_wconf 81' lang='lat' dir='ltr'>transit</span> <span class='ocrx_word' id='word_1_88' title='bbox 763 910 946 949; x_wconf 82' lang='lat' dir='ltr'>delectatio,</span> <span class='ocrx_word' id='word_1_89' title='bbox 964 910 1024 943; x_wconf 85' lang='lat' dir='ltr'>sed</span> <span class='ocrx_word' id='word_1_90' title='bbox 1061 909 1254 951; x_wconf 84' lang='lat' dir='ltr'>sempiterna</span> 
     </span>
     <span class='ocr_line' id='line_1_17' title="bbox 295 963 1254 1007; baseline -0.005 -8"><span class='ocrx_word' id='word_1_91' title='bbox 295 970 398 999; x_wconf 85' lang='lat' dir='ltr'>manet</span> <span class='ocrx_word' id='word_1_92' title='bbox 422 965 561 1007; x_wconf 80' lang='lat' dir='ltr'>puniti03</span> <span class='ocrx_word' id='word_1_93' title='bbox 578 964 631 997; x_wconf 93' lang='lat' dir='ltr'>lob</span> <span class='ocrx_word' id='word_1_94' title='bbox 647 964 781 1006; x_wconf 88' lang='lat' dir='ltr'>septimo</span> <span class='ocrx_word' id='word_1_95' title='bbox 794 964 822 996; x_wconf 79' lang='lat'>2:</span> <span class='ocrx_word' id='word_1_96' title='bbox 846 977 861 992; x_wconf 91' lang='lat'>«</span> <span class='ocrx_word' id='word_1_97' title='bbox 879 963 965 996; x_wconf 90' lang='lat' dir='ltr'>Sicut</span> <span class='ocrx_word' id='word_1_98' title='bbox 981 963 1178 996; x_wconf 90' lang='lat' dir='ltr'>consumitur</span> <span class='ocrx_word' id='word_1_99' title='bbox 1195 971 1254 995; x_wconf 89' lang='lat' dir='ltr'>nu-</span> 
     </span>
     <span class='ocr_line' id='line_1_18' title="bbox 293 1016 1254 1060; baseline -0.004 -8"><span class='ocrx_word' id='word_1_100' title='bbox 293 1020 347 1052; x_wconf 91' lang='lat' dir='ltr'>bes</span> <span class='ocrx_word' id='word_1_101' title='bbox 371 1023 401 1051; x_wconf 93' lang='lat' dir='ltr'>et</span> <span class='ocrx_word' id='word_1_102' title='bbox 425 1018 612 1060; x_wconf 76' lang='lat' dir='ltr'>pertransit,</span> <span class='ocrx_word' id='word_1_103' title='bbox 637 1017 681 1050; x_wconf 91' lang='lat' dir='ltr'>sic</span> <span class='ocrx_word' id='word_1_104' title='bbox 702 1017 757 1059; x_wconf 91' lang='lat' dir='ltr'>qui</span> <span class='ocrx_word' id='word_1_105' title='bbox 792 1017 953 1049; x_wconf 87' lang='lat' dir='ltr'>descendit</span> <span class='ocrx_word' id='word_1_106' title='bbox 987 1016 1026 1048; x_wconf 90' lang='lat' dir='ltr'>ad</span> <span class='ocrx_word' id='word_1_107' title='bbox 1050 1016 1168 1048; x_wconf 84' lang='lat' dir='ltr'>inferos</span> <span class='ocrx_word' id='word_1_108' title='bbox 1190 1025 1254 1048; x_wconf 90' lang='lat' dir='ltr'>non</span> 
     </span>
     <span class='ocr_line' id='line_1_19' title="bbox 292 1069 1253 1104; baseline -0.003 0"><span class='ocrx_word' id='word_1_109' title='bbox 292 1072 438 1104; x_wconf 80' lang='lat' dir='ltr'>ascendet</span> <span class='ocrx_word' id='word_1_110' title='bbox 460 1080 516 1103; x_wconf 89' lang='lat' dir='ltr'>nec</span> <span class='ocrx_word' id='word_1_111' title='bbox 542 1073 719 1103; x_wconf 85' lang='lat' dir='ltr'>revertetur</span> <span class='ocrx_word' id='word_1_112' title='bbox 743 1070 829 1102; x_wconf 90' lang='lat' dir='ltr'>ultra</span> <span class='ocrx_word' id='word_1_113' title='bbox 853 1070 883 1101; x_wconf 92' lang='lat' dir='ltr'>in</span> <span class='ocrx_word' id='word_1_114' title='bbox 908 1070 1037 1102; x_wconf 90' lang='lat' dir='ltr'>domum</span> <span class='ocrx_word' id='word_1_115' title='bbox 1058 1077 1147 1101; x_wconf 92' lang='lat' dir='ltr'>suam</span> <span class='ocrx_word' id='word_1_116' title='bbox 1164 1082 1195 1101; x_wconf 69' lang='grc' dir='ltr'>ι).</span> <span class='ocrx_word' id='word_1_117' title='bbox 1222 1069 1253 1101; x_wconf 91' lang='lat' dir='ltr'>ln</span> 
     </span>
     <span class='ocr_line' id='line_1_20' title="bbox 293 1122 1254 1166; baseline -0.003 -9"><span class='ocrx_word' id='word_1_118' title='bbox 293 1125 417 1158; x_wconf 78' lang='lat' dir='ltr'>minori</span> <span class='ocrx_word' id='word_1_119' title='bbox 439 1133 529 1163; x_wconf 85' lang='lat' dir='ltr'>verO,</span> <span class='ocrx_word' id='word_1_120' title='bbox 554 1127 682 1166; x_wconf 89' lang='lat' dir='ltr'>pensata</span> <span class='ocrx_word' id='word_1_121' title='bbox 706 1122 847 1166; x_wconf 75' lang='lat' dir='ltr'>offensa,</span> <span class='ocrx_word' id='word_1_122' title='bbox 865 1123 939 1165; x_wconf 88' lang='lat' dir='ltr'>quia</span> <span class='ocrx_word' id='word_1_123' title='bbox 956 1123 1009 1164; x_wconf 93' lang='lat' dir='ltr'>qui</span> <span class='ocrx_word' id='word_1_124' title='bbox 1036 1125 1146 1155; x_wconf 89' lang='lat' dir='ltr'>contra</span> <span class='ocrx_word' id='word_1_125' title='bbox 1161 1131 1254 1154; x_wconf 88' lang='lat' dir='ltr'>omne</span> 
     </span>
     <span class='ocr_line' id='line_1_21' title="bbox 292 1175 1253 1220; baseline -0.004 -9"><span class='ocrx_word' id='word_1_126' title='bbox 292 1179 408 1212; x_wconf 89' lang='lat' dir='ltr'>bonum</span> <span class='ocrx_word' id='word_1_127' title='bbox 434 1177 573 1220; x_wconf 88' lang='lat' dir='ltr'>peccavit</span> <span class='ocrx_word' id='word_1_128' title='bbox 588 1177 672 1209; x_wconf 91' lang='lat' dir='ltr'>omni</span> <span class='ocrx_word' id='word_1_129' title='bbox 690 1176 772 1209; x_wconf 90' lang='lat' dir='ltr'>bono</span> <span class='ocrx_word' id='word_1_130' title='bbox 788 1176 880 1209; x_wconf 89' lang='lat' dir='ltr'>debet</span> <span class='ocrx_word' id='word_1_131' title='bbox 904 1176 1057 1218; x_wconf 80' lang='lat' dir='ltr'>privari,</span> <span class='ocrx_word' id='word_1_132' title='bbox 1079 1175 1253 1208; x_wconf 89' lang='lat' dir='ltr'>secundum</span> 
     </span>
     <span class='ocr_line' id='line_1_22' title="bbox 292 1228 1253 1267; baseline -0.004 -3"><span class='ocrx_word' id='word_1_133' title='bbox 292 1231 368 1265; x_wconf 92' lang='lat' dir='ltr'>illud</span> <span class='ocrx_word' id='word_1_134' title='bbox 403 1232 602 1263; x_wconf 86' lang='lat' dir='ltr'>Threnorum</span> <span class='ocrx_word' id='word_1_135' title='bbox 638 1229 774 1263; x_wconf 64' lang='lat' dir='ltr'>tertioss:</span> <span class='ocrx_word' id='word_1_136' title='bbox 812 1228 1076 1262; x_wconf 83' lang='lat' dir='ltr'>«Misericordiae</span> <span class='ocrx_word' id='word_1_137' title='bbox 1111 1228 1253 1267; x_wconf 87' lang='lat' dir='ltr'>Domini,</span> 
     </span>
     <span class='ocr_line' id='line_1_23' title="bbox 292 1281 1254 1327; baseline -0.004 -10"><span class='ocrx_word' id='word_1_138' title='bbox 292 1285 366 1327; x_wconf 86' lang='lat' dir='ltr'>quia</span> <span class='ocrx_word' id='word_1_139' title='bbox 389 1294 449 1317; x_wconf 92' lang='lat' dir='ltr'>non</span> <span class='ocrx_word' id='word_1_140' title='bbox 475 1292 587 1317; x_wconf 88' lang='lat' dir='ltr'>sumus</span> <span class='ocrx_word' id='word_1_141' title='bbox 610 1283 781 1322; x_wconf 85' lang='lat' dir='ltr'>consumti,</span> <span class='ocrx_word' id='word_1_142' title='bbox 806 1283 881 1325; x_wconf 91' lang='lat' dir='ltr'>quia</span> <span class='ocrx_word' id='word_1_143' title='bbox 904 1292 965 1314; x_wconf 92' lang='lat' dir='ltr'>non</span> <span class='ocrx_word' id='word_1_144' title='bbox 989 1282 1173 1315; x_wconf 84' lang='lat' dir='ltr'>defecerunt</span> <span class='ocrx_word' id='word_1_145' title='bbox 1196 1281 1254 1314; x_wconf 91' lang='lat' dir='ltr'>mi-</span> 
     </span>
     <span class='ocr_line' id='line_1_24' title="bbox 293 1335 1254 1378; baseline -0.005 -6"><span class='ocrx_word' id='word_1_146' title='bbox 293 1338 464 1372; x_wconf 90' lang='lat' dir='ltr'>serationes</span> <span class='ocrx_word' id='word_1_147' title='bbox 487 1338 555 1370; x_wconf 88' lang='lat' dir='ltr'>eius</span> <span class='ocrx_word' id='word_1_148' title='bbox 572 1350 603 1369; x_wconf 83' lang='lat'>».</span> <span class='ocrx_word' id='word_1_149' title='bbox 628 1355 672 1360; x_wconf 85' lang='lat'>—</span> <span class='ocrx_word' id='word_1_150' title='bbox 697 1337 835 1374; x_wconf 81' lang='lat' dir='ltr'>Rursus,</span> <span class='ocrx_word' id='word_1_151' title='bbox 860 1335 914 1378; x_wconf 90' lang='lat' dir='ltr'>qui</span> <span class='ocrx_word' id='word_1_152' title='bbox 939 1339 1047 1377; x_wconf 88' lang='lat' dir='ltr'>peccat</span> <span class='ocrx_word' id='word_1_153' title='bbox 1078 1335 1110 1367; x_wconf 92' lang='lat' dir='ltr'>in</span> <span class='ocrx_word' id='word_1_154' title='bbox 1134 1335 1254 1368; x_wconf 89' lang='lat' dir='ltr'>bonum</span> 
     </span>
     <span class='ocr_line' id='line_1_25' title="bbox 293 1389 1254 1430; baseline -0.004 -5"><span class='ocrx_word' id='word_1_155' title='bbox 293 1392 449 1425; x_wconf 87' lang='lat' dir='ltr'>infinitum</span> <span class='ocrx_word' id='word_1_156' title='bbox 482 1391 639 1423; x_wconf 76' lang='lat' dir='ltr'>intensive</span> <span class='ocrx_word' id='word_1_157' title='bbox 672 1393 704 1423; x_wconf 89' lang='lat' dir='ltr'>et</span> <span class='ocrx_word' id='word_1_158' title='bbox 738 1390 917 1427; x_wconf 67' lang='lat' dir='ltr'>extensive,</span> <span class='ocrx_word' id='word_1_159' title='bbox 952 1389 1081 1422; x_wconf 83' lang='lat' dir='ltr'>deberet</span> <span class='ocrx_word' id='word_1_160' title='bbox 1116 1392 1254 1430; x_wconf 90' lang='lat' dir='ltr'>utroque</span> 
     </span>
     <span class='ocr_line' id='line_1_26' title="bbox 294 1443 1254 1486; baseline -0.004 -9"><span class='ocrx_word' id='word_1_161' title='bbox 294 1445 384 1478; x_wconf 92' lang='lat' dir='ltr'>modo</span> <span class='ocrx_word' id='word_1_162' title='bbox 408 1445 527 1477; x_wconf 81' lang='lat' dir='ltr'>infinite</span> <span class='ocrx_word' id='word_1_163' title='bbox 558 1443 682 1485; x_wconf 91' lang='lat' dir='ltr'>puniri;</span> <span class='ocrx_word' id='word_1_164' title='bbox 707 1447 738 1476; x_wconf 88' lang='lat' dir='ltr'>et</span> <span class='ocrx_word' id='word_1_165' title='bbox 763 1443 837 1486; x_wconf 87' lang='lat' dir='ltr'>quia</span> <span class='ocrx_word' id='word_1_166' title='bbox 872 1452 933 1475; x_wconf 92' lang='lat' dir='ltr'>non</span> <span class='ocrx_word' id='word_1_167' title='bbox 970 1445 1071 1484; x_wconf 88' lang='lat' dir='ltr'>potest</span> <span class='ocrx_word' id='word_1_168' title='bbox 1106 1445 1254 1474; x_wconf 89' lang='lat' dir='ltr'>creatura</span> 
     </span>
     <span class='ocr_line' id='line_1_27' title="bbox 294 1495 1252 1537; baseline -0.004 -6"><span class='ocrx_word' id='word_1_169' title='bbox 294 1499 410 1531; x_wconf 88' lang='lat' dir='ltr'>babere</span> <span class='ocrx_word' id='word_1_170' title='bbox 445 1497 631 1530; x_wconf 88' lang='lat' dir='ltr'>infinitatem</span> <span class='ocrx_word' id='word_1_171' title='bbox 674 1497 892 1535; x_wconf 76' lang='lat' dir='ltr'>intensionis,</span> <span class='ocrx_word' id='word_1_172' title='bbox 933 1496 1064 1537; x_wconf 87' lang='lat' dir='ltr'>suscipit</span> <span class='ocrx_word' id='word_1_173' title='bbox 1099 1495 1229 1528; x_wconf 87' lang='lat' dir='ltr'>alteram</span> <span class='ocrx_word' id='word_1_174' title='bbox 1245 1520 1252 1533; x_wconf 93' lang='lat'>,</span> 
     </span>
     <span class='ocr_line' id='line_1_28' title="bbox 293 1547 1254 1585; baseline -0.004 -1"><span class='ocrx_word' id='word_1_175' title='bbox 293 1552 410 1585; x_wconf 86' lang='lat' dir='ltr'>scilicet</span> <span class='ocrx_word' id='word_1_176' title='bbox 433 1551 618 1583; x_wconf 86' lang='lat' dir='ltr'>infinitatem</span> <span class='ocrx_word' id='word_1_177' title='bbox 642 1550 834 1582; x_wconf 77' lang='lat' dir='ltr'>durationis</span> <span class='ocrx_word' id='word_1_178' title='bbox 857 1558 929 1582; x_wconf 86' lang='lat' dir='ltr'>cum</span> <span class='ocrx_word' id='word_1_179' title='bbox 954 1549 1074 1581; x_wconf 90' lang='lat' dir='ltr'>finitate</span> <span class='ocrx_word' id='word_1_180' title='bbox 1091 1547 1254 1580; x_wconf 87' lang='lat' dir='ltr'>aeerbita-</span> 
     </span>
     <span class='ocr_line' id='line_1_29' title="bbox 295 1601 1254 1645; baseline -0.004 -8"><span class='ocrx_word' id='word_1_181' title='bbox 295 1605 345 1637; x_wconf 71' lang='lat' dir='ltr'>tis.</span> <span class='ocrx_word' id='word_1_182' title='bbox 370 1604 455 1637; x_wconf 77' lang='lat' dir='ltr'>[nde</span> <span class='ocrx_word' id='word_1_183' title='bbox 478 1603 710 1645; x_wconf 44' lang='lat' dir='ltr'>Augustinus&amp;</span> <span class='ocrx_word' id='word_1_184' title='bbox 733 1616 748 1630; x_wconf 87' lang='grc'>«</span> <span class='ocrx_word' id='word_1_185' title='bbox 765 1603 829 1635; x_wconf 89' lang='lat' dir='ltr'>Non</span> <span class='ocrx_word' id='word_1_186' title='bbox 853 1606 943 1635; x_wconf 85' lang='lat' dir='ltr'>actus</span> <span class='ocrx_word' id='word_1_187' title='bbox 967 1602 1147 1644; x_wconf 86' lang='lat' dir='ltr'>temporalis</span> <span class='ocrx_word' id='word_1_188' title='bbox 1170 1601 1254 1640; x_wconf 83' lang='lat' dir='ltr'>facit,</span> 
     </span>
     <span class='ocr_line' id='line_1_30' title="bbox 295 1654 1255 1698; baseline -0.003 -9"><span class='ocrx_word' id='word_1_189' title='bbox 295 1661 330 1690; x_wconf 92' lang='lat' dir='ltr'>ut</span> <span class='ocrx_word' id='word_1_190' title='bbox 354 1660 515 1698; x_wconf 88' lang='lat' dir='ltr'>peccatum</span> <span class='ocrx_word' id='word_1_191' title='bbox 540 1656 670 1688; x_wconf 79' lang='lat' dir='ltr'>mortale</span> <span class='ocrx_word' id='word_1_192' title='bbox 693 1656 894 1688; x_wconf 83' lang='lat' dir='ltr'>aeternaliter</span> <span class='ocrx_word' id='word_1_193' title='bbox 917 1655 1086 1697; x_wconf 86' lang='lat' dir='ltr'>puniatur,</span> <span class='ocrx_word' id='word_1_194' title='bbox 1116 1654 1169 1687; x_wconf 91' lang='lat' dir='ltr'>sed</span> <span class='ocrx_word' id='word_1_195' title='bbox 1193 1654 1255 1687; x_wconf 92' lang='lat' dir='ltr'>cir-</span> 
     </span>
     <span class='ocr_line' id='line_1_31' title="bbox 295 1706 1255 1750; baseline -0.003 -9"><span class='ocrx_word' id='word_1_196' title='bbox 295 1709 483 1742; x_wconf 88' lang='lat' dir='ltr'>cumstantia</span> <span class='ocrx_word' id='word_1_197' title='bbox 506 1708 605 1747; x_wconf 91' lang='lat' dir='ltr'>illius,</span> <span class='ocrx_word' id='word_1_198' title='bbox 630 1708 661 1740; x_wconf 94' lang='lat' dir='ltr'>in</span> <span class='ocrx_word' id='word_1_199' title='bbox 686 1716 780 1750; x_wconf 91' lang='lat' dir='ltr'>quem</span> <span class='ocrx_word' id='word_1_200' title='bbox 806 1710 954 1749; x_wconf 88' lang='lat' dir='ltr'>peccatur</span> <span class='ocrx_word' id='word_1_201' title='bbox 971 1719 1002 1745; x_wconf 81' lang='lat'>»3</span> <span class='ocrx_word' id='word_1_202' title='bbox 1035 1707 1090 1749; x_wconf 89' lang='lat' dir='ltr'>qui</span> <span class='ocrx_word' id='word_1_203' title='bbox 1115 1715 1187 1739; x_wconf 92' lang='lat' dir='ltr'>cum</span> <span class='ocrx_word' id='word_1_204' title='bbox 1215 1706 1255 1739; x_wconf 89' lang='lat' dir='ltr'>sit</span> 
     </span>
     <span class='ocr_line' id='line_1_32' title="bbox 295 1760 1255 1803; baseline -0.003 -9"><span class='ocrx_word' id='word_1_205' title='bbox 295 1766 460 1800; x_wconf 87' lang='lat' dir='ltr'>aeternus,</span> <span class='ocrx_word' id='word_1_206' title='bbox 491 1761 694 1803; x_wconf 86' lang='lat' dir='ltr'>implentibus</span> <span class='ocrx_word' id='word_1_207' title='bbox 722 1761 867 1793; x_wconf 88' lang='lat' dir='ltr'>mandata</span> <span class='ocrx_word' id='word_1_208' title='bbox 902 1761 983 1793; x_wconf 86' lang='lat' dir='ltr'>bona</span> <span class='ocrx_word' id='word_1_209' title='bbox 1019 1760 1173 1802; x_wconf 87' lang='lat' dir='ltr'>promittit</span> <span class='ocrx_word' id='word_1_210' title='bbox 1204 1769 1255 1792; x_wconf 89' lang='lat' dir='ltr'>ae-</span> 
     </span>
     <span class='ocr_line' id='line_1_33' title="bbox 296 1814 1256 1857; baseline -0.002 -9"><span class='ocrx_word' id='word_1_211' title='bbox 296 1820 402 1855; x_wconf 86' lang='lat' dir='ltr'>terna,</span> <span class='ocrx_word' id='word_1_212' title='bbox 427 1815 629 1857; x_wconf 80' lang='lat' dir='ltr'>peccantibus</span> <span class='ocrx_word' id='word_1_213' title='bbox 653 1824 728 1847; x_wconf 90' lang='lat' dir='ltr'>vero</span> <span class='ocrx_word' id='word_1_214' title='bbox 763 1823 896 1856; x_wconf 84' lang='lat' dir='ltr'>poenam</span> <span class='ocrx_word' id='word_1_215' title='bbox 920 1814 1129 1847; x_wconf 86' lang='lat' dir='ltr'>comminatur</span> <span class='ocrx_word' id='word_1_216' title='bbox 1154 1817 1256 1847; x_wconf 88' lang='lat' dir='ltr'>aeter-</span> 
     </span>
     <span class='ocr_line' id='line_1_34' title="bbox 295 1867 1255 1910; baseline -0.002 -9"><span class='ocrx_word' id='word_1_217' title='bbox 295 1878 366 1901; x_wconf 88' lang='lat' dir='ltr'>nam</span> <span class='ocrx_word' id='word_1_218' title='bbox 380 1882 410 1900; x_wconf 86' lang='lat'>».</span> <span class='ocrx_word' id='word_1_219' title='bbox 429 1868 464 1900; x_wconf 89' lang='lat' dir='ltr'>Et</span> <span class='ocrx_word' id='word_1_220' title='bbox 480 1867 549 1900; x_wconf 90' lang='lat' dir='ltr'>ideo</span> <span class='ocrx_word' id='word_1_221' title='bbox 564 1867 771 1910; x_wconf 76' lang='lat' dir='ltr'>Augustinus:</span> <span class='ocrx_word' id='word_1_222' title='bbox 794 1867 939 1909; x_wconf 81' lang='lat' dir='ltr'>«Dignus</span> <span class='ocrx_word' id='word_1_223' title='bbox 955 1871 1002 1899; x_wconf 88' lang='lat' dir='ltr'>est</span> <span class='ocrx_word' id='word_1_224' title='bbox 1019 1867 1099 1899; x_wconf 89' lang='lat' dir='ltr'>malo</span> <span class='ocrx_word' id='word_1_225' title='bbox 1116 1870 1255 1905; x_wconf 86' lang='lat' dir='ltr'>aeterno,</span> 
     </span>
     <span class='ocr_line' id='line_1_35' title="bbox 295 1920 1256 1963; baseline -0.002 -9"><span class='ocrx_word' id='word_1_226' title='bbox 295 1922 347 1963; x_wconf 90' lang='lat' dir='ltr'>qui</span> <span class='ocrx_word' id='word_1_227' title='bbox 373 1921 402 1953; x_wconf 92' lang='lat' dir='ltr'>in</span> <span class='ocrx_word' id='word_1_228' title='bbox 428 1930 461 1954; x_wconf 90' lang='lat' dir='ltr'>se</span> <span class='ocrx_word' id='word_1_229' title='bbox 484 1920 610 1962; x_wconf 85' lang='lat' dir='ltr'>perimit</span> <span class='ocrx_word' id='word_1_230' title='bbox 645 1920 781 1959; x_wconf 89' lang='lat' dir='ltr'>bonum,</span> <span class='ocrx_word' id='word_1_231' title='bbox 813 1920 898 1962; x_wconf 91' lang='lat' dir='ltr'>quod</span> <span class='ocrx_word' id='word_1_232' title='bbox 929 1923 1033 1962; x_wconf 88' lang='lat' dir='ltr'>posset</span> <span class='ocrx_word' id='word_1_233' title='bbox 1062 1928 1129 1952; x_wconf 87' lang='lat' dir='ltr'>esse</span> <span class='ocrx_word' id='word_1_234' title='bbox 1154 1923 1256 1952; x_wconf 87' lang='lat' dir='ltr'>aeter-</span> 
     </span>
     <span class='ocr_line' id='line_1_36' title="bbox 294 1973 1255 2016; baseline -0.002 -9"><span class='ocrx_word' id='word_1_235' title='bbox 294 1984 369 2007; x_wconf 91' lang='lat' dir='ltr'>num</span> <span class='ocrx_word' id='word_1_236' title='bbox 388 1989 417 2006; x_wconf 84' lang='lat'>».</span> <span class='ocrx_word' id='word_1_237' title='bbox 442 1974 479 2006; x_wconf 90' lang='lat' dir='ltr'>Et</span> <span class='ocrx_word' id='word_1_238' title='bbox 501 1973 694 2016; x_wconf 81' lang='lat' dir='ltr'>Gregorius⁵</span> <span class='ocrx_word' id='word_1_239' title='bbox 718 1973 793 2006; x_wconf 88' lang='lat' dir='ltr'>dicit</span> <span class='ocrx_word' id='word_1_240' title='bbox 817 1974 876 2006; x_wconf 90' lang='lat' dir='ltr'>hoc</span> <span class='ocrx_word' id='word_1_241' title='bbox 907 1973 1028 2015; x_wconf 91' lang='lat' dir='ltr'>ipsum:</span> <span class='ocrx_word' id='word_1_242' title='bbox 1058 1986 1073 2001; x_wconf 91' lang='lat'>«</span> <span class='ocrx_word' id='word_1_243' title='bbox 1091 1973 1173 2006; x_wconf 90' lang='lat' dir='ltr'>Iuste</span> <span class='ocrx_word' id='word_1_244' title='bbox 1200 1973 1255 2015; x_wconf 89' lang='lat' dir='ltr'>qui</span> 
     </span>
     <span class='ocr_line' id='line_1_37' title="bbox 293 2027 1256 2070; baseline -0.002 -9"><span class='ocrx_word' id='word_1_245' title='bbox 293 2028 493 2061; x_wconf 83' lang='lat' dir='ltr'>aeternaliter</span> <span class='ocrx_word' id='word_1_246' title='bbox 518 2031 644 2070; x_wconf 91' lang='lat' dir='ltr'>peccato</span> <span class='ocrx_word' id='word_1_247' title='bbox 668 2027 788 2070; x_wconf 87' lang='lat' dir='ltr'>perfrui</span> <span class='ocrx_word' id='word_1_248' title='bbox 814 2028 922 2060; x_wconf 90' lang='lat' dir='ltr'>volunt</span> <span class='ocrx_word' id='word_1_249' title='bbox 953 2027 1154 2060; x_wconf 86' lang='lat' dir='ltr'>aeternaliter</span> <span class='ocrx_word' id='word_1_250' title='bbox 1182 2036 1256 2069; x_wconf 93' lang='lat' dir='ltr'>poe-</span> 
     </span>
     <span class='ocr_line' id='line_1_38' title="bbox 294 2081 1253 2124; baseline -0.002 -9"><span class='ocrx_word' id='word_1_251' title='bbox 294 2091 365 2115; x_wconf 88' lang='lat' dir='ltr'>nam</span> <span class='ocrx_word' id='word_1_252' title='bbox 390 2082 569 2120; x_wconf 87' lang='lat' dir='ltr'>inveniunt,</span> <span class='ocrx_word' id='word_1_253' title='bbox 586 2086 617 2114; x_wconf 88' lang='lat' dir='ltr'>et</span> <span class='ocrx_word' id='word_1_254' title='bbox 633 2091 771 2124; x_wconf 88' lang='lat' dir='ltr'>quorum</span> <span class='ocrx_word' id='word_1_255' title='bbox 789 2082 934 2124; x_wconf 87' lang='lat' dir='ltr'>voluptas</span> <span class='ocrx_word' id='word_1_256' title='bbox 950 2091 1012 2114; x_wconf 90' lang='lat' dir='ltr'>non</span> <span class='ocrx_word' id='word_1_257' title='bbox 1030 2081 1141 2114; x_wconf 87' lang='lat' dir='ltr'>babuit</span> <span class='ocrx_word' id='word_1_258' title='bbox 1158 2081 1253 2114; x_wconf 87' lang='lat' dir='ltr'>finem</span> 
     </span>
     <span class='ocr_line' id='line_1_39' title="bbox 293 2134 1257 2177; baseline -0.001 -9"><span class='ocrx_word' id='word_1_259' title='bbox 293 2135 439 2177; x_wconf 88' lang='lat' dir='ltr'>peccandi</span> <span class='ocrx_word' id='word_1_260' title='bbox 470 2144 532 2167; x_wconf 89' lang='lat' dir='ltr'>non</span> <span class='ocrx_word' id='word_1_261' title='bbox 569 2135 695 2168; x_wconf 86' lang='lat' dir='ltr'>babebit</span> <span class='ocrx_word' id='word_1_262' title='bbox 730 2135 826 2168; x_wconf 89' lang='lat' dir='ltr'>finem</span> <span class='ocrx_word' id='word_1_263' title='bbox 863 2134 1078 2177; x_wconf 77' lang='lat' dir='ltr'>torquendi».</span> <span class='ocrx_word' id='word_1_264' title='bbox 1108 2153 1146 2158; x_wconf 82' lang='lat'>—</span> <span class='ocrx_word' id='word_1_265' title='bbox 1172 2135 1257 2167; x_wconf 87' lang='lat' dir='ltr'>Licet</span> 
     </span>
     <span class='ocr_line' id='line_1_40' title="bbox 294 2187 1254 2231; baseline 0 -10"><span class='ocrx_word' id='word_1_266' title='bbox 294 2189 389 2231; x_wconf 83' lang='lat' dir='ltr'>igitur</span> <span class='ocrx_word' id='word_1_267' title='bbox 410 2199 517 2231; x_wconf 84' lang='lat' dir='ltr'>poena</span> <span class='ocrx_word' id='word_1_268' title='bbox 542 2189 581 2222; x_wconf 89' lang='lat' dir='ltr'>sit</span> <span class='ocrx_word' id='word_1_269' title='bbox 604 2189 705 2221; x_wconf 87' lang='lat' dir='ltr'>maior</span> <span class='ocrx_word' id='word_1_270' title='bbox 736 2189 901 2231; x_wconf 70' lang='lat' dir='ltr'>voluptate</span> <span class='ocrx_word' id='word_1_271' title='bbox 924 2192 956 2222; x_wconf 92' lang='lat' dir='ltr'>et</span> <span class='ocrx_word' id='word_1_272' title='bbox 979 2189 1082 2221; x_wconf 89' lang='lat' dir='ltr'>minor</span> <span class='ocrx_word' id='word_1_273' title='bbox 1110 2187 1254 2231; x_wconf 80' lang='lat' dir='ltr'>offensa,</span> 
     </span>
     <span class='ocr_line' id='line_1_41' title="bbox 293 2242 1256 2285; baseline -0.001 -10"><span class='ocrx_word' id='word_1_274' title='bbox 293 2247 430 2275; x_wconf 83' lang='lat' dir='ltr'>attamen</span> <span class='ocrx_word' id='word_1_275' title='bbox 454 2246 610 2285; x_wconf 87' lang='lat' dir='ltr'>aequatur</span> <span class='ocrx_word' id='word_1_276' title='bbox 633 2242 747 2274; x_wconf 74' lang='lat' dir='ltr'>reatui</span> <span class='ocrx_word' id='word_1_277' title='bbox 761 2242 972 2285; x_wconf 64' lang='lat' dir='ltr'>obligationis</span> <span class='ocrx_word' id='word_1_278' title='bbox 988 2242 1174 2275; x_wconf 87' lang='lat' dir='ltr'>necessario.</span> <span class='ocrx_word' id='word_1_279' title='bbox 1193 2242 1256 2274; x_wconf 91' lang='lat' dir='ltr'>Nec</span> 
     </span>
     <span class='ocr_line' id='line_1_42' title="bbox 294 2296 1257 2338; baseline -0.001 -9"><span class='ocrx_word' id='word_1_280' title='bbox 294 2297 429 2335; x_wconf 89' lang='lat' dir='ltr'>mirum,</span> <span class='ocrx_word' id='word_1_281' title='bbox 464 2296 487 2329; x_wconf 89' lang='lat' dir='ltr'>si</span> <span class='ocrx_word' id='word_1_282' title='bbox 524 2296 679 2329; x_wconf 84' lang='lat' dir='ltr'>actionem</span> <span class='ocrx_word' id='word_1_283' title='bbox 713 2296 918 2338; x_wconf 90' lang='lat' dir='ltr'>temporalem</span> <span class='ocrx_word' id='word_1_284' title='bbox 951 2296 1119 2329; x_wconf 87' lang='lat' dir='ltr'>comitatur</span> <span class='ocrx_word' id='word_1_285' title='bbox 1149 2298 1257 2328; x_wconf 87' lang='lat' dir='ltr'>reatus</span> 
     </span>
     <span class='ocr_line' id='line_1_43' title="bbox 294 2349 1259 2392; baseline -0.001 -10"><span class='ocrx_word' id='word_1_286' title='bbox 294 2353 485 2392; x_wconf 89' lang='lat' dir='ltr'>perpetuus,</span> <span class='ocrx_word' id='word_1_287' title='bbox 510 2350 585 2392; x_wconf 88' lang='lat' dir='ltr'>quia</span> <span class='ocrx_word' id='word_1_288' title='bbox 607 2350 639 2382; x_wconf 92' lang='lat' dir='ltr'>in</span> <span class='ocrx_word' id='word_1_289' title='bbox 663 2353 828 2383; x_wconf 88' lang='lat' dir='ltr'>contractu</span> <span class='ocrx_word' id='word_1_290' title='bbox 852 2349 1034 2391; x_wconf 89' lang='lat' dir='ltr'>temporalis</span> <span class='ocrx_word' id='word_1_291' title='bbox 1049 2352 1096 2382; x_wconf 86' lang='lat' dir='ltr'>est</span> <span class='ocrx_word' id='word_1_292' title='bbox 1112 2349 1210 2387; x_wconf 89' lang='lat' dir='ltr'>actio,</span> <span class='ocrx_word' id='word_1_293' title='bbox 1227 2351 1259 2381; x_wconf 87' lang='lat' dir='ltr'>et</span> 
     </span>
     <span class='ocr_line' id='line_1_44' title="bbox 294 2402 1259 2445; baseline -0.002 -9"><span class='ocrx_word' id='word_1_294' title='bbox 294 2408 397 2437; x_wconf 90' lang='lat' dir='ltr'>tamen</span> <span class='ocrx_word' id='word_1_295' title='bbox 421 2404 471 2436; x_wconf 83' lang='lat' dir='ltr'>ius</span> <span class='ocrx_word' id='word_1_296' title='bbox 495 2407 685 2445; x_wconf 88' lang='lat' dir='ltr'>perpetuum</span> <span class='ocrx_word' id='word_1_297' title='bbox 714 2403 850 2445; x_wconf 87' lang='lat' dir='ltr'>acquirit</span> <span class='ocrx_word' id='word_1_298' title='bbox 873 2402 1055 2444; x_wconf 77' lang='lat' dir='ltr'>emptori⁶;</span> <span class='ocrx_word' id='word_1_299' title='bbox 1080 2402 1259 2435; x_wconf 88' lang='lat' dir='ltr'>vulneratio</span> 
     </span>
     <span class='ocr_line' id='line_1_45' title="bbox 294 2455 1260 2498; baseline -0.003 -8"><span class='ocrx_word' id='word_1_300' title='bbox 294 2457 387 2490; x_wconf 89' lang='lat' dir='ltr'>etiam</span> <span class='ocrx_word' id='word_1_301' title='bbox 411 2457 594 2498; x_wconf 90' lang='lat' dir='ltr'>temporalis</span> <span class='ocrx_word' id='word_1_302' title='bbox 616 2456 655 2489; x_wconf 92' lang='lat' dir='ltr'>ad</span> <span class='ocrx_word' id='word_1_303' title='bbox 680 2459 813 2489; x_wconf 91' lang='lat' dir='ltr'>mortem</span> <span class='ocrx_word' id='word_1_304' title='bbox 837 2455 964 2488; x_wconf 86' lang='lat' dir='ltr'>deducit</span> <span class='ocrx_word' id='word_1_305' title='bbox 992 2458 1195 2497; x_wconf 87' lang='lat' dir='ltr'>perpetuam,</span> <span class='ocrx_word' id='word_1_306' title='bbox 1228 2457 1260 2487; x_wconf 86' lang='lat' dir='ltr'>et</span> 
     </span>
     <span class='ocr_line' id='line_1_46' title="bbox 294 2508 1260 2551; baseline -0.003 -8"><span class='ocrx_word' id='word_1_307' title='bbox 294 2511 411 2543; x_wconf 86' lang='lat' dir='ltr'>bellum</span> <span class='ocrx_word' id='word_1_308' title='bbox 436 2510 588 2542; x_wconf 89' lang='lat' dir='ltr'>diurnum</span> <span class='ocrx_word' id='word_1_309' title='bbox 612 2509 749 2551; x_wconf 87' lang='lat' dir='ltr'>acquirit</span> <span class='ocrx_word' id='word_1_310' title='bbox 772 2512 960 2550; x_wconf 88' lang='lat' dir='ltr'>perpetuam</span> <span class='ocrx_word' id='word_1_311' title='bbox 992 2508 1197 2547; x_wconf 80' lang='lat' dir='ltr'>servitutem,</span> <span class='ocrx_word' id='word_1_312' title='bbox 1228 2510 1260 2540; x_wconf 89' lang='lat' dir='ltr'>et</span> 
     </span>
     <span class='ocr_line' id='line_1_47' title="bbox 296 2561 1093 2604; baseline -0.003 -9"><span class='ocrx_word' id='word_1_313' title='bbox 296 2563 468 2604; x_wconf 86' lang='lat' dir='ltr'>temporale</span> <span class='ocrx_word' id='word_1_314' title='bbox 491 2565 655 2604; x_wconf 86' lang='lat' dir='ltr'>peccatum</span> <span class='ocrx_word' id='word_1_315' title='bbox 681 2561 829 2594; x_wconf 86' lang='lat' dir='ltr'>exsilium</span> <span class='ocrx_word' id='word_1_316' title='bbox 855 2561 1093 2603; x_wconf 89' lang='lat' dir='ltr'>sempiternum.</span> 
     </span>
    </p>
   </div>
   <div class='ocr_carea' id='block_1_5' title="bbox 1283 383 1287 895">
    <p class='ocr_par' dir='ltr' id='par_1_6' title="bbox 1283 383 1287 895">
     <span class='ocr_line' id='line_1_48' title="bbox 1283 383 1287 895; baseline 0 0"><span class='ocrx_word' id='word_1_317' title='bbox 1283 383 1287 895; x_wconf 95' lang='lat' dir='ltr'> </span> 
     </span>
    </p>
   </div>
   <div class='ocr_carea' id='block_1_6' title="bbox 1285 1256 1289 2057">
    <p class='ocr_par' dir='ltr' id='par_1_7' title="bbox 1285 1256 1289 2057">
     <span class='ocr_line' id='line_1_49' title="bbox 1285 1256 1289 2057; baseline 0 0"><span class='ocrx_word' id='word_1_318' title='bbox 1285 1256 1289 2057; x_wconf 95' lang='lat' dir='ltr'> </span> 
     </span>
    </p>
   </div>
   <div class='ocr_carea' id='block_1_7' title="bbox 1285 1256 1293 2585">
    <p class='ocr_par' dir='ltr' id='par_1_8' title="bbox 1285 1256 1293 2585">
     <span class='ocr_line' id='line_1_50' title="bbox 1285 1256 1293 2585; baseline 0 0"><span class='ocrx_word' id='word_1_319' title='bbox 1285 1256 1293 2585; x_wconf 95' lang='lat' dir='ltr'> </span> 
     </span>
    </p>
   </div>
   <div class='ocr_carea' id='block_1_8' title="bbox 895 288 1681 323">
    <p class='ocr_par' dir='ltr' id='par_1_9' title="bbox 895 288 1681 323">
     <span class='ocr_line' id='line_1_51' title="bbox 895 288 1681 323; baseline -0.003 -1"><span class='ocrx_word' id='word_1_320' title='bbox 895 290 1087 323; x_wconf 89' lang='lat' dir='ltr'><strong>COMMENT.</strong></span> <span class='ocrx_word' id='word_1_321' title='bbox 1113 290 1148 322; x_wconf 87' lang='lat' dir='ltr'>IN</span> <span class='ocrx_word' id='word_1_322' title='bbox 1172 289 1410 322; x_wconf 79' lang='lat' dir='ltr'>EVANGELIUM</span> <span class='ocrx_word' id='word_1_323' title='bbox 1438 288 1553 321; x_wconf 78' lang='lat' dir='ltr'>LUCAh&#39;</span> <span class='ocrx_word' id='word_1_324' title='bbox 1576 289 1608 320; x_wconf 91' lang='lat' dir='ltr'>C.</span> <span class='ocrx_word' id='word_1_325' title='bbox 1634 288 1681 320; x_wconf 89' lang='lat' dir='ltr'>Vl.</span> 
     </span>
    </p>
   </div>
   <div class='ocr_carea' id='block_1_9' title="bbox 1407 365 2451 410">
    <p class='ocr_par' dir='ltr' id='par_1_10' title="bbox 1407 365 2451 410">
     <span class='ocr_line' id='line_1_52' title="bbox 1407 365 2451 410; baseline -0.001 -1"><span class='ocrx_word' id='word_1_326' title='bbox 1407 378 1458 410; x_wconf 85' lang='grc'>92.</span> <span class='ocrx_word' id='word_1_327' title='bbox 1487 376 1618 409; x_wconf 78' lang='lat' dir='ltr'>Dicebat</span> <span class='ocrx_word' id='word_1_328' title='bbox 1643 381 1754 409; x_wconf 82' lang='lat' dir='ltr'>autem</span> <span class='ocrx_word' id='word_1_329' title='bbox 1779 375 1844 408; x_wconf 75' lang='lat' dir='ltr'>illis</span> <span class='ocrx_word' id='word_1_330' title='bbox 1867 379 1895 407; x_wconf 91' lang='lat' dir='ltr'>et</span> <span class='ocrx_word' id='word_1_331' title='bbox 1918 374 2181 407; x_wconf 73' lang='lat' dir='ltr'>similitudinem.</span> <span class='ocrx_word' id='word_1_332' title='bbox 2206 375 2278 408; x_wconf 86' lang='lat' dir='ltr'>Post</span> <span class='ocrx_word' id='word_1_333' title='bbox 2296 382 2319 402; x_wconf 75' lang='lat'>1¹2</span> <span class='ocrx_word' id='word_1_334' title='bbox 2334 384 2425 409; x_wconf 65' lang='lat' dir='ltr'>panea.</span> <span class='ocrx_word' id='word_1_335' title='bbox 2449 365 2451 403; x_wconf 65' lang='grc' dir='ltr'>Ῐ</span> 
     </span>
    </p>
   </div>
   <div class='ocr_carea' id='block_1_10' title="bbox 1316 427 2279 472">
    <p class='ocr_par' dir='ltr' id='par_1_11' title="bbox 1316 427 2279 472">
     <span class='ocr_line' id='line_1_53' title="bbox 1316 427 2279 472; baseline -0.001 -10"><span class='ocrx_word' id='word_1_336' title='bbox 1316 433 1483 472; x_wconf 88' lang='lat' dir='ltr'>praecepta</span> <span class='ocrx_word' id='word_1_337' title='bbox 1506 429 1635 471; x_wconf 87' lang='lat' dir='ltr'>propria</span> <span class='ocrx_word' id='word_1_338' title='bbox 1658 432 1689 461; x_wconf 90' lang='lat' dir='ltr'>et</span> <span class='ocrx_word' id='word_1_339' title='bbox 1713 436 1865 470; x_wconf 87' lang='lat' dir='ltr'>expressa</span> <span class='ocrx_word' id='word_1_340' title='bbox 1888 427 2050 469; x_wconf 85' lang='lat' dir='ltr'>subiungit</span> <span class='ocrx_word' id='word_1_341' title='bbox 2074 427 2125 460; x_wconf 87' lang='lat' dir='ltr'>hic</span> <span class='ocrx_word' id='word_1_342' title='bbox 2143 428 2279 470; x_wconf 81' lang='lat' dir='ltr'>Evange-</span> 
     </span>
    </p>
   </div>
   <div class='ocr_carea' id='block_1_11' title="bbox 2304 408 2452 484">
    <p class='ocr_par' dir='ltr' id='par_1_12' title="bbox 2304 408 2452 484">
     <span class='ocr_line' id='line_1_54' title="bbox 2304 408 2427 432; baseline 0.024 -3"><span class='ocrx_word' id='word_1_343' title='bbox 2304 408 2427 432; x_wconf 75' lang='lat' dir='ltr'>documenta</span> 
     </span>
     <span class='ocr_line' id='line_1_55' title="bbox 2309 435 2452 466; baseline 0.021 -11"><span class='ocrx_word' id='word_1_344' title='bbox 2309 435 2427 466; x_wconf 77' lang='lat' dir='ltr'>similitudi·</span> <span class='ocrx_word' id='word_1_345' title='bbox 2450 441 2452 463; x_wconf 62' lang='lat' dir='ltr'>l</span> 
     </span>
     <span class='ocr_line' id='line_1_56' title="bbox 2307 464 2427 484; baseline 0.017 -2"><span class='ocrx_word' id='word_1_346' title='bbox 2307 467 2368 483; x_wconf 77' lang='lat' dir='ltr'>naria</span> <span class='ocrx_word' id='word_1_347' title='bbox 2388 464 2427 484; x_wconf 79' lang='lat' dir='ltr'>tra-</span> 
     </span>
    </p>
   </div>
   <div class='ocr_carea' id='block_1_12' title="bbox 1317 480 2452 520">
    <p class='ocr_par' dir='ltr' id='par_1_13' title="bbox 1317 480 2452 520">
     <span class='ocr_line' id='line_1_57' title="bbox 1317 480 2452 520; baseline -0.004 -4"><span class='ocrx_word' id='word_1_348' title='bbox 1317 483 1387 516; x_wconf 88' lang='lat' dir='ltr'>lista</span> <span class='ocrx_word' id='word_1_349' title='bbox 1410 483 1599 515; x_wconf 85' lang='lat' dir='ltr'>documenta</span> <span class='ocrx_word' id='word_1_350' title='bbox 1615 481 1737 514; x_wconf 89' lang='lat' dir='ltr'>Domini</span> <span class='ocrx_word' id='word_1_351' title='bbox 1761 480 2045 513; x_wconf 78' lang='lat' dir='ltr'>similitudinaria</span> <span class='ocrx_word' id='word_1_352' title='bbox 2064 483 2096 513; x_wconf 89' lang='lat' dir='ltr'>et</span> <span class='ocrx_word' id='word_1_353' title='bbox 2111 481 2279 520; x_wconf 86' lang='lat' dir='ltr'>translata,</span> <span class='ocrx_word' id='word_1_354' title='bbox 2298 488 2378 509; x_wconf 77' lang='lat' dir='ltr'>duntur</span> <span class='ocrx_word' id='word_1_355' title='bbox 2392 486 2452 516; x_wconf 70' lang='lat' dir='ltr'>qua-3</span> 
     </span>
    </p>
   </div>
   <div class='ocr_carea' id='block_1_13' title="bbox 1317 533 2282 1101">
    <p class='ocr_par' dir='ltr' id='par_1_14' title="bbox 1317 533 2281 898">
     <span class='ocr_line' id='line_1_58' title="bbox 1317 533 2280 578; baseline -0.001 -10"><span class='ocrx_word' id='word_1_356' title='bbox 1317 536 1348 568; x_wconf 92' lang='lat' dir='ltr'>in</span> <span class='ocrx_word' id='word_1_357' title='bbox 1365 536 1482 578; x_wconf 88' lang='lat' dir='ltr'>quibus</span> <span class='ocrx_word' id='word_1_358' title='bbox 1497 536 1649 568; x_wconf 88' lang='lat' dir='ltr'>Dominus</span> <span class='ocrx_word' id='word_1_359' title='bbox 1665 533 1915 577; x_wconf 86' lang='lat' dir='ltr'>quadrupliciter</span> <span class='ocrx_word' id='word_1_360' title='bbox 1931 543 1988 566; x_wconf 90' lang='lat' dir='ltr'>nos</span> <span class='ocrx_word' id='word_1_361' title='bbox 2005 533 2162 566; x_wconf 79' lang='lat' dir='ltr'>informat.</span> <span class='ocrx_word' id='word_1_362' title='bbox 2177 534 2280 567; x_wconf 89' lang='lat' dir='ltr'>Primo</span> 
     </span>
     <span class='ocr_line' id='line_1_59' title="bbox 1317 586 2280 631; baseline -0.002 -9"><span class='ocrx_word' id='word_1_363' title='bbox 1317 598 1454 631; x_wconf 86' lang='lat' dir='ltr'>namque</span> <span class='ocrx_word' id='word_1_364' title='bbox 1484 587 1628 621; x_wconf 76' lang='lat' dir='ltr'>retrahit</span> <span class='ocrx_word' id='word_1_365' title='bbox 1654 598 1677 620; x_wconf 83' lang='lat' dir='ltr'>a</span> <span class='ocrx_word' id='word_1_366' title='bbox 1708 587 1856 620; x_wconf 82' lang='lat' dir='ltr'>vanitate</span> <span class='ocrx_word' id='word_1_367' title='bbox 1884 586 2108 628; x_wconf 79' lang='lat' dir='ltr'>praesidendi.</span> <span class='ocrx_word' id='word_1_368' title='bbox 2138 587 2280 620; x_wconf 80' lang='lat' dir='ltr'>Secundo</span> 
     </span>
     <span class='ocr_line' id='line_1_60' title="bbox 1318 640 2280 681; baseline -0.003 -6"><span class='ocrx_word' id='word_1_369' title='bbox 1318 651 1394 676; x_wconf 89' lang='lat' dir='ltr'>vero</span> <span class='ocrx_word' id='word_1_370' title='bbox 1425 646 1557 675; x_wconf 77' lang='lat' dir='ltr'>revocat</span> <span class='ocrx_word' id='word_1_371' title='bbox 1587 652 1610 674; x_wconf 85' lang='lat' dir='ltr'>a</span> <span class='ocrx_word' id='word_1_372' title='bbox 1642 641 1820 674; x_wconf 79' lang='lat' dir='ltr'>temeritate</span> <span class='ocrx_word' id='word_1_373' title='bbox 1848 640 2043 679; x_wconf 80' lang='lat' dir='ltr'>iudicandi,</span> <span class='ocrx_word' id='word_1_374' title='bbox 2068 640 2158 672; x_wconf 86' lang='lat' dir='ltr'>ibi⁷:</span> <span class='ocrx_word' id='word_1_375' title='bbox 2192 640 2280 681; x_wconf 73' lang='lat' dir='ltr'>Quid</span> 
     </span>
     <span class='ocr_line' id='line_1_61' title="bbox 1318 692 2281 737; baseline -0.003 -9"><span class='ocrx_word' id='word_1_376' title='bbox 1318 700 1429 728; x_wconf 81' lang='lat' dir='ltr'>autem</span> <span class='ocrx_word' id='word_1_377' title='bbox 1453 695 1543 727; x_wconf 75' lang='lat' dir='ltr'>vides</span> <span class='ocrx_word' id='word_1_378' title='bbox 1558 693 1724 737; x_wconf 76' lang='lat' dir='ltr'>festucam</span> <span class='ocrx_word' id='word_1_379' title='bbox 1744 697 1803 726; x_wconf 89' lang='lat' dir='ltr'>etc.</span> <span class='ocrx_word' id='word_1_380' title='bbox 1827 693 1933 726; x_wconf 81' lang='lat' dir='ltr'>Tertio</span> <span class='ocrx_word' id='word_1_381' title='bbox 1956 692 2123 735; x_wconf 82' lang='lat' dir='ltr'>informat</span> <span class='ocrx_word' id='word_1_382' title='bbox 2138 693 2184 726; x_wconf 80' lang='lat' dir='ltr'>ad</span> <span class='ocrx_word' id='word_1_383' title='bbox 2195 703 2281 736; x_wconf 80' lang='lat' dir='ltr'>pru-</span> 
     </span>
     <span class='ocr_line' id='line_1_62' title="bbox 1318 746 2281 786; baseline -0.003 -5"><span class='ocrx_word' id='word_1_384' title='bbox 1318 749 1465 782; x_wconf 76' lang='lat' dir='ltr'>dentiam</span> <span class='ocrx_word' id='word_1_385' title='bbox 1488 748 1699 781; x_wconf 73' lang='lat' dir='ltr'>discernendi</span> <span class='ocrx_word' id='word_1_386' title='bbox 1707 774 1716 786; x_wconf 86' lang='lat'>,</span> <span class='ocrx_word' id='word_1_387' title='bbox 1741 747 1805 779; x_wconf 91' lang='lat' dir='ltr'>ibi:</span> <span class='ocrx_word' id='word_1_388' title='bbox 1831 746 1906 779; x_wconf 86' lang='lat' dir='ltr'>Non</span> <span class='ocrx_word' id='word_1_389' title='bbox 1929 746 2016 779; x_wconf 75' lang='lat' dir='ltr'>enim</span> <span class='ocrx_word' id='word_1_390' title='bbox 2039 751 2084 778; x_wconf 79' lang='lat' dir='ltr'>est</span> <span class='ocrx_word' id='word_1_391' title='bbox 2108 746 2212 779; x_wconf 86' lang='lat' dir='ltr'>arbor</span> <span class='ocrx_word' id='word_1_392' title='bbox 2228 746 2281 779; x_wconf 89' lang='lat' dir='ltr'>bo-</span> 
     </span>
     <span class='ocr_line' id='line_1_63' title="bbox 1318 799 2280 843; baseline -0.003 -9"><span class='ocrx_word' id='word_1_393' title='bbox 1318 812 1365 834; x_wconf 88' lang='lat' dir='ltr'>na</span> <span class='ocrx_word' id='word_1_394' title='bbox 1381 805 1439 835; x_wconf 88' lang='lat' dir='ltr'>etc.</span> <span class='ocrx_word' id='word_1_395' title='bbox 1457 802 1576 843; x_wconf 85' lang='lat' dir='ltr'>Quarto</span> <span class='ocrx_word' id='word_1_396' title='bbox 1594 810 1669 834; x_wconf 92' lang='lat' dir='ltr'>vero</span> <span class='ocrx_word' id='word_1_397' title='bbox 1685 800 1806 833; x_wconf 80' lang='lat' dir='ltr'>invitat</span> <span class='ocrx_word' id='word_1_398' title='bbox 1822 800 1868 832; x_wconf 84' lang='lat' dir='ltr'>ad</span> <span class='ocrx_word' id='word_1_399' title='bbox 1883 799 2091 842; x_wconf 75' lang='lat' dir='ltr'>diliyentiam</span> <span class='ocrx_word' id='word_1_400' title='bbox 2107 799 2280 842; x_wconf 85' lang='lat' dir='ltr'>operandi,</span> 
     </span>
     <span class='ocr_line' id='line_1_64' title="bbox 1319 853 1959 898; baseline -0.005 -10"><span class='ocrx_word' id='word_1_401' title='bbox 1319 855 1378 888; x_wconf 90' lang='lat' dir='ltr'>ibi:</span> <span class='ocrx_word' id='word_1_402' title='bbox 1406 855 1540 893; x_wconf 75' lang='lat' dir='ltr'>Omnis,</span> <span class='ocrx_word' id='word_1_403' title='bbox 1565 854 1625 898; x_wconf 79' lang='lat' dir='ltr'>qai</span> <span class='ocrx_word' id='word_1_404' title='bbox 1647 854 1734 886; x_wconf 80' lang='lat' dir='ltr'>venit</span> <span class='ocrx_word' id='word_1_405' title='bbox 1758 853 1805 886; x_wconf 80' lang='lat' dir='ltr'>ad</span> <span class='ocrx_word' id='word_1_406' title='bbox 1826 863 1877 885; x_wconf 79' lang='lat' dir='ltr'>me</span> <span class='ocrx_word' id='word_1_407' title='bbox 1900 856 1959 886; x_wconf 88' lang='lat' dir='ltr'>etc.</span> 
     </span>
    </p>

    <p class='ocr_par' dir='ltr' id='par_1_15' title="bbox 1319 906 2282 1101">
     <span class='ocr_line' id='line_1_65' title="bbox 1409 906 2282 953; baseline -0.003 -12"><span class='ocrx_word' id='word_1_408' title='bbox 1409 909 1512 941; x_wconf 89' lang='lat' dir='ltr'>Primo</span> <span class='ocrx_word' id='word_1_409' title='bbox 1534 917 1610 949; x_wconf 83' lang='lat' dir='ltr'>ergo</span> <span class='ocrx_word' id='word_1_410' title='bbox 1633 906 1775 939; x_wconf 76' lang='lat' dir='ltr'>retrahit</span> <span class='ocrx_word' id='word_1_411' title='bbox 1798 916 1820 939; x_wconf 90' lang='lat' dir='ltr'>a</span> <span class='ocrx_word' id='word_1_412' title='bbox 1844 906 1990 939; x_wconf 80' lang='lat' dir='ltr'>vanitate</span> <span class='ocrx_word' id='word_1_413' title='bbox 2008 906 2226 948; x_wconf 78' lang='lat' dir='ltr'>praesidendi</span> <span class='ocrx_word' id='word_1_414' title='bbox 2238 915 2282 953; x_wconf 85' lang='lat' dir='ltr'>ex</span> 
     </span>
     <span class='ocr_line' id='line_1_66' title="bbox 1319 960 2281 1002; baseline -0.003 -7"><span class='ocrx_word' id='word_1_415' title='bbox 1319 961 1568 995; x_wconf 87' lang='lat' dir='ltr'>consideratione</span> <span class='ocrx_word' id='word_1_416' title='bbox 1593 960 1726 1002; x_wconf 89' lang='lat' dir='ltr'>triplici,</span> <span class='ocrx_word' id='word_1_417' title='bbox 1752 960 1870 993; x_wconf 90' lang='lat' dir='ltr'>scilicet</span> <span class='ocrx_word' id='word_1_418' title='bbox 1892 969 1933 992; x_wconf 91' lang='lat' dir='ltr'>ex</span> <span class='ocrx_word' id='word_1_419' title='bbox 1957 960 2206 993; x_wconf 87' lang='lat' dir='ltr'>consideratione</span> <span class='ocrx_word' id='word_1_420' title='bbox 2225 970 2281 1002; x_wconf 81' lang='lat' dir='ltr'>pe-</span> 
     </span>
     <span class='ocr_line' id='line_1_67' title="bbox 1320 1012 2282 1055; baseline -0.002 -8"><span class='ocrx_word' id='word_1_421' title='bbox 1320 1015 1423 1047; x_wconf 78' lang='lat' dir='ltr'>riculi</span> <span class='ocrx_word' id='word_1_422' title='bbox 1444 1014 1635 1047; x_wconf 80' lang='lat' dir='ltr'>declinandi</span> <span class='ocrx_word' id='word_1_423' title='bbox 1657 1017 1689 1046; x_wconf 91' lang='lat' dir='ltr'>et</span> <span class='ocrx_word' id='word_1_424' title='bbox 1711 1013 1786 1045; x_wconf 82' lang='lat' dir='ltr'>vitii</span> <span class='ocrx_word' id='word_1_425' title='bbox 1808 1013 1990 1045; x_wconf 74' lang='lat' dir='ltr'>detestandi</span> <span class='ocrx_word' id='word_1_426' title='bbox 2005 1016 2036 1045; x_wconf 88' lang='lat' dir='ltr'>et</span> <span class='ocrx_word' id='word_1_427' title='bbox 2051 1012 2192 1055; x_wconf 71' lang='lat' dir='ltr'>exempli</span> <span class='ocrx_word' id='word_1_428' title='bbox 2207 1012 2282 1045; x_wconf 83' lang='lat' dir='ltr'>imi-</span> 
     </span>
     <span class='ocr_line' id='line_1_68' title="bbox 1319 1068 1424 1101; baseline -0.019 0"><span class='ocrx_word' id='word_1_429' title='bbox 1319 1068 1424 1101; x_wconf 82' lang='lat' dir='ltr'>tandi.</span> 
     </span>
    </p>
   </div>
   <div class='ocr_carea' id='block_1_14' title="bbox 2298 515 2452 542">
    <p class='ocr_par' dir='ltr' id='par_1_16' title="bbox 2298 515 2452 542">
     <span class='ocr_line' id='line_1_69' title="bbox 2298 515 2452 542; baseline 0.006 -6"><span class='ocrx_word' id='word_1_430' title='bbox 2298 515 2428 542; x_wconf 77' lang='lat' dir='ltr'>tii-upliciter.</span> <span class='ocrx_word' id='word_1_431' title='bbox 2451 522 2452 531; x_wconf 62' lang='lat'>¹</span> 
     </span>
    </p>
   </div>
   <div class='ocr_carea' id='block_1_15' title="bbox 2301 912 2414 987">
    <p class='ocr_par' dir='ltr' id='par_1_17' title="bbox 2301 912 2414 987">
     <span class='ocr_line' id='line_1_70' title="bbox 2301 912 2413 940; baseline 0 -6"><span class='ocrx_word' id='word_1_432' title='bbox 2301 912 2332 934; x_wconf 85' lang='lat' dir='ltr'>De</span> <span class='ocrx_word' id='word_1_433' title='bbox 2347 913 2413 940; x_wconf 83' lang='lat' dir='ltr'>primo</span> 
     </span>
     <span class='ocr_line' id='line_1_71' title="bbox 2301 941 2414 966; baseline 0 -6"><span class='ocrx_word' id='word_1_434' title='bbox 2301 941 2414 966; x_wconf 79' lang='lat' dir='ltr'>tanguntur</span> 
     </span>
     <span class='ocr_line' id='line_1_72' title="bbox 2336 966 2385 987; baseline 0 0"><span class='ocrx_word' id='word_1_435' title='bbox 2336 966 2385 987; x_wconf 81' lang='lat' dir='ltr'>tria.</span> 
     </span>
    </p>
   </div>
   <div class='ocr_carea' id='block_1_16' title="bbox 1410 1118 2443 1162">
    <p class='ocr_par' dir='ltr' id='par_1_18' title="bbox 1410 1118 2443 1162">
     <span class='ocr_line' id='line_1_73' title="bbox 1410 1118 2443 1162; baseline -0.003 -9"><span class='ocrx_word' id='word_1_436' title='bbox 1410 1120 1461 1153; x_wconf 85' lang='lat'>93.</span> <span class='ocrx_word' id='word_1_437' title='bbox 1485 1120 1586 1162; x_wconf 90' lang='lat' dir='ltr'>(Vers.</span> <span class='ocrx_word' id='word_1_438' title='bbox 1612 1119 1689 1160; x_wconf 85' lang='lat'>39.).</span> <span class='ocrx_word' id='word_1_439' title='bbox 1717 1119 1959 1152; x_wconf 77' lang='lat' dir='ltr'>Declinandam</span> <span class='ocrx_word' id='word_1_440' title='bbox 1979 1128 2116 1161; x_wconf 91' lang='lat' dir='ltr'>namque</span> <span class='ocrx_word' id='word_1_441' title='bbox 2140 1122 2187 1152; x_wconf 91' lang='lat' dir='ltr'>est</span> <span class='ocrx_word' id='word_1_442' title='bbox 2211 1118 2283 1151; x_wconf 81' lang='lat' dir='ltr'>rui·</span> <span class='ocrx_word' id='word_1_443' title='bbox 2296 1125 2367 1156; x_wconf 67' lang='lat' dir='ltr'>Primo</span> <span class='ocrx_word' id='word_1_444' title='bbox 2381 1127 2443 1147; x_wconf 80' lang='lat' dir='ltr'>retra-</span> 
     </span>
    </p>
   </div>
   <div class='ocr_carea' id='block_1_17' title="bbox 1318 1172 2299 2601">
    <p class='ocr_par' dir='ltr' id='par_1_19' title="bbox 1318 1172 2299 2601">
     <span class='ocr_line' id='line_1_74' title="bbox 1318 1172 2282 1216; baseline -0.002 -9"><span class='ocrx_word' id='word_1_445' title='bbox 1318 1184 1382 1207; x_wconf 85' lang='lat' dir='ltr'>nae</span> <span class='ocrx_word' id='word_1_446' title='bbox 1401 1173 1610 1216; x_wconf 80' lang='lat' dir='ltr'>perieulum,</span> <span class='ocrx_word' id='word_1_447' title='bbox 1636 1173 1721 1215; x_wconf 91' lang='lat' dir='ltr'>quod</span> <span class='ocrx_word' id='word_1_448' title='bbox 1744 1173 1887 1205; x_wconf 89' lang='lat' dir='ltr'>imminet</span> <span class='ocrx_word' id='word_1_449' title='bbox 1910 1172 2099 1214; x_wconf 83' lang='lat' dir='ltr'>praesidenti</span> <span class='ocrx_word' id='word_1_450' title='bbox 2124 1172 2282 1215; x_wconf 88' lang='lat' dir='ltr'>superbe;</span> 
     </span>
     <span class='ocr_line' id='line_1_75' title="bbox 1318 1225 2299 1270; baseline -0.002 -10"><span class='ocrx_word' id='word_1_451' title='bbox 1318 1231 1449 1270; x_wconf 88' lang='lat' dir='ltr'>propter</span> <span class='ocrx_word' id='word_1_452' title='bbox 1473 1227 1557 1269; x_wconf 91' lang='lat' dir='ltr'>quod</span> <span class='ocrx_word' id='word_1_453' title='bbox 1581 1226 1673 1259; x_wconf 90' lang='lat' dir='ltr'>dicit:</span> <span class='ocrx_word' id='word_1_454' title='bbox 1699 1225 1861 1269; x_wconf 80' lang='lat' dir='ltr'>Nunquid</span> <span class='ocrx_word' id='word_1_455' title='bbox 1880 1229 1986 1268; x_wconf 77' lang='lat' dir='ltr'>potest</span> <span class='ocrx_word' id='word_1_456' title='bbox 2008 1235 2127 1258; x_wconf 75' lang='lat' dir='ltr'>caecas</span> <span class='ocrx_word' id='word_1_457' title='bbox 2148 1235 2299 1258; x_wconf 69' lang='lat' dir='ltr'>caecant</span> 
     </span>
     <span class='ocr_line' id='line_1_76' title="bbox 1318 1279 2282 1323; baseline -0.002 -9"><span class='ocrx_word' id='word_1_458' title='bbox 1318 1281 1465 1314; x_wconf 75' lang='lat' dir='ltr'>ducere?</span> <span class='ocrx_word' id='word_1_459' title='bbox 1490 1281 1579 1323; x_wconf 88' lang='lat' dir='ltr'>quasi</span> <span class='ocrx_word' id='word_1_460' title='bbox 1604 1280 1707 1319; x_wconf 82' lang='lat' dir='ltr'>dicat:</span> <span class='ocrx_word' id='word_1_461' title='bbox 1736 1289 1798 1312; x_wconf 92' lang='lat' dir='ltr'>non</span> <span class='ocrx_word' id='word_1_462' title='bbox 1823 1282 1925 1321; x_wconf 88' lang='lat' dir='ltr'>potest</span> <span class='ocrx_word' id='word_1_463' title='bbox 1949 1288 2023 1312; x_wconf 88' lang='lat' dir='ltr'>sane</span> <span class='ocrx_word' id='word_1_464' title='bbox 2048 1282 2176 1321; x_wconf 88' lang='lat' dir='ltr'>propter</span> <span class='ocrx_word' id='word_1_465' title='bbox 2200 1279 2282 1322; x_wconf 89' lang='lat' dir='ltr'>peri-</span> 
     </span>
     <span class='ocr_line' id='line_1_77' title="bbox 1318 1331 2283 1376; baseline -0.003 -8"><span class='ocrx_word' id='word_1_466' title='bbox 1318 1336 1427 1369; x_wconf 87' lang='lat' dir='ltr'>culum</span> <span class='ocrx_word' id='word_1_467' title='bbox 1452 1334 1581 1372; x_wconf 86' lang='lat' dir='ltr'>ruinae,</span> <span class='ocrx_word' id='word_1_468' title='bbox 1605 1333 1689 1376; x_wconf 91' lang='lat' dir='ltr'>quod</span> <span class='ocrx_word' id='word_1_469' title='bbox 1713 1333 1877 1375; x_wconf 84' lang='lat' dir='ltr'>adiungit:</span> <span class='ocrx_word' id='word_1_470' title='bbox 1909 1332 2024 1365; x_wconf 87' lang='lat' dir='ltr'>Nonne</span> <span class='ocrx_word' id='word_1_471' title='bbox 2052 1332 2149 1365; x_wconf 84' lang='lat' dir='ltr'>ambo</span> <span class='ocrx_word' id='word_1_472' title='bbox 2173 1332 2209 1365; x_wconf 86' lang='lat' dir='ltr'>in</span> <span class='ocrx_word' id='word_1_473' title='bbox 2232 1331 2283 1375; x_wconf 83' lang='lat' dir='ltr'>fo-</span> 
     </span>
     <span class='ocr_line' id='line_1_78' title="bbox 1318 1386 2282 1429; baseline -0.002 -8"><span class='ocrx_word' id='word_1_474' title='bbox 1318 1398 1413 1421; x_wconf 81' lang='lat' dir='ltr'>veam</span> <span class='ocrx_word' id='word_1_475' title='bbox 1436 1387 1591 1420; x_wconf 76' lang='lat' dir='ltr'>eadunt?</span> <span class='ocrx_word' id='word_1_476' title='bbox 1615 1386 1673 1420; x_wconf 88' lang='lat' dir='ltr'>Sed</span> <span class='ocrx_word' id='word_1_477' title='bbox 1698 1387 1792 1419; x_wconf 90' lang='lat' dir='ltr'>homo</span> <span class='ocrx_word' id='word_1_478' title='bbox 1812 1390 2074 1428; x_wconf 88' lang='lat' dir='ltr'>praesumtuosus</span> <span class='ocrx_word' id='word_1_479' title='bbox 2091 1395 2203 1429; x_wconf 87' lang='lat' dir='ltr'>caecus</span> <span class='ocrx_word' id='word_1_480' title='bbox 2218 1390 2282 1426; x_wconf 88' lang='lat' dir='ltr'>est,</span> 
     </span>
     <span class='ocr_line' id='line_1_79' title="bbox 1318 1439 2282 1482; baseline -0.002 -7"><span class='ocrx_word' id='word_1_481' title='bbox 1318 1442 1492 1476; x_wconf 89' lang='lat' dir='ltr'>secundum</span> <span class='ocrx_word' id='word_1_482' title='bbox 1525 1441 1602 1473; x_wconf 89' lang='lat' dir='ltr'>illud</span> <span class='ocrx_word' id='word_1_483' title='bbox 1634 1440 1833 1482; x_wconf 86' lang='lat' dir='ltr'>Apocalypsis</span> <span class='ocrx_word' id='word_1_484' title='bbox 1865 1439 2003 1472; x_wconf 65' lang='lat' dir='ltr'>tertiossz</span> <span class='ocrx_word' id='word_1_485' title='bbox 2034 1452 2048 1468; x_wconf 68' lang='grc' dir='ltr'>(ε</span> <span class='ocrx_word' id='word_1_486' title='bbox 2066 1440 2166 1479; x_wconf 86' lang='lat' dir='ltr'>Dicis,</span> <span class='ocrx_word' id='word_1_487' title='bbox 2199 1440 2282 1482; x_wconf 89' lang='lat' dir='ltr'>quod</span> 
     </span>
     <span class='ocr_line' id='line_1_80' title="bbox 1318 1493 2283 1536; baseline -0.003 -7"><span class='ocrx_word' id='word_1_488' title='bbox 1318 1496 1405 1529; x_wconf 88' lang='lat' dir='ltr'>dives</span> <span class='ocrx_word' id='word_1_489' title='bbox 1429 1504 1500 1528; x_wconf 89' lang='lat' dir='ltr'>sum</span> <span class='ocrx_word' id='word_1_490' title='bbox 1524 1499 1555 1527; x_wconf 89' lang='lat' dir='ltr'>et</span> <span class='ocrx_word' id='word_1_491' title='bbox 1578 1494 1789 1536; x_wconf 90' lang='lat' dir='ltr'>locupletatus</span> <span class='ocrx_word' id='word_1_492' title='bbox 1812 1497 1843 1526; x_wconf 90' lang='lat' dir='ltr'>et</span> <span class='ocrx_word' id='word_1_493' title='bbox 1867 1493 1986 1526; x_wconf 91' lang='lat' dir='ltr'>nullius</span> <span class='ocrx_word' id='word_1_494' title='bbox 2009 1502 2103 1536; x_wconf 76' lang='lat' dir='ltr'>egeo,</span> <span class='ocrx_word' id='word_1_495' title='bbox 2120 1497 2151 1527; x_wconf 87' lang='lat' dir='ltr'>et</span> <span class='ocrx_word' id='word_1_496' title='bbox 2167 1494 2283 1533; x_wconf 84' lang='lat' dir='ltr'>nescis,</span> 
     </span>
     <span class='ocr_line' id='line_1_81' title="bbox 1318 1547 2285 1592; baseline -0.002 -10"><span class='ocrx_word' id='word_1_497' title='bbox 1318 1549 1393 1592; x_wconf 90' lang='lat' dir='ltr'>quia</span> <span class='ocrx_word' id='word_1_498' title='bbox 1418 1552 1452 1581; x_wconf 88' lang='lat' dir='ltr'>tu</span> <span class='ocrx_word' id='word_1_499' title='bbox 1476 1557 1510 1581; x_wconf 90' lang='lat' dir='ltr'>es</span> <span class='ocrx_word' id='word_1_500' title='bbox 1535 1548 1630 1580; x_wconf 88' lang='lat' dir='ltr'>miser</span> <span class='ocrx_word' id='word_1_501' title='bbox 1654 1551 1685 1580; x_wconf 91' lang='lat' dir='ltr'>et</span> <span class='ocrx_word' id='word_1_502' title='bbox 1710 1547 1898 1580; x_wconf 87' lang='lat' dir='ltr'>miserabilis</span> <span class='ocrx_word' id='word_1_503' title='bbox 1919 1551 1951 1580; x_wconf 90' lang='lat' dir='ltr'>et</span> <span class='ocrx_word' id='word_1_504' title='bbox 1974 1556 2094 1589; x_wconf 85' lang='lat' dir='ltr'>pauper</span> <span class='ocrx_word' id='word_1_505' title='bbox 2118 1551 2149 1580; x_wconf 90' lang='lat' dir='ltr'>et</span> <span class='ocrx_word' id='word_1_506' title='bbox 2173 1556 2285 1581; x_wconf 85' lang='lat' dir='ltr'>caecus</span> 
     </span>
     <span class='ocr_line' id='line_1_82' title="bbox 1319 1600 2283 1640; baseline -0.003 -5"><span class='ocrx_word' id='word_1_507' title='bbox 1319 1606 1350 1635; x_wconf 90' lang='lat' dir='ltr'>et</span> <span class='ocrx_word' id='word_1_508' title='bbox 1374 1601 1479 1634; x_wconf 88' lang='lat' dir='ltr'>nudus</span> <span class='ocrx_word' id='word_1_509' title='bbox 1495 1614 1525 1633; x_wconf 92' lang='lat'>».</span> <span class='ocrx_word' id='word_1_510' title='bbox 1552 1601 1595 1633; x_wconf 89' lang='lat' dir='ltr'>De</span> <span class='ocrx_word' id='word_1_511' title='bbox 1620 1600 1673 1632; x_wconf 86' lang='lat' dir='ltr'>tali</span> <span class='ocrx_word' id='word_1_512' title='bbox 1694 1600 1733 1632; x_wconf 88' lang='lat' dir='ltr'>ad</span> <span class='ocrx_word' id='word_1_513' title='bbox 1751 1601 1903 1633; x_wconf 81' lang='lat' dir='ltr'>Romanos</span> <span class='ocrx_word' id='word_1_514' title='bbox 1920 1600 2075 1633; x_wconf 89' lang='lat' dir='ltr'>secundo:</span> <span class='ocrx_word' id='word_1_515' title='bbox 2099 1613 2114 1628; x_wconf 92' lang='lat'>«</span> <span class='ocrx_word' id='word_1_516' title='bbox 2130 1600 2283 1640; x_wconf 87' lang='lat' dir='ltr'>Confidis,</span> 
     </span>
     <span class='ocr_line' id='line_1_83' title="bbox 1320 1654 2282 1696; baseline -0.001 -9"><span class='ocrx_word' id='word_1_517' title='bbox 1320 1658 1350 1688; x_wconf 90' lang='lat' dir='ltr'>te</span> <span class='ocrx_word' id='word_1_518' title='bbox 1373 1655 1476 1696; x_wconf 91' lang='lat' dir='ltr'>ipsum</span> <span class='ocrx_word' id='word_1_519' title='bbox 1502 1654 1615 1686; x_wconf 91' lang='lat' dir='ltr'>ducem</span> <span class='ocrx_word' id='word_1_520' title='bbox 1640 1662 1708 1686; x_wconf 88' lang='lat' dir='ltr'>esse</span> <span class='ocrx_word' id='word_1_521' title='bbox 1732 1662 1916 1692; x_wconf 87' lang='lat' dir='ltr'>caecorum,</span> <span class='ocrx_word' id='word_1_522' title='bbox 1946 1654 2052 1686; x_wconf 90' lang='lat' dir='ltr'>lumen</span> <span class='ocrx_word' id='word_1_523' title='bbox 2085 1662 2196 1686; x_wconf 87' lang='lat' dir='ltr'>eorum</span> <span class='ocrx_word' id='word_1_524' title='bbox 2229 1654 2282 1696; x_wconf 92' lang='lat' dir='ltr'>qui</span> 
     </span>
     <span class='ocr_line' id='line_1_84' title="bbox 1320 1706 2283 1748; baseline -0.001 -8"><span class='ocrx_word' id='word_1_525' title='bbox 1320 1709 1351 1740; x_wconf 93' lang='lat' dir='ltr'>in</span> <span class='ocrx_word' id='word_1_526' title='bbox 1384 1707 1522 1741; x_wconf 86' lang='lat' dir='ltr'>tenebris</span> <span class='ocrx_word' id='word_1_527' title='bbox 1554 1710 1645 1746; x_wconf 89' lang='lat' dir='ltr'>sunt,</span> <span class='ocrx_word' id='word_1_528' title='bbox 1678 1707 1870 1739; x_wconf 89' lang='lat' dir='ltr'>eruditorem</span> <span class='ocrx_word' id='word_1_529' title='bbox 1900 1706 2162 1748; x_wconf 84' lang='lat' dir='ltr'>insipientium».</span> <span class='ocrx_word' id='word_1_530' title='bbox 2194 1707 2283 1748; x_wconf 83' lang='lat' dir='ltr'>«Qui</span> 
     </span>
     <span class='ocr_line' id='line_1_85' title="bbox 1320 1759 2284 1804; baseline -0.002 -10"><span class='ocrx_word' id='word_1_531' title='bbox 1320 1771 1396 1804; x_wconf 82' lang='lat' dir='ltr'>ergo</span> <span class='ocrx_word' id='word_1_532' title='bbox 1423 1761 1500 1793; x_wconf 89' lang='lat' dir='ltr'>alios</span> <span class='ocrx_word' id='word_1_533' title='bbox 1523 1761 1616 1793; x_wconf 89' lang='lat' dir='ltr'>doces</span> <span class='ocrx_word' id='word_1_534' title='bbox 1640 1764 1670 1793; x_wconf 92' lang='lat' dir='ltr'>te</span> <span class='ocrx_word' id='word_1_535' title='bbox 1694 1760 1798 1801; x_wconf 88' lang='lat' dir='ltr'>ipsum</span> <span class='ocrx_word' id='word_1_536' title='bbox 1822 1768 1885 1792; x_wconf 90' lang='lat' dir='ltr'>non</span> <span class='ocrx_word' id='word_1_537' title='bbox 1909 1759 2001 1792; x_wconf 92' lang='lat' dir='ltr'>doces</span> <span class='ocrx_word' id='word_1_538' title='bbox 2018 1771 2049 1798; x_wconf 78' lang='lat'>»3</span> <span class='ocrx_word' id='word_1_539' title='bbox 2072 1759 2162 1801; x_wconf 86' lang='lat' dir='ltr'>quasi</span> <span class='ocrx_word' id='word_1_540' title='bbox 2183 1759 2284 1792; x_wconf 87' lang='lat' dir='ltr'>dicat:</span> 
     </span>
     <span class='ocr_line' id='line_1_86' title="bbox 1321 1812 2286 1855; baseline -0.004 -7"><span class='ocrx_word' id='word_1_541' title='bbox 1321 1823 1433 1849; x_wconf 89' lang='lat' dir='ltr'>caecus</span> <span class='ocrx_word' id='word_1_542' title='bbox 1445 1822 1488 1846; x_wconf 88' lang='lat' dir='ltr'>es.</span> <span class='ocrx_word' id='word_1_543' title='bbox 1503 1832 1544 1837; x_wconf 91' lang='lat'><em>-</em></span> <span class='ocrx_word' id='word_1_544' title='bbox 1559 1814 1595 1846; x_wconf 89' lang='lat' dir='ltr'>Et</span> <span class='ocrx_word' id='word_1_545' title='bbox 1607 1813 1687 1852; x_wconf 88' lang='lat' dir='ltr'>ideo,</span> <span class='ocrx_word' id='word_1_546' title='bbox 1700 1813 1754 1855; x_wconf 89' lang='lat' dir='ltr'>qui</span> <span class='ocrx_word' id='word_1_547' title='bbox 1771 1813 1870 1845; x_wconf 89' lang='lat' dir='ltr'>ambit</span> <span class='ocrx_word' id='word_1_548' title='bbox 1882 1816 1913 1845; x_wconf 89' lang='lat' dir='ltr'>et</span> <span class='ocrx_word' id='word_1_549' title='bbox 1925 1813 2099 1854; x_wconf 85' lang='lat' dir='ltr'>praesumit</span> <span class='ocrx_word' id='word_1_550' title='bbox 2115 1812 2184 1845; x_wconf 90' lang='lat' dir='ltr'>aliis</span> <span class='ocrx_word' id='word_1_551' title='bbox 2200 1821 2286 1855; x_wconf 87' lang='lat' dir='ltr'>prae-</span> 
     </span>
     <span class='ocr_line' id='line_1_87' title="bbox 1319 1865 2284 1907; baseline -0.003 -7"><span class='ocrx_word' id='word_1_552' title='bbox 1319 1867 1415 1906; x_wconf 86' lang='lat' dir='ltr'>ferri,</span> <span class='ocrx_word' id='word_1_553' title='bbox 1448 1876 1520 1900; x_wconf 90' lang='lat' dir='ltr'>cum</span> <span class='ocrx_word' id='word_1_554' title='bbox 1553 1867 1593 1899; x_wconf 90' lang='lat' dir='ltr'>sit</span> <span class='ocrx_word' id='word_1_555' title='bbox 1624 1875 1753 1905; x_wconf 90' lang='lat' dir='ltr'>caecus,</span> <span class='ocrx_word' id='word_1_556' title='bbox 1785 1874 1818 1898; x_wconf 88' lang='lat' dir='ltr'>se</span> <span class='ocrx_word' id='word_1_557' title='bbox 1851 1869 1882 1898; x_wconf 87' lang='lat' dir='ltr'>et</span> <span class='ocrx_word' id='word_1_558' title='bbox 1908 1865 1985 1898; x_wconf 88' lang='lat' dir='ltr'>alios</span> <span class='ocrx_word' id='word_1_559' title='bbox 2009 1865 2039 1897; x_wconf 91' lang='lat' dir='ltr'>in</span> <span class='ocrx_word' id='word_1_560' title='bbox 2065 1865 2284 1907; x_wconf 87' lang='lat' dir='ltr'>praecipitium</span> 
     </span>
     <span class='ocr_line' id='line_1_88' title="bbox 1320 1918 2284 1963; baseline -0.004 -9"><span class='ocrx_word' id='word_1_561' title='bbox 1320 1920 1496 1963; x_wconf 78' lang='lat' dir='ltr'>demergit3</span> <span class='ocrx_word' id='word_1_562' title='bbox 1529 1920 1613 1952; x_wconf 92' lang='lat' dir='ltr'>unde</span> <span class='ocrx_word' id='word_1_563' title='bbox 1645 1919 1792 1952; x_wconf 84' lang='lat' dir='ltr'>Ieremiae</span> <span class='ocrx_word' id='word_1_564' title='bbox 1824 1918 2133 1961; x_wconf 76' lang='lat' dir='ltr'>quinquagesim0⁹z</span> <span class='ocrx_word' id='word_1_565' title='bbox 2165 1931 2180 1947; x_wconf 89' lang='lat'>«</span> <span class='ocrx_word' id='word_1_566' title='bbox 2200 1918 2284 1951; x_wconf 87' lang='lat' dir='ltr'>Grex</span> 
     </span>
     <span class='ocr_line' id='line_1_89' title="bbox 1320 1973 2287 2017; baseline -0.003 -10"><span class='ocrx_word' id='word_1_567' title='bbox 1320 1974 1464 2017; x_wconf 86' lang='lat' dir='ltr'>perditus</span> <span class='ocrx_word' id='word_1_568' title='bbox 1494 1974 1596 2006; x_wconf 88' lang='lat' dir='ltr'>factus</span> <span class='ocrx_word' id='word_1_569' title='bbox 1626 1977 1673 2006; x_wconf 89' lang='lat' dir='ltr'>est</span> <span class='ocrx_word' id='word_1_570' title='bbox 1706 1973 1842 2015; x_wconf 91' lang='lat' dir='ltr'>populus</span> <span class='ocrx_word' id='word_1_571' title='bbox 1874 1981 1981 2010; x_wconf 89' lang='lat' dir='ltr'>meus,</span> <span class='ocrx_word' id='word_1_572' title='bbox 2011 1975 2152 2014; x_wconf 89' lang='lat' dir='ltr'>pastores</span> <span class='ocrx_word' id='word_1_573' title='bbox 2176 1980 2287 2005; x_wconf 89' lang='lat' dir='ltr'>eorum</span> 
     </span>
     <span class='ocr_line' id='line_1_90' title="bbox 1320 2025 2287 2063; baseline -0.003 -2"><span class='ocrx_word' id='word_1_574' title='bbox 1320 2027 1519 2063; x_wconf 87' lang='lat' dir='ltr'>seduxerunt</span> <span class='ocrx_word' id='word_1_575' title='bbox 1543 2036 1595 2060; x_wconf 89' lang='lat' dir='ltr'>eos</span> <span class='ocrx_word' id='word_1_576' title='bbox 1612 2040 1641 2058; x_wconf 93' lang='lat'>».</span> <span class='ocrx_word' id='word_1_577' title='bbox 1677 2027 1712 2058; x_wconf 88' lang='lat' dir='ltr'>Et</span> <span class='ocrx_word' id='word_1_578' title='bbox 1743 2026 1822 2058; x_wconf 88' lang='lat' dir='ltr'>ratio</span> <span class='ocrx_word' id='word_1_579' title='bbox 1852 2026 1948 2058; x_wconf 85' lang='lat' dir='ltr'>liuius</span> <span class='ocrx_word' id='word_1_580' title='bbox 1972 2025 2116 2058; x_wconf 87' lang='lat' dir='ltr'>redditur</span> <span class='ocrx_word' id='word_1_581' title='bbox 2141 2025 2287 2059; x_wconf 86' lang='lat' dir='ltr'>Ieremiae</span> 
     </span>
     <span class='ocr_line' id='line_1_91' title="bbox 1319 2079 2286 2122; baseline -0.002 -8"><span class='ocrx_word' id='word_1_582' title='bbox 1319 2081 1462 2115; x_wconf 84' lang='lat' dir='ltr'>decimo:</span> <span class='ocrx_word' id='word_1_583' title='bbox 1492 2093 1508 2109; x_wconf 91' lang='lat'>«</span> <span class='ocrx_word' id='word_1_584' title='bbox 1525 2081 1625 2113; x_wconf 89' lang='lat' dir='ltr'>Stulte</span> <span class='ocrx_word' id='word_1_585' title='bbox 1654 2083 1788 2122; x_wconf 81' lang='lat' dir='ltr'>egerunt</span> <span class='ocrx_word' id='word_1_586' title='bbox 1812 2083 1954 2121; x_wconf 90' lang='lat' dir='ltr'>pastores</span> <span class='ocrx_word' id='word_1_587' title='bbox 1978 2083 2008 2112; x_wconf 89' lang='lat' dir='ltr'>et</span> <span class='ocrx_word' id='word_1_588' title='bbox 2032 2079 2200 2112; x_wconf 90' lang='lat' dir='ltr'>Dominum</span> <span class='ocrx_word' id='word_1_589' title='bbox 2225 2088 2286 2112; x_wconf 91' lang='lat' dir='ltr'>non</span> 
     </span>
     <span class='ocr_line' id='line_1_92' title="bbox 1320 2133 2288 2177; baseline -0.002 -9"><span class='ocrx_word' id='word_1_590' title='bbox 1320 2135 1554 2177; x_wconf 87' lang='lat' dir='ltr'>requisierunt;</span> <span class='ocrx_word' id='word_1_591' title='bbox 1579 2137 1747 2176; x_wconf 89' lang='lat' dir='ltr'>propterea</span> <span class='ocrx_word' id='word_1_592' title='bbox 1770 2143 1832 2166; x_wconf 90' lang='lat' dir='ltr'>non</span> <span class='ocrx_word' id='word_1_593' title='bbox 1858 2134 2102 2172; x_wconf 88' lang='lat' dir='ltr'>intellexerunt,</span> <span class='ocrx_word' id='word_1_594' title='bbox 2131 2137 2162 2166; x_wconf 88' lang='lat' dir='ltr'>et</span> <span class='ocrx_word' id='word_1_595' title='bbox 2186 2133 2288 2166; x_wconf 85' lang='lat' dir='ltr'>omnis</span> 
     </span>
     <span class='ocr_line' id='line_1_93' title="bbox 1320 2186 2287 2232; baseline -0.004 -10"><span class='ocrx_word' id='word_1_596' title='bbox 1320 2198 1401 2232; x_wconf 83' lang='lat' dir='ltr'>grex</span> <span class='ocrx_word' id='word_1_597' title='bbox 1424 2198 1537 2221; x_wconf 88' lang='lat' dir='ltr'>eorum</span> <span class='ocrx_word' id='word_1_598' title='bbox 1570 2188 1733 2230; x_wconf 92' lang='lat' dir='ltr'>dispersus</span> <span class='ocrx_word' id='word_1_599' title='bbox 1757 2191 1850 2220; x_wconf 87' lang='lat' dir='ltr'>est».</span> <span class='ocrx_word' id='word_1_600' title='bbox 1877 2188 1912 2219; x_wconf 91' lang='lat' dir='ltr'>Et</span> <span class='ocrx_word' id='word_1_601' title='bbox 1936 2187 2005 2220; x_wconf 92' lang='lat' dir='ltr'>ideo</span> <span class='ocrx_word' id='word_1_602' title='bbox 2029 2186 2156 2219; x_wconf 89' lang='lat' dir='ltr'>subdit:</span> <span class='ocrx_word' id='word_1_603' title='bbox 2182 2186 2287 2218; x_wconf 82' lang='lat' dir='ltr'>Ambo</span> 
     </span>
     <span class='ocr_line' id='line_1_94' title="bbox 1321 2239 2286 2284; baseline -0.003 -9"><span class='ocrx_word' id='word_1_604' title='bbox 1321 2243 1357 2275; x_wconf 80' lang='lat' dir='ltr'>in</span> <span class='ocrx_word' id='word_1_605' title='bbox 1372 2241 1502 2284; x_wconf 79' lang='lat' dir='ltr'>foveam</span> <span class='ocrx_word' id='word_1_606' title='bbox 1519 2242 1654 2274; x_wconf 79' lang='lat' dir='ltr'>cadant.</span> <span class='ocrx_word' id='word_1_607' title='bbox 1674 2241 1709 2273; x_wconf 87' lang='lat' dir='ltr'>Et</span> <span class='ocrx_word' id='word_1_608' title='bbox 1725 2241 1785 2273; x_wconf 89' lang='lat' dir='ltr'>hoc</span> <span class='ocrx_word' id='word_1_609' title='bbox 1801 2244 1849 2274; x_wconf 91' lang='lat' dir='ltr'>est</span> <span class='ocrx_word' id='word_1_610' title='bbox 1864 2240 1949 2282; x_wconf 91' lang='lat' dir='ltr'>quod</span> <span class='ocrx_word' id='word_1_611' title='bbox 1965 2240 2040 2273; x_wconf 90' lang='lat' dir='ltr'>dicit</span> <span class='ocrx_word' id='word_1_612' title='bbox 2053 2240 2226 2282; x_wconf 78' lang='lat' dir='ltr'>Gregorius</span> <span class='ocrx_word' id='word_1_613' title='bbox 2240 2239 2266 2258; x_wconf 84' lang='lat'>¹⁰</span> <span class='ocrx_word' id='word_1_614' title='bbox 2280 2251 2286 2271; x_wconf 74' lang='grc' dir='ltr'><em>ι</em></span> 
     </span>
     <span class='ocr_line' id='line_1_95' title="bbox 1327 2292 2288 2337; baseline -0.004 -9"><span class='ocrx_word' id='word_1_615' title='bbox 1327 2308 1343 2324; x_wconf 77' lang='grc' dir='ltr'>(ι</span> <span class='ocrx_word' id='word_1_616' title='bbox 1358 2295 1441 2328; x_wconf 91' lang='lat' dir='ltr'>Dum</span> <span class='ocrx_word' id='word_1_617' title='bbox 1465 2297 1572 2337; x_wconf 90' lang='lat' dir='ltr'>pastor</span> <span class='ocrx_word' id='word_1_618' title='bbox 1589 2303 1645 2336; x_wconf 88' lang='lat' dir='ltr'>per</span> <span class='ocrx_word' id='word_1_619' title='bbox 1662 2294 1798 2335; x_wconf 87' lang='lat' dir='ltr'>abrupta</span> <span class='ocrx_word' id='word_1_620' title='bbox 1814 2293 1964 2325; x_wconf 88' lang='lat' dir='ltr'>vitiorum</span> <span class='ocrx_word' id='word_1_621' title='bbox 1982 2292 2126 2334; x_wconf 85' lang='lat' dir='ltr'>graditur</span> <span class='ocrx_word' id='word_1_622' title='bbox 2137 2318 2144 2331; x_wconf 95' lang='lat'>,</span> <span class='ocrx_word' id='word_1_623' title='bbox 2162 2300 2288 2324; x_wconf 87' lang='lat' dir='ltr'>necesse</span> 
     </span>
     <span class='ocr_line' id='line_1_96' title="bbox 1322 2345 2288 2390; baseline -0.004 -9"><span class='ocrx_word' id='word_1_624' title='bbox 1322 2351 1386 2387; x_wconf 90' lang='lat' dir='ltr'>est,</span> <span class='ocrx_word' id='word_1_625' title='bbox 1411 2351 1448 2381; x_wconf 91' lang='lat' dir='ltr'>ut</span> <span class='ocrx_word' id='word_1_626' title='bbox 1470 2357 1551 2390; x_wconf 88' lang='lat' dir='ltr'>grex</span> <span class='ocrx_word' id='word_1_627' title='bbox 1575 2347 1606 2379; x_wconf 92' lang='lat' dir='ltr'>in</span> <span class='ocrx_word' id='word_1_628' title='bbox 1623 2347 1844 2389; x_wconf 88' lang='lat' dir='ltr'>praecipitium</span> <span class='ocrx_word' id='word_1_629' title='bbox 1861 2346 2007 2378; x_wconf 88' lang='lat' dir='ltr'>trahatur</span> <span class='ocrx_word' id='word_1_630' title='bbox 2023 2359 2054 2377; x_wconf 84' lang='lat'>».</span> <span class='ocrx_word' id='word_1_631' title='bbox 2077 2346 2113 2377; x_wconf 90' lang='lat' dir='ltr'>Et</span> <span class='ocrx_word' id='word_1_632' title='bbox 2129 2345 2207 2378; x_wconf 88' lang='lat' dir='ltr'>tales</span> <span class='ocrx_word' id='word_1_633' title='bbox 2224 2354 2288 2377; x_wconf 87' lang='lat' dir='ltr'>ma-</span> 
     </span>
     <span class='ocr_line' id='line_1_97' title="bbox 1322 2398 2288 2438; baseline -0.004 -4"><span class='ocrx_word' id='word_1_634' title='bbox 1322 2401 1520 2434; x_wconf 88' lang='lat' dir='ltr'>ledictionem</span> <span class='ocrx_word' id='word_1_635' title='bbox 1552 2400 1675 2432; x_wconf 92' lang='lat' dir='ltr'>Domini</span> <span class='ocrx_word' id='word_1_636' title='bbox 1700 2403 1881 2438; x_wconf 89' lang='lat' dir='ltr'>merentur,</span> <span class='ocrx_word' id='word_1_637' title='bbox 1906 2398 2080 2432; x_wconf 89' lang='lat' dir='ltr'>secundum</span> <span class='ocrx_word' id='word_1_638' title='bbox 2104 2398 2181 2431; x_wconf 90' lang='lat' dir='ltr'>illud</span> <span class='ocrx_word' id='word_1_639' title='bbox 2205 2398 2288 2431; x_wconf 89' lang='lat' dir='ltr'>Deu-</span> 
     </span>
     <span class='ocr_line' id='line_1_98' title="bbox 1323 2452 2288 2495; baseline -0.003 -8"><span class='ocrx_word' id='word_1_640' title='bbox 1323 2453 1489 2487; x_wconf 89' lang='lat' dir='ltr'>teronomii</span> <span class='ocrx_word' id='word_1_641' title='bbox 1506 2454 1656 2495; x_wconf 81' lang='lat' dir='ltr'>vigesimo</span> <span class='ocrx_word' id='word_1_642' title='bbox 1672 2453 1826 2495; x_wconf 86' lang='lat' dir='ltr'>septimo:</span> <span class='ocrx_word' id='word_1_643' title='bbox 1857 2466 1872 2481; x_wconf 91' lang='lat'>«</span> <span class='ocrx_word' id='word_1_644' title='bbox 1888 2452 2084 2491; x_wconf 87' lang='lat' dir='ltr'>Maledictus,</span> <span class='ocrx_word' id='word_1_645' title='bbox 2101 2452 2156 2494; x_wconf 92' lang='lat' dir='ltr'>qui</span> <span class='ocrx_word' id='word_1_646' title='bbox 2180 2460 2288 2485; x_wconf 89' lang='lat' dir='ltr'>errare</span> 
     </span>
     <span class='ocr_line' id='line_1_99' title="bbox 1323 2505 2289 2548; baseline -0.002 -9"><span class='ocrx_word' id='word_1_647' title='bbox 1323 2506 1397 2539; x_wconf 83' lang='lat' dir='ltr'>facit</span> <span class='ocrx_word' id='word_1_648' title='bbox 1419 2515 1547 2539; x_wconf 87' lang='lat' dir='ltr'>caecum</span> <span class='ocrx_word' id='word_1_649' title='bbox 1565 2518 1595 2545; x_wconf 87' lang='lat'>»;</span> <span class='ocrx_word' id='word_1_650' title='bbox 1620 2506 1702 2539; x_wconf 90' lang='lat' dir='ltr'>sicut</span> <span class='ocrx_word' id='word_1_651' title='bbox 1718 2509 1749 2538; x_wconf 87' lang='lat' dir='ltr'>et</span> <span class='ocrx_word' id='word_1_652' title='bbox 1766 2505 1894 2545; x_wconf 87' lang='lat' dir='ltr'>lucifer,</span> <span class='ocrx_word' id='word_1_653' title='bbox 1911 2505 1966 2548; x_wconf 92' lang='lat' dir='ltr'>qui</span> <span class='ocrx_word' id='word_1_654' title='bbox 1983 2505 2083 2538; x_wconf 83' lang='lat' dir='ltr'>voluit</span> <span class='ocrx_word' id='word_1_655' title='bbox 2106 2505 2175 2538; x_wconf 91' lang='lat' dir='ltr'>aliis</span> <span class='ocrx_word' id='word_1_656' title='bbox 2198 2513 2289 2547; x_wconf 90' lang='lat' dir='ltr'>prae-</span> 
     </span>
     <span class='ocr_line' id='line_1_100' title="bbox 1324 2558 2287 2601; baseline -0.002 -8"><span class='ocrx_word' id='word_1_657' title='bbox 1324 2568 1410 2599; x_wconf 87' lang='lat' dir='ltr'>esse,</span> <span class='ocrx_word' id='word_1_658' title='bbox 1439 2563 1470 2592; x_wconf 85' lang='lat' dir='ltr'>et</span> <span class='ocrx_word' id='word_1_659' title='bbox 1501 2559 1555 2601; x_wconf 89' lang='lat' dir='ltr'>qui</span> <span class='ocrx_word' id='word_1_660' title='bbox 1588 2559 1615 2592; x_wconf 90' lang='lat' dir='ltr'>ei</span> <span class='ocrx_word' id='word_1_661' title='bbox 1647 2559 1859 2592; x_wconf 86' lang='lat' dir='ltr'>adhaeserunt</span> <span class='ocrx_word' id='word_1_662' title='bbox 1889 2568 1998 2592; x_wconf 89' lang='lat' dir='ltr'>omnes</span> <span class='ocrx_word' id='word_1_663' title='bbox 2034 2561 2227 2592; x_wconf 90' lang='lat' dir='ltr'>corruerunt</span> <span class='ocrx_word' id='word_1_664' title='bbox 2257 2558 2287 2591; x_wconf 90' lang='lat' dir='ltr'>in</span> 
     </span>
    </p>
   </div>
   <div class='ocr_carea' id='block_1_18' title="bbox 1013 2674 1587 2677">
    <p class='ocr_par' dir='ltr' id='par_1_20' title="bbox 1013 2674 1587 2677">
     <span class='ocr_line' id='line_1_101' title="bbox 1013 2674 1587 2677; baseline 0 0"><span class='ocrx_word' id='word_1_665' title='bbox 1013 2674 1587 2677; x_wconf 95' lang='lat' dir='ltr'> </span> 
     </span>
    </p>
   </div>
   <div class='ocr_carea' id='block_1_19' title="bbox 299 2753 1262 3498">
    <p class='ocr_par' dir='ltr' id='par_1_21' title="bbox 299 2753 1258 2831">
     <span class='ocr_line' id='line_1_102' title="bbox 369 2753 1258 2788; baseline 0.002 -9"><span class='ocrx_word' id='word_1_666' title='bbox 369 2753 377 2768; x_wconf 89' lang='lat'><strong>¹</strong></span> <span class='ocrx_word' id='word_1_667' title='bbox 399 2755 486 2780; x_wconf 81' lang='lat' dir='ltr'>Plures</span> <span class='ocrx_word' id='word_1_668' title='bbox 505 2754 583 2780; x_wconf 83' lang='lat' dir='ltr'>codd.</span> <span class='ocrx_word' id='word_1_669' title='bbox 602 2753 719 2780; x_wconf 73' lang='lat' dir='ltr'>retribue</span> <span class='ocrx_word' id='word_1_670' title='bbox 733 2761 777 2780; x_wconf 79' lang='lat' dir='ltr'>ur.</span> <span class='ocrx_word' id='word_1_671' title='bbox 796 2768 831 2773; x_wconf 94' lang='lat'>—</span> <span class='ocrx_word' id='word_1_672' title='bbox 852 2755 916 2780; x_wconf 89' lang='lat' dir='ltr'>Tres</span> <span class='ocrx_word' id='word_1_673' title='bbox 942 2762 1015 2788; x_wconf 86' lang='lat' dir='ltr'>seqq.</span> <span class='ocrx_word' id='word_1_674' title='bbox 1035 2755 1084 2781; x_wconf 89' lang='lat' dir='ltr'>loci</span> <span class='ocrx_word' id='word_1_675' title='bbox 1103 2758 1164 2781; x_wconf 86' lang='lat' dir='ltr'>sunt</span> <span class='ocrx_word' id='word_1_676' title='bbox 1185 2755 1258 2781; x_wconf 83' lang='lat' dir='ltr'>Dent.</span> 
     </span>
     <span class='ocr_line' id='line_1_103' title="bbox 299 2798 824 2831; baseline 0.002 -8"><span class='ocrx_word' id='word_1_677' title='bbox 299 2799 346 2829; x_wconf 77' lang='lat'>25,</span> <span class='ocrx_word' id='word_1_678' title='bbox 368 2800 397 2828; x_wconf 82' lang='grc'>2;</span> <span class='ocrx_word' id='word_1_679' title='bbox 417 2800 499 2830; x_wconf 77' lang='lat' dir='ltr'>Apoc.</span> <span class='ocrx_word' id='word_1_680' title='bbox 523 2799 567 2829; x_wconf 82' lang='lat'>18,</span> <span class='ocrx_word' id='word_1_681' title='bbox 586 2798 612 2824; x_wconf 89' lang='grc'>7.</span> <span class='ocrx_word' id='word_1_682' title='bbox 632 2803 657 2824; x_wconf 88' lang='lat' dir='ltr'>et</span> <span class='ocrx_word' id='word_1_683' title='bbox 678 2799 727 2824; x_wconf 83' lang='lat' dir='ltr'>loel</span> <span class='ocrx_word' id='word_1_684' title='bbox 748 2800 778 2831; x_wconf 86' lang='lat'>3,</span> <span class='ocrx_word' id='word_1_685' title='bbox 801 2799 824 2824; x_wconf 86' lang='grc'>4.</span> 
     </span>
    </p>

    <p class='ocr_par' dir='ltr' id='par_1_22' title="bbox 369 2841 629 2868">
     <span class='ocr_line' id='line_1_104' title="bbox 369 2841 629 2868; baseline 0.004 -1"><span class='ocrx_word' id='word_1_686' title='bbox 369 2841 379 2857; x_wconf 79' lang='lat'><strong><em>²</em></strong></span> <span class='ocrx_word' id='word_1_687' title='bbox 401 2843 475 2868; x_wconf 86' lang='lat' dir='ltr'>Vers.</span> <span class='ocrx_word' id='word_1_688' title='bbox 497 2843 522 2868; x_wconf 82' lang='grc'>9.</span> <span class='ocrx_word' id='word_1_689' title='bbox 541 2847 566 2868; x_wconf 88' lang='lat' dir='ltr'>et</span> <span class='ocrx_word' id='word_1_690' title='bbox 591 2844 629 2868; x_wconf 87' lang='grc'>10.</span> 
     </span>
    </p>

    <p class='ocr_par' dir='ltr' id='par_1_23' title="bbox 370 2885 1085 2922">
     <span class='ocr_line' id='line_1_105' title="bbox 370 2885 1085 2922; baseline 0.004 -10"><span class='ocrx_word' id='word_1_691' title='bbox 370 2885 380 2900; x_wconf 83' lang='lat'>³</span> <span class='ocrx_word' id='word_1_692' title='bbox 401 2888 474 2913; x_wconf 80' lang='lat' dir='ltr'>Vei-s.</span> <span class='ocrx_word' id='word_1_693' title='bbox 494 2888 536 2913; x_wconf 78' lang='grc'>22.</span> <span class='ocrx_word' id='word_1_694' title='bbox 557 2888 639 2919; x_wconf 83' lang='lat' dir='ltr'>Supra</span> <span class='ocrx_word' id='word_1_695' title='bbox 660 2894 708 2919; x_wconf 90' lang='lat' dir='ltr'>pro</span> <span class='ocrx_word' id='word_1_696' title='bbox 724 2888 835 2921; x_wconf 75' lang='lat' dir='ltr'>privari</span> <span class='ocrx_word' id='word_1_697' title='bbox 852 2888 962 2915; x_wconf 86' lang='lat' dir='ltr'>CDFH</span> <span class='ocrx_word' id='word_1_698' title='bbox 979 2889 1085 2922; x_wconf 78' lang='lat' dir='ltr'>partiri.</span> 
     </span>
    </p>

    <p class='ocr_par' dir='ltr' id='par_1_24' title="bbox 300 2930 1262 3498">
     <span class='ocr_line' id='line_1_106' title="bbox 370 2930 1260 2966; baseline 0.004 -10"><span class='ocrx_word' id='word_1_699' title='bbox 370 2930 381 2945; x_wconf 80' lang='lat'><strong>⁴</strong></span> <span class='ocrx_word' id='word_1_700' title='bbox 400 2932 529 2964; x_wconf 80' lang='lat' dir='ltr'>Principia</span> <span class='ocrx_word' id='word_1_701' title='bbox 550 2932 628 2957; x_wconf 87' lang='lat' dir='ltr'>buius</span> <span class='ocrx_word' id='word_1_702' title='bbox 647 2935 672 2957; x_wconf 85' lang='lat' dir='ltr'>et</span> <span class='ocrx_word' id='word_1_703' title='bbox 700 2932 832 2964; x_wconf 82' lang='lat' dir='ltr'>sequentis</span> <span class='ocrx_word' id='word_1_704' title='bbox 860 2933 1002 2959; x_wconf 84' lang='lat' dir='ltr'>sententiae</span> <span class='ocrx_word' id='word_1_705' title='bbox 1022 2937 1207 2966; x_wconf 84' lang='lat' dir='ltr'>proponuntur</span> <span class='ocrx_word' id='word_1_706' title='bbox 1226 2933 1260 2959; x_wconf 84' lang='lat' dir='ltr'>ab</span> 
     </span>
     <span class='ocr_line' id='line_1_107' title="bbox 300 2975 1259 3010; baseline 0.003 -9"><span class='ocrx_word' id='word_1_707' title='bbox 300 2976 419 3008; x_wconf 68' lang='lat' dir='ltr'>August„</span> <span class='ocrx_word' id='word_1_708' title='bbox 439 2976 507 3002; x_wconf 83' lang='lat' dir='ltr'>XXI.</span> <span class='ocrx_word' id='word_1_709' title='bbox 526 2977 559 3001; x_wconf 84' lang='lat' dir='ltr'>de</span> <span class='ocrx_word' id='word_1_710' title='bbox 579 2975 633 3002; x_wconf 90' lang='lat' dir='ltr'>Civ.</span> <span class='ocrx_word' id='word_1_711' title='bbox 654 2976 715 3008; x_wconf 83' lang='lat' dir='ltr'>Dei,</span> <span class='ocrx_word' id='word_1_712' title='bbox 737 2983 758 3001; x_wconf 86' lang='lat' dir='ltr'>c.</span> <span class='ocrx_word' id='word_1_713' title='bbox 789 2977 828 3002; x_wconf 84' lang='lat' dir='ltr'>ll.</span> <span class='ocrx_word' id='word_1_714' title='bbox 853 2984 918 3010; x_wconf 64' lang='lat' dir='ltr'>seq„</span> <span class='ocrx_word' id='word_1_715' title='bbox 946 2977 990 3003; x_wconf 89' lang='lat' dir='ltr'>ubi</span> <span class='ocrx_word' id='word_1_716' title='bbox 1018 2978 1108 3009; x_wconf 88' lang='lat' dir='ltr'>docet,</span> <span class='ocrx_word' id='word_1_717' title='bbox 1135 2979 1259 3004; x_wconf 85' lang='lat' dir='ltr'>iustitiam</span> 
     </span>
     <span class='ocr_line' id='line_1_108' title="bbox 300 3021 1261 3054; baseline 0.003 -8"><span class='ocrx_word' id='word_1_718' title='bbox 300 3021 478 3053; x_wconf 80' lang='lat' dir='ltr'>expostulare,</span> <span class='ocrx_word' id='word_1_719' title='bbox 505 3021 577 3053; x_wconf 90' lang='lat' dir='ltr'>quod</span> <span class='ocrx_word' id='word_1_720' title='bbox 603 3021 764 3054; x_wconf 85' lang='lat' dir='ltr'>quandoque</span> <span class='ocrx_word' id='word_1_721' title='bbox 789 3022 947 3053; x_wconf 85' lang='lat' dir='ltr'>extensiora,</span> <span class='ocrx_word' id='word_1_722' title='bbox 968 3022 1049 3048; x_wconf 88' lang='lat' dir='ltr'>immo</span> <span class='ocrx_word' id='word_1_723' title='bbox 1078 3026 1184 3049; x_wconf 88' lang='lat' dir='ltr'>aeterna</span> <span class='ocrx_word' id='word_1_724' title='bbox 1210 3023 1261 3049; x_wconf 86' lang='lat' dir='ltr'>sint.</span> 
     </span>
     <span class='ocr_line' id='line_1_109' title="bbox 301 3066 1261 3100; baseline 0.003 -10"><span class='ocrx_word' id='word_1_725' title='bbox 301 3072 446 3097; x_wconf 83' lang='lat' dir='ltr'>poenarum</span> <span class='ocrx_word' id='word_1_726' title='bbox 467 3069 582 3097; x_wconf 86' lang='lat' dir='ltr'>tempora</span> <span class='ocrx_word' id='word_1_727' title='bbox 592 3085 599 3096; x_wconf 86' lang='lat'>,</span> <span class='ocrx_word' id='word_1_728' title='bbox 612 3072 693 3098; x_wconf 87' lang='lat' dir='ltr'>quam</span> <span class='ocrx_word' id='word_1_729' title='bbox 707 3066 801 3092; x_wconf 87' lang='lat' dir='ltr'>suerint</span> <span class='ocrx_word' id='word_1_730' title='bbox 814 3070 981 3098; x_wconf 80' lang='lat' dir='ltr'>peccatorum</span> <span class='ocrx_word' id='word_1_731' title='bbox 997 3066 1069 3100; x_wconf 84' lang='lat' dir='ltr'>(quia</span> <span class='ocrx_word' id='word_1_732' title='bbox 1083 3068 1167 3093; x_wconf 87' lang='lat' dir='ltr'>scelus</span> <span class='ocrx_word' id='word_1_733' title='bbox 1184 3077 1196 3090; x_wconf 78' lang='lat' dir='ltr'><strong>u</strong></span> <span class='ocrx_word' id='word_1_734' title='bbox 1207 3075 1261 3094; x_wconf 91' lang='lat' dir='ltr'>non</span> 
     </span>
     <span class='ocr_line' id='line_1_110' title="bbox 301 3110 1261 3144; baseline 0.003 -9"><span class='ocrx_word' id='word_1_735' title='bbox 301 3110 426 3142; x_wconf 83' lang='lat' dir='ltr'>temporis</span> <span class='ocrx_word' id='word_1_736' title='bbox 445 3110 619 3142; x_wconf 84' lang='lat' dir='ltr'>longitudine,</span> <span class='ocrx_word' id='word_1_737' title='bbox 639 3110 687 3136; x_wconf 85' lang='lat' dir='ltr'>sed</span> <span class='ocrx_word' id='word_1_738' title='bbox 707 3110 848 3143; x_wconf 86' lang='lat' dir='ltr'>iniquitatis</span> <span class='ocrx_word' id='word_1_739' title='bbox 876 3114 901 3136; x_wconf 86' lang='lat' dir='ltr'>et</span> <span class='ocrx_word' id='word_1_740' title='bbox 920 3111 1060 3143; x_wconf 83' lang='lat' dir='ltr'>impietatis</span> <span class='ocrx_word' id='word_1_741' title='bbox 1079 3112 1261 3144; x_wconf 75' lang='lat' dir='ltr'>magnitudine</span> 
     </span>
     <span class='ocr_line' id='line_1_111' title="bbox 301 3154 1261 3189; baseline 0.003 -9"><span class='ocrx_word' id='word_1_742' title='bbox 301 3155 499 3187; x_wconf 74' lang='lat' dir='ltr'>metiendum»)</span> <span class='ocrx_word' id='word_1_743' title='bbox 520 3158 545 3180; x_wconf 87' lang='lat' dir='ltr'>et</span> <span class='ocrx_word' id='word_1_744' title='bbox 563 3154 676 3180; x_wconf 85' lang='lat' dir='ltr'>subinde</span> <span class='ocrx_word' id='word_1_745' title='bbox 706 3155 738 3188; x_wconf 88' lang='lat' dir='ltr'>(c.</span> <span class='ocrx_word' id='word_1_746' title='bbox 766 3156 817 3188; x_wconf 77' lang='grc'><strong>12.)</strong></span> <span class='ocrx_word' id='word_1_747' title='bbox 847 3156 894 3181; x_wconf 85' lang='lat' dir='ltr'>ait:</span> <span class='ocrx_word' id='word_1_748' title='bbox 917 3166 929 3179; x_wconf 78' lang='grc' dir='ltr'>α</span> <span class='ocrx_word' id='word_1_749' title='bbox 944 3157 1045 3189; x_wconf 84' lang='lat' dir='ltr'>Quanto</span> <span class='ocrx_word' id='word_1_750' title='bbox 1074 3157 1144 3182; x_wconf 86' lang='lat' dir='ltr'>enim</span> <span class='ocrx_word' id='word_1_751' title='bbox 1175 3157 1261 3189; x_wconf 80' lang='lat' dir='ltr'>magis</span> 
     </span>
     <span class='ocr_line' id='line_1_112' title="bbox 302 3198 1261 3233; baseline 0.003 -9"><span class='ocrx_word' id='word_1_752' title='bbox 302 3200 380 3224; x_wconf 83' lang='lat' dir='ltr'>bomo</span> <span class='ocrx_word' id='word_1_753' title='bbox 401 3198 522 3232; x_wconf 87' lang='lat' dir='ltr'>[primus]</span> <span class='ocrx_word' id='word_1_754' title='bbox 553 3199 688 3225; x_wconf 78' lang='lat' dir='ltr'>fruebatur</span> <span class='ocrx_word' id='word_1_755' title='bbox 711 3200 778 3232; x_wconf 89' lang='lat' dir='ltr'>Deo,</span> <span class='ocrx_word' id='word_1_756' title='bbox 799 3203 870 3226; x_wconf 84' lang='lat' dir='ltr'>tanto</span> <span class='ocrx_word' id='word_1_757' title='bbox 890 3201 988 3227; x_wconf 84' lang='lat' dir='ltr'>maiore</span> <span class='ocrx_word' id='word_1_758' title='bbox 1019 3201 1151 3233; x_wconf 85' lang='lat' dir='ltr'>impietate</span> <span class='ocrx_word' id='word_1_759' title='bbox 1171 3201 1261 3227; x_wconf 84' lang='lat' dir='ltr'>dereli-</span> 
     </span>
     <span class='ocr_line' id='line_1_113' title="bbox 301 3243 1262 3279; baseline 0.003 -11"><span class='ocrx_word' id='word_1_760' title='bbox 301 3243 357 3276; x_wconf 86' lang='lat' dir='ltr'>quit</span> <span class='ocrx_word' id='word_1_761' title='bbox 376 3244 459 3268; x_wconf 79' lang='lat' dir='ltr'>Deum</span> <span class='ocrx_word' id='word_1_762' title='bbox 478 3247 504 3269; x_wconf 89' lang='lat' dir='ltr'>et</span> <span class='ocrx_word' id='word_1_763' title='bbox 523 3245 605 3270; x_wconf 85' lang='lat' dir='ltr'>factus</span> <span class='ocrx_word' id='word_1_764' title='bbox 630 3247 670 3270; x_wconf 89' lang='lat' dir='ltr'>est</span> <span class='ocrx_word' id='word_1_765' title='bbox 695 3245 763 3270; x_wconf 86' lang='lat' dir='ltr'>malo</span> <span class='ocrx_word' id='word_1_766' title='bbox 788 3244 885 3276; x_wconf 83' lang='lat' dir='ltr'>dignus</span> <span class='ocrx_word' id='word_1_767' title='bbox 913 3248 1032 3277; x_wconf 86' lang='lat' dir='ltr'>aeterno,</span> <span class='ocrx_word' id='word_1_768' title='bbox 1052 3246 1096 3279; x_wconf 88' lang='lat' dir='ltr'>qui</span> <span class='ocrx_word' id='word_1_769' title='bbox 1117 3247 1166 3272; x_wconf 86' lang='lat' dir='ltr'>boc</span> <span class='ocrx_word' id='word_1_770' title='bbox 1188 3246 1214 3270; x_wconf 90' lang='lat' dir='ltr'>in</span> <span class='ocrx_word' id='word_1_771' title='bbox 1233 3253 1262 3271; x_wconf 86' lang='lat' dir='ltr'>se</span> 
     </span>
     <span class='ocr_line' id='line_1_114' title="bbox 301 3288 1260 3321; baseline 0.004 -9"><span class='ocrx_word' id='word_1_772' title='bbox 301 3288 413 3319; x_wconf 78' lang='lat' dir='ltr'>peremit</span> <span class='ocrx_word' id='word_1_773' title='bbox 432 3295 544 3318; x_wconf 74' lang='lat' dir='ltr'>nonum,</span> <span class='ocrx_word' id='word_1_774' title='bbox 558 3288 631 3321; x_wconf 88' lang='lat' dir='ltr'>quod</span> <span class='ocrx_word' id='word_1_775' title='bbox 644 3296 702 3314; x_wconf 79' lang='lat' dir='ltr'>esse</span> <span class='ocrx_word' id='word_1_776' title='bbox 716 3292 804 3321; x_wconf 86' lang='lat' dir='ltr'>posset</span> <span class='ocrx_word' id='word_1_777' title='bbox 817 3292 953 3315; x_wconf 81' lang='lat' dir='ltr'>aeternum</span> <span class='ocrx_word' id='word_1_778' title='bbox 967 3300 992 3315; x_wconf 73' lang='lat' dir='ltr'>n.</span> <span class='ocrx_word' id='word_1_779' title='bbox 1006 3290 1073 3315; x_wconf 91' lang='lat' dir='ltr'>Vide</span> <span class='ocrx_word' id='word_1_780' title='bbox 1086 3290 1164 3316; x_wconf 85' lang='lat' dir='ltr'>etiam</span> <span class='ocrx_word' id='word_1_781' title='bbox 1179 3290 1260 3321; x_wconf 83' lang='lat' dir='ltr'>Epist.</span> 
     </span>
     <span class='ocr_line' id='line_1_115' title="bbox 304 3325 1262 3367; baseline 0.004 -10"><span class='ocrx_word' id='word_1_782' title='bbox 304 3333 362 3358; x_wconf 55' lang='lat'>402,</span> <span class='ocrx_word' id='word_1_783' title='bbox 384 3332 456 3360; x_wconf 71' lang='lat' dir='ltr'>(alias</span> <span class='ocrx_word' id='word_1_784' title='bbox 476 3332 529 3365; x_wconf 78' lang='lat'>49.)</span> <span class='ocrx_word' id='word_1_785' title='bbox 548 3340 574 3365; x_wconf 83' lang='lat' dir='ltr'>q.</span> <span class='ocrx_word' id='word_1_786' title='bbox 595 3332 622 3363; x_wconf 79' lang='lat'>4,</span> <span class='ocrx_word' id='word_1_787' title='bbox 653 3333 696 3358; x_wconf 76' lang='lat' dir='ltr'>ubi</span> <span class='ocrx_word' id='word_1_788' title='bbox 726 3333 763 3365; x_wconf 82' lang='lat' dir='ltr'>(n.</span> <span class='ocrx_word' id='word_1_789' title='bbox 793 3334 834 3359; x_wconf 78' lang='lat'>26.</span> <span class='ocrx_word' id='word_1_790' title='bbox 864 3334 929 3367; x_wconf 79' lang='lat' dir='ltr'>seq.)</span> <span class='ocrx_word' id='word_1_791' title='bbox 950 3325 998 3360; x_wconf 76' lang='lat' dir='ltr'>ait:</span> <span class='ocrx_word' id='word_1_792' title='bbox 1029 3336 1064 3360; x_wconf 75' lang='lat' dir='ltr'>Ex</span> <span class='ocrx_word' id='word_1_793' title='bbox 1093 3334 1262 3367; x_wconf 80' lang='lat' dir='ltr'>qualitatibus</span> 
     </span>
     <span class='ocr_line' id='line_1_116' title="bbox 302 3377 1261 3410; baseline 0.003 -8"><span class='ocrx_word' id='word_1_794' title='bbox 302 3377 401 3410; x_wconf 85' lang='lat' dir='ltr'>quippe</span> <span class='ocrx_word' id='word_1_795' title='bbox 420 3377 598 3409; x_wconf 74' lang='lat' dir='ltr'>voluntatum,</span> <span class='ocrx_word' id='word_1_796' title='bbox 618 3384 671 3403; x_wconf 90' lang='lat' dir='ltr'>non</span> <span class='ocrx_word' id='word_1_797' title='bbox 691 3385 721 3403; x_wconf 86' lang='lat' dir='ltr'>ex</span> <span class='ocrx_word' id='word_1_798' title='bbox 742 3381 890 3409; x_wconf 88' lang='lat' dir='ltr'>temporum</span> <span class='ocrx_word' id='word_1_799' title='bbox 911 3379 1016 3410; x_wconf 83' lang='lat' dir='ltr'>spatiis,</span> <span class='ocrx_word' id='word_1_800' title='bbox 1035 3379 1092 3404; x_wconf 88' lang='lat' dir='ltr'>sive</span> <span class='ocrx_word' id='word_1_801' title='bbox 1111 3382 1180 3405; x_wconf 88' lang='lat' dir='ltr'>recte</span> <span class='ocrx_word' id='word_1_802' title='bbox 1196 3380 1261 3405; x_wconf 82' lang='lat' dir='ltr'>facta</span> 
     </span>
     <span class='ocr_line' id='line_1_117' title="bbox 304 3421 1262 3454; baseline 0.003 -8"><span class='ocrx_word' id='word_1_803' title='bbox 304 3422 359 3447; x_wconf 78' lang='lat' dir='ltr'>sive</span> <span class='ocrx_word' id='word_1_804' title='bbox 378 3424 483 3452; x_wconf 77' lang='lat' dir='ltr'>peccata</span> <span class='ocrx_word' id='word_1_805' title='bbox 505 3421 636 3447; x_wconf 88' lang='lat' dir='ltr'>metimur.</span> <span class='ocrx_word' id='word_1_806' title='bbox 655 3422 774 3454; x_wconf 82' lang='lat' dir='ltr'>Alioquin</span> <span class='ocrx_word' id='word_1_807' title='bbox 795 3422 880 3448; x_wconf 84' lang='lat' dir='ltr'>maius</span> <span class='ocrx_word' id='word_1_808' title='bbox 899 3426 1036 3454; x_wconf 84' lang='lat' dir='ltr'>peccatum</span> <span class='ocrx_word' id='word_1_809' title='bbox 1056 3423 1198 3449; x_wconf 82' lang='lat' dir='ltr'>haberetur</span> <span class='ocrx_word' id='word_1_810' title='bbox 1221 3430 1262 3449; x_wconf 87' lang='lat' dir='ltr'>ar-</span> 
     </span>
     <span class='ocr_line' id='line_1_118' title="bbox 305 3465 1262 3498; baseline 0.003 -9"><span class='ocrx_word' id='word_1_811' title='bbox 305 3465 395 3490; x_wconf 86' lang='lat' dir='ltr'>borem</span> <span class='ocrx_word' id='word_1_812' title='bbox 416 3465 542 3495; x_wconf 79' lang='lat' dir='ltr'>deiicere,</span> <span class='ocrx_word' id='word_1_813' title='bbox 562 3473 641 3496; x_wconf 81' lang='lat' dir='ltr'>quam</span> <span class='ocrx_word' id='word_1_814' title='bbox 662 3467 795 3491; x_wconf 83' lang='lat' dir='ltr'>bominem</span> <span class='ocrx_word' id='word_1_815' title='bbox 816 3467 944 3492; x_wconf 82' lang='lat' dir='ltr'>occidere.</span> <span class='ocrx_word' id='word_1_816' title='bbox 965 3467 1027 3492; x_wconf 90' lang='lat' dir='ltr'>lllud</span> <span class='ocrx_word' id='word_1_817' title='bbox 1047 3468 1117 3493; x_wconf 83' lang='lat' dir='ltr'>enim</span> <span class='ocrx_word' id='word_1_818' title='bbox 1137 3468 1165 3492; x_wconf 82' lang='lat' dir='ltr'>fit</span> <span class='ocrx_word' id='word_1_819' title='bbox 1184 3468 1262 3498; x_wconf 79' lang='lat' dir='ltr'>longa</span> 
     </span>
    </p>
   </div>
   <div class='ocr_carea' id='block_1_20' title="bbox 1323 2753 2291 3498">
    <p class='ocr_par' dir='ltr' id='par_1_25' title="bbox 1323 2753 2290 2965">
     <span class='ocr_line' id='line_1_119' title="bbox 1324 2753 2288 2787; baseline -0.002 -7"><span class='ocrx_word' id='word_1_820' title='bbox 1324 2762 1410 2787; x_wconf 88' lang='lat' dir='ltr'>mora,</span> <span class='ocrx_word' id='word_1_821' title='bbox 1430 2754 1525 2780; x_wconf 77' lang='lat' dir='ltr'>ictibus</span> <span class='ocrx_word' id='word_1_822' title='bbox 1544 2755 1646 2786; x_wconf 87' lang='lat' dir='ltr'>multis,</span> <span class='ocrx_word' id='word_1_823' title='bbox 1673 2756 1722 2780; x_wconf 81' lang='lat' dir='ltr'>lioc</span> <span class='ocrx_word' id='word_1_824' title='bbox 1749 2762 1801 2780; x_wconf 89' lang='lat' dir='ltr'>uno</span> <span class='ocrx_word' id='word_1_825' title='bbox 1831 2755 1897 2785; x_wconf 88' lang='lat' dir='ltr'>ictu,</span> <span class='ocrx_word' id='word_1_826' title='bbox 1917 2753 2075 2780; x_wconf 85' lang='lat' dir='ltr'>brevissimo</span> <span class='ocrx_word' id='word_1_827' title='bbox 2095 2757 2241 2785; x_wconf 87' lang='lat' dir='ltr'>tempore...</span> <span class='ocrx_word' id='word_1_828' title='bbox 2262 2754 2288 2779; x_wconf 86' lang='lat' dir='ltr'>ln</span> 
     </span>
     <span class='ocr_line' id='line_1_120' title="bbox 1323 2798 2288 2832; baseline -0.002 -7"><span class='ocrx_word' id='word_1_829' title='bbox 1323 2799 1416 2825; x_wconf 84' lang='lat' dir='ltr'>cadem</span> <span class='ocrx_word' id='word_1_830' title='bbox 1436 2800 1516 2831; x_wconf 75' lang='lat' dir='ltr'>igitur</span> <span class='ocrx_word' id='word_1_831' title='bbox 1536 2807 1671 2830; x_wconf 83' lang='lat' dir='ltr'>mensura,</span> <span class='ocrx_word' id='word_1_832' title='bbox 1685 2799 1809 2832; x_wconf 83' lang='lat' dir='ltr'>quamvis</span> <span class='ocrx_word' id='word_1_833' title='bbox 1828 2806 1881 2824; x_wconf 89' lang='lat' dir='ltr'>non</span> <span class='ocrx_word' id='word_1_834' title='bbox 1894 2801 2061 2824; x_wconf 86' lang='lat' dir='ltr'>aeternorum</span> <span class='ocrx_word' id='word_1_835' title='bbox 2082 2798 2288 2828; x_wconf 76' lang='lat' dir='ltr'>malefactorum,</span> 
     </span>
     <span class='ocr_line' id='line_1_121' title="bbox 1324 2841 2288 2876; baseline -0.002 -7"><span class='ocrx_word' id='word_1_836' title='bbox 1324 2846 1428 2870; x_wconf 85' lang='lat' dir='ltr'>aeterna</span> <span class='ocrx_word' id='word_1_837' title='bbox 1448 2844 1575 2876; x_wconf 84' lang='lat' dir='ltr'>supplicia</span> <span class='ocrx_word' id='word_1_838' title='bbox 1596 2844 1782 2875; x_wconf 82' lang='lat' dir='ltr'>remetiuntur,</span> <span class='ocrx_word' id='word_1_839' title='bbox 1802 2847 1841 2876; x_wconf 89' lang='lat' dir='ltr'>ut,</span> <span class='ocrx_word' id='word_1_840' title='bbox 1861 2843 1923 2876; x_wconf 85' lang='lat' dir='ltr'>quia</span> <span class='ocrx_word' id='word_1_841' title='bbox 1936 2846 2068 2869; x_wconf 83' lang='lat' dir='ltr'>aeternam</span> <span class='ocrx_word' id='word_1_842' title='bbox 2088 2843 2171 2868; x_wconf 84' lang='lat' dir='ltr'>voluit</span> <span class='ocrx_word' id='word_1_843' title='bbox 2190 2841 2288 2869; x_wconf 86' lang='lat' dir='ltr'>habere</span> 
     </span>
     <span class='ocr_line' id='line_1_122' title="bbox 1324 2887 2290 2922; baseline -0.002 -8"><span class='ocrx_word' id='word_1_844' title='bbox 1324 2887 1473 2922; x_wconf 81' lang='lat' dir='ltr'>[voluntas]</span> <span class='ocrx_word' id='word_1_845' title='bbox 1491 2889 1589 2920; x_wconf 86' lang='lat' dir='ltr'>peccati</span> <span class='ocrx_word' id='word_1_846' title='bbox 1619 2889 1838 2921; x_wconf 83' lang='lat' dir='ltr'>perfructionem,</span> <span class='ocrx_word' id='word_1_847' title='bbox 1864 2891 1996 2914; x_wconf 84' lang='lat' dir='ltr'>aeternam</span> <span class='ocrx_word' id='word_1_848' title='bbox 2023 2888 2155 2913; x_wconf 75' lang='lat' dir='ltr'>vindictae</span> <span class='ocrx_word' id='word_1_849' title='bbox 2176 2887 2290 2913; x_wconf 83' lang='lat' dir='ltr'>inveniat</span> 
     </span>
     <span class='ocr_line' id='line_1_123' title="bbox 1324 2932 2143 2965; baseline -0.002 -6"><span class='ocrx_word' id='word_1_850' title='bbox 1324 2933 1499 2959; x_wconf 83' lang='lat' dir='ltr'>severitatem.</span> <span class='ocrx_word' id='word_1_851' title='bbox 1519 2932 1572 2959; x_wconf 89' lang='lat' dir='ltr'>Cfr.</span> <span class='ocrx_word' id='word_1_852' title='bbox 1592 2936 1653 2958; x_wconf 86' lang='lat' dir='ltr'>tom.</span> <span class='ocrx_word' id='word_1_853' title='bbox 1674 2934 1715 2958; x_wconf 89' lang='lat' dir='ltr'>lV.</span> <span class='ocrx_word' id='word_1_854' title='bbox 1736 2940 1798 2964; x_wconf 69' lang='lat' dir='ltr'>pag.</span> <span class='ocrx_word' id='word_1_855' title='bbox 1818 2933 1883 2965; x_wconf 75' lang='lat'>922,</span> <span class='ocrx_word' id='word_1_856' title='bbox 1903 2936 1963 2958; x_wconf 81' lang='lat' dir='ltr'>nota</span> <span class='ocrx_word' id='word_1_857' title='bbox 1985 2933 2008 2958; x_wconf 86' lang='lat'>3.</span> <span class='ocrx_word' id='word_1_858' title='bbox 2031 2932 2054 2957; x_wconf 80' lang='grc'>4.</span> <span class='ocrx_word' id='word_1_859' title='bbox 2075 2936 2100 2957; x_wconf 88' lang='lat' dir='ltr'>et</span> <span class='ocrx_word' id='word_1_860' title='bbox 2119 2932 2143 2957; x_wconf 91' lang='lat'>7.</span> 
     </span>
    </p>

    <p class='ocr_par' dir='ltr' id='par_1_26' title="bbox 1324 2976 2288 3098">
     <span class='ocr_line' id='line_1_124' title="bbox 1395 2976 2288 3008; baseline -0.001 -5"><span class='ocrx_word' id='word_1_861' title='bbox 1395 2978 1405 2994; x_wconf 90' lang='lat'>⁵</span> <span class='ocrx_word' id='word_1_862' title='bbox 1424 2978 1494 3003; x_wconf 85' lang='lat' dir='ltr'>Libr.</span> <span class='ocrx_word' id='word_1_863' title='bbox 1514 2977 1634 3003; x_wconf 81' lang='lat' dir='ltr'>XXXIV.</span> <span class='ocrx_word' id='word_1_864' title='bbox 1655 2978 1742 3003; x_wconf 75' lang='lat' dir='ltr'>llloral.</span> <span class='ocrx_word' id='word_1_865' title='bbox 1762 2986 1784 3003; x_wconf 81' lang='lat' dir='ltr'>c.</span> <span class='ocrx_word' id='word_1_866' title='bbox 1806 2978 1847 3002; x_wconf 75' lang='lat'>⁴9.</span> <span class='ocrx_word' id='word_1_867' title='bbox 1866 2985 1892 3003; x_wconf 87' lang='lat' dir='ltr'>n.</span> <span class='ocrx_word' id='word_1_868' title='bbox 1912 2977 1954 3002; x_wconf 81' lang='lat'>36.</span> <span class='ocrx_word' id='word_1_869' title='bbox 1974 2980 1999 3002; x_wconf 89' lang='lat' dir='ltr'>et</span> <span class='ocrx_word' id='word_1_870' title='bbox 2018 2977 2059 3002; x_wconf 91' lang='lat' dir='ltr'>lV.</span> <span class='ocrx_word' id='word_1_871' title='bbox 2081 2977 2180 3008; x_wconf 83' lang='lat' dir='ltr'>Dialog.</span> <span class='ocrx_word' id='word_1_872' title='bbox 2201 2983 2224 3002; x_wconf 89' lang='lat' dir='ltr'>c.</span> <span class='ocrx_word' id='word_1_873' title='bbox 2245 2976 2288 3002; x_wconf 87' lang='grc'>44.</span> 
     </span>
     <span class='ocr_line' id='line_1_125' title="bbox 1325 3021 2285 3056; baseline -0.002 -8"><span class='ocrx_word' id='word_1_874' title='bbox 1325 3022 1381 3056; x_wconf 82' lang='lat' dir='ltr'>(cfr.</span> <span class='ocrx_word' id='word_1_875' title='bbox 1401 3025 1464 3048; x_wconf 87' lang='lat' dir='ltr'>tom.</span> <span class='ocrx_word' id='word_1_876' title='bbox 1485 3023 1526 3047; x_wconf 94' lang='lat' dir='ltr'>lV.</span> <span class='ocrx_word' id='word_1_877' title='bbox 1547 3029 1607 3054; x_wconf 83' lang='lat' dir='ltr'>pag.</span> <span class='ocrx_word' id='word_1_878' title='bbox 1634 3023 1698 3055; x_wconf 80' lang='lat'>922,</span> <span class='ocrx_word' id='word_1_879' title='bbox 1725 3025 1784 3047; x_wconf 88' lang='lat' dir='ltr'>nota</span> <span class='ocrx_word' id='word_1_880' title='bbox 1810 3022 1860 3055; x_wconf 86' lang='lat'>2.).</span> <span class='ocrx_word' id='word_1_881' title='bbox 1885 3021 2051 3047; x_wconf 84' lang='lat' dir='ltr'>Verbotenus</span> <span class='ocrx_word' id='word_1_882' title='bbox 2076 3022 2141 3046; x_wconf 83' lang='lat' dir='ltr'>haec</span> <span class='ocrx_word' id='word_1_883' title='bbox 2160 3021 2285 3046; x_wconf 83' lang='lat' dir='ltr'>sententia</span> 
     </span>
     <span class='ocr_line' id='line_1_126' title="bbox 1324 3058 2282 3098; baseline -0.004 -5"><span class='ocrx_word' id='word_1_884' title='bbox 1324 3067 1436 3093; x_wconf 86' lang='lat' dir='ltr'>habetur</span> <span class='ocrx_word' id='word_1_885' title='bbox 1455 3067 1481 3093; x_wconf 91' lang='lat' dir='ltr'>in</span> <span class='ocrx_word' id='word_1_886' title='bbox 1501 3067 1590 3093; x_wconf 80' lang='lat' dir='ltr'>Glossa</span> <span class='ocrx_word' id='word_1_887' title='bbox 1610 3065 1753 3093; x_wconf 83' lang='lat' dir='ltr'>ordinaria</span> <span class='ocrx_word' id='word_1_888' title='bbox 1772 3073 1852 3098; x_wconf 83' lang='lat' dir='ltr'>super</span> <span class='ocrx_word' id='word_1_889' title='bbox 1872 3066 1959 3092; x_wconf 82' lang='lat' dir='ltr'>Matth.</span> <span class='ocrx_word' id='word_1_890' title='bbox 1979 3065 2010 3097; x_wconf 85' lang='lat'>7,</span> <span class='ocrx_word' id='word_1_891' title='bbox 2031 3066 2056 3090; x_wconf 82' lang='lat'>2.</span> <span class='ocrx_word' id='word_1_892' title='bbox 2278 3058 2282 3064; x_wconf 88' lang='lat'>&#39;</span> 
     </span>
    </p>

    <p class='ocr_par' dir='ltr' id='par_1_27' title="bbox 1396 3110 2076 3145">
     <span class='ocr_line' id='line_1_127' title="bbox 1396 3110 2076 3145; baseline -0.003 -8"><span class='ocrx_word' id='word_1_893' title='bbox 1396 3110 1407 3125; x_wconf 83' lang='lat'><strong>⁰</strong></span> <span class='ocrx_word' id='word_1_894' title='bbox 1426 3112 1476 3137; x_wconf 81' lang='lat' dir='ltr'>Pro</span> <span class='ocrx_word' id='word_1_895' title='bbox 1495 3111 1611 3145; x_wconf 82' lang='lat' dir='ltr'>emptori</span> <span class='ocrx_word' id='word_1_896' title='bbox 1629 3111 1654 3136; x_wconf 88' lang='lat' dir='ltr'>in</span> <span class='ocrx_word' id='word_1_897' title='bbox 1675 3111 1696 3136; x_wconf 88' lang='lat' dir='ltr'>D</span> <span class='ocrx_word' id='word_1_898' title='bbox 1715 3110 1884 3136; x_wconf 85' lang='lat' dir='ltr'>substitutum</span> <span class='ocrx_word' id='word_1_899' title='bbox 1904 3113 1944 3136; x_wconf 85' lang='lat' dir='ltr'>est</span> <span class='ocrx_word' id='word_1_900' title='bbox 1962 3110 2076 3143; x_wconf 81' lang='lat' dir='ltr'>emptor.</span> 
     </span>
    </p>

    <p class='ocr_par' dir='ltr' id='par_1_28' title="bbox 1326 3154 2291 3233">
     <span class='ocr_line' id='line_1_128' title="bbox 1397 3154 2291 3187; baseline -0.002 -6"><span class='ocrx_word' id='word_1_901' title='bbox 1397 3154 1407 3170; x_wconf 88' lang='lat'>&#39;¹</span> <span class='ocrx_word' id='word_1_902' title='bbox 1427 3156 1503 3181; x_wconf 84' lang='lat' dir='ltr'>Vers.</span> <span class='ocrx_word' id='word_1_903' title='bbox 1525 3155 1572 3187; x_wconf 67' lang='lat' dir='ltr'>li=l3</span> <span class='ocrx_word' id='word_1_904' title='bbox 1593 3156 1698 3181; x_wconf 89' lang='lat' dir='ltr'>tertium</span> <span class='ocrx_word' id='word_1_905' title='bbox 1719 3154 1830 3181; x_wconf 82' lang='lat' dir='ltr'>liabetur</span> <span class='ocrx_word' id='word_1_906' title='bbox 1849 3162 1875 3180; x_wconf 92' lang='lat' dir='ltr'>v.</span> <span class='ocrx_word' id='word_1_907' title='bbox 1896 3154 1937 3180; x_wconf 72' lang='lat'>43.</span> <span class='ocrx_word' id='word_1_908' title='bbox 1957 3157 1983 3180; x_wconf 86' lang='lat' dir='ltr'>et</span> <span class='ocrx_word' id='word_1_909' title='bbox 2001 3157 2126 3187; x_wconf 86' lang='lat' dir='ltr'>quartum</span> <span class='ocrx_word' id='word_1_910' title='bbox 2147 3162 2172 3179; x_wconf 92' lang='lat' dir='ltr'>v.</span> <span class='ocrx_word' id='word_1_911' title='bbox 2188 3154 2229 3179; x_wconf 90' lang='grc'>47.</span> <span class='ocrx_word' id='word_1_912' title='bbox 2244 3155 2291 3180; x_wconf 88' lang='lat' dir='ltr'>Su-</span> 
     </span>
     <span class='ocr_line' id='line_1_129' title="bbox 1326 3197 2259 3233; baseline -0.002 -7"><span class='ocrx_word' id='word_1_913' title='bbox 1326 3200 1416 3233; x_wconf 83' lang='lat' dir='ltr'>perius</span> <span class='ocrx_word' id='word_1_914' title='bbox 1435 3204 1461 3226; x_wconf 84' lang='lat' dir='ltr'>et</span> <span class='ocrx_word' id='word_1_915' title='bbox 1479 3200 1614 3233; x_wconf 81' lang='lat' dir='ltr'>aliquanto</span> <span class='ocrx_word' id='word_1_916' title='bbox 1633 3199 1743 3225; x_wconf 86' lang='lat' dir='ltr'>inferius</span> <span class='ocrx_word' id='word_1_917' title='bbox 1761 3206 1809 3231; x_wconf 89' lang='lat' dir='ltr'>pro</span> <span class='ocrx_word' id='word_1_918' title='bbox 1827 3197 2002 3233; x_wconf 82' lang='lat' dir='ltr'>praesidendi</span> <span class='ocrx_word' id='word_1_919' title='bbox 2019 3199 2077 3224; x_wconf 87' lang='lat' dir='ltr'>Vat.</span> <span class='ocrx_word' id='word_1_920' title='bbox 2096 3197 2259 3232; x_wconf 81' lang='lat' dir='ltr'>possidendi.</span> 
     </span>
    </p>

    <p class='ocr_par' dir='ltr' id='par_1_29' title="bbox 1326 3242 2288 3322">
     <span class='ocr_line' id='line_1_130' title="bbox 1398 3242 2288 3277; baseline -0.003 -7"><span class='ocrx_word' id='word_1_921' title='bbox 1398 3243 1408 3258; x_wconf 82' lang='lat'>⁸</span> <span class='ocrx_word' id='word_1_922' title='bbox 1428 3245 1504 3270; x_wconf 84' lang='lat' dir='ltr'>Vers.</span> <span class='ocrx_word' id='word_1_923' title='bbox 1524 3244 1565 3269; x_wconf 69' lang='grc'>17.</span> <span class='ocrx_word' id='word_1_924' title='bbox 1586 3258 1621 3263; x_wconf 94' lang='grc'><strong>-</strong></span> <span class='ocrx_word' id='word_1_925' title='bbox 1641 3244 1764 3277; x_wconf 86' lang='lat' dir='ltr'>Sequitur</span> <span class='ocrx_word' id='word_1_926' title='bbox 1784 3245 1859 3270; x_wconf 83' lang='lat' dir='ltr'>Rom.</span> <span class='ocrx_word' id='word_1_927' title='bbox 1879 3245 1910 3276; x_wconf 83' lang='lat'>2,</span> <span class='ocrx_word' id='word_1_928' title='bbox 1932 3243 1940 3268; x_wconf 46' lang='lat' dir='ltr'>sl</span> <span class='ocrx_word' id='word_1_929' title='bbox 1949 3243 2020 3268; x_wconf 84' lang='grc'><strong>9-21.</strong></span> <span class='ocrx_word' id='word_1_930' title='bbox 2042 3242 2086 3275; x_wconf 83' lang='lat' dir='ltr'>(de</span> <span class='ocrx_word' id='word_1_931' title='bbox 2106 3250 2131 3267; x_wconf 89' lang='lat' dir='ltr'>v.</span> <span class='ocrx_word' id='word_1_932' title='bbox 2152 3243 2195 3268; x_wconf 88' lang='grc'>20.</span> <span class='ocrx_word' id='word_1_933' title='bbox 2215 3243 2288 3274; x_wconf 86' lang='lat' dir='ltr'>plura</span> 
     </span>
     <span class='ocr_line' id='line_1_131' title="bbox 1326 3289 1502 3322; baseline -0.006 -7"><span class='ocrx_word' id='word_1_934' title='bbox 1326 3289 1502 3322; x_wconf 89' lang='lat' dir='ltr'>omittuntur).</span> 
     </span>
    </p>

    <p class='ocr_par' dir='ltr' id='par_1_30' title="bbox 1397 3332 1851 3365">
     <span class='ocr_line' id='line_1_132' title="bbox 1397 3332 1851 3365; baseline -0.002 -6"><span class='ocrx_word' id='word_1_935' title='bbox 1397 3332 1408 3347; x_wconf 82' lang='lat'>⁹</span> <span class='ocrx_word' id='word_1_936' title='bbox 1428 3334 1502 3359; x_wconf 87' lang='lat' dir='ltr'>Vers.</span> <span class='ocrx_word' id='word_1_937' title='bbox 1523 3334 1548 3364; x_wconf 79' lang='grc'>6,</span> <span class='ocrx_word' id='word_1_938' title='bbox 1567 3335 1627 3365; x_wconf 80' lang='lat' dir='ltr'>post</span> <span class='ocrx_word' id='word_1_939' title='bbox 1646 3340 1726 3365; x_wconf 80' lang='lat' dir='ltr'>quein</span> <span class='ocrx_word' id='word_1_940' title='bbox 1749 3333 1789 3365; x_wconf 73' lang='lat'>10,</span> <span class='ocrx_word' id='word_1_941' title='bbox 1808 3333 1851 3358; x_wconf 87' lang='grc'>21.</span> 
     </span>
    </p>

    <p class='ocr_par' dir='ltr' id='par_1_31' title="bbox 1326 3375 2290 3498">
     <span class='ocr_line' id='line_1_133' title="bbox 1398 3375 2290 3410; baseline -0.003 -7"><span class='ocrx_word' id='word_1_942' title='bbox 1398 3376 1420 3392; x_wconf 87' lang='lat'>¹⁰</span> <span class='ocrx_word' id='word_1_943' title='bbox 1440 3378 1534 3410; x_wconf 79' lang='lat' dir='ltr'>Regul.</span> <span class='ocrx_word' id='word_1_944' title='bbox 1554 3380 1653 3409; x_wconf 85' lang='lat' dir='ltr'>pastor.</span> <span class='ocrx_word' id='word_1_945' title='bbox 1672 3384 1698 3409; x_wconf 91' lang='lat' dir='ltr'>p.</span> <span class='ocrx_word' id='word_1_946' title='bbox 1718 3378 1736 3402; x_wconf 91' lang='lat' dir='ltr'>l.</span> <span class='ocrx_word' id='word_1_947' title='bbox 1755 3384 1777 3403; x_wconf 92' lang='lat' dir='ltr'>c.</span> <span class='ocrx_word' id='word_1_948' title='bbox 1797 3378 1820 3402; x_wconf 87' lang='lat'>2.</span> <span class='ocrx_word' id='word_1_949' title='bbox 1841 3376 1892 3402; x_wconf 76' lang='lat' dir='ltr'>Ctr.</span> <span class='ocrx_word' id='word_1_950' title='bbox 1912 3377 1989 3402; x_wconf 85' lang='lat' dir='ltr'>etiam</span> <span class='ocrx_word' id='word_1_951' title='bbox 2010 3379 2073 3402; x_wconf 92' lang='lat' dir='ltr'>tom.</span> <span class='ocrx_word' id='word_1_952' title='bbox 2088 3376 2127 3401; x_wconf 92' lang='lat' dir='ltr'>Vl.</span> <span class='ocrx_word' id='word_1_953' title='bbox 2141 3383 2203 3408; x_wconf 83' lang='lat' dir='ltr'>pag.</span> <span class='ocrx_word' id='word_1_954' title='bbox 2224 3375 2290 3407; x_wconf 75' lang='grc'><strong>146,</strong></span> 
     </span>
     <span class='ocr_line' id='line_1_134' title="bbox 1326 3419 2290 3455; baseline -0.002 -7"><span class='ocrx_word' id='word_1_955' title='bbox 1326 3425 1388 3449; x_wconf 88' lang='lat' dir='ltr'>nota</span> <span class='ocrx_word' id='word_1_956' title='bbox 1408 3423 1432 3455; x_wconf 86' lang='lat'>3,</span> <span class='ocrx_word' id='word_1_957' title='bbox 1452 3421 1496 3448; x_wconf 90' lang='lat' dir='ltr'>ubi</span> <span class='ocrx_word' id='word_1_958' title='bbox 1517 3422 1643 3454; x_wconf 79' lang='lat' dir='ltr'>allegatur</span> <span class='ocrx_word' id='word_1_959' title='bbox 1663 3422 1758 3448; x_wconf 82' lang='lat' dir='ltr'>XXIV.</span> <span class='ocrx_word' id='word_1_960' title='bbox 1777 3421 1866 3447; x_wconf 82' lang='lat' dir='ltr'>Moral.</span> <span class='ocrx_word' id='word_1_961' title='bbox 1894 3428 1917 3447; x_wconf 89' lang='lat' dir='ltr'>c.</span> <span class='ocrx_word' id='word_1_962' title='bbox 1946 3421 1988 3447; x_wconf 82' lang='lat'>25.</span> <span class='ocrx_word' id='word_1_963' title='bbox 2008 3428 2035 3447; x_wconf 92' lang='lat' dir='ltr'>n.</span> <span class='ocrx_word' id='word_1_964' title='bbox 2055 3421 2097 3446; x_wconf 84' lang='lat'>53.</span> <span class='ocrx_word' id='word_1_965' title='bbox 2117 3434 2153 3440; x_wconf 94' lang='lat'>—-</span> <span class='ocrx_word' id='word_1_966' title='bbox 2172 3419 2290 3446; x_wconf 86' lang='lat' dir='ltr'>Subinde</span> 
     </span>
     <span class='ocr_line' id='line_1_135' title="bbox 1327 3466 1680 3498; baseline -0.003 -6"><span class='ocrx_word' id='word_1_967' title='bbox 1327 3467 1454 3498; x_wconf 80' lang='lat' dir='ltr'>allegatur</span> <span class='ocrx_word' id='word_1_968' title='bbox 1474 3467 1548 3492; x_wconf 86' lang='lat' dir='ltr'>Deut.</span> <span class='ocrx_word' id='word_1_969' title='bbox 1568 3466 1617 3497; x_wconf 85' lang='lat'>27,</span> <span class='ocrx_word' id='word_1_970' title='bbox 1638 3466 1680 3491; x_wconf 71' lang='lat'>¹8.</span> 
     </span>
    </p>
   </div>
   <div class='ocr_carea' id='block_1_21' title="bbox 2306 1152 2444 1232">
    <p class='ocr_par' dir='ltr' id='par_1_32' title="bbox 2306 1152 2444 1232">
     <span class='ocr_line' id='line_1_136' title="bbox 2306 1152 2444 1174; baseline 0 -1"><span class='ocrx_word' id='word_1_971' title='bbox 2306 1152 2365 1173; x_wconf 84' lang='lat' dir='ltr'>hitur</span> <span class='ocrx_word' id='word_1_972' title='bbox 2379 1153 2444 1174; x_wconf 79' lang='lat' dir='ltr'>consi-</span> 
     </span>
     <span class='ocr_line' id='line_1_137' title="bbox 2316 1178 2426 1201; baseline 0.018 -2"><span class='ocrx_word' id='word_1_973' title='bbox 2316 1178 2426 1201; x_wconf 75' lang='lat' dir='ltr'>derationo</span> 
     </span>
     <span class='ocr_line' id='line_1_138' title="bbox 2322 1205 2418 1232; baseline -0.021 -5"><span class='ocrx_word' id='word_1_974' title='bbox 2322 1205 2418 1232; x_wconf 77' lang='lat' dir='ltr'>pei-iculi.</span> 
     </span>
    </p>
   </div>
   <div class='ocr_carea' id='block_1_22' title="bbox 2306 1817 2449 1893">
    <p class='ocr_par' dir='ltr' id='par_1_33' title="bbox 2306 1817 2449 1893">
     <span class='ocr_line' id='line_1_139' title="bbox 2306 1817 2448 1839; baseline 0.007 -1"><span class='ocrx_word' id='word_1_975' title='bbox 2306 1817 2337 1838; x_wconf 77' lang='lat' dir='ltr'>De</span> <span class='ocrx_word' id='word_1_976' title='bbox 2354 1817 2448 1839; x_wconf 83' lang='lat' dir='ltr'>ambitio-</span> 
     </span>
     <span class='ocr_line' id='line_1_140' title="bbox 2328 1844 2449 1893; baseline -0.008 -1"><span class='ocrx_word' id='word_1_977' title='bbox 2328 1844 2449 1893; x_wconf 40' lang='lat' dir='ltr'>aaa&amp;</span> 
     </span>
    </p>
   </div>
  </div>
 </body>
</html>
