2476 3921
162 503 223 534 Fides
230 503 308 534 donum

170 535 301 557 pru-nanum.

321 249 387 283 430

321 339 416 372 datur
451 347 506 380 per
533 337 683 380 Spiritum
721 344 824 370 sermo
859 334 1045 377 sapientiae,
1080 334 1131 367 alii
1172 342 1277 367 sermo

323 392 468 426 scientiae
491 391 664 424 secundum
689 389 823 423 eundem
840 388 1006 431 Spiritum,
1030 387 1120 420 alteri
1144 387 1221 420 fides
1245 386 1275 418 in

323 446 430 479 eodem
448 445 565 486 Spiritu
581 457 612 476 n.
636 444 748 476 Petunt
771 444 888 480 autem,
912 441 1005 474 fidem
1029 450 1048 473 a
1068 440 1201 472 Domino
1217 438 1275 472 sibi

321 498 429 540 augeri
464 501 613 539 tanquam
647 496 763 528 donum
796 493 1023 537 primarium,·
1054 493 1092 525 ad
1121 493 1277 525 Hebraeos

322 551 528 585 undecim01:
559 563 575 578 «
590 549 678 582 Fides
699 552 747 582 est
777 548 1017 581 fundamentum
1049 545 1275 588 sperandarum

322 613 441 642 rerum,
456 606 678 645 argumentum
694 611 756 634 non
772 600 990 643 apparentium
1003 613 1018 628 n
1040 603 1117 637 etc.;
1142 601 1173 631 et
1188 601 1275 640 post:

327 671 343 686 α
359 658 430 690 Sine
454 656 514 688 fide
537 655 727 697 impossibile
749 656 797 686 est
820 653 944 695 placere
973 652 1054 690 Deo;
1078 651 1275 684 accedentem

320 719 396 752 ergo
418 711 542 751 oportet
563 708 692 741 credere
709 721 723 736 υ
752 710 810 740 etc.
836 704 948 739 Petunt
963 704 1106 738 similiter
1126 707 1275 745 tanquam

158 763 437 796 impetrativumdonum
460 762 594 794 aliorum
617 760 774 793 donorum
797 758 1063 801 impetrationem,-
1087 756 1185 789 lacobi
1210 756 1274 797 pri-

155 794 247 815 aliorum
253 794 318 814 dono-

157 826 213 841 ΙιΙ-ΠΙ.

155 1083 183 1104 ,81
195 1082 306 1105 custoditi-

203 1116 261 1131 vum.

165 1715 295 1737 Secundum.

151 2346 211 2368 Fides
224 2347 297 2374 puriti-

166 2375 201 2394 σαὶ
214 2373 297 2396 intelle-

165 2401 231 2421 ctum.

322 815 416 848 m02:
451 827 466 842 α
482 813 618 846 postulet
649 812 680 844 in
712 812 772 844 fide
796 811 874 843 nihil
898 810 1055 842 haesitans
1069 821 1100 847 »;
1129 808 1273 840 Matthaei

320 867 469 909 vigesimo
492 866 611 908 primo:
641 877 656 893 (ι
673 864 798 902 Omnia,
823 871 1042 905 quaecumque
1065 860 1217 903 petieritis
1241 861 1273 892 in

319 920 460 952 oratioue
494 918 673 956 credentes,
697 917 854 958 accipietis
870 928 900 955 »;
924 919 955 948 et
986 914 1129 947 Matthaei
1153 913 1273 946 decimo

320 973 448 1015 quinto:
477 985 492 1000 α
509 972 534 1003 O
559 971 690 1008 mulier,
714 979 826 1011 magna
849 972 896 1001 est
919 968 995 1001 fides
1024 971 1094 1006 tua;
1119 967 1173 999 fiat
1197 966 1271 1005 tibi,

320 1026 401 1059 sicut
425 1025 557 1067 petisti»
576 1027 635 1056 etc.
661 1024 772 1056 Petunt
787 1022 879 1054 etiam
898 1025 1046 1063 tanquam
1063 1020 1179 1053 donum
1197 1020 1272 1052 alio-

320 1088 391 1112 rum
415 1077 665 1114 custoditivum;
688 1075 727 1108 ad
751 1075 898 1117 Ephesios
921 1073 1057 1106 tertio³z
1080 1073 1207 1105 «Huius
1225 1072 1270 1105 rei

319 1132 419 1174 gratia
442 1131 533 1163 flecto
557 1138 659 1171 genua
681 1128 719 1161 ad
744 1128 863 1160 Patrem
888 1126 1009 1159 Domini
1027 1127 1095 1159 lesu
1111 1125 1226 1158 Christi
1241 1139 1271 1164 n,

323 1198 340 1214 α
355 1189 391 1217 ut
413 1184 466 1217 det
488 1183 576 1215 vobis
598 1181 770 1215 secundum
794 1180 916 1213 divitias
939 1179 1056 1221 gloriae
1079 1187 1155 1211 suae
1171 1178 1271 1211 virtu-

319 1242 399 1277 tem,
424 1235 622 1270 corroborari
647 1244 702 1277 per
727 1234 877 1276 Spiritum
900 1233 971 1266 eius>
992 1233 1023 1264 in
1047 1232 1189 1265 interiori
1214 1232 1271 1264 ho-

317 1291 415 1328 mine,
438 1289 598 1321 Christum
624 1288 764 1320 habitare
788 1296 843 1331 per
867 1286 959 1318 fidem
991 1286 1022 1317 in
1046 1284 1195 1317 cordibus
1219 1293 1269 1317 ve-

317 1343 392 1376 stris
408 1356 437 1374 ».
463 1342 499 1374 Et
521 1341 589 1373 ideo
605 1340 755 1373 Dominus
770 1339 891 1372 dicebat
909 1339 997 1381 Petro
1015 1338 1095 1370 infra
1118 1337 1269 1379 vigesimo

317 1395 496 1429 secund04:
526 1408 541 1422 «
558 1394 619 1435 Ego
642 1403 699 1435 pro
723 1397 753 1426 te
777 1393 900 1435 rogavi,
926 1393 1032 1430 petre,
1056 1395 1092 1423 ut
1116 1400 1176 1423 non
1193 1391 1270 1424 defi-

317 1448 378 1480 ciat
400 1447 476 1480 fides
499 1451 570 1486 tua;
593 1449 625 1479 et
648 1450 682 1479 tu
713 1445 880 1487 aliquando
903 1453 1092 1482 conversus,
1117 1443 1269 1476 confirma

316 1500 430 1533 fratres
443 1503 551 1532 tuos».
569 1498 616 1531 Ob
633 1499 691 1531 hoc
707 1499 801 1531 etiam
816 1498 933 1530 dictum
951 1500 997 1529 est
1013 1497 1070 1538 ipsi
1089 1497 1178 1529 Petro
1194 1496 1270 1528 Mat-

316 1553 398 1586 thaei
421 1552 540 1585 decimo
563 1555 668 1584 sexto:
698 1564 713 1580 a
730 1552 777 1583 Tu
800 1560 833 1583 es
857 1551 985 1588 Petrus,
1009 1554 1040 1582 et
1064 1557 1159 1590 super
1186 1549 1267 1581 hanc

317 1610 436 1648 petram
460 1605 628 1638 aedificabo
653 1604 817 1637 Ecclesiam
843 1612 943 1636 meam
959 1616 987 1634 ι».

409 1658 457 1690 14.
484 1657 584 1698 (Vers.
609 1657 663 1695 6.).
688 1656 829 1689 Secundo
852 1658 1005 1697 quantum
1030 1654 1068 1687 ad
1091 1654 1169 1697 fidei
1189 1664 1268 1696 pro-

316 1709 439 1753 fectum
463 1710 682 1742 consistentem
706 1709 736 1741 in
766 1708 991 1750 cooperatione
1014 1707 1109 1740 liberi
1131 1699 1270 1740 arbitrii

315 1763 479 1795 subditur:
496 1762 585 1794 Dixit
597 1765 708 1794 autem
726 1761 901 1793 Dominus:
915 1760 953 1793 Si
967 1759 1151 1792 habueritis
1166 1759 1265 1801 fidem

314 1816 401 1848 sicut
421 1824 570 1857 ¹qranum
593 1814 732 1856 sinapis.
759 1814 815 1846 Per
837 1823 985 1856 yranum
1010 1813 1158 1855 sinapis,
1183 1813 1267 1855 quod

314 1868 345 1900 in
369 1877 402 1900 se
425 1871 472 1900 est
496 1867 668 1909 quantitate
699 1875 851 1908 parvum,
876 1866 1019 1898 acumine
1053 1866 1209 1898 fervidum
1237 1869 1268 1898 et

312 1920 504 1953 incremento
528 1929 689 1962 magnum,
713 1919 914 1961 intelligimus
938 1919 1026 1951 liberi
1050 1919 1171 1951 arbitrii
1197 1928 1267 1952 coo-

312 1974 504 2016 perationem
532 1975 685 2015 quantum
716 1972 755 2004 ad
787 1972 1041 2014 captivationem
1069 1972 1265 2011 intellectus,

308 2026 534 2058 accensionem
557 2024 693 2068 affectus
717 2029 749 2058 et
771 2024 1013 2057 multitudinem
1031 2024 1107 2056 boni
1125 2023 1264 2067 effeetus.

311 2079 397 2112 Unde
420 2078 644 2111 interlinearis
656 2078 669 2098 ⁵
693 2077 896 2117 determinat,
913 2077 1085 2110 cuiusmodi
1103 2077 1196 2110 fidem
1213 2077 1265 2110 de—

311 2132 405 2165 beant
428 2140 598 2173 quaerere,
623 2131 740 2163 scilicet
764 2130 915 2163 humilem
939 2134 969 2163 et
997 2130 1188 2169 ferventem,
1213 2130 1265 2162 cui

311 2193 472 2226 nunquam
496 2184 630 2216 sufficiat
653 2183 738 2226 quod
761 2183 840 2216 bene
864 2183 968 2225 gessit.
994 2183 1025 2215 In
1049 2192 1147 2225 grano
1178 2192 1266 2215 nam-

311 2246 374 2279 que
397 2237 513 2278 sinapis
538 2240 666 2278 propter
689 2236 874 2278 parvitatem
905 2236 1090 2278 intelligitur
1113 2235 1208 2274 fides,
1233 2236 1265 2268 in

310 2298 374 2332 qua
395 2293 442 2322 est
461 2289 656 2331 purificatio
679 2289 874 2327 intellectus;
898 2289 1041 2321 Matthaei
1058 2288 1177 2321 decimo
1202 2291 1265 2321 ter-

310 2343 396 2376 tioss:
426 2356 442 2371 «
459 2343 563 2376 Simile
586 2346 633 2375 est
656 2351 796 2385 regnum>
821 2342 979 2374 caelorum
1003 2351 1101 2384 grano
1130 2341 1262 2383 sinapis,

310 2396 394 2438 quod
417 2399 464 2428 est
488 2396 651 2428 minimum
675 2395 821 2428 omnibus
838 2395 1009 2428 seminibus
1025 2409 1055 2427 ».
1074 2395 1164 2427 Nulla
1180 2395 1261 2428 enim

309 2449 412 2481 virtus
446 2448 522 2481 adeo
556 2448 691 2490 captivat
725 2448 917 2480 intellectum
952 2448 1144 2486 humanum,
1181 2448 1263 2480 sicut

310 2501 404 2540 fides3
429 2501 583 2534 secundae
606 2501 644 2534 ad
668 2501 844 2534 Corinthios
860 2500 996 2533 decimo:
1020 2514 1035 2529 «
1052 2501 1082 2533 In
1100 2501 1262 2543 captivita-

310 2557 371 2587 tem
387 2554 561 2596 redigentes
576 2563 700 2587 omnem
718 2554 908 2587 intellectum
925 2554 956 2586 in
972 2554 1159 2596 obsequium
1172 2554 1262 2586 Chri-

307 2730 382 2758 twbis
400 2731 494 2766 fidem,
513 2732 588 2764 quasi
608 2732 707 2757 dicant:
728 2732 796 2757 D1cis
814 2733 975 2763 erogandam
995 2733 1146 2765 pecuniam,
1166 2734 1260 2760 condo—

307 2775 392 2801 nanda
411 2779 532 2807 peccata,
551 2776 598 2801 sed
618 2779 645 2801 ut
664 2775 807 2801 habeamus
821 2778 959 2808 perfectam
974 2777 1089 2802 notitiam
1110 2779 1204 2803 horum
1224 2779 1259 2804 fa-

306 2819 474 2852 ciendorum,
493 2819 597 2853 adauge
616 2819 643 2845 in
662 2819 737 2846 nobis
755 2819 842 2853 fidem.
864 2820 930 2845 Vide
949 2821 1025 2846 etiam
1045 2822 1161 2847 Glossam
1187 2821 1259 2848 ordi-

306 2862 416 2889 nariam
434 2870 465 2889 ex
484 2864 566 2895 Beda;
586 2864 630 2889 cfr.
645 2865 762 2895 Gregor.,
782 2864 860 2889 XXll.
881 2865 969 2890 Moral.
987 2871 1009 2890 c.
1030 2865 1071 2890 20.
1091 2872 1117 2890 n.
1136 2866 1179 2891 49.

379 2907 387 2921 ¹
408 2907 482 2933 Vers.
507 2908 526 2932 l.
547 2907 601 2939 (ubi
622 2915 670 2939 pro
688 2908 895 2941 fundamentum
918 2909 974 2934 Vat.
993 2916 1054 2935 cum
1069 2910 1179 2941 Vulgata
1199 2913 1224 2935 et
1236 2911 1257 2935 Η

277 2983 279 2985 ι
304 2949 470 2983 substantia;
489 2951 534 2976 cfr.
554 2951 590 2976 ΙΙΙ.
610 2951 680 2976 Sent.
698 2951 723 2976 d.
744 2952 786 2976 23.
805 2959 829 2977 a.
850 2952 873 2977 l.
892 2959 918 2984 q.
938 2952 962 2977 5.
976 2952 1010 2977 ad
1027 2953 1054 2977 l:
1077 2953 1172 2978 Dicitur
1186 2953 1257 2978 enim

304 2993 468 3026 substantia,
488 2994 549 3027 quia
568 2998 606 3019 est
626 2995 823 3020 fundamentum
837 2995 950 3020 fabricae
962 2996 1102 3027 spiritualis
1114 2996 1173 3029 etc.)
1194 3001 1219 3022 et
1232 2997 1257 3022 6.

374 3036 384 3051 ²
407 3038 478 3063 Vers.
497 3038 526 3070 6,
546 3041 605 3069 post
623 3045 701 3071 quern
723 3039 809 3064 Matth.
829 3041 857 3064 21
871 3058 878 3069 ,
897 3040 940 3065 22.
959 3043 985 3065 et
1005 3040 1051 3072 15,
1072 3041 1114 3065 28.

373 3080 384 3095 ¹³
403 3082 477 3107 Vers.
499 3081 540 3107 14.
559 3086 584 3107 et
605 3083 645 3108 l6.
664 3089 719 3115 seq.
738 3084 786 3108 Pro
806 3082 833 3109 in
852 3082 976 3110 interiori
993 3083 1100 3110 homine
1120 3085 1164 3117 (ita
1177 3085 1256 3110 etiam

302 3126 421 3157 August„
441 3125 520 3157 Epist.
535 3126 593 3151 140.
607 3127 671 3152 alias
691 3128 749 3152 120.
770 3134 793 3152 c.
813 3128 856 3153 26.
874 3135 899 3152 n.
919 3128 967 3158 63,
980 3127 1126 3154 Comment.
1141 3129 1168 3154 in
1182 3130 1256 3160 Eph„

301 3169 374 3201 quod
393 3168 503 3195 habetur
522 3170 587 3195 inter
605 3177 684 3201 opera
704 3170 834 3197 Ambrosii
853 3174 879 3196 et
898 3172 964 3197 Petr.
978 3171 1118 3197 Lombard.
1140 3173 1165 3197 in
1186 3174 1256 3198 hunc

302 3213 361 3245 loc.)
382 3213 493 3245 Vulgata
512 3213 541 3240 in
559 3213 714 3240 interiorem
733 3214 878 3241 hominem.

371 3255 383 3270 ⁴
403 3257 477 3283 Vers.
496 3258 539 3283 32.
557 3261 583 3283 et
601 3258 696 3284 deinde
716 3259 801 3284 Matth.
822 3260 869 3290 16,
890 3260 931 3285 18.

371 3299 382 3314 ⁵
401 3302 518 3333 Lyranus
545 3303 611 3327 hanc
638 3303 755 3328 Glossam
783 3302 984 3330 interlinearem
1015 3311 1065 3329 non
1094 3305 1182 3335 affert,
1207 3305 1254 3330 sed

300 3344 418 3370 Glossam
437 3348 536 3370 tantum
555 3345 726 3372 ordinariam
745 3347 786 3379 (ex
806 3346 899 3379 Beda),
919 3354 987 3380 quae
1000 3348 1079 3372 etiam
1099 3348 1207 3374 inferius
1220 3349 1253 3374 al-

299 3388 410 3419 legatur.
429 3388 479 3414 Cfr.
497 3395 577 3420 supra
596 3396 658 3421 pag.
680 3389 746 3420 346,
766 3392 825 3415 nota
845 3390 869 3415 6.
889 3394 915 3416 et
932 3390 959 3416 7.

1325 755 1509 797 vmultiplea·
1541 754 1617 787 boni
1646 753 1792 797 effectus,
1823 754 1997 787 secundum
2034 753 2112 786 illud
2147 754 2294 787 Matthaei

899 246 1091 279 COMMENT.
1117 246 1153 279 IN
1177 245 1414 278 EVANGELIUM
1439 244 1556 277 LUCAE
1579 244 1610 277 C.
1637 244 1724 277 XVlI.

1342 332 1380 365 sti
1393 345 1408 361 n
1429 336 1488 365 etc.
1504 350 1545 356 —
1559 332 1689 374 Propter
1705 341 1846 364 acumen
1861 334 1967 364 autem
1985 331 2169 373 intelligitur
2183 342 2296 365 accen-

1340 384 1390 417 sio
1406 384 1562 427 affectus;
1585 384 1668 417 unde
1688 384 1796 417 Glossa
1808 384 1839 416 ⁷:
1861 396 1876 412 α
1893 384 1996 416 Fidem
2013 384 2181 426 perfectam
2198 394 2296 427 grano

1341 438 1457 479 sinapis
1480 441 1658 480 comparat,
1682 446 1763 480 quae
1787 437 1817 469 in
1842 436 1919 469 facie
1942 440 1989 469 est
2005 437 2134 470 humilis
2149 440 2180 470 et
2195 438 2296 470 nulla-

1341 499 1414 523 rum
1437 490 1551 523 virium
1576 499 1745 533 apparenS,
1769 489 1823 523 sed
1845 489 2004 531 pressuris
2027 489 2118 529 trita,
2142 493 2294 532 quantum

1340 544 1427 576 intus
1457 543 1594 582 ferveat,
1625 543 1813 576 ostendet».
1846 542 1931 575 Unde
1962 542 2000 575 de
2031 543 2137 584 Apollo
2163 543 2295 575 Actuum

1339 596 1459 629 decimo
1482 596 1616 628 octavo⁸
1639 596 1769 628 dicitur:
1798 607 1814 623 α
1831 595 1884 628 Hic
1907 598 1975 628 erat
1991 595 2119 628 edoctus
2136 595 2216 627 viam
2234 595 2295 627 Do-

1340 649 1415 681 mini
1446 652 1477 681 et
1508 648 1633 681 fervens
1667 648 1782 690 spiritu
1818 648 2006 690 loquebatur
2041 656 2078 680 ea
2113 657 2194 690 quae
2222 651 2297 682 sunt

1339 703 1408 735 lesu
1425 715 1454 734 n.
1474 720 1516 725 —
1541 702 1670 743 Propter
1687 701 1925 733 incrementum
1942 701 2128 743 intelligitur
2144 710 2201 743 per
2217 701 2294 734 illud

1337 808 1458 841 decimo
1482 808 1574 841 tertio
1587 808 1618 840 ⁹:
1647 820 1663 836 <t
1680 807 1785 840 Simile
1808 810 1856 840 est
1872 816 2003 849 regnum
2021 807 2179 840 caelorum
2197 816 2295 849 grano

1337 861 1470 903 sinapis,
1495 861 1579 903 quod
1603 861 1759 902 accipiens
1782 861 1876 892 homo
1906 860 2089 899 seminavit;
2114 860 2198 902 quod
2221 869 2294 893 cum

1336 914 1489 952 creverit,
1512 913 1614 946 maius
1637 916 1685 946 est
1707 913 1853 946 omnibus
1876 912 2016 945 oleribus
2038 917 2069 945 et
2093 912 2128 945 fit
2150 912 2246 945 arbor
2261 926 2292 944 22.

1336 967 1368 999 In
1393 976 1457 1009 quo
1488 966 1673 1008 intelligitur
1708 966 1862 999 bonorum
1895 974 2029 1008 operum
2059 965 2229 998 multitudo
2263 969 2294 998 et

1336 1019 1497 1061 congeries
1521 1019 1697 1058 cumulata;
1716 1019 1813 1052 Iacobi
1831 1019 1969 1051 secundo
1985 1019 2027 1050 ¹⁰:
2057 1031 2073 1047 α
2089 1016 2143 1051 Vis
2166 1019 2258 1058 scire,
2275 1028 2293 1051 0

1336 1072 1431 1104 homo
1454 1072 1572 1110 inanis,
1596 1072 1744 1114 quoniam
1780 1071 1858 1104 fides
1889 1071 1955 1104 sine
1990 1071 2140 1113 operibus
2169 1074 2294 1104 mortua

1335 1128 1405 1158 est?
1428 1125 1600 1164 Abraham,
1626 1128 1712 1166 pater
1736 1127 1857 1163 noster,
1881 1133 1983 1157 nonne
2007 1133 2049 1157 ex
2072 1124 2222 1167 operibus
2244 1124 2294 1157 iu-

1335 1178 1488 1211 stificatus
1510 1182 1575 1217 est,
1595 1178 1730 1211 offerens
1754 1178 1837 1210 lsaac
1867 1177 1967 1210 filium
1992 1186 2087 1210 suum
2118 1186 2214 1219 super
2248 1177 2293 1209 al-

1336 1234 1420 1263 tare?
1452 1231 1561 1269 Vides,
1593 1230 1741 1272 quoniam
1770 1229 1848 1262 fides
1879 1230 2108 1271 cooperabatur
2141 1229 2292 1272 operibus

1334 1283 1436 1322 illius,
1460 1286 1492 1316 et
1514 1292 1555 1315 ex
1579 1282 1729 1324 operibus
1753 1282 1830 1315 tides
1853 1285 2069 1315 consummata
2092 1286 2139 1315 est
2155 1295 2170 1311 ιο
2199 1285 2257 1315 etc.

1426 1337 1476 1368 15.
1501 1336 1607 1368 Tertio
1630 1339 1786 1377 quantum
1809 1335 1846 1367 ad
1870 1334 1949 1377 fidei
1970 1335 2126 1367 virtutem
2151 1335 2183 1367 in
2204 1344 2293 1367 exse-

1333 1389 1461 1421 cutione
1491 1388 1644 1421 mirandi
1678 1388 1813 1430 imperii
1846 1388 2026 1430 subiungit:
2064 1387 2183 1420 Dioclis
2214 1386 2292 1420 huic

1334 1441 1452 1474 arbori
1473 1451 1587 1474 moro:
1613 1441 1800 1473 Eradicare
1814 1444 1845 1473 et
1860 1441 2112 1483 transplantare
2128 1440 2164 1473 in
2180 1451 2292 1479 mare,-

1333 1493 1369 1527 et'
1384 1494 1504 1527 obediet
1527 1494 1627 1527 vobis.
1654 1495 1686 1527 ln
1709 1504 1773 1536 quo
1803 1494 2164 1538 daturJintelligi.mira
2188 1494 2291 1527 virtus

1333 1547 1403 1580 fidei
1429 1551 1582 1589 quantum
1607 1547 1646 1579 ad
1670 1556 1706 1580 ea
1728 1557 1810 1590 quae
1843 1547 1983 1589 aguntur
2014 1547 2189 1580 secundum
2213 1556 2292 1579 cur-

1332 1610 1409 1633 sum
1432 1605 1578 1633 naturae
1601 1604 1632 1633 et
1655 1600 1829 1633 secundum
1852 1602 2010 1643 impetum
2035 1600 2151 1643 culpae
2178 1604 2210 1633 et
2243 1609 2292 1633 sc-

1333 1653 1471 1686 cundum
1495 1654 1651 1686 meritum
1684 1654 1839 1687 iustitiae.
1865 1654 1976 1686 Omnia
2000 1654 2082 1687 enim
2115 1654 2192 1687 haec
2216 1653 2290 1687 sub-

1332 1710 1406 1739 sunt
1431 1707 1574 1748 regimini
1599 1707 1722 1740 divinae
1745 1707 1959 1749 providentiae
1983 1711 2014 1739 et
2037 1707 2174 1749 quodam
2200 1707 2291 1739 modo

1332 1759 1464 1801 imperio
1480 1759 1550 1792 fidei
1569 1759 1738 1801 perfectae,
1756 1760 1929 1792 secundum
1947 1759 2024 1792 illud
2041 1760 2134 1792 Marci
2151 1769 2233 1792 nono
2247 1760 2288 1792 11;

1337 1825 1353 1841 «
1369 1813 1397 1844 Si
1423 1816 1510 1854 potes
1533 1813 1680 1851 credere,
1705 1813 1810 1845 omnia
1835 1813 1993 1854 possibilia
2016 1816 2090 1845 sunt
2106 1811 2288 1846 credenti».

1331 1865 1508 1898 Secundum
1533 1865 1677 1897 litteram
1700 1865 1782 1897 enim
1816 1874 1872 1906 per
1897 1865 2066 1907 imperium
2096 1865 2167 1898 fidei
2192 1874 2290 1907 supra

1331 1927 1456 1950 morum
1474 1917 1762 1960 transplantandam
1786 1918 1970 1960 intelligitur
1991 1918 2159 1961 imperium
2183 1927 2289 1961 respe-

1332 1976 1385 2004 ctu
1403 1971 1631 2014 corporalium
1647 1971 1885 2004 elementorum.
1900 1972 1986 2005 Unde
2002 1973 2109 2005 Glossa
2123 1973 2164 2005 ¹²:
2186 1985 2202 2001 α
2215 1973 2289 2015 Spe-

1329 2024 1391 2057 cies
1414 2024 1542 2066 ponitur
1558 2033 1616 2066 pro
1631 2033 1745 2067 genere
1755 2051 1763 2064 ,
1780 2025 1855 2067 quia
1870 2025 1948 2058 fides
1963 2028 2178 2058 consummata
2194 2026 2287 2058 etiam

1328 2077 1489 2110 elementis
1512 2081 1613 2118 potest
1636 2077 1791 2119 imperare
1807 2090 1838 2117 »;
1863 2079 1946 2111 unde
1969 2083 2000 2111 et
2023 2079 2168 2112 Matthaei
2201 2079 2285 2121 vige-

1329 2130 1408 2162 simo
1431 2130 1535 2171 primo
1549 2130 1592 2162 ¹³:
1622 2143 1638 2159 «
1655 2131 1685 2162 Si
1709 2131 1883 2164 habueritis
1906 2131 1998 2164 fidem
2016 2135 2047 2165 et
2068 2141 2129 2164 non
2155 2132 2288 2165 haesita-

1328 2182 1436 2215 veritis
1459 2186 1490 2215 et
1513 2182 1658 2216 dixeritis
1682 2184 1756 2216 huic
1780 2185 1892 2217 monti:
1927 2185 2012 2218 Tolle
2039 2188 2071 2218 et
2094 2185 2174 2218 iacta
2197 2189 2227 2218 te
2254 2185 2286 2217 in

1328 2244 1431 2274 mare,
1456 2236 1498 2268 ita
1521 2236 1621 2269 fiet».
1647 2236 1733 2269 Unde
1756 2237 1795 2269 ad
1818 2237 1973 2270 Hebraeos
1996 2238 2163 2271 undecimo
2179 2247 2288 2271 exem—

1327 2288 1444 2330 plificat
1459 2289 1623 2331 Apostolus
1646 2289 1685 2322 de
1708 2290 1828 2323 Sanctis
1848 2290 1964 2329 dicens,
1989 2291 2073 2333 quod
2091 2304 2106 2320 α
2121 2300 2176 2333 per
2192 2291 2286 2324 fidem

1329 2341 1474 2374 vicerunt
1498 2351 1611 2384 regna,
1635 2342 1866 2375 obturaverunt
1881 2352 1937 2376 ora
1953 2344 2097 2383 leonum,
2122 2345 2285 2377 exstinxe-

1327 2398 1403 2427 runt
1426 2394 1577 2437 impetum
1602 2396 1699 2438 ignis,
1717 2396 1936 2438 effugaverunt
1952 2397 2049 2429 aciem
2066 2397 2158 2439 gladii
2176 2401 2206 2430 et
2222 2397 2285 2430 for—

1327 2451 1374 2481 tes
1397 2448 1468 2481 facti
1493 2453 1568 2482 sunt
1591 2449 1622 2482 in
1647 2449 1729 2482 hello
1745 2463 1775 2481 n.

1418 2503 1467 2534 16.
1493 2502 1671 2535 Secundum
1705 2505 1811 2535 autem
1843 2502 2062 2546 tropoloyiam
2098 2503 2283 2545 intelligitur

1325 2554 1357 2587 in
1381 2555 1440 2587 hoc
1471 2555 1640 2597 imperium
1672 2560 1817 2598 respectu
1851 2555 1977 2588 diaboli
2007 2560 2036 2588 et
2067 2556 2283 2589 tentationum

1394 2732 1405 2747 ὅ
1425 2734 1499 2760 Vers.
1518 2734 1560 2759 31.
1580 2737 1606 2759 et
1625 2734 1667 2760 32.
1687 2748 1721 2753 —
1741 2734 1864 2767 Sequitur
1883 2735 1909 2760 ll.
1928 2734 1988 2760 Cor.
2010 2735 2056 2767 lo,
2078 2735 2103 2760 5.

1394 2776 1404 2791 ⁷
1424 2778 1527 2804 Scilicet
1545 2777 1687 2804 ordinaria
1707 2778 1748 2811 (ex
1767 2778 1851 2810 Beda;
1878 2779 1923 2804 cfr.
1952 2778 2082 2811 Ambros.‚
2103 2779 2153 2804 Vll.
2173 2779 2198 2804 in
2218 2780 2280 2805 Luc.

1323 2829 1346 2847 c.
1367 2822 1407 2847 13.
1428 2830 1453 2847 n.
1474 2822 1533 2853 178,
1554 2825 1579 2848 et
1596 2823 1714 2854 Gregor.‚
1734 2823 1842 2848 Praefat.
1855 2821 1912 2848 libr.
1927 2823 2015 2848 Moral.
2034 2829 2057 2848 c.
2071 2824 2095 2848 2.
2114 2830 2140 2849 n.
2159 2823 2195 2856 6.)
2209 2824 2280 2855 apud

1323 2867 1453 2898 Lyranum
1474 2867 1575 2895 (similis
1594 2866 1730 2892 exhibetur
1749 2867 1826 2892 etiam
1851 2873 1866 2892 a
1886 2866 1971 2892 Strab.
1992 2867 2016 2892 in
2035 2867 2122 2893 Matth.
2144 2867 2190 2900 17,
2218 2868 2280 2900 19.),

1323 2911 1347 2936 in
1367 2911 1442 2936 cuius
1461 2911 1513 2936 flne
1532 2911 1553 2936 Η
1573 2918 1633 2937 cum
1663 2914 1731 2936 textu
1751 2911 1869 2943 originali
1889 2910 2014 2942 ostendit,
2039 2912 2095 2937 Vat.
2115 2911 2279 2943 ostenditur,

1322 2962 1390 2988 quae
1409 2955 1486 2981 etiam
1515 2962 1564 2987 pro
1592 2962 1661 2988 quae
1685 2955 1714 2981 in
1740 2955 1808 2988 facie
1832 2956 1872 2981 est
1894 2954 2005 2981 humilis
2025 2955 2070 2988 (ita
2099 2959 2124 2981 et
2143 2956 2233 2982 Glossa
2253 2960 2280 2982 et

1322 2999 1403 3031 Beda)
1423 2999 1557 3024 substituit
1575 2998 1648 3032 quod
1665 2998 1694 3024 in
1711 2998 1779 3032 facie
1797 3000 1838 3025 est
1854 2997 1962 3024 humile.
2170 2993 2174 2996 ’

1392 3041 1403 3056 ⁸
1423 3043 1497 3068 Vers.
1517 3043 1560 3068 25.

1391 3083 1402 3098 ⁹
1424 3086 1497 3111 vers.
1516 3086 1559 3110 31.
1578 3089 1604 3111 et
1623 3086 1664 3111 32.
1685 3099 1720 3105 —
1739 3085 1865 3117 Superius
1884 3088 1944 3117 post
1955 3084 2070 3119 Propter
2083 3081 2279 3112 incrementum

1322 3130 1379 3155 Vnt.
1390 3130 1557 3162 prosequitur
1575 3128 1645 3156 illud
1656 3128 1815 3168 intelliqilur
1829 3128 2018 3168 multiplicatio
2033 3128 2095 3155 boni
2105 3129 2214 3163 effectus
2227 3133 2278 3155 etc.

1394 3172 1418 3187 ¹⁰
1437 3175 1511 3200 Vers.
1530 3174 1572 3199 20.
1593 3181 1667 3207 seqq.

1391 3217 1411 3232 ¹¹
1433 3218 1507 3243 Vers.
1528 3219 1571 3244 22.
1593 3217 1643 3244 Cfr.
1664 3225 1743 3250 supra
1764 3225 1785 3243 c.
1807 3219 1831 3243 8.
1850 3225 1876 3244 n.
1896 3218 1940 3244 85.
1957 3220 1984 3244 et
2002 3218 2045 3243 89.

1391 3260 1413 3276 ¹¹
1434 3262 1536 3287 Scilicet
1554 3261 1735 3288 interlinearis
1764 3262 1804 3294 (ex
1830 3262 1913 3294 Beda;
1942 3263 1986 3288 cfr.
2016 3261 2145 3293 Ambros.‚
2165 3262 2226 3288 Vlll.
2250 3262 2276 3288 in

1319 3305 1380 3330 Luc.
1400 3312 1424 3330 c.
1438 3305 1481 3331 17.
1499 3312 1524 3330 n.
1545 3305 1609 3337 28.).

1390 3346 1412 3361 ¹⁰
1431 3349 1506 3374 Vers.
1528 3349 1572 3373 21.
1590 3351 1616 3374 et
1633 3348 1729 3375 deinde
1747 3348 1826 3374 Ilebr.
1847 3349 1873 3374 ll
1886 3367 1894 3379 ,
1913 3349 1956 3374 33.
1975 3356 2040 3382 seq„
2055 3348 2098 3375 ubi
2112 3348 2276 3383 proeffuqa-

1318 3393 1416 3418 verunt
1434 3391 1464 3424 (C
1476 3392 1496 3417 D
1514 3390 1681 3425 effuqarunt)
1703 3393 1813 3423 Vulgata
1832 3391 1994 3426 effugerunt.

2313 340 2418 362 Accendit
2471 346 2472 359 i

2313 366 2421 388 affectum.

2313 708 2390 730 Multos
2405 715 2452 735 pro-

2306 735 2348 756 fert
2363 735 2456 758 effectu.

2311 1341 2416 1364 Tertium.

2306 1553 2380 1575 Virtus
2396 1554 2446 1575 fidei

2308 1580 2379 1607 quoad
2393 1581 2440 1602 tria.

2308 1871 2382 1899 Quoad
2396 1878 2435 1893 na-

2335 1900 2411 1920 turam.

2304 2507 2378 2554 {nond
2392 2507 2438 2528 dia-

2320 2535 2354 2564 -oli
2369 2536 2438 2555 lenta—

2310 2563 2386 2582 tiones.
