2476 3921
313 241 377 273 252

312 336 408 370 quam
431 329 502 369 post
524 326 660 368 agnitam
685 328 861 358 retrorsum
887 324 1026 357 converti
1051 324 1091 357 ab
1114 333 1162 363 eo,
1186 324 1272 367 quod

312 381 373 413 illis
396 380 500 412 fuerat
522 379 672 412 traditum
697 382 805 411 sancto
828 378 983 410 mandato.
1008 377 1165 420 Contingit
1187 378 1271 410 enim

311 434 356 466 eis
379 433 456 466 illud
480 433 546 466 veri
571 432 748 474 proverbii:
772 432 864 464 Canis
888 440 1036 464 reversus
1051 431 1090 463 ad
1106 440 1200 464 suum
1218 440 1272 463 vo-

310 487 452 519 mitum»
481 490 558 525 etc.;
583 486 668 528 quod
700 488 785 518 recte
818 485 947 527 intelligi
972 488 1074 526 potest
1096 484 1135 517 de
1160 484 1270 517 recidi-

310 540 457 573 vantibus
480 542 512 572 et
534 539 793 581 apostatantibus.
818 538 854 571 Et
878 538 948 571 ideo
975 547 992 570 e
1016 536 1176 571 contrario
1198 547 1270 571 sua-

310 593 362 626 det
380 593 626 631 Ecclesiasticus,
643 592 754 635 quinto
768 592 797 623 ¹:
827 604 843 620 «
856 591 928 624 Esto
950 591 1065 624 firmus
1088 591 1119 623 in
1143 591 1194 623 via
1210 591 1270 623 Do-

310 646 386 679 mini
404 660 433 677 »-.
459 646 541 678 Talis
564 649 633 678 erat
656 645 838 687 Apostolus,
863 644 945 677 sicut
960 644 1076 676 dicitur
1092 644 1129 676 ad
1155 644 1271 685 Philip-

310 708 422 741 penses
446 699 556 732 tertio:
587 712 602 727 «
618 698 705 739 Quae
730 701 816 730 retro
839 697 1044 736 obliviscens,
1069 697 1108 729 ad
1131 706 1168 730 ea
1184 706 1269 735 vero,

310 762 391 794 quae
414 755 489 785 sunt
513 752 636 793 priora,
661 751 835 784 extendens
859 759 908 783 me
931 750 1054 792 ipsum,
1077 750 1115 782 ad
1135 750 1271 783 destina-

310 809 377 838 tum
403 814 595 847 persequor,
619 804 658 837 ad
686 804 832 836 bravium
864 812 1020 845 supernae
1052 804 1269 836 vocationis».

921 235 1114 268 COMMENT.
1141 236 1177 268 IN
1201 234 1441 268 EVANGELlUM
1465 236 1583 268 LUCAE
1607 236 1638 268 C.
1665 237 1699 269 X.

1337 324 1373 356 Et
1397 324 1465 357 ideo
1489 324 1555 366 ipse
1579 325 1725 358 monebat
1755 325 1794 358 ad
1818 325 1967 368 Ephesios
1991 327 2085 359 tertio
2099 327 2129 359 2ε
2160 340 2175 356 a
2191 327 2224 359 In
2248 336 2298 360 ca-

1336 378 1429 410 ritate
1460 378 1589 411 radicati
1624 381 1656 411 et
1690 378 1830 418 fundati,
1859 383 1896 412 ut
1931 380 2057 422 possitis
2091 381 2298 423 comprehen-

1336 485 1418 517 thaei
1443 485 1581 518 decimo:
1611 499 1626 513 α
1643 486 1702 527 Qui
1728 487 1977 527 perseveraverit
2001 496 2103 529 usque
2127 488 2159 519 in
2187 487 2297 526 finem,

1336 538 1387 570 hic
1410 538 1516 571 salvus
1539 538 1645 570 erit».
1672 538 1714 571 Ad
1732 539 1790 571 hoc
1806 539 1967 580 potissime
1990 540 2155 581 Scriptura
2178 549 2235 573 nos
2251 540 2299 572 in-

1335 590 1429 629 vitat;
1447 590 1531 623 unde
1547 600 1604 632 per
1621 594 1715 623 totam
1738 592 1848 633 Legem
1873 595 1904 624 et
1928 592 2127 634 Prophetas³
2151 593 2299 634 prohibet

1335 644 1407 676 filiis
1431 644 1539 683 lsrael,
1565 653 1603 677 ne
1627 648 1829 677 revertantur
1853 645 1883 677 in
1908 645 2098 687 Aegyptum,
2123 645 2154 678 id
2177 649 2235 685 est,
2259 654 2298 679 ne

1334 697 1373 730 de
1396 697 1502 730 divino
1537 698 1665 730 servitio
1700 701 1903 730 convertatur
1936 699 2030 731 homo
2060 699 2099 731 ad
2130 699 2296 732 mundum.

1334 750 1420 783 Unde
1437 754 1468 783 et
1491 753 1621 792 propter
1638 750 1715 783 illud
1731 750 1880 783 delictum
1903 751 1969 784 fere
1989 760 2099 784 omnes
2122 752 2177 784 filii
2203 752 2297 786 Israel

1334 813 1353 836 a
1377 803 1509 836 Domino
1531 804 1562 836 in
1587 804 1711 836 deserto
1734 804 1889 837 interfecti
1914 805 2054 837 fuerunt.

2462 325 2464 338 Ι

2462 349 2464 368 1

1335 431 1410 464 dere
1427 445 1442 460 »
1471 435 1529 464 etc.
1555 432 1677 465 Sciebat
1699 433 1797 472 enim,
1822 442 1840 465 a
1857 433 1988 466 Domino
2003 434 2121 466 dictum
2139 443 2207 467 esse
2223 435 2298 467 Mat·
2313 441 2344 463 De
2358 422 2464 501 pemwf

2461 507 2463 522 1

2462 534 2463 550 1

1181 963 1365 996 ΟΑΡιΤυιοΜ
1389 964 1424 996 X.

425 1124 538 1151 Secundo
558 1124 649 1158 agitur
668 1124 698 1150 do
717 1123 838 1150 missione
858 1123 1029 1158 septuaginta.
1048 1123 1154 1150 duorum

603 1167 786 1202 discipulorum
805 1167 887 1203 quoad
907 1168 970 1194 tria.

399 1288 425 1318 1.
451 1282 531 1318 Post
554 1284 659 1318 liaec4
683 1285 869 1328 designavit
895 1285 1058 1317 Dominus
1082 1288 1140 1317 etc.
1168 1285 1269 1327 Expe-

306 1341 371 1374 dita
394 1343 483 1382 parte
506 1340 544 1372 de
578 1339 726 1372 missione
762 1339 999 1381 Apostolorum,
1037 1340 1088 1371 hic
1120 1339 1269 1372 subditur

306 1396 380 1437 pars
403 1394 441 1426 de
465 1393 621 1426 missione
636 1392 881 1435 discipulorum
898 1392 936 1425 ad
953 1392 1080 1425 modum
1097 1392 1270 1424 minorum

194 1452 283 1473 Divisio·
302 1447 545 1490 praelatorum.
572 1447 667 1479 Habet
690 1450 795 1479 autem
821 1447 898 1479 haec
922 1455 996 1488 pars
1020 1450 1103 1484 tres,
1127 1446 1157 1478 in
1191 1455 1270 1488 qua-

305 1510 378 1533 rum
404 1500 504 1542 prima
527 1500 591 1542 agit
613 1500 651 1532 de
678 1498 793 1542 forma
817 1499 1041 1541 praedicandi
1049 1510 1060 1536 ;
1077 1499 1108 1531 in
1132 1498 1270 1531 secunda

305 1563 381 1586 vero
391 1580 398 1592 ,
414 1554 453 1586 de
467 1552 583 1595 forma
606 1553 754 1591 vivendi,
772 1552 853 1584 infra
868 1552 977 1584 eodem
991 1553 1021 1584 ⁵:
1041 1553 1080 1584 Et
1095 1561 1179 1590 ecee,
1197 1552 1270 1595 qui-

305 1607 385 1639 dam
409 1607 634 1649 [θρέψω-παπ
651 1606 681 1638 in
708 1606 817 1644 tertia,
841 1605 880 1638 de
900 1604 1015 1647 forma
1031 1605 1170 1643 orandi,
1188 1605 1270 1637 infra

305 1661 488 1694 undecimo:
502 1661 539 1692 Ec
546 1660 675 1703 factum
685 1664 740 1698 est,
750 1669 826 1692 cum
839 1663 918 1692 esset
932 1659 966 1691 in
978 1660 1122 1703 quodam
1134 1659 1201 1691 loeo
1210 1662 1268 1691 etc.

365 1776 454 1802 Prima
473 1783 535 1810 pars
554 1775 613 1809 agit
633 1775 662 1801 de
681 1774 802 1801 missione
822 1773 1007 1809 discipulorum
1027 1773 1208 1801 comitantium

711 1819 864 1854 tripliciter.

394 1929 496 1961 Prima
519 1938 592 1970 pars
610 1928 704 1961 habet
728 1932 810 1967 tres,
835 1928 865 1960 in
891 1937 1027 1970 quarum
1054 1928 1156 1969 prima
1178 1936 1268 1969 prae-

304 1983 440 2015 mittitur
463 1982 579 2015 missio
608 1981 852 2023 discipulorum
884 1981 1131 2019 comitantium,-
1164 1981 1194 2012 in
1220 1989 1268 2012 se-

304 2037 406 2069 cunda
424 2046 497 2069 vero
513 2036 639 2068 additur
656 2034 853 2077 informatio
866 2035 1015 2067 euntium
1026 2061 1035 2073 ,
1053 2035 1094 2067 ibi
1108 2035 1139 2066 6:
1162 2033 1268 2066 Nolite

298 2095 437 2133 portare
460 2100 562 2134 neque
577 2090 750 2122 saeculum
767 2093 844 2128 etc.;
862 2089 893 2121 in
919 2089 1011 2121 tertia
1027 2089 1175 2121 subditur
1191 2098 1266 2120 con-

302 2144 421 2176 solatio
437 2144 664 2182 redeuntium,
682 2143 721 2176 ibi
735 2156 741 2175 :
760 2143 895 2176 Reversi
910 2147 990 2175 sunt
1006 2147 1117 2175 autem
1134 2147 1267 2185 septua-

302 2198 398 2240 ginta
422 2198 488 2230 duo
513 2207 589 2229 cum
612 2197 740 2239 gaudio
767 2200 825 2229 etc.
850 2197 1029 2229 Mitmntur
1052 2201 1156 2229 autem
1174 2196 1267 2229 disci-

303 2251 369 2292 puli
395 2259 466 2283 cum
491 2251 677 2283 auctoritate
694 2250 790 2282 divini
808 2250 949 2291 imperii,
974 2249 1208 2292 informantur
1225 2258 1266 2281 ex

305 2304 436 2337 veritate
460 2304 555 2336 divini
582 2304 770 2345 magisterii,
800 2303 1015 2336 consolantur
1039 2312 1079 2335 ex
1104 2303 1264 2335 familiari-

304 2360 366 2390 tate
390 2358 485 2390 divini
511 2358 719 2390 contubernii.

392 2411 490 2443 Mittit
513 2414 618 2443 autem
643 2411 813 2452 discipulos
845 2411 996 2443 Dominus
1020 2410 1057 2442 ad
1083 2410 1267 2452 praedican-

143 2467 290 2515 gffiffliffi
302 2465 379 2497 dum
397 2465 456 2497 hoc
472 2464 596 2497 ordine:
613 2464 716 2506 primo
732 2464 937 2506 desiynando
953 2472 1006 2496 eos
1023 2463 1196 2496 secundum
1213 2463 1266 2495 de-

160 2523 274 2574 ffigfggffr
303 2518 403 2551 bitum
425 2527 613 2556 numerum;
632 2517 769 2550 secundo
784 2516 1024 2559 praemittendo
1040 2517 1218 2559 designatos
1234 2516 1266 2548 in

301 2581 427 2605 omnem
459 2572 615 2604 civitatem
652 2575 682 2604 et
718 2571 839 2610 locum;
866 2571 958 2603 tertio
987 2571 1018 2602 in
1051 2569 1266 2603 accelerando

303 2625 491 2666 praemissos
515 2624 553 2656 ad
578 2624 709 2656 salutem
734 2624 925 2662 electorum;
950 2626 1065 2665 quarto
1089 2622 1121 2654 in
1145 2621 1266 2663 confir-

302 2677 426 2710 mando
450 2677 639 2709 acceleratos
663 2680 772 2709 contra
796 2676 914 2708 rabiem
941 2665 1191 2717 persecutorum.

376 2870 383 2884 ²
407 2872 478 2896 Vers.
500 2871 542 2901 12,
562 2873 621 2902 post
640 2877 719 2903 quem
740 2870 803 2895 Phil.
824 2871 853 2902 3,
876 2871 915 2895 13.
936 2877 992 2902 seq.
1012 2884 1047 2889 —
1066 2870 1115 2896 Pro
1135 2877 1148 2896 e
1161 2871 1266 2896 contra·

303 2915 345 2941 rio
367 2915 410 2947 (ita
431 2915 473 2948 G),
493 2916 566 2947 quod
586 2916 606 2940 H
627 2915 734 2945 omittit,
757 2915 813 2940 Vat.
827 2922 840 2941 e
854 2914 967 2946 diverso,
989 2914 1038 2941 AC
1051 2915 1071 2940 D
1091 2914 1131 2948 (ut
1150 2915 1266 2948 videtur)

302 2962 421 2987 econtra.

374 3003 384 3018 ²
406 3006 478 3030 Vers,
503 3004 544 3029 17.
563 3008 589 3030 et
609 3005 651 3030 l8.
670 3019 705 3023 —
725 3004 842 3030 Subinde
861 3005 988 3036 allegatur
1008 3005 1095 3030 Matth.
1120 3006 1166 3035 10,
1186 3005 1229 3029 22.

375 3047 385 3062 Β
406 3049 473 3075 Vide
492 3050 567 3075 Num.
589 3049 636 3079 11,
658 3050 682 3074 2.
701 3056 789 3081 seqq.;
811 3049 825 3073 l.
846 3048 904 3074 Cor.
929 3049 976 3079 10,
999 3049 1039 3073 10.
1053 3052 1079 3074 et
1092 3047 1170 3074 Hebr.
1184 3049 1209 3079 3,
1224 3048 1264 3073 17.

304 3093 356 3119 Ct'r.
378 3094 456 3119 etiam
477 3094 532 3119 lsai.
553 3094 599 3125 30,
624 3095 644 3118 1.
663 3100 738 3125 seqq.
757 3097 782 3118 et
801 3094 849 3125 31,
871 3094 896 3118 1.
915 3100 1003 3126 seqq.;
1029 3093 1126 3125 ler.'2,
1146 3093 1170 3117 5.
1191 3100 1266 3126 seqq.

305 3138 394 3162 Ezeeh.
416 3138 464 3168 20,
485 3138 509 3162 5.
529 3145 602 3170 seqq.

374 3180 386 3195 ⁴
406 3182 531 3213 Vulgata,
552 3189 632 3214 quam
653 3182 673 3206 H
693 3185 719 3207 et
740 3182 795 3206 Vat.
815 3185 974 3214 sequuntur,
988 3181 1061 3207 addit
1073 3182 1163 3207 autem
1184 3181 1265 3213 (idem

306 3227 417 3252 recurrit
436 3227 499 3251 infra
519 3234 543 3251 n.
564 3226 610 3258 2.),
629 3227 702 3259 quod
721 3226 800 3251 etiam
820 3226 897 3251 codd.
918 3233 996 3258 supra
1017 3233 1040 3251 c.
1059 3226 1083 3251 9.
1104 3233 1129 3251 n.
1152 3227 1175 3251 1.
1198 3225 1266 3251 exhi-

308 3270 383 3302 bent;
404 3270 466 3296 ibid.
486 3271 618 3296 invenitur
643 3261 721 3296 etiam
751 3270 846 3296 divisio
872 3270 1024 3302 principalis
1048 3270 1178 3302 partium,
1197 3276 1267 3302 quae

306 3316 385 3347 paulo
405 3315 512 3340 inferius
532 3315 654 3347 tangitur.

376 3358 387 3372 ⁶
409 3359 481 3384 Vers.
501 3360 549 3389 25;
569 3359 673 3384 tertium
695 3358 805 3384 habetur
824 3366 847 3384 c.
868 3359 909 3390 11,·
932 3359 954 3384 l.
974 3359 1022 3384 Pro
1045 3365 1107 3385 cum
1126 3360 1193 3385 esset
1212 3359 1267 3391 plu-

305 3411 348 3429 res
366 3404 443 3429 codd.
463 3403 528 3429 dum
547 3405 631 3435 esset‚·
651 3405 695 3429 cfr.
717 3404 782 3429 infra
803 3410 823 3428 c.
846 3404 887 3429 11.
907 3411 932 3428 n.
956 3404 978 3429 1.

1424 1127 1454 1158 2.
1481 1126 1582 1164 (Vers.
1611 1127 1663 1167 1.).
1690 1126 1792 1159 Primo
1816 1127 1913 1169 igitur
1944 1131 2099 1169 quantum
2131 1127 2169 1160 ad
2198 1128 2297 1161 disci-

1331 1179 1492 1221 pulorum
1506 1179 1763 1222 designationem
1779 1180 1952 1213 secundum
1968 1180 2110 1213 debitum
2126 1189 2296 1214 numerum

1333 1232 1425 1265 dicit:
1451 1233 1532 1265 Post
1566 1232 1646 1265 haec
1677 1234 1863 1276 desiynavit
1897 1233 2057 1266 Dominus
2088 1238 2118 1266 ec
2141 1234 2225 1267 alios
2248 1244 2297 1266 se-

1333 1286 1513 1328 pcuayima
1536 1286 1621 1318 duos
1644 1290 1719 1325 etc.;
1745 1287 1932 1329 desiynavit
1960 1287 2088 1329 utique,
2113 1287 2143 1319 id
2167 1290 2231 1326 est,
2256 1287 2298 1320 si—

1334 1342 1466 1381 gnanter
1483 1340 1586 1381 elegit,
1600 1339 1774 1372 secundum
1788 1340 1864 1372 illud
1878 1340 2000 1373 loannis
2012 1340 2133 1373 decimo
2148 1341 2259 1383 quinto
2269 1341 2296 1373 ⁷:

1340 1406 1355 1421 «
1372 1393 1434 1435 Ego
1457 1393 1536 1435 elegi
1560 1402 1616 1426 vos
1639 1398 1670 1426 et
1694 1394 1783 1435 posui
1810 1402 1878 1433 vos,
1896 1397 1933 1426 ut
1948 1394 2026 1426 eatis
2042 1407 2059 1423 »
2079 1397 2138 1427 etc.
2162 1394 2248 1427 Unde
2264 1394 2296 1427 in

1334 1446 1459 1479 Glossa:
1490 1460 1505 1475 «
1522 1447 1608 1479 Sicut
1632 1447 1663 1479 in
1688 1447 1842 1489 Apostolis
1865 1447 1966 1479 forma
1989 1451 2036 1480 est
2059 1448 2295 1490 episcoporum,

1334 1499 1378 1532 sic
1402 1499 1432 1531 in
1458 1500 1655 1542 septuaginta
1677 1500 1803 1533 duobus
1834 1500 1935 1532 forma
1966 1503 2013 1533 est
2036 1500 2296 1542 presbyterorum

1334 1552 1463 1585 secundi
1495 1552 1614 1585 ordinis
1631 1566 1660 1585 ».
1689 1554 1738 1586 lsti
1774 1553 1889 1586 debent
1912 1562 1931 1585 a
1963 1553 2026 1585 Deo
2049 1553 2241 1596 designari,
2264 1554 2296 1587 id

1334 1608 1381 1638 est
1404 1605 1443 1638 ad
1468 1606 1620 1638 honorem
1644 1606 1781 1645 assumi,
1807 1606 1981 1639 secundum
1998 1606 2074 1638 illud
2100 1606 2138 1638 ad
2163 1606 2296 1639 Hebrae-

1333 1667 1371 1703 os
1400 1659 1554 1701 quint031
1584 1660 1677 1692 «Nec
1701 1660 1869 1702 quisquam
1903 1660 1999 1692 sumit
2031 1659 2089 1692 sibi
2125 1660 2295 1700 honorem,

1334 1712 1389 1745 sed
1412 1712 1467 1754 qui
1493 1701 1623 1745 vocatur
1647 1722 1665 1745 a
1695 1713 1776 1752 Deo,
1810 1717 1960 1755 tanquam
1990 1714 2090 1745 Aaron
2113 1727 2143 1745 ».
2176 1714 2209 1746 ln
2241 1723 2296 1746 cu-

1276 1804 1278 1806 ·
1334 1766 1384 1798 ius
1407 1766 1629 1808 designationis
1654 1767 1866 1800 testimonium
1890 1767 2005 1800 debent
2028 1776 2096 1800 esse
2119 1767 2231 1809 signati
2255 1768 2296 1800 si-

1333 1820 1467 1861 gnaculo
1491 1820 1610 1852 ordinis
1633 1823 1664 1852 et
1687 1821 1880 1853 characteris
1897 1821 2117 1860 sacerdotalis,
2135 1821 2296 1863 signaculo

1335 1875 1483 1905 tonsurae
1515 1876 1546 1905 et
1576 1874 1671 1906 totius
1695 1873 1876 1915 disciplinae
1901 1878 1932 1906 et
1955 1874 2202 1907 conversationis
2225 1883 2296 1907 san-

1333 1926 1507 1965 ctissimae,
1533 1929 1569 1958 ut
1592 1932 1756 1968 appareat,
1774 1928 1843 1960 illos
1866 1937 1934 1960 esse
1951 1927 1989 1960 de
2005 1937 2139 1960 numero
2156 1928 2295 1967 illorum,

1332 1980 1449 2022 quibus
1461 1980 1498 2012 ad
1514 1980 1662 2022 Ephesios
1675 1984 1788 2023 quarto
1800 1981 1916 2014 dicitur
1929 1981 1959 2013 ⁹:
1982 1995 1997 2010 α
2011 1982 2127 2024 Signati
2141 1982 2215 2014 estis
2228 1981 2296 2024 Spi-

1332 2029 1397 2065 ritu
1414 2036 1521 2066 sancto
1534 2033 1564 2065 in
1578 2033 1628 2065 die
1642 2033 1863 2075 redemptionis
1880 2038 2005 2067 nostrae
2018 2048 2048 2067 ».
2063 2054 2105 2058 -
2118 2035 2297 2077 Designavit

1332 2090 1437 2119 autem
1463 2096 1516 2119 eos
1540 2087 1571 2119 in
1595 2097 1734 2119 numero
1758 2088 1989 2130 septuaginta,
2015 2088 2189 2121 secundum
2211 2088 2295 2131 quod

1331 2140 1482 2182 designati
1508 2140 1634 2172 fuerant
1650 2140 1680 2172 in
1706 2140 1803 2172 veteri
1828 2144 2031 2180 testamento,
2055 2141 2151 2174 Exodi
2175 2141 2296 2174 decimo

1331 2193 1442 2236 quinto
1457 2193 1492 2232 1⁰,
1518 2194 1548 2225 in
1573 2194 1786 2235 septuayinla
1806 2193 1949 2235 palmis,
1975 2194 2028 2227 ubi
2052 2195 2186 2233 dicitur,
2211 2194 2296 2236 quod

1336 2261 1351 2276 «
1369 2248 1400 2280 in
1426 2247 1502 2280 Elim
1527 2251 1618 2280 erant
1649 2247 1815 2280 duodecim
1846 2247 1947 2280 fontes
1970 2257 2158 2290 aquarum»
2192 2247 2296 2291 quoad

1331 2302 1506 2343 Apostolos,
1537 2314 1552 2330 «
1569 2304 1600 2334 et
1623 2301 1821 2343 septuaginta
1853 2301 2001 2342 palmae»
2031 2302 2133 2344 quoad
2158 2301 2296 2343 discipu-

1331 2355 1398 2393 los;
1423 2359 1454 2388 et
1478 2355 1690 2387 Numerorum
1715 2354 1898 2393 undecimo,
1925 2355 1955 2387 hi
1981 2355 2091 2396 signati
2116 2355 2247 2388 suerunt
2263 2355 2296 2387 in

1330 2408 1544 2450 septuayinca
1568 2407 1667 2446 viris,
1693 2407 1809 2450 quibus
1844 2407 1928 2440 dedit
1965 2407 2115 2440 Dominus
2144 2408 2295 2450 Spiritum

1331 2465 1474 2494 sanctum
1500 2461 1722 2503 prophetandi,
1749 2461 1802 2493 ubi
1827 2460 1960 2493 dicitur:
1988 2474 2003 2488 «
2020 2461 2156 2493 Locutus
2172 2464 2219 2493 est
2236 2461 2296 2493 Do-

1330 2515 1436 2547 minus
1459 2515 1497 2547 ad
1533 2516 1676 2556 Moysen,
1701 2514 1849 2547 auferens
1872 2514 1910 2547 de
1935 2514 2068 2556 spiritu,
2092 2514 2146 2556 qui
2172 2517 2240 2546 erat
2264 2513 2296 2546 in

1331 2568 1449 2609 Moyse,
1466 2572 1497 2601 et
1513 2568 1590 2600 dans
1607 2568 1805 2610 septuaginta
1828 2559 1921 2607 viris,
1946 2568 1999 2610 qui
2025 2568 2296 2609 prophetaverunt

1331 2630 1387 2654 nec
1412 2622 1497 2654 ultra
1520 2625 1732 2654 cessaverunt.
1759 2622 1983 2654 Remanserant
2018 2625 2123 2653 autem
2148 2620 2211 2653 duo
2236 2620 2295 2652 viri

1330 2675 1362 2707 iu
1386 2675 1515 2714 castris,
1541 2684 1637 2717 super
1660 2684 1741 2717 quos
1765 2675 1921 2717 requievit
1938 2674 2078 2716 spiritus.
2096 2674 2172 2707 Nam
2189 2677 2221 2706 et
2236 2673 2295 2716 ipsi

1403 2868 1414 2882 ὅ
1434 2869 1508 2895 Vers.
1530 2869 1560 2900 4,
1580 2868 1625 2895 ubi
1645 2870 1665 2894 11
1686 2876 1747 2894 cum
1778 2869 1888 2901 Vulgata
1918 2869 2012 2894 omittit
2039 2875 2123 2902 neque
2153 2868 2208 2900 (cfr.
2227 2867 2293 2893 infra

1332 2921 1357 2939 n.
1378 2914 1428 2946 8.);
1449 2914 1521 2939 tertia
1542 2920 1604 2945 pars
1624 2912 1735 2938 habetur
1755 2921 1781 2938 v.
1802 2913 1843 2938 17.

1402 2955 1412 2971 ⁷
1435 2958 1507 2983 Vers.
1528 2958 1574 2989 -16,
1594 2961 1654 2989 post
1672 2964 1752 2990 quem
1773 2958 1862 2982 Glossa
1882 2956 2025 2983 ordinaria
2039 2956 2079 2988 (ex
2093 2956 2174 2990 Beda)
2189 2957 2214 2981 in
2228 2956 2291 2982 Luc.

1332 3003 1379 3034 10,
1401 3003 1431 3033 1,
1451 3003 1475 3027 in
1494 3002 1569 3027 cuius
1589 3002 1639 3026 fine
1659 3001 1715 3033 ipse
1734 3001 1818 3026 Beda:
1836 3000 2072 3034 presbyterorum,
2092 2999 2119 3026 id
2131 3002 2169 3026 est
2182 2999 2295 3027 secundi

1330 3046 1434 3073 ordinis
1454 3045 1635 3073 sacerdotum.

1403 3089 1414 3104 ⁶
1436 3091 1508 3116 Vers.
1531 3090 1554 3116 4.

1402 3133 1413 3148 ⁹
1434 3136 1508 3161 vers.
1528 3135 1571 3160 30.
1590 3148 1625 3154 -
1644 3134 1771 3166 Superius
1785 3140 1833 3165 pro
1846 3133 1987 3167 siqnaculo
2001 3135 2131 3160 tonsurae
2146 3133 2191 3166 (ita
2209 3132 2228 3159 C
2240 3133 2259 3158 G
2270 3133 2293 3158 Η

1330 3185 1356 3207 et
1376 3180 1446 3213 Vat.)
1466 3181 1484 3205 A
1500 3180 1522 3205 D
1541 3178 1682 3213 siynaculo
1702 3178 1848 3205 doctrinae.

1403 3223 1424 3238 ¹0
1446 3224 1521 3250 Vers.
1536 3225 1577 3249 27.
1591 3223 1643 3250 Csr.
1663 3224 1779 3254 Hieron.‚
1799 3223 1878 3255 Epist.
1892 3222 1935 3248 78.
1950 3222 2024 3255 (alias
2047 3222 2114 3255 127.)
2130 3222 2171 3248 Vl.
2186 3222 2294 3248 Mansio.

1331 3283 1366 3289 -
1385 3268 1503 3294 Subinde
1522 3269 1666 3300 allegantur
1685 3268 1762 3294 Num.
1782 3268 1831 3299 11,
1851 3267 1894 3293 25.
1913 3270 1938 3292 et
1963 3267 2012 3298 26,
2032 3267 2059 3292 in
2079 3267 2154 3292 cuius
2173 3266 2226 3291 flne
2245 3273 2293 3298 pro

1331 3313 1442 3347 sumunt
1459 3312 1478 3339 C
1490 3313 1542 3339 DG
1554 3314 1573 3338 Η
1592 3313 1713 3346 fuerunt.
1732 3326 1768 3331 —
1787 3312 1914 3343 Superius
1931 3314 1991 3343 post
2009 3310 2038 3337 in
2056 3316 2171 3336 numero
2189 3311 2293 3343 septua-

1331 3357 1407 3392 qima
1427 3357 1576 3395 Vat.>addit
1594 3357 1676 3389 duos,
1698 3358 1718 3382 H
1738 3357 1811 3382 affert
1832 3359 1971 3388 utramque
1991 3355 2138 3381 lectionem.

2343 469 2420 492 tantia.

2317 1132 2418 1155 Primum.

2316 1719 2442 1741 Notandum.

2316 2039 2347 2061 De
2361 2045 2432 2061 eorum

2328 2072 2423 2088 numero.
