2476 3921
10 537 11 541 =
18 522 128 550 integritas
133 521 172 543 mi-

29 549 93 572 raculi
103 551 173 570 outen-

37 576 100 606 ditnr·
109 581 160 607 qun-

32 602 163 630 druplioiter.

83 1107 161 1129 Primo.

4 2195 6 2210 1
37 2170 166 2193 Notandum.

25 2595 64 2617 Sex
77 2596 133 2618 modi
143 2597 173 2618 lo-

25 2623 102 2648 quendi
108 2624 174 2651 expli·

25 2651 105 2670 cantur.

5 2677 6 2680 ’
77 2676 167 2698 Primus.

782 210 975 243 COMMENT.
1001 210 1037 243 ΙΝ
1061 209 1299 243 EVANGELIUM
1324 210 1440 243 LUCAE
1465 211 1496 243 C.
1523 212 1557 243 V.

181 300 330 343 vigesimo
360 300 519 334 secundo:
557 313 573 329 «
589 300 652 342 Ego
674 303 782 333 autem
813 299 844 332 in
873 299 975 332 medio
999 302 1140 332 vestrum

180 362 250 387 sum
267 365 298 393 »;
322 357 353 386 et
376 353 445 386 ideo
468 353 499 386 in
528 353 668 386 Psalmo:
698 365 714 381 α
731 352 933 395 suscepimus
963 352 1141 385 misericor-

181 406 263 439 diam
288 408 373 439 tuam
398 406 430 438 in
454 405 556 438 medio
581 405 687 447 templi
713 405 758 438 tui
776 419 807 437 υ.

270 459 322 492 47.
348 458 556 501 (Vers.·20.).
592 459 742 500 Quorum
772 458 872 500 fidem
902 463 941 491 ut
970 458 1054 491 vidit
1080 461 1139 491 etc.

182 501 353 546 praemissa
368 515 416 546 est
431 511 576 545 miraculi
592 511 723 545 faciendi
738 511 976 554 opportunitas;
999 511 1050 544 hic
1066 520 1141 544 vero

182 566 385 608 subiungitur
409 565 556 608 ipsiusssin
572 563 727 608 faciendo
743 564 937 607 inteqritas,
955 564 1030 607 quia
1046 564 1142 597 simul

181 619 326 652 Christus
348 618 467 652 infirmi
498 627 615 661 corpus
638 622 669 651 et
691 618 827 651 animam
851 621 964 651 curat:
989 618 1142 651 animam

180 682 199 705 a
221 675 348 715 peccato
371 675 402 704 et
424 681 547 714 corpus
570 681 589 704 a
612 670 733 704 morbo.
755 671 902 705 Consistit
922 674 1029 704 autem
1046 671 1143 704 huius

180 725 324 759 miraculi
356 724 494 767 perfecta
525 725 689 767 integritas
712 724 743 757 in
767 728 923 767 quatuor,
955 733 1037 767 quae
1068 728 1143 757 sunt

180 788 278 821 supra
301 778 450 811 virtUtem
476 779 646 811 humanam
657 803 664 817 ‚
682 778 799 811 scilicet
815 778 847 810 in
864 778 1056 811 remissione
1068 787 1142 820 pec-

180 835 352 870 catorum,
377 831 571 864 discretione
594 831 852 874 coyitationum,
881 831 1118 873 exstirpatione
1131 831 1142 850 ¹

180 894 337 930 errorum
368 888 399 918 et
430 884 686 918 consolidatione
720 884 947 917 membrorum
973 883 1143 927 paralyti-

182 948 308 971 corum.
333 938 413 971 Haec
436 938 519 971 enim
544 940 681 980 quatuor
706 937 896 971 miraculum
920 937 1056 971 reddunt
1076 946 1144 980 per-

182 991 308 1025 fectum.

271 1044 485 1078 Praemittitur
509 1054 585 1087 ergo
609 1045 760 1078 remissio
783 1048 995 1087 peccatorum
1019 1053 1061 1077 ex
1078 1053 1143 1078 me-

181 1097 243 1131 rito
265 1097 338 1131 fidei
361 1097 580 1137 offerentium,
605 1106 677 1131 cum
702 1097 798 1131 dicit:
825 1098 976 1139 Quorum
992 1097 1091 1140 fidem
1108 1101 1144 1130 ut

181 1151 281 1190 vidit,
299 1151 391 1193 quia,
408 1151 490 1184 sicut
505 1151 621 1184 dicitur
638 1151 729 1193 primi
748 1152 866 1193 Regum
879 1151 999 1184 decimo
1012 1154 1103 1184 sexto
1117 1150 1143 1190 ²,

187 1217 202 1232 a
220 1204 315 1237 homo
339 1204 423 1237 videt
447 1213 483 1237 ea
507 1213 588 1247 quae
604 1208 733 1246 parent,
751 1204 903 1237 Dominus
918 1207 1024 1237 autem
1042 1204 1144 1238 intue-

182 1260 236 1290 tur
260 1267 314 1291 cor
331 1271 360 1290 ».
394 1257 499 1297 Vidit,
524 1258 652 1300 inquam
664 1284 671 1297 ,
688 1258 779 1291 oculo
796 1257 1028 1291 misericordiae
1039 1284 1046 1297 ,
1063 1258 1145 1290 sicut

182 1310 281 1343 Exodi
297 1310 408 1344 tertio:
426 1323 442 1340 «
457 1310 524 1343 Vidi
541 1310 741 1344 afflictionem
757 1311 865 1353 populi
882 1311 961 1350 mei,
978 1311 1033 1353 qui
1049 1315 1096 1344 est
1113 1311 1144 1344 in

182 1363 318 1406 Aegypto
334 1377 364 1395 ι).
389 1363 432 1396 Ad
455 1372 552 1405 quam
568 1364 718 1397 visionem
735 1364 813 1397 fides
828 1364 981 1406 disponit;
998 1364 1145 1398 Ieremiae

182 1417 312 1459 quinto:
343 1429 358 1445 «
374 1416 521 1456 Domine,
545 1417 627 1449 oculi
656 1417 702 1449 tui
733 1410 906 1459 respiciunt
936 1417 1030 1450 fidem
1046 1431 1076 1449 ι).
1103 1437 1143 1440 -

183 1471 219 1503 Et
234 1470 401 1513 quoniam,
424 1470 506 1503 sicut
521 1470 638 1503 dicitur
655 1470 899 1504 Proverbiorum
916 1471 1036 1504 decimo
1053 1471 1145 1513 quin-

183 1527 232 1563 to,
254 1536 270 1552 «
282 1532 338 1565 per
356 1523 603 1556 misericordiam
621 1526 652 1556 et
668 1523 761 1557 fidem
778 1527 957 1566 purgantur
974 1527 1101 1566 peccata
1113 1537 1144 1564 »3

182 1577 251 1611 ideo
275 1577 443 1610 subditur:
471 1577 584 1621 Dixit:
609 1577 733 1617 Homo,
758 1577 976 1610 remittuntur
1000 1577 1060 1611 tibi
1072 1587 1145 1621 pec-

183 1628 261 1664 cata
285 1634 353 1663 tua.
378 1631 411 1663 ln
435 1631 512 1670 hoc,
537 1631 621 1673 quod
645 1631 720 1664 dicit
744 1630 859 1670 homo,
884 1631 995 1665 invitat
1015 1632 1055 1665 ad
1070 1642 1145 1665 con-

183 1683 415 1717 siderationem
426 1684 589 1727 propriae
600 1684 777 1723 miseriae;
790 1685 841 1717 lob
853 1685 975 1718 decimo
987 1688 1103 1728 quarto
1115 1686 1144 1718 ³:

189 1737 317 1770 «Homo
351 1740 445 1770 natus
475 1737 513 1770 de
544 1737 696 1776 muliere,
728 1738 816 1771 brevi
849 1738 957 1771 vivens
988 1742 1145 1781 tempore,

184 1791 325 1833 repletur
349 1791 458 1824 multis
474 1790 609 1823 miseriis
626 1803 656 1830 »;
673 1794 704 1824 et
721 1800 835 1824 rursus
852 1792 1003 1833 vigesimo
1019 1792 1144 1834 quinto:

189 1857 204 1873 α
221 1845 317 1877 Homo
340 1844 492 1887 putredo,
516 1847 547 1877 et
570 1844 654 1876 filius
677 1844 814 1877 hominis
836 1845 954 1878 vermis
970 1858 1000 1877 ι».
1019 1845 1051 1878 In
1069 1846 1143 1885 hoc,

174 1898 268 1940 quod
295 1898 437 1940 adiungit
467 1897 701 1936 remittuntur,
731 1897 841 1931 invitat
872 1898 911 1930 ad
941 1908 1032 1941 spem
1060 1899 1145 1931 divi-

183 1960 247 1983 nae
268 1950 424 1993 qratiam
447 1950 486 1983 ad
512 1950 660 1992 Ephesios
676 1950 823 1992 prim04:
847 1964 863 1984 <t
878 1950 1072 1984 Gratificavit
1088 1961 1144 1985 nos

184 2002 216 2035 in
239 2002 352 2035 dilecto
375 2002 450 2035 Filio
473 2011 549 2042 suo,
573 2003 605 2035 in
629 2012 693 2045 quo
717 2003 870 2037 habemus
898 2004 1144 2047 redemptionem

184 2064 240 2098 per
257 2055 441 2098 sanguinem
458 2055 544 2095 eius,
562 2056 778 2090 remissionem
795 2061 995 2100 peccatorum
1013 2071 1043 2098 »;
1061 2059 1144 2092 unde

184 2108 300 2156 dicitur
323 2108 443 2151 primae
467 2109 589 2143 Ioannis
613 2110 770 2143 secundo:
793 2123 809 2140 α
826 2111 1040 2145 Remittuntur
1058 2112 1145 2146 vobis

185 2165 311 2204 peccata
334 2164 440 2195 vestra
463 2166 594 2205 propter
617 2172 731 2197 nomen
747 2164 816 2198 eius
832 2178 862 2197 ».
880 2165 959 2199 Haec
975 2169 1081 2199 autem
1099 2175 1146 2199 re-

185 2214 291 2248 missio
321 2218 523 2257 peccatorum
554 2216 700 2250 inchoata
727 2217 787 2251 fuit
809 2227 828 2251 a
850 2217 912 2251 fide
936 2219 1065 2258 aliena,
1090 2219 1145 2252 sed

184 2267 217 2300 in
246 2268 680 2310 propria.consummatur;
708 2271 792 2305 unde
821 2271 948 2305 Beda⁵:
978 2272 1143 2306 «Multum

184 2320 267 2353 valet
290 2321 463 2365 unicuique
479 2323 556 2356 fides
572 2324 717 2366 propria,
735 2333 807 2358 cum
824 2334 881 2367 per
896 2325 1028 2358 alienam
1051 2326 1145 2358 homo

185 2373 225 2406 sit
248 2374 380 2408 interius
403 2379 435 2410 et
455 2377 597 2410 exterius
621 2378 759 2411 salvatus
774 2391 807 2418 n,
831 2378 886 2411 sed
909 2379 969 2412 hoc
992 2388 1055 2412 non
1079 2379 1145 2412 sine

184 2427 313 2469 propria
329 2429 559 2472 subsequente;
584 2431 667 2464 unde
691 2432 836 2465 Matthaei
860 2441 943 2464 nono
959 2432 1074 2465 dicitur
1090 2442 1145 2475 pa-

186 2480 332 2522 ralytico:
362 2495 377 2511 «ι
394 2483 537 2523 confide,
561 2484 624 2524 fili,
646 2484 852 2518 remittuntur
877 2485 932 2518 tibi
956 2488 1083 2527 peccata
1099 2499 1129 2518 ».

274 2535 327 2567 48.
354 2535 390 2568 Et
412 2540 503 2576 nota,
527 2537 765 2579 quodpeccata
787 2538 938 2571 dicuntur
961 2539 1086 2571 remitti
1115 2542 1146 2572 et

186 2587 336 2622 dicuntur
359 2589 501 2629 dimitti,
530 2590 680 2623 dicuntur
704 2591 886 2630 mundari,
910 2591 1061 2624 dicuntur
1091 2601 1146 2625 sa-

187 2641 268 2674 nari
276 2654 289 2680 ‚·
310 2642 460 2676 dicuntur
485 2643 566 2686 teyi,
590 2643 740 2676 dicuntur
768 2644 897 2677 redimi.
924 2663 965 2668 —
990 2645 1146 2678 Dicuntur

188 2695 312 2727 remitti
334 2699 489 2738 quantum
505 2696 544 2729 ad
560 2701 690 2729 reatum
704 2697 957 2739 poenae2insra
974 2698 1106 2740 septimo
1118 2698 1145 2730 ⁶:

260 2859 269 2874 ²
292 2861 347 2886 vat.
366 2861 557 2894 confutatione.

259 2902 270 2918 ²
289 2905 365 2930 Vers.
383 2905 408 2930 7.
428 2919 463 2925 -
483 2906 547 2932 Tres
566 2913 639 2940 seqq.
660 2907 709 2933 loci
724 2910 785 2933 sunt
803 2908 883 2934 Exod.
904 2909 932 2941 3,
952 2908 983 2941 7;
1005 2910 1050 2934 ler.
1071 2909 1101 2942 5,
1121 2909 1146 2935 3.

189 2951 215 2975 et
232 2949 309 2975 Prov.
330 2949 378 2982 ⁴5,
396 2950 439 2976 27.

259 2991 271 3007 ⁸
290 2994 364 3020 Vers.
385 2994 414 3025 l,
431 2997 493 3026 post
511 3002 591 3028 quem
611 2995 657 3027 25,
677 2996 701 3021 6.

259 3036 271 3051 ⁴
291 3039 363 3064 Vers.
386 3039 411 3063 6.
432 3052 467 3057 -
490 3039 613 3072 Sequitur
631 3041 648 3066 l.
669 3041 738 3066 loun.
757 3042 786 3072 2,
809 3041 850 3067 12.

260 3080 271 3096 ⁶
290 3082 359 3108 Libr.
389 3083 415 3108 ll.
442 3083 467 3108 in
491 3083 554 3109 Luc.
579 3085 611 3115 5,
640 3085 682 3110 20.
713 3085 800 3111 Verba
828 3086 972 3118 allegantur
999 3087 1146 3113 secundum

190 3126 308 3152 Glossam
338 3125 510 3153 ordinariam
538 3128 565 3153 in
592 3129 706 3155 eundem
734 3130 782 3155 loc.
808 3144 843 3148 —
872 3130 989 3157 Subinde
1021 3132 1147 3163 allegatur

191 3171 279 3197 Matth.
298 3171 328 3202 9,
348 3172 373 3196 2.

261 3213 273 3229 ⁰
293 3216 366 3241 Vers.
387 3215 429 3241 47.
448 3229 482 3235 —
502 3216 625 3249 Sequitur
644 3218 731 3244 Matth.
751 3219 779 3250 6,
801 3219 841 3245 44.

262 3256 272 3272 ⁷
292 3259 387 3285 Psalm.
409 3259 457 3290 50,
478 3259 508 3291 4,
528 3262 587 3292 post
605 3268 684 3293 quem
704 3262 762 3288 lsai.
782 3262 810 3293 6,
830 3262 856 3289 7.

262 3300 272 3317 ³
293 3303 365 3329 Vers.
386 3302 433 3335 it,
452 3304 493 3330 cui
512 3303 679 3336 subiungitur
697 3306 737 3332 Ps.
758 3306 805 3339 40,
825 3306 850 3333 5.

261 3345 272 3360 ⁹
291 3347 386 3373 Psalm.
406 3348 433 3373 3⁴
446 3369 454 3380 ,
475 3349 498 3374 l.
518 3362 553 3368 —
573 3348 690 3376 Subinde
707 3351 833 3383 allegatur
852 3352 870 3377 l.
889 3352 956 3377 petr.
978 3351 1006 3384 4,
1027 3353 1052 3377 8.

262 3389 286 3406 ¹⁰
304 3391 379 3418 Vers.
400 3392 448 3425 24,
468 3396 527 3425 post
545 3400 625 3426 quem
645 3394 685 3420 Ps.
703 3394 746 3426 7⁴,
768 3395 809 3421 ⁴4.

2101 214 2161 247 125

1211 311 1228 328 κ
1241 298 1456 332 Remittuntur
1469 299 1495 332 ei
1513 303 1640 341 peccata
1656 301 1772 339 multa,
1789 302 1937 343 quoniam
1954 302 2066 335 dilexit
2083 303 2164 335 mul-

1205 355 1272 384 tum
1291 366 1320 384 1».
1348 371 1387 374 ——
1412 352 1568 385 Dicuntur
1599 353 1724 386 dimitti
1755 355 1874 387 ratione
1902 353 2066 398 offensae;
2091 347 2166 388 Mat-
2185 361 2305 382 Seeundm·

1205 406 1288 438 thaei
1314 409 1426 438 sexto:
1457 419 1472 434 «
1489 406 1518 438 Si
1547 406 1729 439 dimiseritis
1753 408 1934 441 hominibus
1958 413 2084 450 peccata
2114 418 2166 442 eo-

1206 467 1278 491 rum
1291 485 1298 498 ‚
1319 459 1454 492 dimittet
1470 463 1501 491 et
1517 459 1605 492 vobis
1623 460 1711 493 Pater
1728 461 1869 493 caelestis
1885 462 1997 495 delicta
2015 467 2119 496 vestra
2135 478 2164 496 ι.

1205 526 1249 535 -·
1273 512 1429 545 Dicuntur
1452 512 1617 545 mundari
1640 513 1759 546 ratione
1783 515 1958 552 maculae,-
1984 516 2165 549 Psalmus⁷2
2186 519 2277 541 Testim-

1211 577 1227 593 α
1243 565 1383 606 Amplius
1414 565 1483 598 lava
1510 574 1560 598 me
1583 565 1623 598 ab
1647 566 1810 609 iniquitate
1834 576 1920 606 mea,
1946 572 1976 601 et
1999 578 2018 601 a
2042 573 2168 610 peccato

1206 627 1276 651 meo
1300 619 1418 651 munda
1450 628 1500 652 me
1516 631 1547 658 »;
1572 623 1603 652 et
1626 619 1721 653 Isaiae
1744 624 1856 653 sexto:
1886 635 1901 649 κ
1919 622 2085 655 Auferetur
2110 623 2167 655 ini-

1206 671 1311 714 quitas
1335 675 1408 711 tua,
1432 676 1463 704 et
1487 675 1649 714 peccatum
1676 677 1767 706 tuum
1785 674 1989 707 mundabitur
2007 689 2036 707 ».
2056 694 2097 699 —
2114 676 2167 708 Di-
2186 679 2287 705 ρωποι.

1206 728 1325 757 cuntur
1347 725 1472 758 sanari
1493 729 1648 767 quantum
1672 726 1711 758 ad
1727 726 1987 760 vulnerationem
2004 733 2148 761 naturae
2156 741 2167 767 ,-

1207 777 1291 811 unde
1316 778 1436 811 loannis
1459 779 1617 821 quintossz
1647 792 1662 808 α
1681 779 1773 818 Ecce,
1798 780 1858 812 iam
1883 790 1978 814 sanus
2002 781 2102 814 sactus
2118 791 2166 821 es,

1207 831 1267 864 iam
1292 832 1428 873 amplius
1452 832 1513 865 noli
1539 841 1669 874 peccare
1690 846 1719 872 »‚
1744 833 1859 866 dicitur
1884 834 2047 876 languido;
2073 839 2104 868 et
2136 835 2167 868 in

1208 884 1350 917 Psalmo:
1381 898 1395 914 α
1412 886 1493 918 Sana
1515 885 1650 918 animam
1676 895 1794 926 meam,
1820 887 1894 929 quia
1918 888 2041 929 peccavi
2064 888 2118 921 tibi
2137 903 2166 920 n.

1207 957 1252 962 —-
1275 938 1432 972 Dicuntur
1457 939 1521 982 teyi
1544 943 1673 981 propter
1696 940 1923 982 spoliationem
1940 942 2073 974 virtutis
2088 952 2168 985 yra-
2188 944 2286 971 Quintus-

1209 991 1334 1029 tuitae:
1360 992 1548 1025 Psalmus9:
1578 1005 1593 1021 a
1612 992 1712 1032 Beati,
1745 1003 1883 1036 quorum
1915 995 2063 1027 remissae
2096 998 2170 1028 sunt

1209 1044 1407 1086 iniquitates,
1432 1048 1463 1078 et
1486 1055 1625 1087 quorum
1657 1050 1738 1079 tecta
1769 1050 1843 1080 sunt
1875 1051 2001 1089 peccata
2021 1060 2051 1086 »;
2084 1048 2169 1090 quod

1209 1098 1245 1131 fit
1275 1096 1331 1140 per
1363 1099 1546 1138 caritatem;
1579 1099 1700 1141 primae
1733 1101 1812 1133 Petri
1845 1106 1980 1143 quarto:
2011 1115 2026 1129 κ
2050 1102 2169 1135 Caritas

1208 1152 1311 1194 operit
1336 1152 1570 1186 multitudinem
1588 1157 1788 1195 peccatorum
1806 1168 1836 1186 υ.
1854 1173 1896 1177 ——
1911 1155 2066 1187 Dicuntur
2082 1155 2168 1187 redi·
2188 1158 2272 1179 Sum·

1209 1205 1258 1237 mi
1281 1209 1436 1247 quantum
1460 1205 1498 1238 ad
1527 1206 1750 1248 captivitatem
1773 1208 1943 1240 servitutis
1966 1208 2168 1246 diabolicae;

1209 1258 1345 1291 Danielis
1361 1261 1476 1300 quarto
1491 1259 1536 1290 ¹⁰:
1559 1272 1574 1287 «
1593 1259 1719 1292 Peccata
1735 1261 1939 1302 eleemosynis
1956 1262 2073 1294 redime
2091 1274 2120 1299 »ς
2138 1265 2170 1295 et

1210 1311 1383 1344 Psalmus:·
1401 1324 1417 1339 «
1434 1312 1479 1343 Ex
1504 1312 1611 1345 usuris
1642 1316 1673 1345 et
1704 1313 1867 1355 iniquitate
1896 1314 2027 1347 redimet
2050 1315 2169 1348 animas

1208 1373 1320 1397 eorum
1337 1378 1367 1396 ».

1298 1418 1351 1450 49.
1377 1418 1478 1459 (Vers.
1503 1419 1580 1459 ai).
1607 1418 1736 1452 Additur
1760 1424 1864 1453 autem
1890 1421 2026 1454 secundo
2047 1423 2168 1455 disere·
2188 1423 2295 1445 Secunda

1210 1470 1254 1503 tio
1277 1471 1516 1514 cogitationum
1533 1472 1565 1504 in
1580 1472 1685 1505 animo
1708 1472 2004 1515 blasphemantium,
2030 1485 2102 1508 cum
2124 1476 2170 1508 di-

1210 1523 1314 1557 citur:
1341 1525 1380 1557 Et
1403 1529 1579 1567 coeperunt
1601 1525 1747 1567 copitar-e
1769 1526 1898 1559 scribae
1918 1532 1947 1560 et
1968 1527 2169 1569 Pharisaei,

1210 1577 1413 1620 cogitationes
1436 1586 1532 1611 vanas
1556 1582 1586 1611 et
1610 1579 1743 1619 noxias;
1768 1580 1806 1612 ad
1831 1581 1983 1614 Romanos
2008 1582 2109 1623 primo
2124 1584 2169 1615 ¹¹:

1215 1644 1231 1660 «
1248 1631 1453 1664 Evanuerunt
1476 1632 1506 1664 in
1531 1632 1773 1675 cogitationibus
1805 1634 1888 1673 suis,
1913 1638 1944 1667 et
1967 1635 2172 1669 obscuratum

1210 1688 1257 1717 est
1280 1684 1431 1726 insipiens
1455 1694 1509 1717 cor
1540 1694 1651 1718 eorum
1669 1699 1699 1718 ι».
1734 1686 1770 1719 Et
1801 1688 1946 1729 sequitur
1978 1689 2172 1730 cogitationis

1210 1737 1391 1779 expressio,
1417 1747 1490 1770 cum
1513 1738 1619 1771 addit:
1644 1739 1802 1778 dieentes,
1827 1740 1945 1773 scilicet
1968 1741 2000 1773 in
2024 1741 2172 1775 cordibus

1210 1790 1294 1829 suis,
1319 1790 1492 1823 secundum
1517 1791 1595 1824 illud
1620 1792 1753 1825 Psalmi:
1783 1806 1798 1821 «
1815 1794 1902 1835 Quae
1926 1794 2027 1827 dicitis
2052 1795 2081 1827 in
2104 1803 2173 1828 cor-

1209 1843 1302 1876 dibus
1326 1844 1439 1877 vestris
1464 1844 1494 1877 in
1512 1845 1670 1878 cubilibus
1686 1847 1799 1879 vestris
1815 1848 2060 1889 compungimini
2079 1862 2109 1880 n.
2127 1868 2171 1872 —

1211 1898 1293 1939 Quis
1316 1901 1363 1930 est
1385 1897 1457 1937 bic,
1481 1899 1541 1942 qui
1563 1898 1710 1942 loquitur
1735 1899 1974 1942 blasphemiam
1989 1901 2042 1933 ¹²?
2059 1903 2090 1934 ln
2109 1912 2172 1945 qua
2191 1904 2274 1953 ⁰232}
2288 1905 2320 1926 in·

1208 1951 1395 1993 cogitatione
1418 1951 1602 1994 despiciitnt
1619 1952 1811 1986 Salvatorem
1827 1954 1916 1995 quasi
1933 1954 2044 1993 vilem,
2062 1955 2093 1987 in
2111 1956 2171 1988 hoc
2275 1947 2280 1952 ’

1209 2004 1293 2046 quod
1317 2004 1448 2037 dicunt:
1475 2005 1558 2046 Quis
1581 2009 1628 2038 est
1651 2004 1727 2038 liic?
1748 2006 1952 2040 Ecclesiastici
1970 2008 2091 2041 decimo
2109 2012 2171 2041 ter-

1209 2058 1272 2091 tio:
1303 2071 1318 2087 «
1336 2058 1457 2101 Pauper
1482 2059 1607 2092 locutus
1630 2063 1694 2099 est,
1712 2064 1743 2093 et
1759 2060 1889 2093 dicunt:
1912 2061 1988 2103 Quis
2004 2065 2051 2094 est
2068 2061 2117 2095 hic
2135 2065 2172 2094 n?

1209 2116 1319 2145 contra
1342 2112 1420 2145 illud
1443 2112 1528 2155 quod
1544 2113 1661 2146 dicitur
1678 2113 1882 2147 Ecclesiastici
1899 2114 2082 2147 undecimo:
2101 2128 2116 2144 <z
2129 2115 2172 2148 Ne

1209 2174 1341 2208 spernas
1363 2166 1522 2199 hominem
1547 2166 1577 2199 in
1602 2167 1673 2200 visu
1696 2176 1754 2200 suo
1770 2181 1800 2199 ι).
1824 2186 1870 2191 -
1893 2168 2114 2211 Redaryuunt
2137 2172 2174 2202 ut

1205 2223 1411 2261 peccatorem
1427 2219 1459 2252 in
1476 2219 1550 2258 hoc,
1567 2220 1652 2262 quod
1668 2220 1835 2262 imponunt
1858 2221 2095 2263 blasphemiam.
2121 2222 2174 2255 Est

1209 2275 1315 2305 autem
1341 2271 1569 2315 blasphemare
1600 2274 1664 2306 Deo
1688 2274 1835 2307 iniuriam
1860 2274 2001 2317 irrogare
2016 2275 2062 2315 1ὶ’·;
2088 2275 2172 2318 quod

1209 2326 1245 2359 fit
1269 2326 1454 2368 tripliciter:
1485 2327 1534 2359 vel
1565 2336 1638 2360 cum
1671 2327 1869 2361 attribuitur
1903 2329 1966 2361 Deo
1998 2329 2082 2371 quod
2113 2329 2171 2362 sibi
2186 2331 2338 2385 ffiffiffl&

1210 2389 1272 2412 non
1296 2380 1463 2419 convenit;
1496 2380 1545 2413 vel
1569 2389 1642 2413 cum
1666 2386 1853 2414 removetur
1876 2381 1918 2414 ab
1941 2391 1977 2414 eo
2000 2382 2084 2424 quod
2112 2382 2171 2415 sibi

1210 2432 1372 2471 convenit;
1397 2433 1447 2465 vel
1470 2442 1542 2466 cum
1568 2438 1746 2466 creaturae
1769 2434 1970 2467 attribuitur
1993 2435 2077 2477 quod
2098 2444 2172 2477 pro-

1209 2485 1278 2527 prie
1301 2485 1365 2518 Deo
1388 2486 1554 2525 convenit;
1580 2487 1663 2519 unde
1687 2487 1813 2529 quando
1844 2487 1989 2521 Christus
2019 2489 2171 2522 attribue-

1210 2539 1263 2571 bat
1294 2539 1352 2571 sibi
1384 2539 1599 2579 Divinitatem,
1631 2540 1801 2573 credebant
1832 2550 1903 2574 eum
1934 2542 2170 2584 blasphemare,

1210 2592 1292 2625 sicut
1315 2592 1408 2625 Marci
1426 2592 1546 2625 decimo
1562 2596 1676 2635 quarto
1691 2594 1716 2613 ¹⁴
1731 2606 1737 2626 :
1765 2607 1781 2622 «
1796 2594 1877 2635 Quid
1893 2595 1997 2628 adhuc
2013 2595 2171 2628 desidera-

1210 2654 1282 2678 mus
1306 2649 1400 2679 testes
1414 2648 1428 2677 *ἰ
1452 2645 1587 2679 Audistis
1608 2646 1832 2688 blasphemiam
1852 2660 1881 2685 »;
1907 2648 2028 2680 loannis
2050 2648 2171 2681 decimo

1212 2699 1353 2732 Salvator
1376 2699 1458 2732 dixit
1482 2699 1622 2733 Iudaeis:
1653 2713 1668 2729 «τ
1684 2700 1783 2742 Quem
1808 2701 1897 2734 Pater
1921 2702 2125 2734 sanctificavit
2141 2706 2171 2735 et

1283 2864 1303 2879 ¹¹
1326 2866 1400 2891 Vers.
1421 2866 1518 2892 21..-
1537 2866 1660 2899 Sequitur
1679 2866 1720 2891 Ps.
1740 2866 1769 2897 4,
1789 2866 1813 2891 5.

1282 2908 1304 2924 ¹²
1325 2910 1436 2942 Vulgata
1456 2913 1482 2936 et
1500 2911 1522 2936 H
1541 2909 1728 2944 blasphemias.
1745 2925 1778 2929 —
1792 2911 1849 2936 Duo
1863 2918 1937 2944 seqq.
1951 2911 1999 2937 loci
2021 2915 2081 2937 sunt
2095 2912 2169 2938 Eccli.

1212 2954 1257 2986 113,
1278 2955 1321 2980 29.
1339 2957 1365 2980 et
1386 2955 1427 2986 tl,
1447 2956 1471 2981 2.

1282 2997 1304 3013 ¹³
1324 2994 1448 3031 August„
1469 3001 1496 3025 ll.
1514 2999 1547 3025 de
1568 2999 1658 3025 Morib.
1683 3000 1855 3026 Manichaeor.
1876 3007 1899 3025 e.
1921 3001 1962 3026 ll.
1981 3008 2006 3026 n.
2026 3001 2072 3026 20:
2096 3011 2109 3024 (ι
2128 3002 2170 3027 Est

1210 3046 1299 3069 autem
1318 3042 1495 3076 blasphemia,
1514 3050 1575 3070 cum
1595 3044 1682 3077 aliqua
1702 3045 1769 3069 mala
1782 3045 1905 3070 dicuntur
1924 3045 1957 3070 de
1978 3044 2061 3071 bonis.
2082 3046 2170 3078 ltaque

1211 3087 1262 3113 iam
1283 3088 1364 3119 vulgo
1384 3087 1546 3120 blasphemia
1566 3095 1618 3114 non
1637 3088 1776 3120 accipitur,
1795 3089 1843 3115 nisi
1864 3089 1930 3114 mala
1956 3088 2037 3115 verba
2057 3089 2090 3115 de
2116 3090 2169 3115 Deo

1210 3131 1311 3162 dicere3
1331 3132 1365 3157 de
1384 3131 1535 3158 hominibus
1555 3139 1668 3165 namque
1686 3132 1801 3158 dubitari
1820 3137 1918 3164 potest,
1939 3133 2008 3159 Deus
2032 3140 2095 3160 vero
2114 3134 2170 3159 sine

1211 3176 1389 3201 controversia
1409 3176 1494 3202 bonus
1512 3180 1551 3202 est
1564 3186 1588 3201 n.
1609 3176 1663 3201 Lib.
1678 3181 1766 3202 contra
1787 3177 1965 3208 Mendacium,
1985 3184 2007 3203 c.
2024 3179 2065 3203 l9.
2083 3186 2108 3203 n.
2122 3179 2169 3203 39:

1211 3220 1420 3252 Blaspliemundo
1440 3223 1527 3246 autem
1541 3220 1575 3246 de
1588 3221 1645 3252 ipso
1660 3222 1720 3246 falsa
1740 3221 1862 3247 dicuntur
1876 3221 1938 3247 Deo.
1958 3221 2009 3248 Cir.
2023 3223 2092 3248 Alex.
2105 3223 2169 3252 Hal„

1212 3265 1237 3290 S.
1256 3271 1283 3296 p.
1303 3265 1331 3290 ll.
1349 3265 1455 3298 q.··t32.
1477 3271 1510 3290 m.
1532 3265 1555 3290 l.
1575 3268 1600 3290 et
1619 3266 1649 3297 2,
1670 3264 1715 3291 ubi
1734 3266 1812 3291 etiam
1832 3266 1865 3291 de
1885 3265 1968 3292 tribus
1991 3265 2169 3298 blasphemiae

1211 3309 1371 3335 dinerentiis.

1284 3352 1306 3367 ¹⁴
1325 3354 1399 3380 Vers.
1419 3354 1461 3380 63.
1480 3361 1535 3387 seq.
1554 3368 1590 3374 —
1609 3355 1731 3388 Sequitur
1751 3356 1818 3381 loan.
1841 3356 1887 3388 to,
1907 3356 1949 3381 36.
