2476 3921
201 593 280 614 Tertia.

193 699 281 726 Quarta.

198 1017 283 1044 Figura.

198 1336 282 1362 Figura.

298 284 362 316 496

299 371 544 416 compassz‘one;
579 368 632 401 lob
667 366 871 409 trigesimo¹:
909 378 925 394 «
944 364 1068 398 Flebam
1100 362 1260 406 quondam

299 435 395 469 super
419 434 456 458 eo
479 423 533 466 qui
557 422 693 455 afflictus
717 423 800 459 erat,
821 423 853 452 et
877 418 1126 461 compatiebatur
1156 416 1261 449 anima

298 489 368 513 mea
391 477 522 521 pauperi
536 488 567 515 »3
585 478 616 509 et
632 474 781 508 Ieremiae
804 482 903 506 nono:
935 485 950 500 «
967 471 1043 513 Quis
1059 470 1146 503 dabit
1166 468 1260 511 capiti

299 542 370 566 meo
392 540 506 574 aquam
531 533 562 563 et
577 528 677 562 oculis
692 526 770 560 meis
786 526 903 559 fontem
932 525 1145 566 lacrymarum
1162 525 1200 554 n?
1218 540 1259 544 —

300 587 359 619 Pro
384 584 530 620 incolatu
558 580 745 624 praesentis·
776 578 952 616 miseriam
984 576 1106 609 Ioannis
1137 574 1260 608 decimo

301 643 391 673 sexto
405 639 432 670 2:
463 651 477 666 «
490 635 655 669 plorabitis
674 647 689 663 »
711 637 789 671 010.;
814 636 845 665 01
870 631 1025 664 Psalmus:
1055 643 1070 658 α
1084 630 1149 662 Heu
1167 627 1259 660 mibi!

302 693 376 736 quia
392 691 546 724 incolatus
558 697 648 721 meus
660 687 865 730 prolongatus
877 688 924 718 est
936 697 967 716 ».
981 702 1024 706 -
1039 683 1097 715 Pro
1114 680 1261 724 appetita

301 745 471 789 felicitatis
502 746 654 776 aeternae
663 753 674 779 ;
702 739 846 772 Matthaei
872 736 1026 780 quinto³:
1056 735 1180 773 «Beati,
1206 733 1261 775 qui

302 801 428 841 lugent,
452 796 600 839 quoniam
624 794 682 836 ipsi
707 792 997 826 consolabuntur».
1024 789 1082 821 Has
1106 789 1262 829 lacrymas

301 852 452 885 debemus
476 852 597 891 petere,
622 845 772 889 quamdiu
790 852 901 876 sumus
917 851 1013 884 super
1029 841 1160 874 asellum
1178 848 1263 872 mor-

303 904 431 938 talitatis
454 905 589 935 nostrae.
614 899 701 932 Sicut
731 897 813 931 enim
849 896 994 928 Christus
1018 903 1114 936 super
1138 893 1261 926 asinum

303 958 406 996 flevit,
432 957 476 989 sic
507 958 538 987 et
572 953 693 990 anima,
725 960 806 993 quae
842 949 955 982 insidet
986 947 1111 989 corpori
1147 946 1263 978 misero

304 1016 453 1053 tanquam
477 1007 587 1045 asello,
611 1006 688 1038 ssere
711 1004 813 1037 debet.
840 1003 871 1035 In
896 1002 988 1034 cuius
1012 1001 1147 1042 figuram
1181 998 1261 1031 ludi-

303 1073 375 1098 cum
401 1061 528 1105 primo4
551 1059 686 1097 dicitur,
710 1056 794 1099 quod
823 1069 838 1084 α
852 1055 935 1093 Axa,
953 1054 1017 1086 filia
1032 1053 1135 1091 Caleb,
1153 1051 1264 1085 sedens

303 1119 334 1150 in
359 1117 446 1149 asino
470 1112 669 1155 suspiravit»
698 1114 776 1147 etc.;
801 1113 832 1142 et
855 1111 925 1151 post
941 1106 1099 1145 subditur,
1116 1104 1200 1147 quod
1217 1104 1263 1136 di-

302 1170 367 1202 xit:
399 1181 413 1197 κ
430 1168 560 1200 Terram
584 1167 725 1197 arentem
748 1161 859 1195 dedisti
883 1160 977 1199 mihi,
1002 1159 1041 1191 [la
1064 1161 1095 1191 et
1111 1157 1263 1199 irriguam

303 1222 411 1265 aquis;
435 1220 583 1261 deditque
607 1217 634 1250 ei
660 1216 753 1249 Caleb
775 1215 933 1257 irriguum
966 1212 1114 1255 superius
1137 1214 1168 1244 et
1192 1210 1265 1243 irri-

302 1284 401 1318 guum
426 1272 557 1311 inferius
574 1284 604 1302 u.
630 1288 672 1293 —
697 1269 748 1301 His
778 1267 878 1300 modis
914 1264 1106 1307 lacrymandi
1139 1263 1264 1305 irrigari

302 1328 395 1361 debet
417 1325 582 1369 paradisus
606 1322 822 1356 conscientiae.
848 1321 879 1352 ln
904 1319 996 1352 cuius
1019 1317 1264 1360 designationem

302 1381 418 1414 dicitur
442 1378 570 1412 Genesis
594 1375 768 1413 5001101105,
793 1373 878 1416 quod
907 1386 923 1401 «
940 1372 1058 1405 fluvius
1081 1370 1265 1413 egredieba-

278 1425 281 1428 ’
303 1439 357 1467 tur
380 1433 418 1465 de
441 1433 510 1464 loco
533 1429 704 1471 voluptatis
720 1428 756 1460 ad
783 1426 979 1468 irrigandum
996 1424 1193 1467 paradisum,
1210 1424 1264 1465 qui

139 1708 210 1730 Pietas
221 1708 292 1739 deplo-

138 1740 188 1756 rans
194 1735 293 1761 gaudium

170 1762 264 1783 stultum.

140 2505 205 2526 Stulti
220 2503 292 2531 gaudii

167 2532 222 2553 ratio
237 2531 274 2552 tri-

189 2558 237 2585 plex
242 2572 248 2579 .

302 1486 453 1520 dividitur
489 1485 520 1517 in
557 1486 695 1525 quatuor
727 1481 828 1522 capita
844 1492 875 1518 »;
908 1479 939 1511 in
968 1487 1031 1520 quo
1060 1476 1264 1519 intelligitur,

303 1539 387 1582 quod
411 1547 452 1571 ex
477 1537 591 1579 pietate
615 1534 719 1568 cordis
743 1532 841 1566 nostri
866 1532 959 1565 debet
993 1529 1195 1573 quadruplex
1221 1529 1265 1561 la-

303 1600 484 1634 crymarum
509 1590 626 1623 fluvius
650 1587 796 1621 derivari.
1254 1621 1266 1631 f

334 1675 337 1676 ⁷
393 1643 572 1683 65111015.
608 1642 686 1681 [12).
720 1639 862 1673 Secundo
893 1641 1047 1680 quantum
1080 1636 1118 1669 ad
1153 1633 1265 1687 2·e9ia'e

305 1698 450 1731 civitatis
472 1695 639 1739 paudium
662 1694 801 1727 stultam
834 1692 956 1725 subdit:
996 1691 1131 1723 Dicens.-
1159 1690 1263 1731 Quia,

304 1752 336 1784 si
351 1750 555 1793 coynovz'sses
571 1752 600 1781 ct
615 1752 670 1786 ta,
688 1756 744 1789 per
760 1745 1004 1789 providentiam,
1021 1743 1172 1782 flevisses,
1189 1751 1265 1784 sup-

304 1804 369 1846 ple:
394 1811 451 1844 per
474 1800 716 1843 poenitentiam;
749 1798 833 1831 unde
865 1796 1016 1829 Glossass:
1047 1795 1117 1828 «Si
1147 1805 1265 1838 00900-

303 1856 404 1889 visses
436 1855 578 1892 ruinam,
614 1861 696 1895 quae
730 1851 886 1889 imminet,
920 1849 1060 1882 flevisses
1083 1862 1114 1881 ».
1145 1849 1180 1881 Et
1213 1848 1265 1881 hic

303 1913 350 1942 est
373 1908 514 1941 defectus
538 1905 733 1939 necessariae
767 1903 931 1942 dictionis,
955 1903 1010 1935 sed
1035 1902 1187 1935 Dominus
1211 1901 1286 1948 de·-

303 1963 365 1995 cise
389 1961 531 2003 loquitur
554 1959 593 1992 ad
618 1958 746 1991 modum
771 1956 904 1990 dolentis
928 1959 959 1989 et
982 1955 1108 1997 supplet
1131 1964 1173 1988 ex
1197 1954 1265 1996 ipso

303 2019 375 2047 actu
399 2013 523 2047 dolendi
555 2016 586 2045 et
617 2011 730 2050 flendi,
754 2014 791 2043 ut
822 2010 954 2042 affectus
986 2008 1131 2050 suppleat
1155 2016 1266 2041 conce-

303 2073 410 2111 ptum,
443 2071 473 2100 et
508 2067 625 2099 factum
660 2064 805 2106 suppleat
836 2063 993 2095 verbum:
1029 2061 1169 2094 flevisses
1203 2061 1266 2093 uti-

303 2131 375 2164 que.
401 2139 441 2144 ——
466 2120 501 2152 Et
532 2119 557 2152 si
588 2126 740 2161 quaeras:
771 2115 930 2160 quando?
956 2116 996 2147 Et
1027 2114 1178 2157 quidem,
1205 2114 1265 2146 hoc

303 2178 351 2206 est
374 2174 477 2212 certe,
502 2172 538 2204 in
561 2170 625 2204 hac
648 2170 701 2202 (lic
730 2173 808 2207 tua,
840 2177 926 2211 qaae
960 2167 1007 2200 acl
1038 2175 1155 2209 pacem
1191 2166 1265 2205 tibi,

304 2227 335 2258 in
360 2235 424 2268 qua
447 2225 565 2258 scilicet
588 2223 748 2261 exsultas;
766 2221 851 2254 unde
866 2220 974 2253 Glossa
988 2220 1014 2251 ⁷:
1038 2232 1053 2247 α
1070 2219 1156 2260 Quae
1173 2218 1267 2251 modo

304 2279 446 2312 exsultas
459 2291 489 2310 ».
508 2295 549 2301 —
568 2277 604 2309 Et
623 2276 648 2308 si
669 2283 805 2318 quaeras
825 2282 983 2312 causam,
1004 2280 1103 2314 quare
1127 2272 1267 2305 exsultat

304 2336 335 2365 et
358 2341 419 2364 non
445 2331 561 2373 plorat,
585 2332 633 2362 est
648 2327 898 2370 improvidentia.
923 2326 1010 2359 Unde
1027 2325 1149 2358 subdit:
1169 2324 1267 2358 Nunc

305 2390 416 2419 aiacem
440 2383 635 2417 abscondita
669 2385 749 2414 sant
779 2380 820 2414 ab
857 2379 961 2412 oculis
996 2378 1082 2417 cuim
1117 2379 1265 2412 Glossa⁸:

311 2453 326 2467 «
343 2439 497 2480 Tempore
521 2435 656 2469 laetitiae
680 2444 741 2467 non
775 2433 999 2476 praevidentur
1023 2432 1150 2465 futurae
1174 2433 1266 2465 mise-

306 2492 372 2524 riae
388 2503 418 2530 »3
443 2491 512 2523 ideo
536 2498 611 2531 ergo
636 2488 771 2521 habebat
805 2486 953 2529 gaudium
979 2487 1112 2520 stultum
1136 2489 1266 2528 propter

307 2543 601 2577 considerationem
618 2541 685 2574 clici
697 2540 894 2583 praesentis,
912 2540 950 2572 de
974 2549 1037 2582 quo
1054 2539 1103 2572 dle
1119 2539 1207 2572 dicit:
1228 2540 1266 2572 In

307 2596 370 2630 liac
393 2597 445 2629 (lic
461 2601 537 2633 tzia;
555 2598 683 2637 propter
708 2593 873 2626 obtentam
895 2592 1080 2635 praesentis
1099 2593 1210 2634 pact-s,
1227 2592 1265 2625 de

379 2778 386 2792 ¹
409 2779 481 2803 Vcrs.
502 2777 544 2802 25,
564 2781 589 2802 01
607 2776 703 2802 deinde
722 2776 769 2801 ler.
792 2777 821 2806 9,
846 2776 866 2801 1.

378 2823 388 2837 ‘²
408 2823 491 2847 vei-s:
505 2822 552 2853 20,
573 2821 613 2846 cui
634 2820 802 2852 subiungitur
822 2820 861 2845 vs.
887 2820 948 2851 119,
969 2819 994 2844 5.

378 2867 388 2881 ³
409 2867 482 2892 Ycrs.
502 2867 526 2892 5.

378 2911 387 2925 ⁴
408 2912 482 2937 Vers.
507 2911 544 2936 13.
564 2913 589 2936 et
609 2910 657 2941 14,
676 2917 744 2942 quos
763 2908 888 2934 Rabanus
907 2915 1040 2940 exponens
1067 2908 1114 2932 ait:
1142 2907 1266 2939 spii-itua-

307 2957 362 2982 liter
382 2960 468 2982 autem
489 2956 574 2981 anima
594 2962 674 2987 super
687 2954 787 2980 asinam
802 2954 882 2986 sedit,
901 2959 961 2979 curn
977 2951 1196 2979 irrationabilibus
1210 2958 1266 2976 car-

307 3001 348 3027 015
367 3008 430 3026 suae
450 3000 564 3026 motibus
583 2999 668 3025 anima
688 2998 829 3031 praesedit,
848 3004 917 3031 quae
936 2997 1072 3029 suspirans
1091 3003 1105 3021 a
1126 2996 1199 3021 Patre
1218 2999 1267 3021 ter-

307 3053 363 3071 ram
385 3045 509 3076 irriguam
529 3044 605 3076 petit,
624 3044 686 3076 quia
706 3051 720 3069 a
739 3042 862 3069 Creatore
877 3046 965 3068 nostro
979 3048 1039 3067 cum
1054 3047 1151 3072 magno
1166 3039 1266 3071 gemitu

307 3089 456 3122 quaerenda
477 3089 652 3120 lacrymarum
665 3087 776 3119 gratia...
790 3086 969 3118 Principaliter
983 3089 1069 3111 tamen
1084 3084 1267 3116 compunctio—

307 3140 371 3158 num
392 3139 488 3165 genera
507 3132 561 3158 (100
580 3135 654 3164 sunt,
674 3132 734 3164 quia
753 3131 838 3159 Deum
858 3130 948 3156 sitiens
967 3129 1054 3155 anima
1074 3129 1149 3161 prius
1173 3128 1267 3153 timore

308 3177 507 3209 compungitur,
528 3179 587 3208 post
606 3182 722 3201 amore...
743 3175 809 3208 Quia
829 3181 907 3206 ergo,
927 3177 955 3200 ut
973 3173 1039 3205 dixi,
1053 3173 1106 3199 duo
1125 3174 1185 3198 511111
1198 3178 1267 3197 0010-

308 3221 456 3253 punctionis
476 3227 585 3252 300013,
604 3219 677 3245 dedit
695 3219 719 3245 ei
745 3220 818 3245 Pater
845 3225 910 3244 suus
938 3217 1067 3250 irriguum
1095 3215 1217 3249 superius
1242 3218 1268 3241 et

308 3265 437 3296 irriguum
456 3264 572 3290 interius.
593 3264 723 3295 irriguum
736 3262 836 3296 quippe
850 3262 973 3294 superius
986 3261 1081 3294 accipit
1094 3260 1191 3293 anima,
1205 3266 1266 3285 cum

308 3316 366 3335 5050
384 3308 505 3340 lacrymis
530 3308 648 3334 caelestis
673 3307 804 3334 desiderio
832 3306 906 3339 regni
926 3306 1032 3338 affligit,
1052 3305 1181 3337 irriguum
1203 3310 1266 3330 vero

309 3353 414 3379 iuferius
433 3353 539 3385 accipit,
558 3358 619 3378 cum
638 3351 731 3378 interni
751 3350 878 3383 suppucia
898 3350 986 3376 flendo
1004 3349 1164 3382 pertimescit
1182 3351 1236 3375 etc.-
1264 3356 1267 3357 ⁷

380 3394 391 3409 ⁶
410 3396 485 3422 Vers.
505 3396 548 3422 10.

380 3438 391 3454 ⁶
410 3440 512 3466 Scilicet
530 3439 728 3467 interlinearis:
748 3439 780 3467 Si
797 3438 980 3474 cognovisses,
993 3438 1111 3469 ruinam,
1130 3443 1200 3471 quae
1219 3436 1268 3462 im-

879 275 1073 309 COMMENT.
1098 275 1135 307 IN
1160 271 1398 311 EVANGELIUM
1422 269 1540 303 LUCAE
1565 269 1597 302 C.
1624 268 1699 301 XlX.

1323 369 1388 403 qua
1411 359 1509 392 addit:
1536 359 1629 399 Quae
1652 356 1699 389 ad
1712 352 1830 399 pacem
1850 351 1932 392 tibi,-
1957 358 1988 388 et
2005 358 2135 398 propter
2151 355 2288 389 abscon-

1323 414 1448 446 sionem
1471 410 1695 448 calamitatis,
1719 409 1758 442 de
1781 418 1845 451 qua
1861 408 2042 452 subiungit:
2060 408 2159 441 Nunc
2175 413 2287 442 autem

1325 457 1520 499 absconaita
1535 467 1614 497 sunt
1630 463 1672 496 ab
1688 462 1795 496 oculis
1812 461 1889 494 tuis.
1906 461 1993 494 Unde
2009 461 2154 494 Glossa⁰:
2179 475 2194 490 «
2206 462 2288 495 Dum
2321 460 2324 461 ⁷

1325 528 1451 553 carnem
1482 518 1539 551 das
1569 516 1804 560 voluptatibus,
1835 515 1918 549 mala
1944 514 2055 560 futura
2078 524 2142 548 non
2166 515 2290 557 prospi-

1326 573 1428 610 ciens,
1453 571 1551 604 habes
1586 570 1668 603 bona
1698 568 1895 611 praesentia,
1919 577 2001 610 quae
2032 568 2072 601 ad
2093 577 2203 610 pacem
2235 568 2289 601 tibi

1325 628 1458 668 possunt
1480 633 1548 657 esse
1573 623 1791 665 temporalem.
1817 621 1853 654 Et
1876 630 1935 654 cur
1952 621 2012 654 1100
2029 621 2154 661 subdit,
2171 621 2290 655 scilicet

1326 679 1409 721 quod
1445 687 1506 710 non
1542 676 1704 719 praevidet
1738 675 1838 714 mala,
1863 683 1945 717 quae
1977 678 2112 708 ventura
2135 677 2234 708 sunt?
2259 675 2289 708 Si

1326 732 1409 765 enirn
1433 730 1645 773 praevideret,
1669 729 1700 761 in
1718 728 1938 771 praesentibus
1955 727 2115 770 prosperis
2130 727 2212 761 laeta
2227 737 2289 761 non

1325 784 1436 817 fuisset
1452 797 1483 815 ³³.
1502 802 1543 806 —
1562 783 1598 815 Et
1612 782 1686 815 hinc
1703 784 1768 820 est,
1786 780 1871 823 quod
1886 780 1956 813 viri
1979 780 2062 813 iusti
2081 784 2289 822 praesentem

1326 838 1412 871 diem
1435 837 1629 879 despiciunt,
1665 835 1840 876 secundum
1876 834 1955 867 illud
1990 834 2139 867 Ieremiae
2164 834 2289 868 decimo

1327 892 1460 934 septimo
1474 891 1516 923 ¹⁰:
1546 903 1561 919 α
1574 890 1664 922 Diem
1688 888 1825 922 hominis
1840 897 1903 921 non
1919 888 2106 928 desideravi,
2124 892 2159 921 tu
2183 889 2244 922 scis
2257 901 2288 929 »3

1327 948 1359 978 et
1382 944 1546 987 vigesimo:
1577 956 1592 972 «
1609 942 1770 975 Maledicta
1800 941 1881 980 dies,
1906 941 1937 974 in
1963 950 2027 983 qua
2050 945 2144 975 natus
2167 951 2240 975 sum
2258 955 2289 982 »;

1327 1001 1358 1031 et
1381 998 1419 1030 de
1444 997 1496 1030 Iob
1519 997 1635 1030 dicitur
1658 996 1709 1029 lob
1726 995 1837 1028 tertio:
1861 1008 1876 1023 «
1892 994 2052 1027 Maledixit
2069 994 2121 1027 lob
2136 994 2197 1028 diei
2215 1004 2291 1029 suae

1327 1051 1450 1084 dicens:
1476 1051 1586 1083 Pereat
1609 1050 1691 1089 dies,
1716 1049 1747 1081 in
1773 1057 1836 1091 qua
1860 1051 1955 1081 natus
1979 1056 2069 1087 sum,
2094 1051 2126 1081 et
2149 1057 2234 1088 nox,
2258 1048 2291 1081 in

1328 1113 1391 1146 qua
1424 1103 1544 1136 dictum
1578 1105 1626 1136 est
1642 1116 1658 1131 ιι
1699 1106 1757 1135 etc.
1792 1102 2003 1134 Praesentem
2035 1109 2153 1143 pacem
2185 1104 2291 1139 conte—

1328 1159 1458 1195 mnunt:
1472 1156 1613 1189 Psalmus
1626 1157 1667 1187 ¹¹:
1688 1168 1703 1184 «
1716 1154 1819 1188 Zelavi
1832 1163 1930 1196 super
1948 1153 2084 1196 iniquos,
2098 1162 2206 1196 pacem
2219 1163 2292 1197 pec-

1329 1212 1470 1243 catorum
1496 1208 1605 1241 videns
1621 1220 1652 1247 »;
1670 1211 1701 1240 et
1727 1207 1896 1240 Ezechielis
1912 1206 2033 1240 decimo
2050 1206 2158 1239 tertio:
2188 1219 2204 1235 α
2217 1207 2291 1240 Pro-

1329 1261 1442 1303 phetae
1465 1260 1659 1302 deceperunt
1693 1260 1846 1302 populum
1879 1269 2005 1299 meum,
2029 1259 2183 1293 dicentes:
2208 1259 2291 1298 Pax,

1329 1323 1411 1356 pax,
1435 1317 1464 1346 et
1489 1322 1550 1346 non
1576 1316 1645 1345 erat
1667 1322 1731 1354 pax
1747 1325 1778 1344 n.
1807 1313 1941 1345 Futura
1964 1312 2172 1354 conspiciant
2195 1316 2225 1345 et
2241 1317 2292 1346 at-

1331 1367 1486 1405 tendunt,
1510 1366 1684 1399 secundum
1711 1366 1789 1398 illud
1804 1357 2010 1399 Ecclesiastici
2030 1366 2192 1408 trigesimo
2208 1370 2293 1399 octa-

1330 1429 1369 1452 vo
1382 1420 1409 1438 12
1421 1431 1427 1451 ι
1446 1432 1461 1447 a
1475 1420 1629 1451 Memento
1642 1418 1841 1451 novissorum
1854 1421 1886 1450 et
1899 1418 1961 1450 noli
1975 1418 2115 1452 oblivisci
2130 1433 2159 1451 ιι.
2179 1439 2215 1443 -
2234 1421 2293 1454 Sed

1329 1482 1347 1506 e
1370 1472 1529 1505 contrario
1552 1472 1621 1504 viri
1642 1470 1727 1503 mali
1749 1480 1812 1504 non
1836 1471 1973 1513 cogitant
1997 1471 2161 1511 iudicium,
2178 1476 2209 1505 et
2224 1473 2294 1506 ideo

1330 1527 1501 1565 laetantur,
1534 1525 1709 1558 secundum
1745 1524 1823 1558 illud
1859 1524 2104 1558 Proverhiorum
2136 1526 2292 1560 secundo:

1334 1594 1350 1609 «
1368 1581 1555 1619 Laetantur,
1580 1589 1653 1612 cum
1672 1579 1753 1612 male
1769 1578 1919 1617 fecerint,
1944 1582 1976 1611 et
1999 1579 2164 1612 exsultant
2186 1579 2218 1612 in
2243 1590 2293 1614 re-

1329 1635 1390 1667 bus
1413 1634 1602 1676 pessimis».
1628 1633 1664 1666 Et
1688 1633 1747 1666 hoe
1767 1635 1832 1671 est,
1854 1632 1930 1674 quia
1952 1632 2035 1665 diem
2071 1633 2166 1666 istum
2192 1635 2293 1668 consi-

1329 1688 1457 1726 derant,
1482 1696 1543 1719 non
1567 1690 1765 1725 extremum3
1784 1685 1836 1718 lob
1853 1685 2004 1728 vigesimo
2021 1685 2125 1727 primo
2139 1685 2180 1718 ¹³:
2203 1699 2219 1715 «
2233 1686 2293 1719 Te-

1330 1744 1405 1774 nent
1428 1744 1614 1782 tympanum
1639 1742 1670 1772 et
1694 1739 1846 1772 citharam
1872 1741 1903 1771 et
1926 1738 2065 1781 gaudent
2088 1738 2127 1772 ad
2155 1739 2294 1772 sonitum

1329 1794 1448 1836 organi.
1472 1794 1601 1826 Ducunt
1625 1793 1655 1825 in
1680 1793 1771 1825 bonis
1787 1792 1853 1825 dies
1870 1801 1944 1825 suos
1960 1795 1991 1825 et
2008 1792 2039 1824 in
2056 1789 2175 1835 punc-to
2190 1792 2229 1825 ad
2246 1792 2293 1825 in—

1328 1848 1417 1881 ferna
1440 1847 1681 1880 descendunt».
1707 1846 1777 1879 ideo
1801 1845 1919 1879 ironice
1942 1845 2059 1879 dicitur
2089 1846 2293 1880 Ecclesiastae

1329 1901 1495 1934 undecimo
1508 1900 1550 1932 ¹4:
1580 1912 1595 1928 α
1613 1900 1751 1939 Laetare,
1776 1899 1909 1938 iuvenis,
1934 1899 1966 1932 in
1990 1899 2199 1933 adolescentia
2222 1905 2293 1939 tua,

1329 1958 1361 1987 et
1383 1954 1414 1986 in
1439 1953 1529 1986 bonis
1552 1953 1592 1986 sit
1608 1961 1662 1985 cor
1680 1956 1770 1985 tuum
1795 1952 1827 1985 in
1851 1952 1963 1985 diebus
1980 1952 2155 1986 iuventutis
2175 1956 2292 1986 tuae».

1336 2020 1351 2036 «
1368 2007 1403 2039 Et
1427 2007 1522 2045 scito,
1547 2005 1631 2048 quod
1655 2015 1714 2047 pro
1738 2005 1787 2038 his
1811 2005 1957 2039 omnibus
1981 2005 2115 2039 adducet
2147 2009 2178 2039 te
2208 2006 2294 2039 Deus

1330 2059 1361 2092 in
1385 2058 1537 2091 iudicium
1555 2071 1585 2090 υ.
1612 2058 1657 2090 Ex
1681 2058 1741 2097 hoc
1765 2058 1863 2100 igitur
1886 2062 2018 2100 apparet
2042 2059 2121 2092 illud
2145 2059 2230 2101 quod
2246 2059 2293 2092 di-

1329 2112 1412 2145 citur
1430 2111 1631 2144 Ecclesiastae
1648 2111 1799 2152 septimo:
1822 2124 1838 2140 «
1850 2111 1961 2144 Melius
1977 2115 2025 2144 est
2041 2112 2088 2145 ire
2104 2112 2143 2145 ad
2160 2111 2292 2145 domum

1330 2165 1436 2198 luctus
1459 2173 1555 2206 quam
1579 2164 1617 2196 ad
1642 2163 1770 2196 domum
1795 2164 1961 2197 convivii»
1983 2168 2042 2197 etc.

2308 786 2440 809 corollarium

2305 813 2333 835 <¹0
2346 813 2398 862 1111

2312 1425 2344 1448 De
2359 1426 2409 1448 viris

2326 1452 2394 1474 malis,

1421 2218 1472 2250 66.
1491 2218 1593 2259 (Vers.
1610 2217 1688 2258 43).
1714 2218 1820 2250 Tertio
1843 2220 1998 2260 quantum
2023 2217 2062 2250 ad
2086 2218 2199 2261 reqiac
2215 2219 2295 2252 civi·
2307 2226 2457 2257 Pietasderlo·

2304 2259 2356 2274 rans
2366 2253 2457 2275 civitatis

1331 2271 1410 2304 tatis
1433 2270 1601 2303 excidium
1621 2270 1819 2313 proximam
1836 2271 1957 2303 subdit:
1977 2271 2066 2312 Quia
2082 2271 2210 2307 venient
2224 2272 2294 2305 dies
2323 2280 2437 2302 excidium.

1331 2325 1367 2357 in
1390 2328 1436 2363 tc,
1461 2328 1491 2357 et
1513 2323 1772 2357 circumdabant
1788 2327 1816 2356 te
1832 2323 1963 2356 inimici
1978 2324 2030 2357 tui
2046 2324 2147 2364 vallo,
2165 2334 2222 2368 per
2238 2326 2294 2360 ob-

1331 2378 1496 2417 sidionem,
1514 2377 1688 2411 secundum
1702 2377 1780 2410 illud
1795 2376 1963 2411 Ezechielis
1976 2381 2091 2420 quarto
2106 2378 2149 2411 ¹⁵:
2172 2392 2187 2408 α
2200 2380 2294 2414 Sume

1330 2432 1386 2465 tibi
1411 2432 1559 2471 laterem,
1583 2435 1614 2464 et
1638 2431 1798 2464 describes
1814 2431 1845 2464 in
1868 2440 1913 2469 00,
1929 2431 2087 2464 civitatem
2112 2431 2292 2473 Ierusalem.

1332 2485 1366 2517 Et
1389 2484 1549 2517 ordinabis
1572 2483 1725 2517 adversus
1749 2493 1816 2516 eam
1842 2483 2035 2517 obsidionem
2061 2487 2092 2517 et
2115 2483 2294 2517 aedificabis

1331 2538 1522 2571 munitiones
1549 2541 1580 2570 et
1612 2537 1823 2579 comportabis
1846 2546 1992 2580 aggerem
2017 2540 2049 2573 et
2072 2537 2161 2571 dabis
2185 2540 2294 2571 contra

1330 2601 1399 2625 eam
1424 2596 1526 2625 castra
1550 2600 1607 2633 per
1638 2599 1752 2633 gyrum
1788 2594 1820 2624 et
1854 2599 1952 2633 pones
1983 2590 2205 2624 munitiones»
2235 2594 2292 2624 etc.

1330 2774 1425 2805 minet,
1445 2775 1469 2800 et
1488 2775 1530 2805 ta,
1550 2773 1692 2799 subaudis:
1712 2773 1830 2799 flevisses
1854 2773 1896 2805 (ex
1921 2773 2006 2804 Beda,
2026 2773 2072 2806 qui
2091 2773 2211 2806 sequitur
2230 2774 2291 2799 Gre-

1330 2825 1396 2851 gor.,
1415 2818 1440 2843 ll.
1461 2818 1554 2843 llomil.
1574 2818 1600 2843 in
1628 2819 1728 2850 Evang.
1759 2817 1848 2843 homil.
1875 2817 1917 2842 39.
1946 2824 1972 2842 0.
1992 2817 2036 2850 1.).
2056 2817 2109 2844 Csr.
2128 2824 2208 2849 supra
2229 2824 2293 2849 pag.

1331 2861 1397 2894 340,
1417 2865 1478 2887 nota
1499 2863 1523 2887 2.

1400 2904 1410 2919 ⁷
1431 2907 1530 2938 Nempe
1550 2905 1734 2933 interlinearis
1754 2906 1795 2937 (ex
1809 2906 1919 2937 Gregor.
1933 2909 1958 2931 01
1972 2906 2057 2936 Beda;
2077 2907 2122 2932 cfr.
2143 2909 2203 2931 nota
2218 2913 2290 2937 prae-

1329 2950 1446 2983 cedens).
1466 2951 1526 2976 Post
1545 2950 1620 2982 Quae
1639 2949 1717 2976 morto
1744 2950 1801 2975 Vat.
1821 2956 1873 2975 non
1893 2956 1953 2975 cum
1974 2949 2074 2982 Glossa,
2088 2949 2136 2975 secl
2152 2956 2212 2975 cum
2233 2950 2294 2975 Gre-

1331 3001 1387 3026 gor.
1407 2998 1432 3020 et
1451 2995 1520 3020 Beda
1540 2995 1614 3020 addit
1632 2994 1697 3028 quia
1716 2993 1802 3020 nescii
1822 2992 1895 3027 qaod
1914 2993 2043 3019 imminet.
2090 3026 2094 3031 Ι

1401 3037 1412 3052 ¹³
1431 3039 1534 3065 Scilicet
1552 3038 1734 3065 interlinearis
1755 3038 1812 3071 (cfr.
1832 3040 1893 3063 nota
1913 3037 1989 3071 seq).
2005 3038 2062 3064 Vat.
2077 3038 2173 3064 omittit
2186 3038 2293 3065 Glossa.

1401 3081 1412 3097 ⁹
1440 3084 1540 3116 Nempe
1575 3082 1720 3110 ordinaria
1754 3083 1794 3115 (ex
1828 3082 1914 3114 Beda,
1947 3082 1992 3115 qui
2024 3081 2143 3121 sequitur
2174 3083 2293 3115 Gregor„

1331 3127 1380 3153 loc.
1399 3127 1461 3159 cit).

1402 3171 1425 3186 ¹⁰
1445 3172 1518 3198 Vers.
1540 3172 1586 3204 16;
1606 3171 1702 3198 deinde
1721 3171 1768 3202 20,
1790 3170 1831 3196 lt.
1851 3173 1877 3196 et
1895 3169 1940 3196 lob
1960 3171 1991 3201 3,
2013 3171 2065 3196 1-3.

1403 3214 1423 3230 ¹¹
1444 3216 1537 3242 Psalm.
1557 3215 1607 3246 72,
1627 3216 1656 3247 3,
1677 3217 1737 3247 post
1755 3221 1835 3247 quem
1855 3214 1947 3240 Ezech.
1968 3214 2016 3245 43,
2039 3214 2080 3240 10.

1402 3259 1424 3274 ¹²
1445 3261 1520 3286 Vers.
1539 3260 1582 3286 21.
1601 3266 1657 3293 seq.
1671 3259 1739 3289 (Vnt.
1753 3259 1849 3290 allegat
1868 3258 1916 3289 28,
1937 3258 1968 3284 ὃς
1987 3258 2119 3284 Memento
2138 3258 2295 3285 novissimo·

1330 3310 1389 3329 rum
1408 3307 1434 3330 et
1452 3303 1543 3330 desine
1563 3302 1709 3335 inimicari).
1727 3315 1764 3322 —
1783 3302 1906 3335 Sequitur
1925 3302 2003 3328 Prov.
2022 3303 2051 3333 2,
2075 3302 2114 3328 tt.

1403 3346 1425 3362 ¹¹¹
1446 3348 1520 3374 Vers.
1543 3348 1583 3373 12.
1603 3350 1628 3373 et
1648 3347 1691 3373 43.

1402 3391 1425 3406 ¹⁴
1445 3392 1519 3418 Vers.
1540 3392 1566 3418 9.
1587 3394 1613 3417 et
1631 3391 1727 3417 deinde
1746 3390 1778 3421 7,
1798 3391 1823 3416 3.

1404 3434 1426 3451 ¹⁵
1445 3436 1521 3464 Veis.
1543 3436 1566 3462 l.
1586 3439 1612 3461 et
1631 3436 1655 3461 2.
