2427 3872
277 258 341 289 712

525 297 589 323 uun
611 296 667 329 (23)

276 345 310 370 vt
341 344 390 369 482
418 342 461 368 27.
481 341 531 367 484
561 341 593 366 38
624 339 652 365 2·
679 353 714 359 —
742 339 836 364 ductus
864 338 914 370 pri-

277 396 350 415 mum
370 387 404 412 ad
422 388 523 412 Annam
550 385 596 410 481
621 384 654 409 27
674 398 709 403 -—
728 383 858 408 adductus
876 385 915 407 est

278 433 311 459 ad
330 433 428 457 Annam
449 430 520 456 etad
539 428 666 460 Caipham
685 427 748 453 etin
765 427 845 452 domo
858 425 915 452 Cai-

279 478 346 509 phae
370 475 482 500 maxime
507 473 668 499 examinatus
695 471 746 497 484
765 471 799 496 38
819 485 853 488 —
873 470 916 495 ad-

279 522 373 546 ductus
391 519 425 544 ab
454 520 525 544 Anna
546 517 578 542 ad
607 516 733 548 Caipham
762 515 789 540 in
817 517 917 546 praeto-

280 566 363 595 rium,
383 564 424 588 vel
442 563 515 594 prius
535 561 567 587 ad
594 561 705 587 domum
730 559 845 591 Caiphae
865 558 915 584 487

280 610 313 635 58
333 622 368 628 -
381 608 475 633 ductus
489 607 514 631 in
529 605 666 631 concilium
686 611 737 630 non
751 604 785 629 ad
805 603 917 628 iudican-

280 654 358 685 dum,
380 652 427 677 sed
440 651 473 676 ad
491 649 688 676 observandum
708 648 750 673 vlt
765 647 816 673 564
830 647 863 672 78
883 660 918 666 -

281 698 377 723 missus
405 696 437 721 ad
466 694 607 726 Caipham‚
636 693 796 719 examinatus
822 691 869 717 fuit
894 693 918 716 et

280 740 455 773 multipliciter
473 740 648 764 exhonoratus
667 740 693 762 et
710 735 866 768 reprobatus
887 735 918 760 Vl

284 786 333 811 485
354 785 386 810 43

334 843 369 847 -—
389 828 422 854 de
450 827 557 852 veritate
585 825 717 852 doctrinae
745 825 835 852 nolens
863 824 920 856 ipse

281 873 440 905 respondere
451 892 458 903 ,
478 871 554 897 mittit
573 871 611 896 ad·
625 871 689 895 alios
710 870 740 895 Vl
760 869 810 894 483
825 868 872 901 34,
886 868 920 894 35

281 933 316 936 -
336 920 442 949 propter
466 915 662 948 responsionem
682 914 818 939 iniuriatur
846 913 919 945 alapa

282 966 307 988 et
319 961 401 987 verbo
420 960 454 987 ib.
474 960 506 985 37
520 974 556 979 —
568 959 701 985 caritative
720 958 847 990 corripuit
865 964 920 989 per·

282 1006 419 1032 cutientem
445 1004 495 1030 ¹154
524 1004 558 1029 69
577 1017 612 1022 —-
631 1003 817 1035 percutientem
847 1009 920 1027 man-

283 1053 355 1076 suete
367 1049 508 1080 redarguit,
520 1043 634 1080 paratus,
645 1050 727 1073 totum
739 1054 835 1078 corpus
845 1053 920 1078 prae-

282 1094 344 1120 bere
358 1093 556 1125 percutiendum
566 1095 591 1117 et
601 1091 810 1123 crucifigendum
822 1090 872 1116 484
888 1090 919 1116 42

334 1151 370 1156 -·
389 1137 490 1163 Christo
503 1144 553 1162 non
567 1139 667 1168 poterat
680 1136 778 1161 crimen
796 1134 873 1161 obiici
887 1135 919 1160 Vl

284 1182 333 1207 483
354 1182 387 1207 33
407 1196 441 1199 -
461 1181 553 1207 Christi
568 1180 712 1206 innocentia
732 1179 860 1211 probatur
873 1186 920 1211 per

255 1232 259 1233 ⁷
283 1226 476 1259 inquisitionem
502 1225 544 1251 Vll
571 1225 621 1250 570
643 1225 675 1249 49
696 1239 729 1243 -
748 1223 920 1250 accusabatur

282 1274 311 1296 ut
329 1277 441 1302 peccans
467 1270 491 1295 in
516 1269 659 1301 populum,
680 1269 704 1294 in
730 1269 875 1301 principem
895 1272 920 1294 et

282 1316 309 1340 in
328 1316 411 1341 Deum
426 1315 476 1340 566
492 1315 520 1345 3,
542 1314 556 1339 4
569 1329 604 1332 ——
618 1316 755 1339 accusatur
773 1316 800 1339 ut
813 1313 920 1339 subver-

283 1367 326 1385 sor
354 1359 459 1391 populi,
487 1359 533 1391 qui
552 1361 591 1384 est
619 1365 761 1384 conversor
789 1357 822 1384 ib.
852 1358 867 1383 3
885 1372 921 1376 —

283 1404 383 1430 Christo
404 1404 503 1428 crimen
523 1404 616 1428 falsum
630 1403 781 1434 imponitur,
800 1403 871 1435 quod
889 1403 921 1428 sit

284 1449 433 1473 malefactor
455 1448 486 1472 Vl
507 1447 557 1472 486
582 1447 624 1473 53.
650 1447 701 1472 487
722 1447 754 1472 54
774 1461 808 1465 -—
827 1446 920 1472 Christi

283 1492 431 1517 innocentia
462 1491 600 1523 probanda
632 1491 779 1517 testimonio
811 1491 921 1523 Spiritus

284 1536 365 1562 sancti
395 1539 420 1562 et
448 1537 632 1568 Apostolorum
667 1535 717 1561 454
745 1536 797 1566 39,
826 1535 859 1561 40
886 1550 921 1554 -—

285 1581 356 1606 Nulla
376 1583 430 1606 erat
449 1581 476 1605 in
495 1588 526 1606 eo
546 1587 624 1606 causa
644 1581 734 1606 mortis
754 1581 796 1605 Vll
817 1580 862 1606 57l
887 1581 920 1605 26

284 1639 319 1644 —-
333 1626 400 1650 Mors
419 1624 513 1650 Christi
526 1628 581 1650 erat
597 1628 685 1650 contra
699 1625 828 1650 dictamen
847 1625 921 1650 ratio-

285 1670 325 1694 nis
344 1672 429 1694 rectae
443 1668 503 1695 ibid.
517 1683 551 1688 —
565 1669 592 1694 ln
605 1668 706 1694 Christo
720 1669 856 1694 innocente
870 1676 921 1694 non

287 1714 416 1739 invenitur
435 1720 513 1739 631153
539 1713 630 1739 11101115
654 1713 687 1738 Vl
707 1713 751 1738 491
784 1713 814 1744 4,
833 1713 858 1738 7.
878 1713 921 1738 Vll

286 1758 336 1783 576
358 1758 373 1783 5
396 1772 426 1776 —-
445 1765 495 1783 non
515 1761 615 1789 poterat
634 1758 753 1783 damnari
770 1758 851 1789 iuste,
875 1759 920 1784 sed

286 1802 432 1827 secundum
458 1802 581 1827 iustitiam
606 1802 775 1827 dimittendus
800 1805 855 1827 erat
880 1803 920 1828 Vll

285 1846 336 1871 570
357 1846 389 1871 20

336 1904 372 1908 —
390 1893 498 1922 propter
512 1891 683 1916 innocentiam
698 1889 811 1916 debebat
826 1891 920 1916 dimitti

284 1934 317 1960 w
340 1934 388 1959 489
409 1934 436 1959 71
462 1948 497 1954 —-
515 1942 568 1960 non
588 1935 726 1960 damnatur
746 1938 853 1966 propter
871 1935 921 1960 cul-

283 1985 343 2010 pam
352 1998 358 2009 ,
371 1979 416 2004 scd
431 1982 538 2010 propter
551 1979 746 2010 perversitatem
765 1979 919 2015 ludaeorum

283 2022 333 2047 492
360 2023 402 2048 43.
430 2022 480 2048 493
511 2022 543 2048 45
562 2037 598 2042 -
616 2022 709 2048 Christi
737 2023 919 2049 condemnatio

282 2067 328 2092 fuit
348 2067 434 2099 iniqua
455 2070 480 2092 et
499 2067 596 2099 impia,
616 2067 662 2093 fuit
675 2070 772 2093 extorta
792 2071 816 2093 et
829 2068 920 2093 distor-

281 2114 320 2142 ta,
341 2114 430 2136 contra
450 2111 580 2137 (1161311163
599 2112 711 2137 1115111136
729 2115 755 2138 61
774 2112 919 2138 3115611601-

281 2155 340 2180 (1136
359 2158 384 2180 61
402 2156 544 2181 voluntatis
562 2156 656 2182 iudicis
675 2159 700 2182 et
715 2156 822 2182 rationis
833 2160 919 2182 rectae

281 2199 324 2225 Vll
344 2200 395 2225 569
415 2200 457 2225 46.
482 2200 533 2226 572
554 2201 586 2225 28
606 2214 641 2219 -
661 2201 797 2226 Damnatio
824 2201 919 2227 Christi

282 2244 328 2269 fuit
347 2251 442 2276 magna
462 2245 570 2270 materia
589 2245 688 2270 doloris
713 2248 820 2277 propter
848 2246 918 2278 flagi-

280 2288 344 2313 tium
359 2289 508 2320 principum
522 2286 678 2315 ludaeorum
691 2293 716 2315 et
729 2293 835 2322 propter
849 2296 918 2316 com-

281 2339 360 2358 mune
379 2333 505 2359 damnum
525 2333 576 2359 594
596 2334 629 2359 26

333 2378 496 2403 —traditus
524 2377 647 2410 gentibus
675 2381 703 2404 ut
728 2382 865 2405 extraneus
885 2380 917 2405 Vl

282 2419 331 2445 468
352 2421 394 2446 55.
414 2421 465 2446 486
485 2421 518 2447 52
537 2436 572 2440 ——-
591 2429 669 2448 mane
688 2423 782 2449 ductus
800 2424 826 2448 in
846 2431 918 2455 prae-

281 2465 376 2490 torium
397 2465 447 2491 486
473 2466 516 2491 52.
538 2466 587 2491 487
608 2467 640 2492 58
661 2481 696 2486 —
715 2467 809 2493 (luctus
831 2468 864 2493 ad
884 2469 916 2494 lo-

279 2516 339 2534 cum
359 2509 508 2541 publicum,
533 2514 560 2536 ut
580 2511 603 2536 in
630 2516 771 2543 conspectu
799 2513 916 2538 omnium

279 2553 497 2579 condemnaretur
522 2555 572 2580 492
598 2555 630 2581 44
658 2569 693 2575 -
718 2556 816 2588 detegit
839 2557 917 2582 Pilato

280 2597 403 2622 malitiam
427 2598 582 2624 ludaeorum
602 2599 651 2625 488
673 2601 706 2625 62
720 2615 753 2618 -
766 2608 818 2626 1103
834 2605 918 2633 capta-

279 2641 316 2666 vit
335 2642 445 2672 gratiam
466 2643 549 2675 Pilati,
569 2644 615 2669 sed
630 2644 686 2669 eius
705 2644 856 2676 superbiam
871 2647 918 2671 hu-

280 2685 389 2710 miliarit
418 2686 467 2711 492
489 2687 516 2711 7ΙΙ
540 2701 574 2705 ——
594 2687 685 2713 silebat
714 2688 837 2715 innocens
866 2693 917 2714 tan-

280 2735 360 2760 quam
380 2736 465 2761 agnus
479 2731 524 2755 49l
551 2731 583 2756 40
599 2745 632 2750 —-
646 2735 734 2758 tacens
753 2740 805 2758 non
825 2734 918 2758 confir-

279 2776 333 2798 mat
357 2778 550 2806 accusatorem,
569 2776 616 2801 sed
639 2777 749 2809 despicit
768 2785 820 2803 non
848 2778 917 2803 refel-

278 2817 355 2843 lendo
376 2818 417 2843 Vll
437 2819 488 2843 568
517 2820 541 2845 14
565 2834 600 2839 -
620 2821 698 2846 136011
722 2822 748 2847 111
768 2823 916 2854 exemplum

279 2862 419 2887 multarum
430 2863 556 2889 virtutum
568 2864 669 2890 141171.-
678 2866 756 2891 136011
766 2866 916 2899 prudenter,

278 2905 338 2937 quia
353 2906 462 2932 Herodis
473 2907 637 2934 incredulitas
651 2916 703 2935 non
716 2910 864 2936 merebatur
874 2918 917 2936 au-

278 2949 334 2974 dire
359 2950 446 2976 divina
473 2951 534 2977 ibid.
552 2966 587 2972 -
607 2954 717 2980 tacendo
737 2955 862 2986 patienter
882 2955 915 2980 ab

277 2993 380 3019 Herode
400 3001 493 3026 passus
511 3000 550 3022 est
568 3004 597 3022 56
616 2998 729 3024 derideri
748 2998 808 3024 ibid.

330 3052 365 3056 —-
385 3039 573 3066 condemnatus
593 3049 677 3073 poena
697 3043 782 3069 crucis
801 3043 834 3069 ad
854 3044 915 3075 peti-

278 3081 373 3107 tionem
394 3083 549 3110 ludaeorum
570 3085 601 3111 Vl
622 3086 672 3111 493
696 3087 727 3112 47
745 3102 780 3105 -
794 3087 915 3113 condem-

276 3129 353 3151 natus
371 3129 410 3152 est
435 3134 448 3152 a
475 3128 554 3154 Pilato
579 3131 746 3162 auctoritate,
772 3139 786 3157 a
814 3132 914 3158 ludaeis

276 3171 446 3200 persuasione
475 3173 525 3198 424
554 3181 580 3198 v.
609 3175 642 3199 20
667 3189 702 3195 -
726 3176 793 3202 ftlors
820 3176 915 3203 Christi

276 3213 446 3245 principalius
464 3216 608 3248 imputatur
620 3219 721 3245 ludaeis
740 3228 821 3253 quam
835 3221 914 3247 Pilato

275 3257 319 3281 Vll
339 3257 385 3282 571
411 3259 444 3284 27
463 3274 498 3278 —
512 3262 623 3293 Sanguis
639 3263 731 3289 Christi
753 3265 864 3291 maxime
877 3272 914 3291 re-

274 3301 392 3332 quiretur
412 3310 425 3327 a
445 3304 546 3330 ludaeis
566 3306 615 3331 308
636 3308 669 3333 98

327 3360 362 3363 —
381 3347 569 3374 condemnatus
589 3351 651 3376 16113
669 3356 739 3378 sexta
761 3354 823 3379 hora
837 3354 912 3387 quasi

273 3392 344 3415 sexta
365 3390 396 3415 Vl
417 3391 466 3417 493
492 3393 530 3418 15.
545 3393 595 3419 494
618 3396 651 3421 25
665 3410 700 3416 -
713 3397 854 3423 damnatus
876 3401 914 3424 est

1138 247 1250 279 INDEX
1278 246 1405 279 RERUM

954 340 1079 369 tanquam
1098 337 1177 367 latro,
1196 343 1248 361 non
1268 338 1355 361 tamen
1375 337 1430 360 erat
1449 334 1527 365 latro,
1547 333 1594 358 sed

953 389 997 406 rex
1012 381 1062 406 496
1082 381 1110 406 31
1129 394 1165 399 -
1177 380 1280 405 0661505
1292 382 1331 405 651
1343 378 1418 411 quasi
1432 378 1538 410 iniquus
1552 378 1593 403 Vll

955 425 1005 450 469
1027 425 1060 450 56
1080 439 1115 443 -—
1134 431 1185 450 non
1205 427 1260 450 erat
1273 422 1468 449 interfleiendus
1487 424 1594 454 propter

955 477 1030 495 suam
1049 469 1169 501 culpam,
1193 468 1239 494 sed
1266 471 1372 500 propter
1397 466 1507 492 aliorum
1527 466 1595 491 5310-

955 516 1022 545 tem,
1047 516 1075 538 ut
1093 513 1178 538 nullus
1197 514 1285 543 posset
1306 511 1357 536 iam
1381 511 1442 536 huic
1464 510 1595 540 resistere,

956 560 1063 589 propter
1082 556 1176 583 Christi
1190 556 1363 581 innocentiam
1384 555 1417 580 Vt
1437 554 1487 579 407
1508 554 1541 578 68
1560 567 1595 573 —

956 608 1016 627 cum
1031 601 1114 627 iustus
1127 604 1195 626 esset
1214 604 1239 625 et
1258 600 1312 632 pati
1325 606 1378 625 non
1398 598 1536 628 meruerit,
1549 604 1595 629 pa-

956 646 1044 671 tiendo
1068 653 1117 678 pro
1140 645 1238 670 mundo
1258 645 1345 676 ipsum
1360 643 1472 669 salvavit
1492 642 1541 668 458
1563 642 1594 667 48

1009 704 1044 709 -
1062 689 1156 725 Christi
1181 689 1270 721 passio
1289 688 1366 714 volita
1388 687 1434 713 fuit
1451 694 1465 712 3
1487 687 1540 712 Deo
1565 693 1596 712 ex

957 735 1076 765 caritate,
1096 741 1110 759 a
1130 733 1231 759 Christo
1247 740 1277 759 ex
1291 732 1454 762 obedIentia,
1468 739 1481 757 a
1496 731 1597 756 ludaeis

957 787 987 805 ex
1007 779 1173 809 crudelitate,
1193 785 1207 802 a
1226 777 1289 803 luda
1309 784 1339 802 ex
1359 776 1467 802 avaritia
1488 776 1530 801 Vll
1545 774 1596 800 549

958 825 991 850 32
1006 838 1040 842 -
1054 823 1155 849 Occisio
1174 821 1268 848 Christi
1288 821 1373 846 activa
1394 818 1441 846 1011
1460 820 1597 852 permissa,

957 869 1004 895 sed
1023 868 1127 900 passiva
1147 867 1194 892 fuit
1213 865 1374 898 beneplacita
1395 865 1463 895 Deo,
1479 864 1540 897 quia
1555 871 1597 895 pa-

958 913 1071 939 tiebatur
1089 911 1158 937 bona
1178 911 1312 936 voluntate
1333 911 1364 935 Vl
1385 909 1436 934 409
1456 908 1490 934 75
1511 907 1539 932 4*
1565 922 1598 926 --

958 958 1097 983 damnatur
1129 963 1143 981 a
1181 956 1262 981 Pilato
1299 954 1473 987 permissione
1510 952 1597 978 divina

959 1002 1010 1028 494
1029 1002 1061 1027 23

1010 1061 1045 1065 ——
1076 1044 1171 1071 illusus
1190 1047 1249 1070 ante
1269 1043 1532 1074 condemnationem,
1556 1041 1598 1066 vel

958 1092 1036 1117 etiam
1064 1093 1125 1122 post
1154 1090 1185 1114 Vl
1212 1088 1263 1114 494
1284 1089 1312 1114 21
1338 1087 1438 1113 —fuit
1458 1087 1547 1112 illusus
1571 1086 1597 1111 in

958 1136 1038 1161 domo
1058 1134 1205 1167 pontificis,
1225 1134 1250 1158 in
1270 1133 1351 1159 domo
1368 1131 1465 1157 iudicis
1478 1134 1503 1156 61
1516 1131 1540 1156 13
1555 1137 1598 1162 113-

958 1180 1040 1206 1111010
1059 1179 1144 1205 610615
1164 1179 1214 1203 616
1236 1178 1260 1209 ’1,
1280 1178 1296 1203 3
1316 1191 1351 1196 —
1370 1176 1411 1202 bis
1430 1176 1522 1201 illusus
1546 1177 1598 1207 est,

958 1225 1053 1251 scilicet
1080 1226 1106 1249 et
1133 1223 1168 1249 de
1194 1225 1271 1248 nocte
1299 1224 1325 1247 et
1343 1221 1377 1247 de
1395 1221 1453 1252 die,
1473 1221 1498 1245 in
1517 1220 1598 1248 domo

958 1271 1047 1295 Annae
1066 1272 1091 1294 et
1109 1268 1135 1293 in
1154 1268 1235 1293 domo
1254 1266 1369 1299 Caiphae
1390 1265 1430 1291 Vll
1452 1265 1503 1291 565
1518 1264 1550 1289 84
1563 1278 1599 1283 -

958 1317 996 1339 ter
1016 1314 1104 1339 illusus
1118 1313 1176 1344 fuit,
1192 1313 1216 1337 in
1236 1312 1316 1337 domo
1336 1309 1466 1343 pontificis
1484 1312 1509 1334 et
1522 1309 1599 1334 Hero-

959 1359 999 1384 dis
1024 1361 1049 1384 et
1066 1359 1093 1383 in
1112 1364 1190 1383 cruce
1210 1356 1261 1382 578
1283 1355 1316 1381 44
1335 1370 1370 1373 -
1389 1355 1480 1380 illusus
1499 1353 1545 1379 fuit
1565 1352 1599 1378 ab

958 1403 998 1429 his
1017 1410 1084 1435 quos
1102 1403 1129 1427 in
1144 1405 1212 1427 terra
1226 1400 1372 1433 specialiter
1386 1398 1524 1425 honoravit
1537 1397 1598 1424 ibid.

958 1462 993 1466 —
1012 1448 1101 1473 illusus
1120 1446 1167 1472 fuit
1185 1453 1199 1471 a
1220 1445 1322 1471 ludaeis
1335 1452 1365 1470 cx
1379 1444 1489 1474 malitia,
1502 1442 1536 1468 ab
1550 1443 1599 1468 He-

958 1492 1023 1518 rode
1041 1499 1071 1517 ex
1091 1490 1254 1522 arrogantia,
1283 1496 1298 1514 a
1323 1487 1448 1514 militibus
1476 1495 1506 1513 ex
1526 1487 1599 1519 igno-

959 1536 1039 1562 rantia
1060 1536 1111 1561 569
1132 1536 1164 1560 43
1183 1548 1219 1554 ·-
1238 1534 1329 1559 illusus
1348 1540 1362 1558 a
1383 1531 1508 1558 militibus
1521 1538 1599 1564 pecu·

959 1581 1000 1606 nia
1020 1580 1150 1612 corruptis
1169 1580 1202 1604 vt
1223 1578 1272 1604 494
1294 1578 1327 1604 20
1339 1591 1375 1597 -
1388 1584 1403 1602 3
1423 1576 1548 1602 militibus
1562 1577 1598 1601 af-

959 1625 1043 1651 flictus
1061 1627 1086 1650 et
1105 1627 1209 1656 spretus
1228 1623 1270 1648 Vll
1291 1623 1341 1648 578
1363 1621 1395 1647 44

1012 1684 1045 1688 —
1065 1669 1156 1694 illusus
1175 1671 1213 1693 est
1232 1666 1322 1692 verbis
1345 1665 1540 1695 contumeliosis
1565 1665 1597 1690 Vl

961 1714 1010 1739 424
1029 1721 1054 1739 v.
1071 1714 1102 1738 19
1116 1727 1150 1732 -
1164 1713 1254 1738 11111505
1273 1714 1311 1737 651
1331 1714 1358 1737 01
1377 1711 1470 1736 stultus
1490 1710 1540 1735 498
1556 1709 1597 1734 44.

960 1759 1002 1784 Vll
1022 1758 1072 1783 469
1092 1758 1126 1783 55
1146 1771 1178 1775 —
1198 1757 1288 1782 illusus
1317 1759 1345 1781 ut
1372 1755 1516 1789 impotens,
1535 1754 1598 1786 quia

960 1803 1015 1835 ipse
1034 1802 1115 1828 voluit
1133 1801 1261 1827 sustinere
1280 1800 1322 1825 Vll
1342 1800 1393 1825 563
1413 1799 1448 1825 75
1461 1799 1598 1824 —illusus

960 1850 987 1873 ut
1011 1848 1139 1878 Propheta
1168 1845 1202 1871 ib.
1226 1846 1260 1870 76
1280 1860 1314 1863 -
1334 1844 1429 1870 Christi
1457 1843 1598 1875 sapientiae

959 1892 1063 1917 illusum
1083 1898 1097 1916 a
1117 1891 1200 1917 stultis
1228 1889 1377 1915 velantibus
1406 1889 1497 1915 13616111
1527 1888 1598 1919 eius,

959 1936 1090 1968 potentiae
1108 1936 1213 1961 illusum
1233 1941 1247 1960 3
1267 1934 1350 1960 servis
1363 1933 1546 1959 deridentibus
1558 1940 1599 1959 re-

959 1987 1033 2012 gem,
1054 1979 1249 2005 misericordiae
1268 1978 1302 2004 ab
1323 1979 1386 2011 ipsis
1406 1978 1508 2004 miseris
1533 1978 1599 2004 deri-

958 2024 1081 2051 dentibus
1100 2024 1295 2056 redemptorem
1316 2024 1347 2049 Vl
1368 2024 1419 2049 616
1440 2024 1467 2049 2

1010 2084 1045 2087 -
1058 2068 1152 2095 Christi
1166 2068 1257 2094 faciem
1272 2068 1418 2100 speciosam
1428 2088 1434 2100 ,
1447 2074 1516 2100 quae
1528 2068 1598 2093 salus

957 2116 995 2140 est
1026 2113 1218 2146 aspicientium,
1238 2113 1312 2145 impii
1343 2112 1429 2138 ludaei
1461 2112 1597 2144 velabant,

956 2157 1138 2190 conspuebant
1164 2161 1191 2183 et
1219 2157 1401 2190 percutiebant
1428 2157 1472 2183 vu
1493 2157 1543 2183 563
1563 2157 1597 2182 75

955 2206 1071 2229 —tunc
1099 2209 1191 2228 caesus
1220 2203 1266 2228 fuit
1294 2202 1412 2234 colaphis
1431 2202 1597 2232 ludaeorum,

956 2255 1026 2273 nunc
1045 2247 1162 2273 caeditur
1181 2246 1351 2279 blasphemiis
1379 2247 1504 2272 falsorum
1527 2245 1598 2272 Chri-

955 2293 1099 2318 stianorum
1120 2292 1171 2317 564
1190 2291 1224 2317 77
1244 2305 1279 2310 —
1299 2294 1361 2317 tunc
1380 2295 1525 2323 consputus
1551 2291 1597 2316 fuit

955 2337 1044 2363 salivis
1062 2336 1222 2367 infidelium,
1241 2342 1311 2361 nunc
1330 2336 1434 2361 vesanis
1447 2334 1597 2367 opprobriis

955 2381 1070 2407 fidelium
1091 2382 1266 2406 exhonoratur
1285 2379 1347 2406 ibid.

1010 2439 1042 2443 —-
1062 2425 1152 2450 illusus
1180 2425 1277 2457 signis,
1307 2425 1378 2450 factis
1402 2428 1428 2450 et
1453 2424 1542 2450 verbis
1562 2424 1595 2450 Yl

955 2470 1007 2495 617
1028 2470 1043 2495 5
1062 2484 1097 2488 ——
1116 2470 1207 2495 illusus
1225 2470 1252 2495 in
1272 2470 1454 2500 coronatione,
1479 2469 1503 2494 in
1523 2472 1597 2495 veste

956 2521 1089 2546 purpurea
1118 2517 1144 2540 et
1163 2515 1188 2539 iu
1208 2517 1270 2546 potu
1291 2513 1378 2539 oblato
1398 2513 1432 2540 ib.
1450 2514 1466 2539 7
1486 2527 1521 2533 —-
1540 2514 1597 2539 irri-

955 2559 1031 2584 detur
1050 2561 1078 2584 ut
1097 2566 1142 2584 rex
1162 2558 1186 2584 in
1212 2565 1308 2584 corona
1337 2559 1443 2590 spinea,
1473 2559 1497 2584 in
1523 2561 1596 2584 veste

955 2610 1105 2635 purpurea,
1123 2603 1151 2628 in
1169 2603 1323 2628 salutati0ne
1342 2610 1390 2634 per
1409 2603 1552 2635 opprobria
1571 2606 1596 2628 et

955 2647 980 2672 in
1000 2647 1145 2672 reverentia
1165 2654 1212 2679 per
1237 2648 1326 2679 alapas
1346 2647 1396 2672 490
1418 2648 1442 2679 2,
1462 2648 1486 2672 3.
1508 2647 1553 2672 491
1579 2647 1595 2671 5

956 2705 989 2709 ——
1008 2692 1091 2716 voluit
1118 2691 1204 2722 illudi,
1233 2698 1265 2716 ne
1293 2693 1372 2717 homo
1392 2691 1544 2717 illuderetur
1570 2691 1595 2716 in

955 2738 1062 2767 peccato
1081 2738 1107 2760 et
1127 2736 1152 2760 in
1172 2742 1256 2767 poena
1286 2736 1336 2760 6l6
1357 2736 1371 2760 3
1391 2749 1427 2754 —
1447 2736 1528 2761 voluit
1547 2735 1594 2760 mi-

955 2779 1120 2804 sericorditer
1149 2779 1276 2805 sustinere
1296 2779 1427 2805 illusiones
1446 2783 1471 2805 et
1491 2786 1595 2811 percus-

955 2824 1040 2849 siones
1059 2823 1213 2849 ludaeorum
1234 2827 1342 2855 propter
1362 2831 1409 2849 nos
1428 2824 1471 2848 Vll
1491 2823 1542 2848 563
1559 2823 1594 2849 75

954 2882 989 2887 -
1008 2867 1101 2893 Christi
1121 2868 1205 2893 illusio
1218 2868 1434 2900 contemplanda,
1452 2871 1478 2893 111
1491 2875 1521 2893 ex
1535 2875 1593 2893 con-

955 2912 1059 2937 10316113
1087 2919 1264 2944 agnoscamus
1290 2912 1314 2937 in
1334 2919 1365 2937 eo
1385 2912 1592 2944 magnitudinem

954 2956 1067 2982 caritatis
1086 2960 1111 2982 et
1129 2956 1308 2988 rependamus
1336 2956 1421 2981 vicem
1449 2956 1593 2982 dilectionis

954 3001 987 3026 Vl
1006 3001 1058 3025 616
1079 3002 1096 3026 2
1109 3015 1142 3018 -
1155 3000 1247 3026 Christi
1261 3001 1381 3032 exemplo
1394 3000 1478 3026 illusio
1492 3002 1593 3033 patien-

954 3048 992 3070 ter
1010 3045 1161 3070 sustinenda
1182 3045 1232 3070 6l7
1253 3044 1268 3070 4

1005 3103 1041 3108 -
1060 3090 1216 3122 flagellatus,
1237 3092 1265 3115 ut
1284 3090 1417 3122 punitione
1445 3090 1592 3116 flecteretur

954 3133 1094 3159 crudelitas
1121 3134 1277 3159 ludaeorum
1306 3134 1349 3159 Vll
1376 3134 1422 3159 571
1451 3135 1484 3159 26
1504 3148 1539 3153 -
1559 3135 1593 3159 111-

954 3185 1050 3204 306635
1063 3178 1238 3210 ignomIniose
1257 3179 1401 3210 flagellatur
1420 3178 1453 3204 ad
1473 3178 1592 3210 mitigan-

952 3222 1017 3247 dum
1047 3222 1201 3248 ludaeorum
1223 3223 1306 3248 zelum
1326 3223 1359 3248 Vl
1380 3222 1430 3248 490
1452 3223 1475 3253 vl,
1497 3223 1520 3248 4.
1542 3223 1592 3248 499

953 3266 980 3291 41
1006 3280 1040 3285 —-
1059 3267 1203 3298 flagellatus
1222 3271 1260 3292 est
1279 3270 1307 3292 ut
1326 3267 1430 3292 infimus
1443 3270 1468 3292 et
1481 3274 1593 3299 conspu·

952 3313 993 3336 tus
1013 3313 1041 3336 ut
1059 3311 1214 3336 immundus
1242 3311 1285 3337 Vll
1315 3310 1365 3336 469
1394 3311 1428 3336 55
1446 3326 1481 3330 —
1500 3318 1592 3337 caesus

952 3355 1059 3386 flagellis
1079 3355 1112 3380 w
1132 3355 1183 3380 424
1203 3362 1228 3381 v.
1253 3355 1282 3380 19
1295 3370 1330 3373 -
1344 3355 1389 3381 fuit
1409 3356 1552 3388 flagellatus
1565 3356 1591 3381 in

952 3399 1053 3432 capite,
1075 3399 1099 3425 in
1120 3399 1184 3425 facie
1202 3402 1227 3425 et
1246 3400 1272 3425 iu
1299 3403 1351 3426 toto
1377 3407 1487 3432 corpore
1506 3401 1539 3426 ad
1559 3402 1593 3426 vi·

1880 288 1944 315 CHR
1964 289 2036 322 (24)»

1634 333 1824 365 tuperandum‚
1844 334 1878 359 ad
1890 334 2047 359 eiiciendum
2066 337 2092 359 et
2111 335 2144 360 ad
2164 335 2274 366 punien-

1633 377 1697 402 dum
1717 377 1768 402 647
1790 378 1813 409 t,
1833 378 1848 402 2
1875 392 1911 396 ——
1939 377 2032 403 Christi
2062 379 2200 410 flagellatio
2226 386 2274 410 per

1632 428 1711 446 omne
1731 428 1814 453 genus
1833 422 1995 453 flagellorum
2016 423 2233 455 contemplanda,
2246 426 2275 449 ut

1633 466 1812 496 attendamus,
1827 466 1965 498 ”quantum
1986 467 2020 492 illi
2039 466 2185 493 debeamus
2204 466 2238 493 ib.
2257 469 2273 493 2

1634 524 1667 528 -
1687 510 1799 541 Flagella
1818 509 1912 536 Christi
1937 510 2049 536 liberant
2073 514 2238 543 peccatorem
2258 519 2273 537 a

1635 554 1800 586 confusione,
1820 553 1854 579 ab
1868 554 1994 580 eiectione
2012 562 2026 580 a
2046 562 2129 587 regno
2148 559 2174 581 et
2192 563 2207 581 a
2227 563 2276 588 pu-

1635 598 1733 623 nitione
1747 597 1781 624 ib.
1795 599 1809 623 3
1823 612 1859 618 —
1872 599 2016 631 flagellatus
2034 603 2060 625 et
2080 600 2170 626 irrisus
2189 604 2276 626 osten-

1635 642 1706 668 ditur
1725 642 1841 673 ludaeis,
1860 646 1889 669 ut
1907 646 2064 670 moveantur
2092 645 2125 670 ad
2151 645 2274 677 pietatem

1635 686 1686 712 490
1707 686 1731 712 4.
1752 686 1796 712 491
1822 687 1838 712 5

1688 744 1723 750 -
1742 738 1757 756 a
1777 731 1934 758 ludaeorum
1953 733 2063 764 perfidia
2082 734 2161 759 multa
2181 741 2276 766 passus

1635 778 1675 801 est
1703 775 1745 801 Vll
1775 775 1825 801 439
1857 776 1888 801 43
1914 791 1949 794 —
1976 784 2069 808 passus
2087 781 2126 803 est
2144 779 2225 803 multa
2250 781 2276 804 et

1636 826 1745 851 magna,
1773 827 1787 845 a
1817 820 1906 846 multis
1933 823 1958 845 et
1986 821 2089 853 magnis
2117 822 2167 847 227
2188 823 2221 848 36
2240 837 2275 840 -

1636 865 1717 890 11111113
1737 864 1790 896 11311
1810 864 1940 896 debebat,
1958 865 2019 898 quia
2046 873 2094 898 pro
2119 866 2206 892 multis
2225 867 2276 892 ani-

1637 908 1731 935 mabus
1750 908 1925 941 redImendis,
1945 910 2033 936 multis
2050 911 2134 942 culpis
2147 904 2277 937 remitten-

1637 953 1691 985 dis,
1710 953 1798 978 multis
1826 953 1942 980 reatibus
1970 954 2137 980 absolvendis
2161 954 2222 981 ibid.
2241 970 2276 974 —

1636 1004 1685 1029 pro
1704 997 1780 1023 nohis
1798 998 1921 1024 sustinuit
1945 998 2184 1031 incomparabiliter
2202 1000 2276 1032 plura

1636 1049 1716 1075 quam
1736 1042 1829 1075 aliquis
1848 1049 1896 1074 pro
1916 1043 1974 1075 ipso
1998 1043 2049 1068 379
2070 1044 2103 1069 63
2122 1057 2158 1063 --
2176 1044 2223 1070 fuit
2241 1045 2278 1070 af—

1636 1087 1721 1112 flictus
1740 1086 1774 1112 ad
1793 1087 1938 1113 sanandam
1964 1087 2139 1113 infirmitatem
2169 1089 2280 1116 carnali:-

1637 1131 1707 1162 tatis,
1736 1138 1835 1163 egenus
1862 1131 1897 1157 ad
1925 1132 2067 1158 sanandam
2091 1132 2276 1164 cupiditatem,

1636 1175 1753 1201 abiectus
1763 1176 1795 1202 ad
1808 1176 1951 1202 sanandam
1965 1176 2135 1203 ambitionem
2150 1178 2183 1205 Vl
2197 1178 2248 1204 629
2260 1178 2276 1203 9

1654 1248 1658 1251 ,
1689 1233 1725 1239 —
1744 1221 1846 1252 patiens
1865 1221 2005 1253 despectus
2033 1225 2058 1247 et
2082 1222 2185 1248 derisus
2203 1230 2216 1248 a
2237 1230 2277 1255 sy-

1637 1271 1741 1296 nagoga
1762 1265 1805 1291 Vll
1834 1265 1886 1291 565
1915 1265 1948 1291 84
1967 1281 2002 1284 -
2021 1270 2125 1298 51116105
2153 1268 2200 1293 fuit
2224 1270 2278 1293 1311-

1637 1316 1718 1342 quam
1738 1309 1882 1341 impotens,
1906 1311 1968 1343 quia
1997 1311 2103 1343 signum
2131 1319 2183 1337 non
2203 1312 2277 1344 fecit,

1637 1357 1762 1387 tanquam
1798 1355 1923 1387 stolidus,
1961 1355 2024 1388 quia
2055 1363 2106 1381 non
2132 1357 2277 1388 respondit,

1637 1401 1762 1432 tanquam
1792 1399 1931 1431 ignorans,
1951 1400 2013 1432 quia
2032 1407 2060 1425 se
2079 1407 2130 1426 non
2159 1401 2278 1427 defensa-

1637 1443 1674 1468 vit
1694 1443 1744 1468 569
1769 1444 1798 1469 13
1823 1457 1859 1462 -
1884 1444 1990 1470 insanus
2017 1448 2154 1476 reputatus
2181 1448 2221 1471 est
2243 1446 2276 1471 Vl

1639 1488 1688 1513 438
1710 1494 1733 1513 v.
1755 1487 1770 1513 4
1789 1501 1824 1507 —
1843 1487 1937 1514 Christi
1958 1489 2095 1515 infirmitas
2115 1490 2248 1516 deridetur
2261 1497 2277 1516 a

1637 1531 1801 1564 principibus
1820 1533 1977 1559 ludaeorum
1998 1534 2038 1559 Vll
2058 1534 2110 1560 577
2130 1534 2163 1560 43
2182 1549 2217 1554 —
2230 1535 2276 1561 lm-

1637 1575 1762 1608 possibile
1780 1580 1820 1602 est
1839 1584 1944 1603 narrare
1963 1579 2050 1603 omnia
2070 1579 2187 1604 convicia
2207 1579 2276 1605 Chri-

1634 1621 1763 1655 slnlillata
1783 1622 1833 1647 563
1854 1622 1888 1647 77
1907 1636 1942 1641 -
1961 1623 2048 1648 omnia
2068 1624 2186 1649 convicia
2203 1624 2278 1649 susti-

1636 1665 1691 1690 nuit
1708 1666 1869 1698 voluntarie,
1890 1670 1918 1692 ut
1935 1667 2010 1692 daret
2028 1667 2105 1693 nobis
2127 1669 2274 1700 exemplum

1635 1709 1669 1734 ad
1687 1709 1830 1741 opprobria
1851 1711 2039 1738 contemnenda
2060 1711 2121 1738 ibid.

1672 1753 1705 1779 24
1724 1767 1760 1773 -
1779 1755 1866 1780 Passio
1885 1754 1980 1781 Christi
2000 1760 2055 1781 erat
2067 1757 2229 1783 terminanda
2250 1757 2276 1782 111

1636 1801 1719 1823 1110116
1739 1799 1781 1823 Vll
1801 1799 1852 1824 227
1873 1800 1906 1825 36
1925 1813 1961 1819 -
1986 1800 2078 1826 Christi
2104 1802 2192 1833 passio
2218 1809 2276 1827 con-

1635 1846 1765 1868 summata
1795 1843 1819 1868 in
1848 1847 1932 1869 morte
1961 1845 1993 1870 Vl
2024 1845 2075 1870 500
2105 1845 2138 1877 48
2159 1859 2196 1865 —-
2214 1845 2275 1871 obe-

1635 1887 1732 1913 diendo
1761 1895 1845 1921 usque
1873 1889 1907 1914 ad
1938 1892 2048 1914 mortem
2081 1891 2277 1916 consummarit

1636 1939 1704 1964 opus
1723 1940 1800 1958 suum
1822 1933 1872 1958 468
1892 1934 1907 1959 6
1927 1947 1962 1953 —
1983 1934 2007 1959 ln
2036 1934 2129 1960 Christi
2155 1935 2275 1966 passione

1637 1977 1683 2002 fuit
1701 1978 1892 2003 consummatio
1912 1981 2016 2004 nostrae
2032 1979 2219 2011 redemptionis
2233 1980 2275 2005 vu

1637 2021 1688 2047 234
1708 2021 1751 2047 54.
1770 2022 1820 2048 468
1841 2022 1874 2048 54
1893 2037 1928 2041 —-
1947 2023 1995 2049 Per
2015 2024 2162 2056 passionem
2181 2023 2275 2050 Christi

1635 2069 1661 2091 et
1679 2067 1897 2093 resurrectionem
1926 2074 2019 2093 omnes
2042 2068 2192 2100 scripturae
2217 2075 2275 2094 eon—

1635 2114 1783 2137 summatae
1801 2115 1862 2137 sunt
1880 2112 1932 2137 595
1957 2113 1990 2138 33
2011 2127 2042 2131 -
2063 2113 2089 2138 13
2109 2113 2275 2139 crucifixione

1635 2154 1729 2181 Christi
1758 2156 1863 2188 impleta
1891 2160 1931 2183 est
1958 2157 2043 2189 figura
2072 2160 2097 2183 et
2121 2158 2275 2189 prophetiae

1636 2200 1686 2226 576
1707 2201 1740 2226 39
1760 2214 1795 2220 —
1814 2201 1906 2227 Omnia
1936 2202 1961 2227 in
1989 2205 2073 2227 morte
2101 2201 2196 2228 Christi
2215 2209 2275 2228 con-

1634 2247 1846 2271 summatasunt
1865 2246 1897 2271 Vl
1918 2246 1969 2271 225
1988 2254 2015 2272 v.
2036 2247 2077 2271 46.
2097 2246 2141 2272 Vll
2161 2238 2216 2272 468*
2231 2246 2274 2272 54.

1635 2289 1686 2315 576
1707 2290 1740 2314 39
1765 2303 1800 2309 --
1825 2293 2023 2316 60115011111131111
2051 2298 2099 2323 per
2126 2284 2273 2323 passionem

1635 2334 1678 2359 Vll
1697 2334 1749 2359 355
1769 2334 1813 2360 67.
1843 2334 1895 2360 555
1922 2334 1955 2360 49
1974 2349 2009 2353 ——
2028 2335 2222 2361 consummavit
2249 2335 2274 2360 in

1635 2385 1712 2404 cruce
1741 2379 1792 2404 376
1812 2379 1845 2404 54
1864 2393 1899 2398 -
1919 2380 1944 2404 13
1964 2379 2087 2411 passione
2114 2379 2208 2406 Christi
2236 2383 2275 2405 est

1634 2424 1825 2449 consummatio
1851 2424 1929 2449 totius
1955 2424 2120 2449 revelationis
2144 2424 2274 2456 propheti-

1634 2475 1688 2499 cae,
1702 2468 1726 2493 in
1739 2475 1793 2501 quo
1806 2471 1915 2500 apparet
1928 2468 1993 2494 mira
2007 2468 2170 2500 profunditas
2182 2471 2274 2500 myste-

1634 2513 1664 2538 rii
1693 2513 1821 2545 passionis
1841 2513 1891 2538 468
1911 2513 1944 2539 54
1970 2527 2005 2531 —-
2030 2513 2149 2545 implevit
2176 2512 2274 2544 figuras

1633 2558 1710 2589 Legis
1729 2557 1781 2583 545
1801 2559 1843 2583 22.
1863 2557 1914 2583 546
1934 2557 1968 2583 24

1686 2616 1720 2621 —-
1740 2603 1765 2627 ln
1785 2606 1869 2628 morte
1887 2602 1983 2628 Christi
2001 2602 2064 2627 nihil
2084 2602 2111 2627 fit
2136 2602 2273 2628 casualiter

1634 2646 1666 2671 vt
1687 2646 1737 2671 497
1758 2646 1792 2671 35
1805 2660 1840 2666 -
1853 2647 1917 2672 Nihil
1939 2648 2035 2672 factum
2055 2649 2094 2672 est
2112 2646 2180 2671 circa
2199 2646 2273 2672 Chri-

1632 2693 1717 2721 stum,
1746 2691 1795 2715 nisi
1822 2691 1895 2723 quod
1924 2691 1994 2717 Deus
2027 2698 2141 2722 congrua
2173 2691 2274 2716 ratione

1632 2735 1751 2766 permisit
1779 2736 1829 2760 502
1859 2736 1893 2760 60
1922 2749 1957 2754 -
1985 2735 2059 2761 Circa
2087 2734 2217 2761 Chr1stum
2246 2735 2272 2760 in

1632 2779 1753 2810 passione
1781 2779 1869 2804 omnia
1897 2779 2012 2811 fiebant,
2040 2786 2109 2812 quae
2137 2786 2184 2810 per
2209 2779 2271 2804 Pro-

1632 2824 1723 2854 phetas
1749 2823 1882 2854 praedicta
1906 2827 1980 2849 erant
2006 2823 2056 2849 499
2083 2823 2116 2848 45
2135 2837 2170 2842 —
2189 2823 2272 2849 voluit

1631 2868 1744 2899 perfecte
1772 2874 1958 2893 consummare
1986 2868 2147 2900 Scripturam
2175 2866 2209 2893 ib.
2229 2867 2271 2892 46.

1631 2911 1682 2936 500
1703 2912 1735 2937 48
1749 2926 1784 2931 -
1797 2913 1870 2945 Quae
1889 2913 1957 2938 circa
1971 2912 2103 2939 Christum
2122 2912 2272 2938 acciderunt

1631 2956 1664 2981 de
1677 2956 1799 2988 passione
1817 2960 1843 2982 et
1856 2957 2047 2983 resurrectione
2061 2957 2148 2983 onmia
2162 2957 2188 2982 in
2201 2957 2271 2988 Lege

1630 3001 1818 3032 praedicuntur
1836 3002 1880 3027 Vll
1899 3002 1945 3027 601
1970 3002 2004 3027 57

1683 3059 1718 3064 -
1738 3046 1856 3072 Salvator
1868 3049 1893 3072 et
1907 3050 1997 3072 auctor
2010 3047 2079 3072 vitae
2098 3052 2201 3071 summa
2216 3052 2271 3071 cru-

1630 3090 1733 3115 delitate
1752 3093 1777 3116 et
1805 3091 1975 3122 perversitate
1996 3098 2024 3116 a·
2040 3090 2140 3116 ludaeis
2168 3090 2270 3115 occisus

1631 3134 1673 3160 Vll
1693 3134 1744 3160 570
1765 3136 1811 3166 22,
1833 3135 1864 3160 23
1884 3150 1919 3153 —
1938 3135 2040 3166 lignum
2059 3134 2128 3159 vitae
2154 3137 2179 3160 et
2197 3134 2270 3159 volu-

1630 3179 1708 3210 ptatis
1735 3183 1844 3211 propter
1869 3182 2006 3211 peecatum
2039 3179 2174 3204 crudelem
2202 3185 2269 3204 mor-

1630 3227 1682 3249 tem
1702 3230 1796 3255 passus
1815 3227 1854 3249 est
1872 3223 1922 3248 574
1943 3224 1975 3249 36
1996 3237 2031 3242 —
2049 3226 2168 3248 mortuus
2192 3229 2270 3248 carne

1630 3268 1663 3293 Yl
1683 3269 1735 3294 590
1759 3269 1788 3293 12

1681 3326 1717 3331 -
1737 3311 1827 3338 debuit
1853 3312 1919 3338 mori
1940 3313 1966 3337 in
1991 3312 2129 3338 Ierusalem
2155 3312 2197 3336 vu
2218 3311 2267 3337 246

1630 3357 1673 3383 95.
1696 3358 1747 3383 355
1771 3358 1814 3382 69.
1835 3357 1886 3382 477
1915 3358 1943 3382 16
1961 3370 1998 3376 -
2017 3357 2041 3382 13
2066 3357 2205 3382 1610531631
2226 3356 2267 3381 de-

1629 3401 1709 3427 bebat
1739 3403 1808 3434 pati,
1839 3403 1901 3435 quia
1927 3405 1981 3427 erat
2012 3409 2055 3427 rex
2082 3404 2107 3427 et
2131 3401 2267 3431 sacerdos,
