2476 3921
159 576 230 596 Pietas
249 574 289 594 sra-

161 605 219 622 terna
235 606 290 621 eom-

159 627 277 648 mentiatur.

157 1469 205 1490 Non
220 1469 289 1489 exclu-

171 1496 235 1516 dendi
251 1495 288 1515 alii

171 1527 283 1549 pauperes.

311 270 374 303 368

310 356 486 398 tripliciter,
504 353 618 386 scilicet
642 360 698 393 per
715 348 1026 382 commendationem
1038 346 1172 389 pietatis
1187 344 1262 387 fra-

310 414 434 446 ternae,
460 416 515 448 per
546 403 805 446 assignationem
836 400 979 433 rationis
1011 399 1201 432 induetivae
1232 402 1263 431 et

309 471 364 503 per
388 458 655 501 approbationem
680 455 821 488 rationi-s
844 454 1007 486 inductae.

397 513 498 544 Primo
522 511 617 552 igitur
633 511 787 551 quantum
804 507 842 539 ad
867 505 1179 539 commendationem
1194 504 1263 546 pie-

309 566 385 599 tatis
407 564 580 607 fraternae
609 562 704 594 dicit:
738 560 799 593 Sed
829 569 906 591 cum
936 558 1024 601 facis
1055 558 1261 594 convivium,

308 628 387 652 voca
415 625 599 659 pauperes,
631 617 760 656 propter
791 612 948 645 desectum
986 619 1093 643 rerum
1126 609 1264 642 exterio-

308 680 395 709 rum;
422 670 514 702 Isaiae
545 666 804 710 quinquagesimo
828 666 980 697 octavo¹:
1011 664 1161 704 «Frange
1192 671 1263 695 esu-

307 724 397 757 rienti
422 731 533 765 panem
558 725 649 753 tuum
673 723 704 752 et
726 728 840 761 egenos
863 725 1021 759 vagosque
1045 716 1138 748 induc
1155 715 1186 747 in
1210 715 1264 747 do-

307 787 392 810 mum
424 780 542 808 tuam»
571 777 628 807 etc.
662 773 697 805 Et
729 773 788 804 hoc
820 770 1071 813 praecipiebatur
1107 769 1137 801 in
1167 770 1262 810 Lege;

307 827 539 862 Deuteronomii
561 826 681 858 decimo
697 825 824 866 quinto:
847 836 862 852 «
876 824 941 855 Non
957 823 1092 855 deerunt
1109 830 1264 863 pauperes

307 883 337 915 in
353 886 436 914 terra
449 879 648 913 habitationis
666 882 755 916 tuae;
770 877 885 909 idcirco
902 880 932 908 et
948 884 1005 917 ego
1022 875 1178 917 praecipio
1194 874 1263 913 tibi,

306 938 343 968 ut
365 934 487 976 aperias
510 941 639 965 manum
656 934 742 963 tuam
767 929 855 962 fratri
881 932 936 961 tuo
952 937 1048 969 egeno
1072 931 1102 960 et
1118 926 1264 969 pauperi,

307 988 360 1030 qui
385 991 487 1020 tecum
513 988 658 1018 versatur
690 983 721 1015 in
747 986 833 1015 terra
850 995 879 1013 ».
904 981 981 1013 Huic
1010 980 1140 1022 pauperi
1170 979 1266 1012 debes

308 1040 431 1082 aperire
455 1047 584 1070 manum
612 1039 643 1068 et
666 1035 804 1067 maxime
833 1034 931 1071 iusto;
956 1032 1039 1065 unde
1064 1030 1267 1064 Ecclesiastici

307 1093 414 1125 non02
438 1091 567 1124 dicitur:
598 1102 613 1118 a
630 1088 695 1121 Viri
720 1087 793 1120 iusti
819 1087 880 1119 sint
905 1086 959 1118 tibi
983 1085 1148 1122 convivae,
1180 1087 1211 1116 et
1234 1083 1266 1115 in

307 1146 419 1177 timore
443 1142 564 1176 Domini
590 1142 629 1174 sit
647 1141 701 1173 tibi
726 1139 869 1182 gloriatio
885 1151 920 1177 »;
945 1141 976 1170 et
992 1137 1105 1170 Tobiae
1129 1135 1277 1172 secundo,

307 1198 437 1231 dicitur:
456 1210 471 1225 «
486 1196 564 1228 Cum
582 1198 663 1227 esset
686 1193 753 1226 dies
769 1193 877 1230 festus,
895 1195 925 1224 et
941 1191 1057 1223 sactum
1074 1192 1156 1222 esset
1172 1198 1267 1230 pran-

307 1251 394 1283 dium
420 1249 538 1281 bonum
563 1247 594 1279 in
617 1246 711 1279 domo
730 1245 862 1282 Tobiae,
886 1243 968 1276 dixit
984 1242 1048 1274 filio
1071 1251 1143 1274 suo:
1168 1240 1267 1279 Vade,

307 1308 338 1337 et
361 1303 462 1335 adduc
485 1301 606 1342 aliquos
629 1299 667 1332 de
692 1298 776 1331 tribu
794 1300 901 1330 nostra
924 1297 1069 1328 timentes
1090 1295 1208 1332 Deum,
1232 1296 1268 1325 ut

307 1356 475 1398 epulentur
506 1353 669 1386 nobiscum
694 1366 723 1383 n.
760 1351 846 1384 Unde
883 1348 1086 1383 Ecclesiastici
1121 1347 1268 1380 duodeci-

307 1409 400 1442 mo³:
431 1421 446 1436 «
464 1408 508 1439 Da
532 1407 627 1444 bono,
652 1408 738 1437 etue
763 1403 919 1445 receperis
936 1405 1149 1445 peccatorem;
1175 1400 1268 1432 bene-

308 1462 355 1495 fac
372 1461 494 1499 humili,
511 1464 541 1492 et
558 1468 596 1492 ne
611 1458 735 1491 dederis
752 1457 848 1498 impio
864 1470 894 1488 ».
909 1475 952 1480 -
966 1456 1188 1487 Verumtamen
1205 1462 1266 1485 non

307 1514 488 1547 excluditur
512 1513 581 1550 hic,
613 1511 689 1554 quin
714 1511 806 1544 etiam
836 1509 904 1542 aliis
933 1507 1127 1550 pauperibus
1158 1506 1269 1538 debeat

308 1568 375 1601 fieri
400 1567 613 1607 eleemosyna,
637 1568 668 1597 et
691 1564 769 1606 quin
794 1563 851 1604 ipsi
876 1562 1009 1595 debeant
1038 1559 1160 1598 vocari,
1186 1559 1268 1591 sicut

307 1622 381 1654 satis
406 1620 507 1652 innuit
530 1619 772 1660 Chrysostomus
796 1624 891 1657 super
907 1614 1116 1651 Matthaeum,
1142 1611 1269 1644 homilia

306 1673 535 1715 septuagesima
558 1671 666 1703 nona4
689 1670 809 1702 dicens:
831 1681 847 1697 «
861 1669 901 1700 In
917 1670 1080 1710 quantum
1107 1675 1174 1697 non
1189 1663 1269 1706 seci-

305 1727 365 1758 stis
389 1725 451 1757 uni
471 1724 690 1756 minimorum
717 1722 854 1759 horum,
878 1730 979 1763 neque
1011 1717 1095 1751 milii
1125 1717 1268 1760 fecistis,

305 1779 379 1811 dicit
397 1778 561 1815 Dominus,
574 1786 636 1808 non
652 1776 691 1808 de
706 1774 868 1816 discipulis
883 1773 990 1806 dicens
1006 1772 1065 1804 hoc
1081 1772 1198 1810 solum,
1216 1780 1269 1810 ne-

307 1841 369 1874 que
385 1831 423 1863 de
448 1831 497 1863 his
514 1830 568 1871 qui
592 1829 755 1870 elegerunt
771 1826 999 1859 monachorum
1025 1825 1135 1863 vitam,
1161 1824 1215 1857 sed
1231 1824 1269 1856 de

307 1885 390 1918 omni
409 1884 534 1917 homine
552 1882 644 1915 fideli.
658 1881 717 1922 Qui
734 1880 818 1913 enim
835 1880 905 1912 talis
920 1882 982 1917 est,
999 1878 1056 1911 etsi
1074 1887 1185 1910 servus
1202 1877 1269 1910 fue-

309 1939 365 1976 rit,
389 1938 447 1970 etsi
471 1945 581 1970 eorum
606 1935 660 1977 qui
685 1935 716 1966 in
733 1933 801 1966 t'oro
825 1932 1019 1970 mendicant,
1044 1931 1143 1964 credit
1163 1934 1268 1964 autern

310 1992 341 2023 in
359 1991 475 2029 Deum,
493 1990 612 2022 iustum
635 1990 697 2025 est,
714 1986 853 2019 omnium
870 1994 943 2018 eum
963 1985 1025 2017 frui
1042 1984 1215 2017 devotione.
1235 1984 1270 2016 Et

311 2044 336 2077 si
360 2043 601 2085 despexerimus
617 2041 710 2073 talem
735 2039 894 2071 hominem
911 2038 1031 2070 nudum
1057 2038 1104 2070 vel
1128 2038 1269 2070 esurien-

309 2100 388 2135 tem,
406 2097 483 2128 haec
499 2095 663 2127 audiemus
688 2092 784 2125 verba
801 2105 816 2120 »
838 2094 895 2124 etc.
915 2109 956 2115 —
976 2090 1115 2129 Debites,
1140 2094 1269 2132 propter

308 2150 463 2182 defectum
497 2148 631 2185 virium;
657 2144 861 2178 Ecclesiastici
893 2144 1068 2186 septim0⁵:
1106 2156 1121 2172 «ι
1143 2144 1208 2176 Non
1240 2148 1270 2176 te

309 2202 413 2244 pigeat
436 2200 564 2232 visitare
594 2199 773 2235 infirmum;
798 2206 839 2229 ex
864 2196 913 2229 his
936 2196 1019 2228 enim
1044 2195 1270 2228 in·dilecti0ne

310 2253 542 2291 firmaberis»;
574 2255 605 2284 et
628 2250 773 2283 Matthaei
805 2249 954 2291 vigesimo
985 2248 1112 2290 quinto:
1142 2261 1157 2276 «
1182 2248 1270 2280 Infir-

312 2316 383 2339 mus
399 2315 500 2344 eram,
518 2308 547 2337 et
567 2304 714 2337 visitastis
730 2311 781 2335 me
794 2316 825 2341 »,
841 2302 923 2334 dicet
939 2301 1108 2339 Dominus,
1126 2301 1200 2343 quia
1216 2301 1270 2343 qui

314 2359 487 2392 infirmitati
512 2358 630 2390 alienae
653 2355 888 2394 condescendit,
913 2354 997 2397 quod
1021 2354 1064 2386 illi
1088 2354 1160 2387 facit
1181 2354 1270 2386 Chri—

312 2416 360 2445 sto
378 2409 536 2454 impendit.
554 2429 598 2433 —-
616 2409 759 2442 Claudos
775 2412 804 2440 et
826 2417 953 2446 caecos,
971 2411 1099 2449 propter
1115 2407 1270 2440 desectum

312 2464 547 2501 membrorum;
572 2461 653 2494 infra
681 2460 832 2493 eodemss:
862 2473 877 2487 a
897 2460 952 2492 Exi
984 2460 1015 2492 in
1039 2460 1124 2492 vicos
1151 2464 1182 2493 et
1205 2460 1270 2502 pla-

317 2521 383 2550 teas
400 2516 533 2549 civitatis
549 2518 580 2547 et
595 2522 750 2556 pauperes
766 2521 802 2545 ac
818 2512 949 2551 debileS‚
967 2521 1074 2545 caecos
1090 2516 1121 2545 et
1144 2512 1271 2545 claudos

314 2569 459 2602 introduc
484 2569 546 2600 huc
563 2581 592 2598 n.
618 2567 654 2598 Et
678 2567 737 2598 hoc
765 2565 892 2607 quidem
916 2569 1018 2604 recte,
1044 2565 1118 2607 quia
1148 2566 1271 2598 miseris

315 2620 522 2664 impendenda
537 2622 584 2652 est
607 2618 820 2651 misericordia
836 2621 867 2650 et
890 2618 1055 2650 subventio
1072 2618 1121 2650 his
1144 2618 1198 2660 qui
1216 2619 1271 2650 ha-

394 2833 402 2848 ¹
424 2835 499 2859 Vers.
517 2833 547 2863 7,
567 2832 608 2857 cui
628 2831 795 2863 subiungitur
816 2832 890 2857 Deut.
911 2832 958 2862 45,
981 2832 1021 2857 Η.
1034 2846 1068 2850 -
1087 2833 1175 2858 Glossa
1195 2832 1276 2859 inter-

322 2878 452 2904 linearis:
476 2877 546 2903 Voca
562 2883 709 2909 pauperes,
738 2883 752 2901 a
781 2875 879 2908 quibus
906 2876 967 2901 nihil
996 2876 1020 2901 in
1049 2877 1178 2908 praesenti
1201 2880 1275 2909 potes

322 2925 480 2953 exspectare.
758 2947 761 2949 ,

393 2964 403 2979 ²
424 2966 499 2990 Vers.
519 2965 566 2996 22,
586 2967 645 2996 post
664 2971 743 2997 quem
765 2963 830 2989 Tob.
852 2965 881 2997 2,
902 2964 926 2989 1.
945 2972 998 2997 seq.

394 3007 404 3022 ⁵
425 3010 500 3034 Vcrs.
519 3009 544 3034 5.
565 3012 590 3034 et
609 3009 634 3033 6.

393 3052 405 3067 ⁴
424 3053 493 3078 Alias
512 3053 553 3078 80.
575 3052 663 3085 (codd.
682 3050 741 3084 60.)
761 3059 786 3077 n.
809 3053 832 3077 l.
851 3052 876 3077 in
897 3053 963 3078 tlne:
986 3053 1032 3078 Hic
1051 3053 1085 3078 ait
1104 3052 1204 3087 [Matth.
1225 3055 1272 3085 25,

324 3097 397 3132 45.];
418 3099 449 3123 ln
468 3098 601 3131 quantum
620 3103 674 3122 non
691 3096 790 3130 fecistis
808 3096 857 3122 uni
874 3096 1051 3123 minimorum
1069 3097 1190 3131 fratrum
1209 3104 1276 3123 meo-

323 3149 401 3174 rum,
421 3149 468 3168 nec
487 3140 556 3167 mihi
572 3140 680 3175 fecistis.
699 3141 767 3173 Quid
786 3141 845 3166 ais?
867 3142 956 3167 tratres
981 3142 1016 3166 tui
1041 3145 1118 3173 sunt3
1141 3142 1277 3175 quomodo

323 3185 449 3212 minimos
468 3186 605 3217 appellas?
624 3185 684 3211 ideo
703 3188 772 3210 certe
791 3186 895 3216 tratres,
914 3185 975 3218 quia
995 3186 1118 3218 humiles,
1134 3193 1278 3218 pauperes,

324 3230 426 3256 abiecti.
444 3231 496 3255 Hos
514 3230 583 3255 enim
603 3229 716 3255 maxime
729 3229 762 3255 ad
776 3229 960 3255 fraternitatem
979 3233 1069 3261 vocat,
1089 3230 1205 3262 ignotos,
1220 3237 1278 3255 con-

325 3276 454 3306 temptos;
474 3281 523 3299 nec
542 3275 684 3299 monachos
703 3273 764 3299 dicit
784 3277 882 3299 tantum
902 3274 1011 3306 illosque
1029 3274 1074 3307 qui
1098 3274 1124 3300 in
1146 3274 1279 3300 montibus

326 3317 455 3350 habitant,
474 3319 521 3343 sed
541 3318 630 3344 fideles
649 3318 779 3349 singulos,
800 3318 877 3344 etiam
897 3318 919 3344 si
937 3319 1083 3344 saeculares
1105 3319 1168 3349 sint,
1188 3318 1210 3344 si
1228 3318 1279 3344 sint

325 3362 481 3392 esurientes,
501 3362 625 3393 famelici,
643 3362 721 3392 nudi,
741 3362 870 3394 hospites,
890 3363 957 3388 nulla
976 3369 1029 3388 non
1049 3362 1120 3395 ipsos
1138 3369 1200 3388 cura
1223 3362 1279 3387 vult

325 3406 419 3437 excipi.
436 3406 551 3431 Fratrem
571 3406 640 3431 enim
660 3409 685 3432 et
704 3405 850 3438 baptismus
869 3406 947 3432 efflcit
965 3409 990 3432 et
1008 3406 1159 3432 divinorum
1184 3408 1279 3437 myste-

886 259 1077 292 COMMENT.
1102 259 1138 291 IN
1164 257 1402 290 EVANGELIUM
1427 256 1543 289 LUCAE
1567 256 1598 288 C.
1624 255 1699 289 XIV.

1326 345 1400 377 bent
1424 344 1605 386 penuriam;
1623 343 1706 376 unde
1730 342 1824 375 Marci
1841 345 1967 375 octavo:
1990 354 2006 370 α
2023 342 2169 374 Misereor
2186 350 2282 383 super

1327 397 1470 435 turbam,
1494 397 1569 438 quia
1592 405 1682 434 ecce,
1706 395 1767 428 iam
1787 395 1890 427 triduo
1914 395 2068 427 sustinent
2084 402 2134 426 me
2150 403 2207 427 nec
2230 394 2283 426 ha-

1325 450 1400 482 bent
1423 449 1507 491 quod
1530 449 1764 481 manducent».

1415 502 1466 534 31.
1493 502 1593 542 (Vers.
1622 501 1696 541 1710).
1722 501 1864 533 Secundo
1888 503 2043 542 quantum
2067 500 2106 532 ad
2129 500 2284 542 assigna·
2305 487 2444 546 ananim-2

1327 555 1446 587 tionem
1468 554 1612 586 rationis
1635 553 1825 586 inductivae
1848 553 1971 586 subdit:
1998 554 2037 586 Et
2060 553 2173 585 beatus
2205 555 2283 592 eris,
2317 536 2443 587 Effinge»,

1326 608 1407 651 quia
1423 617 1489 639 non
1505 606 1623 639 liabent
1638 606 1819 639 retribuere
1831 606 1843 625 ⁷
1861 606 1920 638 tibi
1927 618 1938 644 ;
1955 606 2023 639 ideo
2046 608 2184 648 oportet,
2201 607 2285 650 quod

1326 662 1406 694 alius
1429 661 1585 693 retribuat
1608 669 1665 701 pro
1688 660 1750 698 eis;
1775 659 2017 692 Proverbiorum
2037 659 2158 692 decimo
2181 669 2284 692 nono:

1332 728 1347 743 «
1364 715 1554 747 Foeneratur
1571 713 1702 745 Domino
1726 712 1780 754 qui
1796 712 1965 753 miseretur
1989 712 2137 754 pauperis
2150 724 2185 751 »;
2202 712 2286 754 quod

1327 767 1442 800 dicitur
1468 770 1595 808 propter
1619 766 1860 798 immensitatem
1877 765 2047 804 mercediS,
2071 765 2109 798 de
2132 774 2196 807 qua
2212 766 2286 798 sub-

1329 820 1390 853 dit:
1416 819 1627 852 Retribuetur
1650 819 1736 851 enim
1750 818 1762 837 ⁸
1787 817 1846 850 tibi
1869 818 1905 850 in
1928 818 2168 850 resurreetione
2184 818 2287 851 iusto-

1330 884 1426 910 rum,
1444 873 1473 905 id
1497 876 1545 905 est
1566 873 1596 904 in
1621 872 1719 914 gloria
1746 875 1891 910 aeterna;
1915 871 1954 904 de
1971 881 2034 913 qua
2056 871 2287 916 resurrectione

1332 926 1527 968 Apocalypsis
1550 926 1712 968 vigesimo:
1742 938 1757 954 «ι
1775 926 1887 958 Beatus
1903 928 1934 958 et
1957 927 2098 963 sanctus,
2122 925 2177 967 qui
2193 925 2288 959 habet

1331 983 1450 1021 partem
1476 979 1506 1010 in
1531 979 1762 1011 resurrectione
1786 978 1888 1020 prima
1904 991 1938 1017 »;
1963 981 1994 1011 et
2017 977 2098 1010 infra
2121 978 2286 1020 vigesimo:

1337 1044 1352 1058 «
1369 1031 1413 1063 llli
1436 1030 1490 1072 qui
1522 1030 1605 1072 digni
1630 1030 1833 1063 habebuntur
1865 1031 1991 1063 saeculo
2014 1030 2067 1063 illo
2091 1033 2121 1063 et
2144 1039 2288 1063 resurre-

1332 1083 1432 1116 ctione
1456 1084 1601 1125 aequales
1624 1086 1719 1116 erunt
1742 1083 1863 1125 Angelis
1887 1086 1917 1116 et
1940 1083 1994 1115 filii
2020 1087 2094 1116 sunt
2117 1083 2187 1122 Dei,
2216 1093 2289 1117 cum

1332 1137 1394 1169 sint
1417 1136 1470 1168 filii
1504 1136 1795 1168 resurrectionis».
1821 1137 1853 1168 ln
1884 1137 1943 1169 hac
1976 1137 2208 1170 resurrectione
2239 1146 2289 1170 re-

1332 1192 1463 1231 surgent
1485 1189 1557 1221 mali
1582 1188 1620 1221 ad
1645 1192 1795 1228 mortem,
1821 1189 1873 1222 sed
1906 1189 1978 1222 iusti
2003 1189 2042 1222 ad
2065 1189 2178 1228 vitam;
2204 1190 2290 1223 Ioan-

1332 1243 1381 1275 nis
1396 1242 1506 1284 quinto
1519 1242 1545 1274 ⁰:
1569 1255 1583 1270 «
1601 1242 1770 1275 Procedent
1791 1243 1845 1285 qui
1861 1243 1943 1275 bona
1965 1243 2109 1275 fecerunt
2134 1243 2166 1275 in
2183 1252 2290 1276 resur-

1333 1294 1502 1327 rectionem
1519 1294 1614 1333 vitae,
1632 1294 1686 1336 qui
1704 1303 1778 1327 vero
1795 1295 1875 1327 mala
1891 1298 2024 1337 egerunt
2040 1295 2072 1327 in
2088 1295 2291 1328 resurrectio-

1333 1356 1403 1379 nem
1428 1346 1580 1379 iudicii».
1607 1347 1638 1379 ln
1662 1347 1720 1379 hac
1744 1347 1912 1380 retributio
1935 1346 1990 1380 fiet
2015 1347 2289 1387 misericordibus;

1332 1399 1416 1432 unde
1448 1399 1651 1432 Ecclesiastici
1679 1399 1863 1432 duodecimo
1877 1400 1920 1432 ¹⁰:
1950 1413 1966 1428 «
1983 1399 2111 1432 Benefac
2139 1400 2236 1439 iusto,
2260 1404 2291 1433 et

1333 1451 1472 1484 invenies
1495 1452 1743 1488 retributionem
1774 1461 1937 1493 magnam,
1961 1455 1992 1484 et
2015 1452 2040 1484 si
2063 1461 2126 1484 non
2157 1452 2197 1485 ab
2219 1452 2290 1491 illo,

1333 1508 1417 1537 certe
1441 1514 1459 1536 a
1474 1504 1538 1537 Deo
1554 1516 1592 1543 »3
1617 1508 1648 1537 et
1665 1505 1803 1538 maxime
1826 1505 1864 1537 de
1880 1505 2092 1547 eleemosyna;
2109 1505 2193 1538 unde
2217 1506 2292 1538 Mat-

1333 1558 1416 1590 thaei
1448 1558 1598 1600 vigesimo
1633 1558 1764 1600 quinto:
1801 1571 1817 1587 «
1841 1558 1966 1598 Venite,
2004 1558 2157 1592 benedicti
2193 1559 2292 1592 Patris

1333 1610 1412 1649 mei,
1445 1610 1595 1652 percipite
1627 1619 1790 1652 regnum»
1820 1614 1897 1649 etc.;
1930 1615 1960 1644 et
1991 1614 2077 1653 post:
2107 1624 2123 1640 «
2148 1611 2290 1650 Esurivi,

1333 1666 1364 1695 et
1387 1662 1514 1695 dedistis
1542 1663 1617 1694 mihi
1649 1663 1839 1696 manducare
1855 1677 1870 1692 »
1904 1667 1961 1697 etc.
1987 1664 2023 1696 Et
2047 1664 2116 1697 ideo
2145 1664 2290 1696 Matthaei

1334 1716 1444 1757 quinto
1458 1717 1501 1748 1¹:
1531 1729 1546 1744 «
1564 1716 1647 1748 Beati
1671 1716 1906 1756 misericordes,
1931 1717 2079 1759 quoniam
2096 1717 2154 1759 ipsi
2171 1716 2292 1749 miseri-

1334 1768 1471 1800 cordiam
1495 1772 1729 1810 consequentur
1746 1783 1775 1801 ».
1801 1769 1887 1802 Unde
1910 1770 2060 1811 operibus
2084 1770 2207 1812 pietatis
2227 1778 2293 1802 ma-

1334 1822 1419 1854 xime
1443 1822 1478 1854 fit
1502 1822 1668 1854 retributio
1690 1822 1858 1861 felicitatis,
1884 1826 2013 1864 propter
2036 1823 2121 1865 quod
2144 1823 2293 1856 Ecclesia-

1333 1875 1401 1908 stici
1425 1875 1546 1908 decimo
1570 1876 1715 1917 septimo:
1745 1889 1760 1904 «
1777 1877 1979 1917 Eleemosyna
1995 1876 2055 1909 viri
2079 1876 2169 1918 quasi
2185 1885 2304 1909 saccu-v

1334 1929 1384 1961 lus
1415 1938 1486 1961 cum
1518 1929 1585 1970 ipso
1620 1932 1651 1961 et
1681 1929 1814 1971 gratiam
1846 1929 1981 1962 hominis
2016 1929 2106 1971 quasi
2141 1929 2291 1971 pupillam

1334 1982 1552 2020 conservabit3
1587 1986 1618 2014 et
1653 1985 1759 2023 postea
1794 1985 1958 2024 resurget,
1993 1985 2025 2015 et
2059 1982 2215 2015 retribuet
2248 1982 2292 2014 illi

1334 2034 1593 2073 retributionem,
1617 2035 1789 2077 unicuique
1813 2035 1844 2068 in
1869 2038 1964 2077 caput
1987 2044 2081 2068 suum
2098 2048 2129 2067 ι).
2145 2054 2191 2059 -
2206 2035 2293 2068 Ratio

1333 2091 1438 2120 autem
1463 2088 1560 2120 huius
1583 2091 1643 2126 est,
1668 2088 1743 2130 quia
1766 2088 1874 2121 nullus
1901 2092 1949 2121 est
1972 2088 2086 2130 dignus
2116 2088 2295 2121 misericor-

1334 2141 1398 2179 dia,
1423 2140 1481 2173 nisi
1506 2141 1559 2183 qui
1592 2141 1665 2174 facit
1696 2141 1958 2181 misericordiam;
1991 2141 2083 2183 quia,
2115 2141 2216 2175 lacobi
2248 2150 2296 2174 se-

1334 2194 1488 2233 cundo¹²‚
1518 2194 1705 2226 «iudicium
1730 2194 1796 2227 sine
1825 2194 2038 2227 misericordia
2069 2194 2112 2227 illi
2144 2195 2199 2237 qui
2233 2203 2295 2227 non

1334 2247 1406 2280 facit
1430 2247 1677 2280 misericordiam
1694 2261 1723 2279 n.
1749 2248 1785 2280 Et
1816 2248 1924 2281 nullus
1946 2247 1985 2280 ad
2009 2251 2169 2280 aeternam
2198 2247 2295 2280 beati-

1335 2301 1474 2333 tudinem
1492 2301 1576 2333 venit
1592 2300 1651 2333 nisi
1675 2309 1731 2342 per
1748 2300 2011 2339 misericordiam;
2037 2301 2191 2333 Psalmus:
2213 2313 2229 2328 α
2242 2300 2296 2332 Ho-

1334 2354 1434 2387 mines
1456 2357 1487 2387 et
1518 2354 1657 2386 iumenta
1681 2354 1832 2393 salvabis,
1857 2354 2003 2392 Domine;
2032 2353 2295 2395 quemadmodum

1334 2407 1547 2449 multiplicasti
1561 2406 1805 2440 misericordiam
1822 2410 1919 2446 tuam,
1936 2407 2020 2439 Deus
2036 2418 2067 2445 »;
2084 2409 2115 2439 et
2131 2414 2245 2438 rursus
2257 2405 2295 2438 ad

1335 2460 1457 2492 Titum:
1476 2473 1492 2489 «
1505 2460 1570 2492 Non
1588 2469 1628 2493 ex
1645 2460 1795 2501 operibus
1811 2460 1964 2498 iustitiae,
1981 2468 2062 2501 quae
2075 2458 2206 2491 fecimus
2221 2466 2295 2496 nos,

1335 2513 1389 2545 sed
1412 2513 1584 2545 secundum
1610 2522 1698 2545 suam
1726 2512 1970 2545 misericordiam
1988 2512 2089 2544 salvos
2105 2519 2161 2543 nos
2177 2510 2295 2543 fecit».

1425 2566 1477 2598 32.
1503 2566 1603 2607 (Vers.
1628 2566 1702 2606 15.).
1720 2565 1826 2598 Tertio
1849 2569 2003 2607 quantum
2022 2564 2059 2597 ad
2084 2563 2295 2606 approbatio-

1335 2628 1408 2651 nem
1432 2619 1575 2651 rationis
1599 2618 1755 2651 inductae
1777 2618 1900 2651 subdit:
1926 2618 2014 2650 Haec
2038 2626 2115 2649 eum
2146 2616 2296 2648 audisset

1339 2833 1438 2858 riorum
1457 2833 1628 2858 consortium.
1647 2846 1681 2850 —
1700 2833 1749 2857 Pro
1771 2830 1893 2857 omnium
1917 2837 1979 2856 eum
2004 2829 2064 2863 frui
2085 2830 2111 2855 in
2136 2830 2157 2855 D
2182 2830 2296 2856 secunda

1340 2884 1433 2902 manus
1452 2877 1585 2903 substituit
1602 2876 1711 2902 omnino
1730 2882 1792 2901 eum
1810 2874 1876 2908 frui.

1410 2920 1420 2935 ⁵
1441 2922 1514 2947 Vers.
1533 2922 1581 2951 39,
1602 2920 1646 2946 ubi
1672 2927 1720 2952 pro
1745 2917 1898 2953 firmaberis
1917 2918 2027 2944 ACDG
2045 2918 2176 2952 firmaris.
2196 2933 2231 2938 —
2251 2920 2297 2945 Se-

1339 2967 1428 2999 quitur
1447 2966 1533 2991 Matth.
1553 2965 1602 2995 25,
1622 2965 1664 2989 36.

1410 3008 1421 3023 ⁰
1441 3010 1515 3035 Vers.
1534 3009 1577 3034 21.
1595 3022 1630 3027 --
1649 3007 1768 3034 Subinde
1786 3007 1911 3038 allegatur
1931 3007 2007 3033 Marc.
2028 3008 2059 3039 8,
2079 3009 2103 3033 2.

1412 3051 1421 3067 ⁷
1442 3053 1526 3079 Codd.
1547 3052 1627 3079 CDG
1647 3051 1718 3077 unde
1736 3050 1899 3082 retribuere,
1918 3051 1940 3076 Π
1958 3050 2028 3077 unde
2046 3050 2208 3083 reo-ibuent,
2228 3058 2297 3084 quae

1340 3097 1415 3123 lectio
1443 3096 1515 3128 apud
1543 3095 1621 3121 Card.
1649 3095 1716 3126 nug.
1746 3095 1770 3120 in
1802 3094 1920 3126 margine
1951 3094 2084 3126 allegatur.
2112 3108 2147 3114 —
2175 3094 2298 3128 Sequitur

1341 3142 1417 3166 Prov.
1438 3141 1486 3172 te,
1507 3139 1549 3165 ⁴7.

1411 3182 1422 3198 ⁸
1441 3185 1530 3210 Plures
1549 3183 1626 3209 codd.
1637 3203 1644 3214 ,
1663 3185 1691 3209 ut
1711 3182 1759 3209 AC
1770 3183 1791 3208 D
1802 3183 1836 3215 ll,
1855 3184 1955 3209 autem.
1969 3196 2002 3201 -
2016 3183 2073 3209 Duo
2089 3190 2162 3216 seqq.
2176 3182 2226 3209 loci
2238 3185 2300 3208 sunt

1341 3229 1422 3260 Apoc.
1443 3229 1491 3259 20,
1511 3228 1536 3254 6.
1555 3231 1580 3253 et
1599 3228 1660 3253 Luc.
1681 3228 1728 3259 20,
1749 3227 1791 3253 35.
1811 3234 1867 3260 seq.
2130 3225 2142 3240 ⁹
2162 3227 2236 3253 vers.
2254 3226 2296 3252 29.

1413 3270 1435 3286 ¹⁰
1456 3272 1529 3298 Vers.
1549 3273 1579 3304 2,
1599 3274 1659 3304 post
1677 3278 1757 3305 quem
1777 3272 1864 3297 Matth.
1883 3271 1932 3302 25,
1951 3270 1994 3297 34.
2013 3274 2038 3297 et
2056 3271 2101 3297 35.

1414 3315 1435 3330 ¹¹
1456 3316 1530 3342 Vers.
1549 3316 1575 3342 7.
1590 3329 1625 3335 —
1639 3315 1757 3342 Subinde
1776 3316 1919 3348 allegantur
1939 3315 2014 3342 Eccli.
2034 3315 2081 3346 17,
2099 3315 2139 3341 ⁴8.
2153 3318 2178 3341 et
2192 3315 2234 3340 19.
2247 3314 2300 3341 Ctr.

1342 3367 1422 3393 supra
1441 3368 1504 3393 pag.
1526 3360 1588 3392 tto,
1609 3364 1669 3386 nota
1689 3361 1713 3386 6.

1414 3403 1436 3419 ¹²
1456 3405 1530 3430 Vers.
1551 3405 1592 3430 43.
1612 3419 1646 3423 —
1666 3405 1814 3437 Sequuntur
1833 3403 1874 3430 Ps.
1893 3403 1942 3434 35,
1960 3403 1985 3429 7.
2005 3410 2061 3436 seq.
2080 3406 2105 3428 et
2124 3402 2173 3428 Tit.
2194 3402 2223 3434 3,
2242 3401 2268 3427 5.

2309 1125 2435 1163 Notandum.

2313 2029 2382 2062 Ratio.

2315 2567 2393 2589 Eadem
2409 2573 2444 2595 ap-

2324 2595 2432 2622 probatur.
