2427 3872
321 273 386 307 726

594 315 659 342 COR

1187 269 1301 302 lNDEX
1326 268 1453 301 RERUM

375 361 501 388 Conoziua
520 374 555 380 —-
573 364 629 386 erat
655 360 747 385 civitas
775 359 916 390 Galilaeae,
935 358 962 383 in
997 365 1024 383 v.
1045 358 1077 382 45
1095 371 1131 377 —
1143 357 1267 383 deorsum
1281 357 1376 389 premit
1391 364 1403 381 a
1419 356 1637 388 contemplatione

321 414 377 439 qua
396 406 513 432 Christus
532 405 644 437 plurima
665 405 760 429 fecerat
783 403 866 435 signa,
885 405 910 428 et
929 405 963 428 ta-

324 458 387 476 men
405 450 493 476 adhuc
512 447 684 481 permanebat
702 448 728 473 in
752 455 783 473 ea
803 447 898 473 duritia
919 446 962 472 Vll

324 495 376 521 259
397 496 430 520 22
444 508 479 513 --
491 494 512 519 si
527 493 629 519 fecisset
641 492 825 524 poenitentiam
834 511 840 522 ‚
853 498 907 516 non
921 492 964 516 ha-

324 538 398 564 beret
417 541 512 563 tantam
533 537 619 563 cordis
646 536 769 562 duritiam
795 542 843 561 nec
868 535 963 561 duram

324 583 481 609 sententiam
502 582 552 608 260
573 582 606 607 23

379 626 534 652 (ΞοηροηΑωΑ
553 639 588 644 —-
607 625 658 651 sint
676 625 709 650 de
738 624 849 656 simplici
869 624 918 649 tela
938 623 964 648 li·

325 678 374 697 nea
394 674 420 696 et
438 670 550 700 munda,
570 677 621 695 non
641 669 718 695 tincta
737 675 786 694 nec
799 668 879 693 variis
897 667 964 693 colo-

325 715 400 741 ribus
418 714 548 740 rubricata
568 714 611 739 Vll
625 713 677 739 584
697 712 730 738 64
743 726 778 732 ψ·-
793 715 887 744 gerunt
900 712 965 743 ssgu-

324 766 383 785 ram
402 759 518 784 sindonis
536 757 597 784 ibid.

380 802 477 829 Conrus
495 816 530 821 —-
549 802 595 828 Vis
622 802 760 827 formativa
785 800 903 832 corporis
926 802 965 825 est

326 847 369 872 vis
387 847 476 872 divina
496 847 529 871 Vl
550 847 582 871 89
608 854 633 871 v.
660 846 676 871 5
703 859 738 864 —
766 844 891 876 Corporis
920 851 964 869 au-

328 894 463 923 gmentum
482 894 508 916 et
526 891 676 916 alimentum
693 897 743 915 non
764 889 792 914 fit
811 895 858 920 per
876 889 965 913 huma-

327 942 387 960 nam
408 935 606 966 cogitationem,
625 934 671 959 sed
686 940 732 965 per
746 933 862 958 divinam
876 932 965 963 dispo-

327 979 448 1004 sitionem
469 979 510 1004 Vll
539 979 590 1003 320
619 979 652 1003 36
674 992 708 995 -
737 979 863 1002 formatur
881 976 965 1007 spatio

328 1030 424 1048 novem
445 1023 575 1048 mensium
601 1023 631 1047 Vl
659 1021 704 1047 151
729 1028 756 1046 v.
776 1021 791 1045 2
811 1034 845 1039 -
864 1019 965 1051 organi-

326 1067 428 1092 zatiene
446 1069 471 1091 et
489 1067 557 1091 mole
576 1065 708 1097 perficitur
727 1064 900 1097 qnadraginta
922 1070 966 1089 sex

329 1110 423 1136 diebus
443 1110 494 1135 277
516 1110 547 1135 42

383 1169 417 1172 -
436 1155 499 1180 Ossa
519 1154 638 1179 ordinata
658 1156 719 1179 sunt
738 1153 771 1178 ad
791 1159 887 1184 corpus
905 1159 966 1184 pro-

328 1199 472 1230 tegendum
492 1198 525 1223 Vl
544 1198 577 1223 93
597 1205 624 1222 v.
643 1198 658 1222 3
677 1211 712 1216 —
739 1197 837 1222 Domus
856 1199 895 1222 est
914 1203 966 1222 ma-

329 1243 406 1268 china
426 1242 545 1274 corporis
572 1241 633 1267 ibid.
652 1255 687 1260 -
707 1241 822 1266 Machina
848 1241 967 1272 corporis

329 1287 428 1318 fragilis
446 1290 485 1312 est
512 1285 572 1312 ibid.
592 1299 628 1305 —
646 1286 762 1311 Machina
791 1285 909 1317 corporis
929 1285 966 1310 in-

330 1331 402 1362 diget
421 1330 529 1356 custode
548 1329 609 1356 ibid.

384 1389 417 1394 —
437 1382 451 1400 a
470 1375 525 1400 Deo
545 1374 579 1400 de
597 1374 658 1400 limo
678 1377 762 1400 terrae
781 1375 876 1399 factum
891 1377 930 1399 est
942 1376 967 1399 et

329 1419 390 1445 ideo
417 1419 582 1445 reddendum
610 1423 635 1444 et
662 1419 823 1444 offerendum
849 1418 904 1443 Deo
924 1418 966 1444 Vll

331 1464 378 1489 511
403 1464 436 1489 32
455 1477 490 1482 -
503 1463 581 1495 primi
595 1463 710 1495 parentis
723 1465 778 1488 erat
790 1463 902 1488 animale
915 1463 967 1488 515

331 1508 365 1533 42
383 1521 419 1527 —-
438 1509 583 1533 humanum
603 1507 704 1539 origine
718 1507 831 1532 mediata
844 1514 875 1532 ex
888 1507 967 1532 nihilo

333 1553 430 1577 factum
450 1554 488 1577 est
513 1552 544 1576 Vl
578 1552 625 1576 119
651 1558 678 1576 v.
707 1552 722 1576 2
741 1565 776 1570 -
796 1551 829 1576 (10
848 1554 916 1576 10113
935 1552 968 1576 13-

331 1600 403 1622 ctum
422 1598 461 1621 est
473 1595 524 1621 125
543 1603 569 1621 v.
590 1596 598 1620 4
617 1610 652 1613 -—
665 1596 774 1621 mortale
792 1599 817 1621 et
836 1598 967 1621 terrenum

331 1640 427 1666 dicitur
452 1643 519 1665 terra
550 1640 595 1665 111
628 1647 655 1664 v.
680 1641 689 1664 4
719 1654 754 1657 —
779 1639 903 1671 Corporis
921 1640 969 1665 hu—

333 1685 403 1710 mani
432 1684 568 1716 dispositio
593 1686 618 1709 et
643 1684 804 1714 organizatio
828 1683 968 1708 attenditur

332 1728 478 1755 secundum
507 1727 706 1759 congruentiam
737 1727 770 1752 ad
799 1734 902 1752 sursum
935 1727 968 1752 36

333 1780 359 1805 q.
380 1773 395 1798 2

388 1830 422 1834 —
442 1817 467 1841 ln
487 1823 548 1841 sene
567 1815 653 1841 omnia
674 1814 792 1840 membra
807 1815 924 1847 corporis
937 1815 969 1840 ef·

333 1860 454 1886 ficiuntur
482 1861 621 1885 tremulosa
645 1860 678 1884 Vl
706 1859 740 1884 94
760 1867 785 1884 ν.
806 1859 822 1884 5
843 1873 875 1877 —-
895 1858 970 1885 Calor

335 1905 457 1937 digerens
476 1905 562 1930 deficit
590 1904 616 1929 in
635 1911 747 1936 corpore
766 1904 835 1929 senis
855 1902 915 1929 ibid.
934 1902 980 1922 —'

334 1949 434 1975 Humor
457 1949 661 1981 phlegmaticus,
686 1955 803 1980 aquosus
827 1952 852 1973 et
871 1948 969 1979 indige-

333 1997 389 2019 stus
408 2000 504 2025 corpus
516 1993 585 2018 senis
597 1993 687 2025 implet
701 1996 726 2018 et
744 1993 912 2024 impinguare
931 1992 969 2017 vi-

333 2038 410 2063 detur
429 2037 490 2063 ibid.

385 2095 422 2101 ·-
440 2081 562 2113 Corporis
581 2081 702 2107 resolutio
721 2084 760 2106 est
779 2081 883 2107 miseria
903 2087 969 2106 mor-

331 2129 385 2152 tem
404 2132 566 2159 consequens
587 2126 618 2150 Vl
638 2125 672 2150 94
692 2132 719 2151 v.
740 2126 755 2150 6
776 2139 811 2144 —
830 2128 889 2157 post
902 2132 968 2150 mor-

331 2173 384 2196 tem
404 2170 560 2196 incineratur
580 2170 613 2194 95
632 2177 659 2195 v.
678 2169 703 2194 7.
725 2170 775 2194 126
794 2177 820 2194 v.
836 2170 850 2194 3
871 2184 905 2187 -
925 2177 969 2195 no·

330 2217 413 2240 strum
441 2215 488 2240 erit
517 2214 581 2239 cinis
608 2214 750 2239 exstinctus
779 2216 838 2245 post
866 2214 968 2239 animae

330 2258 525 2285 exstinctionem
547 2258 597 2283 119
616 2265 642 2283 v.
662 2259 686 2288 2,
707 2259 722 2283 3
740 2271 776 2277 --
790 2265 836 2289 1101
849 2265 968 2284 0011511111-

329 2303 426 2328 tionem
447 2302 547 2328 humidi
567 2302 691 2328 naturalis
709 2309 723 2327 a
738 2303 824 2328 calore
837 2303 969 2328 consumi-

329 2350 372 2373 tur
385 2350 410 2372 et
428 2347 453 2372 in
473 2347 586 2372 cinerem
610 2346 719 2372 vertitur
733 2347 783 2372 120
797 2354 822 2372 v.
844 2347 859 2372 3
878 2360 913 2365 -
932 2347 967 2372 Ex

329 2394 404 2423 parte
422 2391 540 2423 corporis
558 2391 645 2416 omnia
664 2391 760 2416 cedunt
779 2391 803 2416 in
824 2394 919 2416 terram
933 2391 961 2416 51

330 2442 356 2460 v.
376 2435 391 2460 6
411 2449 446 2454 —
465 2436 498 2460 Ex
518 2438 591 2467 parte
617 2435 735 2467 corporis
757 2438 797 2461 est
816 2435 967 2461 incineratio

330 2478 391 2505 ibid.
411 2492 446 2497 -—
466 2479 594 2510 putredini
615 2483 797 2510 comparatur,
823 2480 884 2512 quia
909 2486 967 2505 con-

330 2522 401 2548 tinue
420 2523 580 2554 corruptioni
599 2522 717 2556 subiacet
737 2523 786 2548 170
806 2530 832 2548 v.
854 2523 887 2549 45

383 2581 417 2585 —
437 2567 556 2592 Mensura
575 2567 750 2598 corporalium
775 2570 836 2592 sunt
853 2570 967 2600 quatuor

331 2611 459 2636 elementa
488 2610 520 2635 Vl
550 2610 599 2635 182
620 2617 645 2635 v.
673 2611 701 2635 21
725 2624 760 2629 -
779 2611 875 2642 Omne,
894 2612 966 2644 quod

330 2657 370 2680 est
388 2654 415 2679 in
435 2657 553 2685 ternpore
572 2657 597 2678 et
616 2653 694 2679 habet
718 2657 836 2686 tempus,
856 2658 894 2681 est
912 2663 967 2681 cor·

331 2698 421 2730 porale
440 2698 472 2723 28
492 2705 519 2730 q.
540 2698 549 2722 4
573 2711 608 2715 —
627 2698 698 2723 Nulla
718 2698 861 2730 corporalia
882 2706 967 2730 perse-

331 2745 423 2767 verant
441 2742 468 2767 in
486 2745 621 2766 aeternum
641 2742 674 2767 33
694 2749 720 2774 q.

384 2799 419 2805 -
438 2786 546 2810 mortale
564 2785 734 2810 iudicandum
758 2789 797 2811 est
815 2786 912 2812 iudicio
931 2788 966 2812 di-

330 2830 455 2862 sciplinae
474 2830 601 2854 discretae
620 2829 652 2854 Vl
673 2830 718 2854 111
743 2836 768 2854 v.
789 2830 798 2854 4
819 2844 851 2848 —
865 2834 903 2856 est
916 2838 967 2857 ser—

331 2882 393 2905 vus,
412 2874 458 2907 qui
478 2873 556 2899 debet
573 2874 676 2905 spiritui
695 2874 794 2899 servire
814 2874 874 2900 ibid.
895 2889 927 2894 -
941 2876 966 2901 in

329 2921 397 2944 statu
416 2918 578 2943 innocentiae
597 2921 652 2942 erat
666 2918 690 2942 in
708 2918 833 2943 servitute
852 2917 912 2944 ibid.
932 2934 966 2937 —

330 2961 441 2994 Corpori
460 2965 488 2987 ut
506 2969 583 2987 servo
596 2961 707 2987 debetur
720 2963 870 2988 sustentatio
884 2964 967 2995 panis,

329 3013 362 3032 ne
382 3006 497 3038 deficiat,
517 3006 591 3037 virga
610 3006 772 3037 disciplinae,
787 3013 819 3031 ne
839 3007 966 3040 lasciviat;

329 3053 355 3076 et
373 3051 510 3082 occupatio
529 3050 610 3075 sancti
630 3050 726 3082 operis,
746 3057 779 3075 ne
792 3054 893 3082 torpeat
906 3050 966 3077 ibid.

328 3107 364 3113 -—
383 3098 469 3120 nostra
489 3097 548 3120 sunt
567 3094 743 3120 conculcanda
773 3101 820 3126 per
839 3094 966 3120 abstinen-

329 3138 391 3164 tiam
412 3141 436 3164 et
455 3139 605 3170 patientiam
626 3139 667 3164 Vll
689 3138 739 3164 492
761 3138 794 3164 54

382 3195 417 3200 -
436 3183 548 3208 hominis
567 3186 626 3214 post
638 3183 741 3208 animae
754 3183 910 3209 infusionem
924 3190 966 3209 ve-

329 3229 400 3257 getat
418 3229 443 3251 et
461 3230 572 3258 augetur
591 3227 623 3252 Vl
644 3227 689 3253 151
719 3235 744 3252 ν.
767 3228 775 3252 1
801 3241 834 3246 --
853 3227 891 3253 De
909 3228 965 3253 vili-

328 3272 379 3294 tate
398 3270 516 3301 corporis
534 3277 586 3296 non
605 3271 751 3297 curandum
771 3271 821 3297 504
842 3272 874 3297 69

382 3327 417 3331 —
448 3313 523 3340 Vires
550 3315 669 3346 corporis
696 3322 776 3347 saepe
804 3316 828 3341 in
857 3318 963 3348 peccata

328 3357 500 3388 praecipitant
519 3358 551 3383 Vl
573 3358 622 3384 144
642 3366 669 3384 ν.
690 3360 699 3384 1
723 3372 758 3378 -
780 3360 891 3386 Effectus
910 3367 964 3386 cor·

328 3400 399 3431 poris
417 3400 443 3426 111
471 3401 584 3427 animam
604 3402 703 3435 lapsam
723 3406 782 3429 sunt
801 3404 892 3430 decem
914 3404 963 3429 170

998 404 1164 427 aeternorum
1189 401 1345 427 retrahendo
1374 400 1435 427 ibid.
1453 413 1489 435 ἡ
1508 403 1637 432 aggravat

999 446 1114 471 animam
1134 446 1186 471 567
1206 446 1221 470 2

1052 503 1088 509 -
1107 492 1146 515 est
1165 493 1272 521 propter
1297 489 1412 514 animam
1433 488 1475 514 Vll
1496 488 1546 513 312
1567 488 1582 513 8
1602 503 1637 506 -

1000 534 1186 559 vestimentum
1215 536 1253 558 est
1279 533 1383 558 animae
1413 533 1444 558 Vl
1474 533 1525 557 283
1545 533 1579 557 27
1599 532 1636 557 2“.

1001 578 1043 603 Vii
1063 578 1114 602 312
1134 578 1158 602 8.
1179 577 1228 602 319
1258 576 1292 602 34
1323 591 1355 595 -
1379 576 1495 602 Membra
1519 576 1638 608 corporis

1000 624 1189 647 conservantur
1208 627 1255 652 per
1282 621 1396 646 animam
1426 621 1458 646 Vl
1478 620 1529 646 334
1551 621 1583 645 90
1602 634 1638 639 —

1001 665 1113 691 sumitur
1132 672 1179 696 per
1197 665 1379 696 synecdochen
1394 672 1442 696 pro
1456 668 1509 690 toto
1523 665 1638 695 homine,

1000 710 1026 734 in
1054 712 1183 742 quantum
1211 709 1329 741 sequitur
1357 709 1492 741 passiones
1520 709 1638 740 corporis

1003 754 1052 778 112
1073 761 1097 778 ν.
1120 753 1134 778 4

1054 811 1089 816 -
1110 796 1262 822 mirabiliter
1281 800 1417 829 vegetatur
1445 797 1479 822 ab
1498 798 1585 823 anima
1614 797 1638 822 in

1001 841 1132 866 damnatis
1151 841 1193 867 Vll
1208 841 1258 866 353
1279 842 1312 867 59

1053 899 1089 904 -
1107 888 1194 911 1105113
1214 889 1274 911 sunt
1293 886 1419 917 templum
1436 886 1546 918 Spiritus
1558 886 1640 911 sancti

1004 930 1034 955 Vl
1055 929 1105 954 276
1126 930 1160 955 35
1421 923 1423 925 ’

1054 974 1178 999 —idem
1207 974 1278 1007 quod
1308 974 1433 1005 moritur,
1458 978 1578 1006 resurget
1606 975 1638 1000 Vl

1002 1017 1054 1042 517
1074 1017 1107 1042 64
1126 1031 1162 1036 -
1181 1018 1257 1050 Quod
1276 1024 1386 1050 corpora
1406 1022 1569 1050 reparentur,
1588 1025 1640 1044 ma-

1002 1062 1105 1087 nifestat
1122 1062 1199 1087 simul
1218 1062 1306 1087 divina
1326 1062 1437 1094 iustitIa,
1461 1063 1596 1088 clementia
1615 1066 1640 1087 et

1003 1106 1117 1137 potentia
1138 1106 1179 1131 Vll
1200 1106 1252 1132 512
1272 1106 1306 1131 35
1324 1119 1360 1125 ·—
1388 1110 1457 1131 certa
1482 1106 1639 1132 discretione

1002 1150 1141 1181 dupliciter
1160 1149 1238 1175 habet
1258 1149 1364 1181 probari
1385 1153 1410 1176 et
1429 1150 1557 1182 discerni,
1577 1151 1640 1177 scili-

1002 1197 1043 1219 cet
1061 1201 1108 1225 per
1127 1201 1203 1219 usum
1224 1197 1307 1219 tactus
1326 1197 1351 1219 et
1370 1198 1463 1226 gustus
1482 1195 1532 1220 599
1555 1195 1587 1220 49
1606 1209 1641 1214 -

1004 1238 1154 1263 Secundum
1173 1238 1275 1271 aliquos
1294 1245 1373 1263 omne
1386 1245 1483 1270 corpus
1496 1239 1640 1270 gloriosum

1003 1285 1088 1313 potest
1108 1282 1212 1307 introire
1232 1289 1279 1314 per
1298 1282 1388 1308 ianuas
1416 1283 1517 1308 clausas
1538 1283 1569 1308 Vl
1589 1284 1641 1309 517

1003 1326 1036 1351 63
1057 1340 1090 1344 -
1110 1326 1253 1358 gloriosum
1274 1334 1322 1358 per
1349 1327 1473 1352 virtutem
1493 1330 1578 1359 potest
1597 1328 1642 1353 im-

1003 1373 1104 1396 mutare
1132 1378 1236 1396 sensum
1262 1374 1287 1396 et
1315 1372 1436 1398 resistere
1463 1379 1510 1398 seu
1534 1380 1642 1398 movere

1003 1414 1073 1440 aliud
1093 1421 1140 1446 per
1159 1416 1295 1441 veritatem
1316 1416 1358 1441 Vll
1378 1416 1429 1442 600
1450 1417 1478 1442 51
1498 1432 1530 1435 -
1545 1417 1642 1449 glorio-

1003 1466 1061 1484 sum
1082 1463 1164 1491 potest
1178 1463 1316 1492 penetrare
1329 1461 1447 1493 corporis
1460 1469 1565 1488 sensum
1580 1461 1641 1488 ibid.

1003 1517 1038 1522 —
1056 1511 1109 1529 non
1128 1511 1207 1536 posse
1226 1505 1314 1531 visum
1333 1506 1412 1532 latere
1432 1507 1473 1532 vel
1487 1510 1583 1532 tactum
1604 1514 1641 1533 re-

1005 1548 1095 1579 fugere
1113 1552 1152 1574 est
1170 1549 1286 1581 quodam
1307 1550 1387 1576 modo
1406 1550 1571 1583 infirmitatis,
1594 1552 1639 1577 sed

1004 1598 1101 1624 corpus
1120 1593 1264 1624 gloriosum
1283 1601 1361 1625 posse
1386 1595 1473 1620 visum
1501 1596 1641 1621 immutare

1004 1638 1030 1660 et
1056 1637 1196 1662 terminare
1223 1637 1381 1669 impulsum,
1410 1642 1449 1664 est
1476 1639 1580 1665 virtutis
1608 1640 1640 1665 Vl

1005 1680 1056 1705 518
1077 1680 1110 1705 65
1129 1694 1164 1700 -
1188 1682 1330 1712 gloriosum
1360 1685 1444 1714 potest
1471 1690 1518 1708 sua
1547 1684 1642 1710 virtute

1006 1723 1140 1755 impellens
1159 1728 1296 1756 penetrare
1314 1724 1376 1751 ibid.

1058 1781 1094 1786 —
1112 1767 1236 1800 Corporis
1254 1769 1329 1794 dotes
1350 1770 1381 1795 Vl
1402 1770 1451 1795 127
1466 1778 1491 1795 v.
1504 1770 1521 1795 7
1534 1784 1569 1790 —
1582 1771 1642 1797 Cor-

1006 1811 1078 1842 poris
1097 1812 1251 1843 gloriflcatio
1269 1816 1308 1838 est
1327 1813 1455 1845 gaudium
1474 1815 1582 1840 inferius
1600 1816 1642 1841 Vll

1007 1855 1057 1881 159
1079 1856 1110 1881 89
1130 1870 1166 1875 -
1184 1860 1243 1888 post
1261 1858 1478 1884 resurrectionem
1504 1860 1553 1884 erit
1571 1860 1643 1891 spiri-

1007 1901 1074 1925 tuale
1094 1900 1146 1926 515
1166 1901 1198 1926 42
1219 1915 1253 1920 -
1272 1906 1391 1927 nostrum
1411 1903 1436 1928 in
1454 1904 1643 1929 resurrectione

1006 1944 1055 1970 erit
1073 1944 1167 1970 subtile
1187 1953 1234 1977 per
1254 1947 1374 1972 effectum
1394 1947 1535 1978 spiritualis
1554 1950 1644 1979 poten-

1007 1988 1056 2014 tiae
1080 1992 1106 2014 et
1134 1989 1264 2021 palpabile
1291 1997 1338 2022 per
1367 1991 1503 2016 veritatem
1532 1995 1642 2017 naturae

1007 2033 1057 2058 600
1077 2034 1111 2059 50
1123 2049 1158 2052 —
1172 2034 1303 2060 Assumtio
1322 2035 1441 2067 corporis
1463 2042 1512 2067 pro
1536 2035 1641 2061 damna-

1006 2077 1039 2102 tis
1057 2080 1097 2103 est
1114 2085 1182 2104 nova
1202 2079 1306 2104 311110110
1328 2079 1358 2105 Vl
1379 2080 1429 2104 138
1451 2087 1476 2105 v.
1498 2080 1513 2104 2

1059 2136 1094 2141 --
1112 2122 1207 2148 Christi
1226 2123 1365 2155 mysticum
1395 2124 1530 2149 conflcitur
1549 2130 1578 2149 ex
1597 2131 1644 2156 pu-

1005 2166 1041 2192 ris
1061 2167 1181 2193 fidelibus
1201 2168 1232 2193 Vl
1254 2168 1303 2194 449
1325 2168 1357 2193 14

1059 2211 1199 2238 Continent)
1213 2227 1247 2231 -
1266 2213 1355 2238 divina
1369 2218 1408 2239 est
1421 2214 1513 2246 pulsus
1529 2213 1643 2239 excitans

1005 2262 1019 2280 a
1039 2263 1131 2282 somno
1150 2257 1244 2288 culpae
1260 2257 1293 2283 Vl
1312 2258 1363 2283 588
1383 2265 1409 2283 v.
1431 2258 1458 2283 44
1482 2265 1496 2283 a
1510 2271 1546 2276 —
1558 2257 1643 2283 Domi-

1005 2307 1055 2325 nus
1082 2304 1155 2326 sanat
1181 2302 1311 2334 quosdam
1340 2303 1443 2334 flagello
1475 2302 1643 2328 correctionis

1005 2344 1056 2370 564
1075 2352 1103 2370 v.
1122 2345 1154 2371 14
1175 2347 1190 2371 2
1210 2360 1243 2364 -
1263 2347 1291 2372 fit
1310 2346 1399 2372 verbis
1420 2347 1468 2372 113
1488 2354 1515 2372 v.
1534 2347 1551 2372 5

1057 2402 1092 2408 -
1105 2390 1232 2416 Dominus
1244 2391 1378 2423 praecepit
1391 2391 1580 2417 correctionem
1596 2392 1642 2416 fra-

1005 2436 1105 2458 ternam
1126 2434 1158 2458 Vl
1179 2434 1212 2459 84
1231 2442 1256 2467 q.
1270 2448 1306 2454 —-
1319 2435 1454 2461 Proximus
1473 2442 1585 2467 peccans
1604 2438 1642 2460 est

1005 2478 1177 2509 corrigendus
1199 2477 1260 2504 ibid.
1279 2493 1314 2497 —-
1334 2480 1427 2505 Malum
1452 2480 1562 2511 proximi
1589 2486 1641 2504 ma-

1004 2522 1177 2547 nifestandum
1197 2526 1235 2548 est
1253 2523 1276 2548 ei
1300 2524 1345 2556 (1111
1366 2524 1450 2556 diligit
1474 2527 1499 2549 et
1518 2524 1642 2555 compati-

1005 2569 1045 2591 tur
1064 2570 1089 2592 et
1108 2566 1186 2592 habet
1204 2568 1364 2593 voluntatem
1384 2568 1531 2600 corrigendi
1553 2568 1640 2600 ipsum

1004 2609 1064 2636 ibid.
1084 2624 1118 2630 -
1131 2611 1264 2637 caritativa
1279 2619 1326 2643 pro
1342 2612 1408 2637 illata
1427 2612 1519 2637 iniuria
1538 2619 1590 2637 non
1605 2612 1641 2637 in-

1005 2654 1120 2686 hibetur,
1139 2655 1186 2680 sed
1205 2656 1317 2687 exigitur
1341 2656 1382 2681 Vll
1404 2656 1454 2681 454
1473 2656 1506 2681 69
1526 2670 1561 2674 ——
1580 2655 1640 2681 Cor·

1003 2698 1089 2730 rigere
1108 2699 1186 2724 aliurn
1206 2707 1257 2725 non
1282 2703 1367 2731 potest
1392 2699 1576 2725 rationabiliter
1594 2700 1639 2732 qui

1004 2749 1129 2774 magnum
1144 2747 1281 2775 peccatum
1296 2743 1320 2768 in
1340 2751 1367 2769 se
1381 2751 1432 2769 non
1452 2743 1573 2774 attendit,
1593 2744 1640 2769 sed

1004 2786 1060 2812 eius
1088 2787 1231 2812 admonitio
1260 2788 1346 2819 potius
1375 2787 1468 2813 merito
1497 2787 1640 2819 despicitur

1004 2837 1084 2862 quam
1103 2831 1208 2856 auditur
1229 2832 1273 2856 161
1299 2831 1331 2856 97

1057 2889 1091 2892 -
1111 2875 1221 2907 Quando
1241 2876 1320 2901 homo
1341 2875 1479 2907 impugnat
1504 2875 1639 2901 correctio-

1005 2925 1078 2951 nem,
1099 2919 1168 2944 105115
1196 2919 1325 2951 lapidatur
1355 2919 1386 2944 Vl
1415 2919 1466 2943 578
1497 2919 1511 2944 4
1531 2933 1565 2937 —
1584 2919 1638 2945 Non

1005 2966 1141 2988 excusatur
1160 2964 1252 2994 homo,
1280 2963 1302 2989 si
1327 2970 1379 2988 non
1400 2963 1551 2995 corrigitur,
1577 2963 1638 2995 quia

1004 3007 1080 3038 culpa
1099 3010 1137 3032 est
1156 3007 1188 3032 59
1208 3015 1234 3040 q.
1255 3009 1269 3033 2

1057 3051 1197 3077 Conni-:erio
1215 3066 1249 3070 —-
1269 3052 1297 3077 flt
1322 3052 1428 3083 flagellis
1448 3052 1480 3077 Vi
1507 3051 1556 3076 113
1575 3059 1601 3077 v.
1623 3052 1638 3077 5

1005 3109 1037 3113 —
1056 3095 1192 3127 Corripere
1211 3099 1250 3122 est
1269 3096 1361 3128 punire
1375 3095 1437 3122 ibid.
1459 3096 1510 3120 115
1529 3103 1555 3121 v.
1576 3096 1590 3120 8

1055 3153 1091 3159 -
1108 3140 1198 3172 dirigit
1218 3140 1249 3166 Vl
1270 3141 1302 3166 66
1322 3148 1347 3166 v.
1368 3141 1392 3166 6.
1411 3141 1462 3166 583
1487 3141 1519 3165 42
1538 3154 1573 3159 —
1593 3140 1639 3165 Dei

1003 3183 1118 3215 disponit
1135 3185 1169 3210 ad
1189 3185 1269 3210 vitam
1288 3185 1339 3210 562
1359 3191 1373 3210 3
1391 3197 1427 3203 -—
1448 3185 1515 3210 Deus
1532 3185 1639 3216 corripit

1003 3228 1045 3253 vel
1059 3235 1105 3259 per
1123 3235 1163 3259 se,
1178 3229 1219 3254 vel
1233 3236 1280 3260 per
1299 3229 1375 3260 alios,
1389 3235 1456 3261 quos
1470 3228 1565 3260 Spiritu
1580 3236 1640 3254 san-

1002 3275 1044 3297 cto
1063 3273 1145 3304 replet
1165 3272 1215 3298 184
1234 3280 1260 3299 v.
1281 3274 1296 3298 2
1314 3286 1350 3292 —
1369 3273 1438 3299 Deus
1457 3273 1564 3305 corripit
1588 3274 1639 3299 cul-

1003 3322 1064 3348 pam
1093 3317 1144 3342 608
1174 3317 1188 3342 3
1218 3323 1231 3342 3
1261 3331 1294 3335 -
1322 3317 1452 3343 malorum
1477 3317 1593 3343 consistit
1613 3317 1639 3343 in

1003 3360 1117 3385 odiendo
1141 3360 1231 3386 vitium
1257 3365 1282 3387 et
1308 3362 1332 3387 in
1358 3361 1495 3393 diligendo
1519 3364 1637 3387 naturam

1003 3404 1037 3429 32
1057 3411 1082 3430 v.
1103 3406 1118 3429 8

1956 311 2021 338 CRA

1726 370 1761 374 —-
1772 356 1894 381 Peccator
1904 355 2088 388 corripiendus
2097 358 2177 382 estut
2188 357 2264 381 frater
2279 356 2310 381 Vl

1675 400 1707 425 32
1721 407 1747 425 v.
1761 401 1776 424 8
1790 413 1825 419 -—
1838 400 1950 432 proximi
1965 400 2081 426 facienda
2096 404 2155 432 post
2171 400 2311 432 investiga-

1675 444 1771 469 tionem
1791 444 1913 476 propriae
1932 444 2104 470 conscientiae
2123 445 2174 470 356
2196 444 2228 470 14
2245 452 2268 475 3,
2282 444 2311 470 2*

1673 501 1709 507 -
1722 489 1749 513 111
1768 488 1935 520 corripiendo
1953 489 2094 521 requiritur
2108 489 2216 514 virilitas
2229 489 2279 515 578
2294 489 2311 514 5

1726 545 1762 551 —-
1781 532 1846 557 dura
1867 532 2037 564 praeferenda
2056 536 2095 558 est
2113 533 2254 558 adulationi
2280 533 2310 558 Vi

1675 577 1707 602 56
1729 583 1755 602 v.
1774 577 1789 602 6
1809 590 1845 596 —
1863 576 1964 609 Corripi
1984 577 2078 603 melius
2103 580 2143 603 est
2161 584 2242 610 quam
2261 578 2312 603 lau-

1674 621 1732 646 dari
1750 621 1794 646 Vll
1814 621 1847 646 68
1869 621 1919 646 407
1932 634 1967 640 —
1980 621 2061 647 Malus
2081 622 2213 653 praelatus
2232 622 2311 647 multa

1674 665 1840 697 correptione
1859 668 1898 690 est
1916 665 2088 697 corrigendus
2107 666 2139 691 Vl
2160 666 2192 691 83
2212 673 2238 692 v.
2261 666 2293 691 10

1727 723 1762 728 -
1780 709 1814 735 sit
1832 716 1892 735 cum
1906 709 2042 735 dilectione
2055 710 2193 735 hominurn
2209 710 2234 735 in
2252 710 2314 736 odio

1675 753 1799 779 vitiorum
1821 753 1861 778 Vll
1876 753 1927 779 242
1947 754 1975 778 81
1999 768 2034 772 -—
2047 753 2127 779 debet
2144 761 2202 780 esse
2220 754 2314 779 amica·

1676 798 1734 823 bilis
1754 797 1804 823 428
1831 798 1846 823 8
1865 812 1901 817 —
1919 805 1972 823 non
1991 797 2070 824 debet
2094 799 2183 824 venire
2207 806 2238 824 ex
2260 799 2314 830 ira,

1676 842 1722 868 sed
1741 849 1772 867 ex
1791 842 1942 873 clementia,
1968 849 2020 868 non
2046 849 2076 868 ex
2101 842 2209 868 libidine
2228 843 2314 868 vindi-

1675 889 1744 916 ctae,
1763 886 1809 912 sed
1824 893 1854 912 ex
1874 893 1964 912 amore
1978 886 2090 912 iustitiae
2108 886 2168 913 ibid.
2182 900 2217 906 -·
2230 887 2262 913 sit
2275 894 2314 912 or-

1676 931 1761 956 dinata
1782 931 1930 956 revocando
1956 938 2046 956 amore
2065 931 2090 957 in
2114 934 2212 957 secreta
2233 931 2314 957 moni-

1677 975 1757 1005 tione,
1786 975 1887 1006 pudore
1915 974 2066 1001 adhibendo
2096 978 2187 1006 testes,
2216 978 2315 1001 terrore

1677 1019 1866 1044 manifestando
1894 1019 2022 1044 Ecclesiae
2049 1019 2083 1045 ib.
2112 1020 2127 1045 9
2147 1034 2182 1038 ——
2203 1021 2314 1045 fraterna

1676 1063 1757 1095 exigit
1774 1063 1892 1088 ordinem
1916 1062 1978 1089 ibid.
1996 1076 2032 1082 —
2050 1063 2121 1089 Ordo
2144 1064 2316 1096 correptionis

1678 1108 1805 1132 fraternae
1824 1114 1876 1132 non
1895 1110 1934 1132 est
1946 1107 2120 1139 necessitatis,
2134 1108 2181 1133 sed
2194 1108 2316 1140 congrui-

1678 1151 1736 1177 tatis
1756 1151 1816 1177 ibid.

1731 1210 1765 1213 ——
1786 1196 1903 1221 facienda
1922 1196 2001 1221 estin
2014 1202 2093 1222 manu
2107 1197 2179 1228 forti,
2198 1197 2219 1222 si
2233 1197 2317 1228 proxi-

1678 1247 1738 1265 mus
1756 1239 1789 1265 sit
1818 1239 2000 1271 incorrigibilis
2028 1240 2061 1266 ad
2089 1240 2202 1266 verbum
2231 1241 2316 1266 fratris

1679 1284 1719 1309 Vll
1741 1283 1792 1309 428
1814 1284 1829 1308 9
1850 1298 1883 1302 —
1904 1284 2019 1309 facienda
2039 1287 2093 1315 est,
2110 1284 2217 1317 quando
2231 1285 2316 1310 maius

1680 1327 1826 1359 periculum
1840 1334 1890 1353 non
1905 1328 2017 1360 timetur,
2032 1331 2057 1353 et
2076 1328 2211 1359 proximus
2230 1332 2317 1360 potest

1679 1371 1774 1403 corrigi
1806 1370 1869 1397 ibid.
1894 1386 1927 1390 -—
1954 1372 2002 1404 Qui
2033 1372 2141 1404 corripit
2172 1372 2316 1398 derisorem

1679 1416 1769 1442 odium
1789 1416 1891 1448 quaerit
1910 1415 1970 1441 ibid.

1731 1459 1852 1486 Conium
1873 1474 1906 1478 -—
1925 1460 2093 1486 calceamenti
2113 1463 2151 1486 est
2164 1461 2225 1487 unio
2245 1464 2316 1487 natu-

1678 1511 1766 1530 rarum
1786 1505 1819 1530 Vl
1839 1505 1889 1530 258
1910 1504 1952 1530 56.
1971 1504 2013 1530 Vll
2033 1504 2067 1529 79
2087 1505 2121 1530 38

1731 1548 1913 1575 Connuvrime
1933 1563 1966 1567 —
1981 1549 2132 1574 Secundum
2145 1556 2203 1575 esse
2222 1549 2317 1575 indivi-

1677 1593 1756 1619 duale
1774 1594 1853 1619 multa
1873 1596 1933 1619 sunt
1949 1593 2126 1625 corruptibilia
2146 1594 2179 1619 Vl
2195 1594 2228 1619 34
2242 1602 2269 1627 q.
2283 1609 2317 1612 —

1678 1638 1781 1663 Meliora
1801 1641 1861 1663 sunt
1873 1637 2077 1670 incorruptibilia
2091 1645 2171 1671 quam
2192 1638 2317 1672 corrupti-

1679 1682 1738 1708 bilia
1756 1681 1819 1709 ibid.

1732 1726 1874 1752 Connur'rto
1894 1741 1929 1746 -
1948 1726 2039 1752 Omnis
2059 1728 2140 1752 forma
2155 1730 2277 1759 corrupta
2292 1730 2317 1753 et

1680 1771 1773 1796 iterum
1803 1774 1925 1803 generata
1952 1770 2037 1796 differt
2055 1777 2166 1796 numero
2186 1771 2219 1796 Vl
2242 1771 2270 1796 17
2289 1778 2316 1804 (1.

1680 1815 1695 1840 3
1709 1815 1835 1840 —nnius
1854 1818 1893 1840 est
1911 1815 2016 1840 alterins
2032 1815 2166 1846 generatio
2186 1815 2218 1840 33
2238 1822 2264 1840 v.
2284 1815 2316 1840 14

1732 1873 1767 1878 -
1785 1859 1889 1892 Aliquid
1904 1859 1997 1885 dicitur
2011 1859 2121 1884 transire
2133 1859 2175 1884 vel
2188 1862 2316 1892 quantum

1680 1903 1712 1928 ad
1727 1904 1922 1935 corruptionem
1936 1904 2082 1929 secundum
2098 1907 2178 1929 totam
2197 1902 2318 1929 substan-

1680 1947 1756 1978 tiam,
1775 1948 1815 1973 vel
1834 1948 1920 1981 quoad
1944 1948 2140 1980 corruptionem
2165 1947 2205 1974 sui
2224 1955 2318 1974 secun-

1679 1991 1743 2016 dum
1762 1996 1879 2023 partem,
1898 1993 1939 2018 vel
1959 1993 1984 2018 in
2003 1995 2131 2025 quantum
2146 1999 2160 2018 3
2180 1995 2248 2018 513111
2262 1999 2317 2018 001-

1680 2035 1854 2067 ruptibilitatis
1871 2037 1904 2063 ad
1924 2040 2019 2063 statum
2034 2037 2112 2063 alium
2130 2040 2316 2063 transmutatur

1680 2080 1713 2105 Vl
1733 2080 1766 2105 29
1785 2088 1811 2113 (1.
1832 2082 1847 2106 2
1866 2095 1901 2100 -
1920 2081 1947 2107 111
1966 2088 2090 2107 11011·0550
2109 2084 2192 2107 totum
2211 2082 2317 2113 adimit,

1680 2123 1727 2149 sed
1755 2125 1848 2155 semel,
1877 2128 1903 2150 et
1921 2126 1978 2151 talis
2005 2129 2044 2151 est
2063 2126 2215 2158 simpliciter
2243 2126 2317 2158 peior

1681 2174 1766 2199 poena
1791 2169 1928 2200 temporali
1948 2170 1981 2195 39
2006 2177 2033 2202 q.
2058 2170 2073 2195 3
2094 2184 2127 2188 —
2148 2171 2172 2196 in
2197 2177 2317 2196 non-esse

1681 2214 1719 2236 est
1738 2219 1821 2243 poena
1847 2213 1974 2238 excedens
1993 2214 2017 2239 in
2042 2214 2179 2240 duratione
2203 2221 2316 2247 poenam

1681 2256 1851 2288 temporalem
1870 2259 1895 2282 et
1914 2260 1999 2288 potest
2024 2258 2108 2289 magis
2131 2259 2317 2284 rationabiliter

1680 2299 1768 2331 sperni
1787 2299 1849 2326 ibid.

1733 2357 1768 2363 -
1787 2344 1871 2369 caruis
1890 2348 1929 2370 est
1947 2345 2082 2371 inflrmitas
2103 2346 2228 2373 inducens
2247 2354 2317 2373 mor-

1681 2391 1732 2413 tem
1753 2388 1785 2413 Vl
1805 2388 1856 2414 559
1876 2396 1903 2414 v.
1923 2388 1954 2414 49
1976 2390 1985 2414 1
2009 2403 2046 2409 -
2064 2391 2150 2416 cordis
2169 2392 2259 2423 triplex
2278 2394 2316 2418 051

1680 2433 1731 2458 202
1745 2440 1771 2457 v.
1784 2432 1818 2457 25
1830 2446 1867 2452 —
1879 2434 1971 2459 Anima
1984 2435 2161 2467 corrumpitur
2175 2442 2222 2468 per
2235 2436 2317 2462 flctio-

1679 2483 1738 2502 nem
1761 2477 1810 2502 435
1829 2484 1855 2502 v.
1878 2478 1903 2502 11

1732 2520 1842 2547 Conium
1861 2535 1897 2540 —
1915 2522 2041 2548 cortinam
2062 2524 2138 2549 trahit
2157 2524 2189 2549 Vl
2210 2524 2261 2549 266
2281 2524 2310 2549 91

1732 2564 1814 2591 Conus
1833 2579 1868 2584 —
1887 2566 1981 2592 modiis
2002 2567 2104 2599 triginta
2128 2568 2251 2600 impletur
2271 2568 2313 2594 vn

1680 2609 1730 2634 406
1753 2610 1784 2634 10
1804 2624 1838 2628 —-
1858 2614 1896 2636 est
1920 2611 2002 2636 maior
2028 2619 2149 2638 mensura
2168 2620 2248 2645 qnam
2274 2620 2317 2638 ca—

1678 2653 1729 2679 dus
1748 2653 1809 2679 ibid.

1731 2697 1808 2724 Conw
1827 2711 1862 2717 —
1881 2702 1940 2724 sunt
1965 2700 2093 2726 maximae
2118 2701 2252 2726 edacitatis
2271 2701 2314 2726 Vll

1678 2742 1728 2767 320
1749 2742 1782 2767 35
1795 2756 1829 2760 —-
1843 2749 1895 2768 non
1913 2748 2022 2775 pascunt
2035 2745 2119 2776 pullos
2131 2751 2194 2770 suos
2208 2745 2233 2770 in
2247 2745 2315 2776 prin-

1676 2787 1759 2818 cipio,
1773 2786 1833 2819 quia
1849 2794 1898 2813 non
1911 2791 2002 2819 putant
2015 2796 2077 2814 51105
2090 2796 2161 2820 0550,
2180 2789 2264 2815 (101100
2277 2789 2316 2814 τί-

1676 2830 1754 2856 deant
1772 2838 1829 2856 esse
1849 2832 1939 2864 nigros
1959 2832 2021 2858 ibid.

1729 2875 1857 2902 Corcnmx
1876 2891 1910 2894 —
1924 2876 2019 2903 dicitur
2032 2881 2224 2910 ortygometra,
2239 2881 2266 2903 ut
2279 2877 2315 2903 di·

1677 2923 1738 2945 cunt
1755 2919 1789 2945 ab
1808 2921 1915 2953 Ortygia
1935 2925 2017 2952 terra,
2038 2922 2063 2947 in
2086 2929 2137 2955 qua
2158 2922 2243 2954 primo
2257 2922 2313 2947 visa

1676 2967 1715 2989 est
1733 2968 1758 2989 et
1778 2964 1837 2990 inde
1855 2965 1968 2991 abducta
1983 2966 2015 2991 V!
2030 2966 2081 2991 210
2095 2973 2122 2992 v.
2135 2967 2159 2991 2.
2174 2967 2225 2992 230
2239 2974 2265 2992 v.
2281 2967 2312 2991 12

1677 3022 1710 3026 —
1729 3007 1880 3035 Coturnices
1898 3010 1932 3035 de
1945 3010 2010 3035 ultra
2030 3017 2103 3036 mare
2116 3011 2157 3035 vel
2175 3010 2208 3036 de
2227 3010 2312 3043 aliqua

1677 3052 1756 3078 insula
1777 3053 1856 3078 maris
1879 3053 2078 3080 adducebantur
2102 3055 2153 3080 230
2177 3061 2203 3080 v.
2227 3055 2258 3079 12
2278 3068 2311 3072 ——

1676 3103 1727 3121 non
1757 3101 1812 3122 erat
1836 3098 1986 3130 simpliciter
2008 3105 2077 3124 nova
2105 3101 2237 3129 creatura,
2266 3098 2312 3124 scd

1675 3147 1744 3166 nova
1770 3142 1901 3172 israelitis,
1926 3142 1986 3174 quia
2007 3142 2079 3174 prius
2107 3141 2141 3167 ab
2167 3142 2198 3168 iis
2216 3142 2312 3175 invisa;

1676 3184 1752 3215 item,
1772 3192 1839 3211 nova
1859 3186 1885 3212 in
1899 3186 1939 3212 illo
1958 3187 2027 3217 loco,
2046 3186 2141 3212 scilicet
2155 3187 2180 3212 in
2194 3186 2312 3216 deserto,

1677 3232 1701 3254 et
1716 3236 1782 3254 nova
1797 3230 1822 3255 in
1838 3234 1906 3256 tanta
1921 3230 2099 3262 multitudine,
2117 3230 2149 3256 ad
2163 3237 2242 3263 (1113111
2261 3237 2311 3255 11011

1676 3274 1759 3299 5010111
1783 3280 1846 3300 aves
1874 3275 2013 3307 accedere,
2033 3274 2078 3300 sed
2108 3275 2193 3306 magis
2222 3275 2312 3306 sugere

1677 3316 1711 3344 ib.
1730 3325 1755 3343 v.
1778 3319 1804 3343 11

1729 3361 1877 3389 (3311130555
1895 3377 1930 3381 -
1955 3362 2026 3389 1111551
2051 3366 2111 3388 31110
2134 3363 2259 3388 1513011135
2279 3362 2311 3387 Vl

1678 3406 1727 3431 186
1748 3413 1773 3431 v.
1794 3406 1808 3431 8
