2476 3921
770 199 963 233 COMMENT.
990 199 1025 231 IN
1051 198 1288 231 EVANCELlUM
1313 199 1430 231 LUCAE
1453 200 1485 231 C.
1512 200 1545 231 ll.
2113 203 2151 232 (33

19 282 92 329 ¹Quoad
102 304 149 329 prq-
168 290 272 323 omnia
287 289 365 322 fiant
379 302 410 320 a.
429 307 471 312 —
488 288 646 329 Quantum
671 290 776 321 autem
793 287 831 319 ad
852 286 1058 329 prophetalis
1074 297 1131 320 va-

18 327 149 384 ¹liiiilnlflvau'
168 342 276 376 licinii
297 342 540 384 completionem
563 341 729 374 subditur:
755 341 889 374 Reversi
910 345 989 373 sunt
1012 341 1046 373 in
1068 341 1132 374 Ga-

18 386 19 399 *
122 394 125 396 ⁷
168 396 319 434 lilaeam,
356 395 392 428 in
426 395 592 428 civitatem
620 404 720 427 suam
755 393 950 432 Nazareth‚·
985 394 1130 427 Matthaei

167 449 346 483 secund012
376 461 392 477 «
409 448 592 480 Admonitus
615 448 647 480 in
671 447 802 486 somnis,
827 447 954 480 secessit
979 447 1009 479 in
1026 451 1131 489 partes

166 501 328 534 Galilaeae.
355 501 390 533 Et
413 500 541 533 veniens
570 499 721 532 habitavit
744 499 774 531 in
800 499 1050 541 civitate„quae
1077 508 1131 531 vo—

167 557 257 587 catur
291 554 462 592 Nazareth,
487 556 523 585 ut
557 552 783 594 adimpleretur
817 552 903 594 quod
926 552 1053 584 dictum
1084 555 1131 584 est

167 616 223 650 per
262 607 458 648 Prophetas:
498 606 651 647 Quoniam
690 605 866 638 Nazaraeus
906 605 1070 638 vocabitur
1095 617 1129 644 »;

166 721 238 745 nem
260 712 413 744 Galilaeae
436 711 577 753 gentium
595 725 625 743 ».
655 711 713 744 Sed
738 712 797 743 hoc
821 720 882 743 non
915 715 1131 753 cognoverunt

167 765 305 804 scribae,
330 765 383 807 qui
420 764 587 803 dixerunt,
611 764 733 797 loannis
768 765 919 806 septimo:
949 777 964 792 «
983 765 1130 797 Scrutare

166 818 345 860 Scripturas
355 827 367 856 ‚¹
394 820 426 850 et
459 817 546 856 vide,
571 817 645 859 quia
669 827 687 849 a
709 818 844 850 Galilaea
880 818 1034 859 Propheta
1069 827 1130 850 non

20 881 146 904 Notandum.
166 871 314 913 surgit'».
333 889 375 894 —
393 870 429 903 Et
451 874 542 909 nota,
563 870 648 913 quod
670 871 843 903 secundum
868 871 1077 913 Augustinum
1100 871 1130 903 in

166 924 247 957 libro
282 924 419 968 secundo
453 924 491 956 de
526 924 686 957 Consensu
722 924 990 966 Evangelistarum
1004 925 1027 963 2,
1052 934 1131 966 puer

167 978 252 1011 lesus
274 981 348 1010 ante
371 977 512 1019 perlatus
527 981 574 1010 est
597 987 616 1010 a
640 977 751 1011 Iudaea
767 978 798 1010 in
823 979 1014 1020 Aegyptum,
1035 987 1130 1020 quam

166 1030 368 1063 descenderet
391 1030 423 1062 in
439 1030 620 1068 Galilaeam,
637 1030 712 1072 quia
729 1033 857 1072 propter
881 1031 1131 1072 persecutionem

166 1083 295 1116 Herodis
318 1082 477 1116 descendit
500 1083 532 1115 in
556 1083 747 1125 Aegyptum,
771 1087 801 1115 et
834 1086 963 1125 propter
988 1083 1130 1116 timorem

166 1136 306 1169 Archelai
343 1136 471 1169 secessit
505 1136 535 1168 in
576 1140 681 1178 partes
720 1136 893 1175 Galilaeae,
932 1136 1057 1169 rediens
1094 1136 1132 1169 de

167 1191 313 1232 ⁴Aegypto.

307 1304 426 1336 Qualiter
445 1303 565 1332 christus
584 1305 673 1331 factus
693 1304 730 1331 sit
749 1305 796 1331 sub
815 1304 871 1338 lege
890 1304 989 1331 morali.

258 1404 309 1435 91.
332 1403 422 1434 Puer
438 1406 548 1434 autem
565 1402 728 1434 erescebat
744 1406 802 1435 etc.
821 1403 924 1444 Supra
938 1403 948 1417 ⁸
966 1402 1132 1444 descripsit

168 1455 379 1498 Evangelista,
407 1455 543 1497 qualiter
578 1455 719 1488 Salvator
755 1455 856 1488 fac-tus
891 1459 938 1488 est
970 1455 1029 1488 sub
1065 1455 1131 1497 lege

167 1508 403 1547 caeremoniali,
428 1508 478 1541 hic
502 1508 668 1547 describit,
693 1509 829 1550 qualiter
861 1508 962 1541 factus
993 1512 1040 1541 est
1072 1509 1131 1541 sub

149 1605 152 1608 ἦ
168 1562 234 1605 leye
248 1561 380 1594 morali.
407 1561 465 1594 Sed
490 1562 639 1603 quoniam
657 1565 721 1594 tota
738 1571 863 1594 morum
880 1562 1036 1594 ordinatio
1049 1563 1133 1604 prin-

168 1615 309 1657 cipaliter
340 1614 513 1647 attenditur
538 1615 622 1647 circa
646 1614 723 1653 tria,
749 1614 867 1647 scilicet
894 1615 978 1647 circa
1006 1615 1131 1647 cultam

167 1668 352 1701 maiestatis
368 1671 400 1700 et
421 1668 572 1700 Studium
588 1667 740 1700 veritatis·
763 1671 794 1700 et
811 1667 956 1710 officiam
977 1668 1131 1710 pietatis;

7 1763 9 1766 Ι
168 1730 228 1764 per
249 1721 389 1763 primum
415 1721 582 1754 subiicitur
607 1721 701 1753 homo
725 1730 783 1753 suo
807 1721 977 1759 Creatori,
1004 1730 1060 1763 per
1084 1730 1131 1754 se-

22 1781 139 1830 pivisiobin
168 1774 306 1808 cundum
331 1775 473 1812 doctori,
491 1783 547 1816 per
565 1774 692 1806 tertium
709 1774 871 1816 yenilori:
890 1774 959 1806 ideo
983 1783 1056 1815 pars
1073 1774 1131 1807 ista

7 1814 263 1861 lnfflm‘a'habet
298 1831 380 1866 tres,
405 1827 437 1859 in
473 1836 610 1869 quarum
642 1826 745 1868 prima
779 1827 966 1866 ostenditur,
995 1827 1131 1868 qualiter

168 1881 312 1914 Christus
336 1881 436 1913 factus
453 1884 500 1913 est
524 1880 583 1912 sub
602 1880 667 1921 lege
691 1880 801 1912 morali
819 1883 973 1922 quantum
998 1880 1036 1912 ad
1061 1880 1131 1912 Ma-

169 1934 295 1967 iestatis·
311 1933 457 1971 culcitam
481 1933 513 1965 in
537 1933 692 1971 secunda,
717 1933 853 1975 qualiter
877 1933 978 1966 sactus
1001 1937 1048 1966 est
1072 1933 1132 1965 sub

169 1987 236 2029 lege
260 1987 370 2019 morali
388 1989 543 2028 quantum
560 1986 599 2019 ad
623 1986 772 2018 veritalis
788 1986 960 2025 stadium,
985 1986 1026 2019 ibi
1040 1987 1070 2018 4:
1094 1987 1132 2018 El

167 2039 297 2083 factum
315 2043 372 2078 est,
386 2043 460 2082 post
484 2039 656 2077 triduum,·
680 2040 712 2072 in
736 2039 846 2078 tertia,
871 2040 1006 2082 qualiter
1031 2039 1131 2072 factus

168 2096 215 2127 est
239 2093 382 2135 sublege
406 2093 516 2125 morali
533 2096 687 2135 quantum
711 2093 749 2125 ad
764 2093 897 2135 pietatis
920 2092 1130 2136 obsequium,

168 2147 230 2180 ibi:
257 2148 295 2179 Et
319 2146 406 2179 dixit
428 2146 533 2178 Mater
555 2145 627 2178 eius
651 2146 697 2178 acl
720 2145 814 2178 illam
840 2149 898 2178 etc.

258 2200 302 2232 Ad
326 2198 493 2241 perfectam
526 2198 768 2239 descriptionem
794 2198 903 2230 cultus
930 2198 1039 2230 (livini
1069 2198 1132 2230 duo

4 2252 434 2307 Prifnmagoadintroducuntur:
460 2251 598 2293 primum
623 2255 670 2283 est
693 2251 881 2283 excellentia
897 2251 1032 2283 virtutis
1051 2261 1132 2293 pro-

4 2288 282 2349 lffiiliuffuofu'priae,
307 2305 481 2338 secundum
502 2308 549 2337 est
572 2305 757 2336 reverentia
773 2304 957 2336 maiestatis
982 2304 1129 2342 divinae,

4 2398 5 2406 ἵ
168 2359 211 2392 ibi
222 2359 253 2391 ⁵:
274 2359 312 2391 El
327 2358 421 2390 ibant
433 2361 588 2400 parentes
603 2358 675 2389 eius
688 2367 750 2399 per
766 2367 877 2389 omnes
894 2366 1001 2389 annos
1014 2361 1072 2390 etc.
1087 2376 1131 2380 —-

33 2418 68 2466 ,ξε
82 2418 151 2467 gunfo
170 2411 369 2445 Excellenlia
392 2415 497 2444 autem
522 2411 658 2444 virtutis
682 2411 712 2443 in
736 2411 862 2443 Christo
885 2410 1061 2443 ostenditur
1090 2420 1131 2442 ex

5 2450 73 2493 {liei-¹
98 2451 125 2473 ⁰¹³
136 2452 152 2466 ¹*
169 2469 258 2508 parte
282 2465 418 2504 neentis,
436 2464 580 2507 quamvis
603 2467 686 2497 esset
701 2464 841 2497 defectus
857 2464 967 2497 aetatis
983 2472 1025 2496 ex
1043 2467 1131 2505 parte

169 2519 304 2557 carnis‚·
328 2522 458 2561 propter
473 2518 558 2561 quod
575 2518 746 2560 praemittit
758 2516 947 2560 profectum
964 2517 1083 2550 aetatis
1100 2518 1131 2549 in

169 2582 263 2606 carne
286 2575 318 2605 et
341 2572 503 2615 subiungit
524 2570 757 2615 perfectionem
780 2571 916 2604 virtutis
940 2571 971 2603 in
997 2573 1109 2604 mente.

259 2626 310 2658 92.
337 2626 439 2666 (Vers.
465 2625 543 2666 40.).
572 2625 732 2667 Quantum
755 2628 860 2657 autem
885 2624 923 2657 ad
956 2624 1131 2666 profectum

16 2682 157 2732 ⁰23AE2i2⁰²⁰
169 2678 288 2711 aetatis
312 2679 348 2711 in
364 2688 466 2711 earne
481 2678 615 2712 dicitur:
634 2679 726 2711 Puer
749 2682 859 2710 autem
876 2677 1055 2715 erescebat,
1074 2677 1132 2710 sci-

120 2726 126 2732 ’
170 2731 242 2764 licet
264 2732 297 2764 in
313 2741 463 2774 corpore,
488 2731 569 2765 sicut
592 2731 723 2773 exponit
738 2731 862 2764 Bedass:
893 2733 911 2760 «’
926 2731 957 2763 ln
978 2734 1132 2773 quantum

166 2794 254 2826 puer
277 2788 362 2824 erat,
398 2784 429 2817 id
464 2789 511 2817 est
535 2785 629 2817 homo
660 2784 796 2826 fragilis,
832 2793 974 2817 crescere
998 2787 1132 2826 poterat,

167 659 261 693 Isaiae
284 668 383 692 nono:
414 672 429 688 (ι
446 660 616 701 Aggravata
645 661 692 691 est
716 659 765 691 via
789 658 887 691 maris
917 661 1005 690 trans
1028 658 1151 690 lorda—·

1196 286 1277 318 sicut
1293 287 1388 319 ceteri
1407 287 1565 326 homines,
1590 297 1650 320 non
1677 289 1706 319 in
1731 292 1884 330 quantum
1910 289 2046 320 Verbum
2112 307 2152 313 —

1196 340 1354 379 Quantum
1378 343 1482 372 autem
1507 340 1543 372 ad
1578 341 1796 381 perfectionem
1822 342 1955 373 virtutis
1987 342 2022 373 in
2052 347 2154 374 metite
2197 349 2230 378 ‚De
2251 350 2319 375 verse·

1196 384 1360 424 subditur:
1395 391 1667 433 Confortabatur.
1705 394 1853 426 l’eri'ertio
1888 399 1991 426 autem
2030 395 2154 427 virtutis
2174 378 2318 422 l=ff⁰v²²r⁰ial¹nw

1196 445 1340 477 mentalis
1363 445 1504 477 consistit
1528 446 1557 477 in
1584 447 1700 485 tribus,
1726 448 1842 479 scilicet
1865 448 1894 479 in
1915 449 2023 489 tirsore
2045 453 2154 490 poten-

1196 498 1261 529 tiae
1285 501 1430 539 respectu
1455 498 1635 537 irascibilis,
1662 500 1691 531 in
1715 500 1886 541 splendore
1902 501 2082 542 sapientiae
2108 511 2154 533 η»-

1196 554 1306 592 spectu
1331 551 1490 583 rationalis
1506 555 1537 583 et
1552 551 1683 593 fervore
1697 553 1829 594 procide
1847 558 1989 594 respectu
2008 555 2153 595 concupi-

1196 603 1322 636 scibilis.
1340 621 1382 627 —
1399 604 1557 644 Quantum
1582 605 1678 646 igitur
1695 606 1730 636 ad
1749 606 1893 647 oiyorem
1909 608 2070 647 potentiae
2096 608 2154 639 ira·
2172 612 2238 649 Ἧκον,
2247 616 2319 639 roten-

1196 656 1312 689 scibilis
1328 656 1458 688 dicitur:
1479 657 1516 688 Ec
1533 656 1805 699 confortabatur;
1831 659 1997 691 Ezechielis
2023 661 2153 692 terum.-
2216 643 2264 660 Μ’

1202 722 1216 737 «
1234 710 1342 741 Manus
1377 709 1497 741 Domini
1535 714 1603 742 erat
1628 719 1749 743 mes-tun
1787 712 1963 744 confortans·
1989 722 2037 744 ine
2054 726 2088 750 »;
2118 713 2153 744 :nl

1197 762 1410 804 Philippenses
1434 763 1559 795 ultimo:
1590 763 1732 795 «Omnia
1758 774 1882 805 possum
1909 765 1937 797 in
1964 775 1999 797 (fo
2027 766 2079 807 qui
2108 776 2155 797 inc*

1197 815 1351 848 confortat
1367 830 1397 848 ».
1418 835 1457 839 -
1475 817 1634 858 Quantum
1651 817 1688 849 ad
1706 818 1909 860 splendorem
1926 819 2108 860 supientiae
2126 820 2154 851 in
2172 824 2278 864 Salem&
2290 830 2320 845 -ἱ-

1197 869 1339 902 rationali
1358 869 1522 902 subditur:
1549 871 1671 902 Plenas·
1694 871 1858 912 sapientia
1867 884 1877 909 ;
1902 871 1939 903 :id
1961 873 2156 906 (Jolossensvs
2190 855 2290 877 mmm

1197 922 1378 955 secundo⁸:
1408 936 1423 951 «
1441 923 1515 956 Nam
1548 923 1578 956 in
1605 924 1671 965 ipso
1695 929 1768 956 sunt
1800 934 1908 956 omnes
1937 925 2075 957 thesauri
2109 935 2156 956 ssi-

1198 976 1331 1018 pientiae
1347 980 1378 1009 et
1402 976 1547 1009 scientiae
1564 977 1734 1009 absconditi
1753 991 1788 1015 »;
1814 981 1844 1010 et
1862 978 1954 1009 isaiae
1977 979 2154 1010 undvrimo:

1202 1043 1217 1058 «
1236 1030 1418 1071 Requiescet
1441 1039 1537 1072 super
1561 1040 1632 1063 eum
1651 1031 1780 1072 spiritus
1806 1032 1943 1069 Domini,
1963 1032 2091 1072 spiritus
2108 1042 2156 1064 sn-

1198 1083 1331 1125 pientiae
1344 1086 1374 1115 et
1387 1083 1564 1116 intellectus
1580 1098 1610 1115 ».
1625 1103 1668 1107 —
1682 1084 1839 1125 Quantum
1856 1094 1929 1116 vero
1942 1084 1978 1116 ad
1993 1084 2154 1125 servorem
2172 1090 2312 1137 Pergam-

1195 1137 1328 1179 9raciae
1352 1137 1382 1168 in
1418 1137 1650 1178 concupiscibili
1679 1138 1847 1170 subditur:
1880 1139 1916 1169 Et
1951 1139 2065 1180 (Vatia
2099 1140 2157 1171 bez·
2251 1133 2265 1137 '⁴

1196 1193 1270 1221 erat
1293 1189 1329 1221 in
1345 1189 1419 1227 illo;
1444 1190 1647 1222 Ecclesiastici
1666 1191 1815 1232 vigesimo
1839 1196 1952 1233 quarm
1967 1193 1994 1223 9;
2026 1206 2039 1219 «
2060 1193 2088 1224 ln
2107 1203 2155 1224 nic·

1197 1243 1298 1284 gratia
1320 1243 1422 1275 omnis
1458 1243 1525 1275 viae
1561 1248 1591 1275 et
1627 1244 1784 1283 veritatis,
1811 1245 1839 1276 in
1879 1254 1927 1277 me
1962 1246 2062 1277 omnis
2086 1256 2156 1287 spus

1197 1296 1278 1328 vitae
1294 1309 1309 1324 »
1339 1299 1415 1333 etc.;
1440 1300 1471 1328 et
1488 1296 1608 1328 loannis
1633 1297 1750 1338 primo:
1782 1311 1796 1324 «
1816 1298 1849 1329 Et
1874 1298 2008 1329 vidimus
2026 1299 2154 1336 gloriam

1197 1349 1279 1387 eius⁷
1304 1349 1434 1390 gloriam
1452 1349 1540 1391 quasi
1559 1349 1710 1390 l‘nigeniti
1736 1360 1753 1381 a
1771 1351 1869 1388 Patro,
1889 1351 2013 1391 pit-nuni
2039 1352 2155 1393 gratim·

1197 1405 1227 1434 et
1251 1402 1391 1434 veritatis
1408 1415 1437 1433 ».

1287 1455 1338 1487 93.
1364 1455 1464 1496 (Vers.
1490 1455 1567 1496 lii).
1596 1457 1633 1487 El
1657 1456 1748 1488 ibant
1764 1462 1917 1497 parentes
1941 1457 2011 1489 eins
2029 1462 2085 1489 etc.
2105 1458 2154 1489 lli‹·
2173 1460 2321 1507 an-‘ussreggn'ffi

1196 1507 1386 1540 describitur
1411 1508 1594 1540 reverentia
1619 1509 1802 1540 iitaieslalis
1818 1509 1962 1548 (livinae,
1988 1519 2067 1551 quat·
2085 1520 2157 1542 ron-
2173 1503 2234 1534 efter>
2283 1493 2291 1513 s

1197 1561 1278 1593 sistit
1302 1561 1332 1593 in
1357 1561 1445 1593 cultu
1471 1561 1643 1603 religionis,
1668 1565 1698 1594 et
1722 1562 1897 1594 ostenditur
1915 1562 1944 1594 in
1970 1563 2093 1595 Christo
2110 1573 2157 1595 st·-

1197 1613 1336 1646 cundum
1357 1618 1538 1655 parentum
1559 1614 1717 1646 ducatum
1736 1619 1766 1646 et
1790 1615 1962 1647 secundum
1976 1616 2154 1657 proprium

1197 1667 1399 1699 instinctum.
1419 1685 1460 1690 -
1478 1668 1638 1708 Quantum
1663 1667 1701 1699 ad
1722 1673 1903 1709 parentum
1928 1668 2085 1700 [meatum
2112 1669 2157 1701 di-
2172 1672 2320 1719 Dedffiffissmm

1197 1720 1298 1752 citur:
1328 1721 1363 1751 Ec
1387 1719 1480 1751 iba‘nl
1500 1724 1655 1761 parentes
1679 1720 1749 1751 eius
1770 1730 1831 1761 per
1855 1730 1965 1752 omnes
1994 1731 2099 1753 (initos
2125 1722 2155 1754 in
2234 1717 2237 1718 ⁷
2281 1714 2285 1718 ’

1197 1773 1388 1805 Ierusalem.
1415 1773 1490 1805 Nam
1516 1774 1558 1805 ita
1582 1773 1762 1805 mandatum
1788 1777 1856 1805 erat
1880 1773 1911 1805 in
1938 1775 2028 1815 Lege:
2060 1775 2156 1806 Exodi

1196 1826 1347 1868 vigesimo
1372 1826 1464 1858 tertio
1483 1826 1525 1857 1⁰:
1557 1839 1571 1853 «
1589 1826 1696 1858 Terin
1713 1835 1794 1858 anno
1818 1826 1893 1857 mihi
1918 1826 1995 1858 festa
2020 1827 2157 1859 celebra-

1197 1880 1269 1912 bitis
1286 1893 1315 1911 ».
1343 1879 1378 1911 Et
1401 1879 1591 1911 credendum
1620 1883 1681 1917 est,
1706 1879 1790 1921 quod
1815 1879 1906 1911 etiam
1932 1880 2083 1912 ducerent
2116 1881 2156 1913 le-

1197 1942 1278 1971 sum,
1302 1933 1378 1975 quia
1393 1932 1507 1965 ibidem
1533 1933 1696 1965 subditur:
1720 1933 1812 1964 «Ter
1838 1933 1866 1964 in
1889 1942 1970 1964 anno
1994 1934 2156 1974 apparebit

1196 1994 1289 2018 omne
1314 1985 1522 2017 masculinum
1547 1988 1637 2017 tuum
1670 1994 1775 2018 coram
1801 1985 1931 2017 Domino
1959 1985 2022 2017 Deo
2047 1990 2101 2017 tuo
2119 1998 2155 2020 »z

1196 2041 1228 2071 et
1252 2039 1310 2071 hoc
1334 2038 1366 2070 in
1391 2038 1573 2076 Ierusalem,
1599 2038 1771 2071 secundum
1808 2042 2008 2080 praeceptum
2042 2038 2155 2071 Deute-

1197 2092 1341 2130 ronomii,
1357 2091 1542 2124 duodecimo
1557 2092 1598 2123 ¹¹:
1621 2104 1635 2119 c<
1650 2091 1692 2123 Ad
1706 2091 1824 2129 locum,
1842 2100 1935 2133 quem
1953 2091 2080 2133 elegerit
2098 2092 2156 2123 Do—

1196 2146 1301 2178 minus
1325 2145 1409 2177 Deus
1432 2149 1535 2178 vester
1551 2145 1589 2178 de
1606 2145 1727 2178 cunctis
1752 2145 1898 2177 tribubus
1919 2146 2045 2183 vestris,
2071 2155 2156 2178 acce-

1196 2198 1275 2230 detis
1292 2211 1322 2229 ».
1349 2198 1458 2234 Etiste
1482 2198 1569 2230 locus
1593 2202 1660 2230 erat
1678 2197 1858 2235 ierusalem,
1883 2198 2055 2230 secundum
2073 2197 2156 2239 quod

1196 2250 1311 2283 dicitur
1343 2251 1470 2283 secundi
1504 2251 1757 2292 Paralipomenon
1791 2251 1940 2292 septimo:
1971 2264 1986 2277 α
2012 2251 2092 2292 Elegi
2126 2255 2155 2282 et

1197 2304 1386 2337 sanctificavi
1411 2304 1514 2336 locum
1539 2304 1652 2342 istum,
1676 2308 1712 2336 ut
1736 2305 1776 2336 sit
1800 2304 1839 2336 ibi
1857 2313 1970 2337 nomen
1995 2313 2099 2337 meum
2125 2304 2155 2336 in

1196 2357 1423 2399 sempiternum
1441 2371 1470 2388 ».
1497 2358 1533 2389 Et
1556 2358 1650 2389 istum
1676 2358 1795 2390 cultum
1826 2358 1962 2390 maxime
1987 2358 2018 2390 in
2041 2358 2155 2399 pascha

1196 2409 1364 2448 faciebant,
1381 2413 1412 2442 et
1436 2409 1504 2442 ideo
1521 2410 1685 2442 subditur:
1711 2411 1750 2442 ln
1771 2410 1823 2442 die
1838 2411 1975 2442 solemni
1997 2409 2156 2451 paschae,-

1198 2463 1295 2495 Exodi
1320 2463 1504 2496 duodecimo
1519 2463 1563 2495 ¹²:
1590 2477 1605 2491 «
1623 2463 1779 2495 Habebitis
1803 2464 1882 2496 lianc
1899 2464 1979 2496 diem
1999 2464 2028 2495 in
2046 2473 2156 2495 monu—

1197 2519 1340 2549 mentum
1369 2519 1400 2548 et
1434 2516 1631 2548 celebrabitis
1665 2525 1733 2548 eam
1758 2516 1927 2548 solemnem
1964 2516 2094 2548 Domino
2126 2516 2154 2547 in

1197 2569 1452 2612 generationibus
1477 2569 1588 2601 vestris
1612 2569 1699 2601 cultu
1725 2569 1915 2610 sempiterno
1933 2583 1962 2600 ».

1288 2623 1339 2655 94.
1365 2623 1465 2664 (Vers.
1492 2622 1569 2663 42).
1595 2622 1754 2663 Quantum
1780 2625 1883 2654 autem
1909 2622 1947 2653 ad
1978 2622 2309 2673 propi-inm,¹333ngss

1198 2676 1391 2709 instinctam
1415 2676 1508 2710 etiam
1532 2675 1637 2708 divino
1661 2675 1760 2707 cultui
1785 2674 1914 2707 vacabat
1937 2683 2017 2716 puer
2050 2674 2155 2712 lesus;
2187 2668 2193 2671 ⁵
2301 2667 2319 2671 *⁴

1198 2732 1353 2771 quantum
1384 2729 1422 2761 ad
1446 2737 1540 2771 quem
1573 2727 1736 2760 subditur:
1766 2728 1804 2759 El
1834 2736 1910 2759 eam
1941 2725 2054 2769 faetus
2078 2731 2158 2758 esset

1199 2792 1367 2815 annorum
1392 2782 1581 2818 duodecimt
1605 2781 1636 2813 in
1661 2790 1724 2823 quo
1748 2780 1938 2819 ostenditur,
1963 2779 2046 2822 quod
2078 2789 2157 2820 puer

242 2965 250 2979 ¹
272 2966 347 2992 Vers.
368 2967 410 2991 22.
430 2973 485 2998 seq.
505 2980 539 2984 -
559 2966 617 2991 Duo
645 2973 720 2999 seqq.
749 2967 797 2993 loci
826 2969 887 2993 sunt
912 2967 966 2993 lsai.
994 2967 1025 2998 9,
1055 2968 1079 2992 1.
1108 2970 1134 2992 et

171 3011 240 3036 loan.
259 3010 291 3042 7,
311 3010 355 3036 52.

241 3052 252 3068 ⁹
272 3054 336 3086 Cap.
354 3054 379 3079 5.
399 3061 423 3079 n.
445 3054 486 3078 16.
506 3057 531 3079 et
550 3060 573 3080 c.
592 3055 661 3080 7-11.
682 3062 706 3080 u.
726 3055 816 3080 20-24.

243 3098 254 3115 ³
271 3099 348 3124 Num.
369 3097 411 3123 50.

241 3141 252 3156 ¹
273 3143 347 3168 Vers.
368 3141 415 3172 46;
435 3142 508 3167 tertia
528 3149 590 3174 pars
609 3142 700 3174 incipit
718 3150 744 3168 v.
766 3143 809 3169 48.

243 3185 253 3200 ⁶
273 3187 347 3212 Vers.
368 3185 410 3211 41.

242 3228 254 3244 ⁶
274 3230 403 3256 Sententia
424 3230 523 3261 Bedae,
552 3230 577 3256 in
606 3232 675 3256 hunc
701 3231 803 3263 locum,
828 3232 956 3264 allegatur
984 3233 1132 3258 secundum
1177 3258 1182 3263 ,

172 3275 289 3301 Glossum
318 3273 506 3300 ordinariam:
529 3284 542 3297 «
555 3275 639 3300 Beda:
659 3276 686 3301 ln
706 3282 751 3306 eo,
771 3275 843 3308 quod
864 3282 931 3307 puer
949 3279 1019 3307 erut,
1039 3276 1065 3302 id
1094 3280 1133 3302 est

173 3320 252 3345 homo
271 3318 383 3351 fragilis,
402 3321 504 3350 poterat
523 3325 641 3345 crescere
660 3322 685 3345 et
703 3319 843 3345 confortari
850 3329 857 3350 ;
877 3327 929 3345 non
949 3320 974 3346 in
992 3327 1040 3351 eo,
1059 3320 1133 3353 quod

173 3362 307 3393 Verbum,
327 3362 472 3388 secundum
492 3363 563 3395 quod
580 3362 679 3396 plenus
697 3363 830 3397 sapientia
854 3364 879 3390 et
902 3363 993 3396 qratia
1013 3363 1132 3396 perhibe-

281 3415 310 3442 S.
329 3415 433 3442 Bonav.
446 3429 481 3434 —
495 3416 573 3442 Tom.
592 3416 644 3442 Vll.

1197 2969 1274 2991 tur».
1296 2965 1387 2990 Glossu
1406 2963 1606 2990 interlinearis:
1627 2964 1697 2990 Puer
1716 2965 1807 2989 aulem
1827 2961 1974 2993 crescebat,
1991 2968 2114 2993 corpore,
2134 2962 2157 2986 et

1197 3008 1416 3043 confortabatur,
1436 3008 1543 3040 spiritu,
1566 3007 1664 3041 plenus
1691 3011 1738 3033 etc.
1758 3021 1792 3026 —
1812 3007 1919 3032 iuferius
1940 3009 1997 3038 post
2017 3005 2156 3038 Conserta-

1198 3053 1278 3080 batm-
1298 3053 1355 3078 Vat.
1375 3052 1448 3078 addit
1466 3051 1575 3085 spiritu.

1268 3096 1278 3111 ⁷
1300 3098 1373 3122 Vers.
1397 3096 1441 3127 i4;
1462 3100 1521 3129 post
1539 3103 1620 3129 quem
1640 3096 1703 3121 Phil.
1726 3095 1755 3125 4,
1780 3095 1817 3119 13.

1269 3140 1280 3155 ⁸
1299 3141 1374 3167 Vers.
1394 3141 1420 3166 3.
1438 3154 1473 3159 —
1493 3140 1616 3173 Sequitur
1635 3140 1691 3165 lsai.
1716 3140 1759 3170 il,
1781 3140 1805 3163 2.

1268 3184 1279 3200 ⁹
1300 3186 1372 3211 Vers.
1393 3185 1435 3210 25.
1454 3198 1490 3204 -
1510 3184 1627 3210 Subinde
1646 3185 1772 3214 allegatur
1792 3184 1858 3208 loan.
1885 3183 1911 3214 1,
1935 3181 1972 3206 14.

1270 3228 1291 3244 ¹⁰
1311 3230 1386 3255 Vers.
1407 3229 1449 3260 ⁴4,
1468 3229 1510 3255 cui
1531 3228 1699 3260 subiungitur
1718 3234 1743 3251 v.
1768 3227 1808 3252 17.

1269 3273 1290 3288 ¹¹
1311 3274 1385 3300 Vei-s.
1404 3273 1429 3299 5.
1448 3286 1483 3292 -
1503 3273 1626 3306 Sequitur
1645 3273 1671 3297 11.
1692 3271 1801 3302 Paralip.
1820 3271 1851 3301 7,
1875 3271 1914 3295 16.

1268 3316 1290 3334 ¹⁹
1312 3318 1372 3343 Ver.
1392 3317 1435 3343 ⁴4.
