2476 3921
141 701 239 722 Conditio
251 700 271 721 2.

137 1282 235 1304 Conditio
248 1283 265 1303 3.

152 2186 233 2212 Duplex
247 2192 269 2207 a·

133 2214 180 2233 ctus
194 2218 217 2233 se
231 2213 269 2233 hu-

132 2238 237 2260 miliaudi.

139 2291 267 2313 Notandum.

123 2610 229 2641 Secundo,
240 2610 267 2631 de

131 2639 267 2667 suscitatione

131 2667 209 2684 mortni
218 2666 266 2684 tria.

299 238 359 269 170

296 324 430 357 secundo
445 325 471 355 ¹:
500 336 515 352 α
534 323 607 355 Vide
632 323 697 355 vias
722 325 791 354 tuas
815 322 846 354 in
870 322 1027 360 convalle,
1055 322 1149 360 scito,
1174 322 1250 363 quid

294 377 404 410 seceris
421 389 455 414 »;
480 375 617 418 alioquin
650 384 711 407 non
735 375 852 417 poteris
876 374 1056 413 iustificari,
1088 375 1170 407 sicut
1193 375 1250 407 ibi-

293 430 363 462 dem
387 429 547 462 subditur:
569 441 584 456 α
604 428 692 467 Ecce,
710 437 767 469 ego
790 427 905 460 iudicio
920 428 1104 460 contendam
1130 431 1249 466 tecum,

293 492 330 515 eo
345 482 429 524 quod
451 481 588 514 dixeris:
606 481 671 513 Non
687 481 812 523 peccavi
829 494 858 512 n.
876 481 937 513 Hoc
953 481 1130 520 attendens,
1147 481 1251 513 anima

295 535 453 577 poenitens
472 534 546 566 dicit
570 534 715 567 Ieremiae
743 534 903 576 trigesimo
926 534 1042 576 primo:
1069 534 1250 567 «Converte

295 596 356 626 me,
382 587 527 626 Domine,
550 590 582 619 et
604 590 771 620 convertar
787 600 817 618 ι).
848 600 863 615 «ι
886 587 1051 629 Postquam
1069 587 1151 619 enim
1176 596 1250 619 con-

293 640 412 673 vertisti
428 649 496 679 me,
519 640 567 682 egi
585 640 822 682 poenitentiam;
847 644 878 673 et
893 643 1059 682 postquam
1087 640 1249 673 ostendisti

293 694 386 732 mihi,
410 693 551 735 percussi
576 693 679 726 femur
701 702 807 726 meum
824 706 839 722 1>
868 697 984 726 etc.—
1000 693 1177 726 Secundum
1202 696 1250 726 est

294 746 485 779 interventio
509 746 720 778 auctoritatis
735 745 948 788 apostolicae,
973 746 1047 788 quia
1067 746 1185 779 dictum
1202 749 1249 779 est

292 800 382 832 Petro
405 798 549 831 Matthaei
574 798 695 831 decimo
711 799 845 831 sextoss:
875 811 890 826 «
909 799 943 831 Et
967 798 1022 831 tibi
1043 799 1124 831 dabo
1147 799 1249 832 claves

291 852 376 894 regni
402 851 579 890 caelorum,
603 854 635 884 et
657 850 881 893 quodcumque
903 851 1049 894 ligaveris
1072 861 1168 894 super
1185 855 1249 884 ter-

291 914 375 943 ram,
399 904 460 936 erit
485 904 613 946 ligatum
638 907 668 936 et
700 904 730 936 in
755 904 849 937 caelis
865 918 881 933 1>
909 908 967 937 etc.
993 905 1029 937 Et
1058 905 1180 937 Ioannis
1204 904 1248 937 vi-

289 958 406 999 gesimo
429 957 575 1000 omnibus
591 957 744 999 Apostolis
766 957 899 990 dicitur:
923 970 938 986 α
953 958 1096 999 Quorum
1120 958 1248 990 remise-

291 1011 358 1044 ritis
381 1014 525 1052 peccata,
550 1010 757 1043 remittuntur
780 1010 825 1043 eis
841 1024 856 1039 »
886 1013 944 1043 etc.
977 1010 1047 1043 Ideo
1069 1010 1185 1043 dicitur
1215 1010 1247 1042 in

290 1065 441 1097 Levitico:
464 1077 479 1092 «
495 1064 605 1096 Orabit
621 1073 679 1106 pro
695 1073 732 1097 eo
754 1064 913 1103 sacerdos,
930 1067 961 1097 et
978 1065 1159 1097 remittetur
1175 1064 1202 1097 ei
1217 1077 1247 1103 »3

289 1117 371 1150 unde
393 1117 432 1150 ad
455 1117 611 1150 Hebraeos
634 1117 759 1159 quinto:
790 1130 806 1145 «
822 1116 931 1149 Omnis
953 1117 1094 1159 pontifex
1126 1126 1167 1150 ex
1192 1118 1248 1150 ho-

288 1171 424 1203 minibus
447 1174 622 1208 assumtus,
649 1179 705 1212 pro
730 1170 910 1203 hominibus
929 1170 1133 1203 constituitur
1150 1171 1180 1202 in
1198 1170 1248 1203 his

288 1233 368 1266 quae
392 1227 467 1256 sunt
489 1224 527 1256 ad
544 1224 643 1257 Deum
655 1249 663 1263 ‚
687 1226 723 1256 ut
739 1223 851 1256 offerat
872 1223 954 1256 dona
969 1227 1001 1256 et
1019 1223 1173 1256 sacrificia
1189 1233 1247 1266 pro

288 1277 421 1319 peccatis
438 1290 468 1309 ».
486 1296 530 1300 —
546 1277 688 1310 Tertium
713 1280 760 1309 est
784 1277 1010 1309 condescensio
1038 1277 1174 1319 pietatis
1197 1277 1247 1310 di-

289 1331 398 1370 uinae,
416 1330 697 1373 appropinquantis
712 1330 750 1362 ad
774 1330 903 1363 domum
920 1330 1038 1372 aegroti
1055 1339 1112 1372 per
1128 1331 1247 1373 gratiae

288 1384 491 1422 infusionem,
516 1383 689 1416 secundum
714 1383 791 1416 illud
815 1383 926 1416 cantici
952 1383 1131 1422 Zachariae,
1149 1392 1247 1425 supra

288 1438 388 1480 primo
400 1438 431 1469 ³:
450 1451 465 1466 «
478 1437 521 1470 Ad
532 1437 664 1469 dandam
682 1437 843 1470 scientiam
859 1437 994 1469 salutis»
1012 1439 1083 1475 etc„
1102 1450 1118 1465 «
1131 1446 1188 1479 per
1200 1437 1246 1469 vi-

288 1501 375 1525 scera
397 1490 630 1524 misericordiae
654 1490 708 1523 Dei
733 1490 879 1523 nostri».
905 1490 1027 1523 Domini
1052 1493 1156 1523 autem
1174 1499 1246 1532 gra-

288 1544 330 1576 tia
352 1543 451 1585 magis
473 1543 706 1585 appropinquat
730 1543 921 1581 humilibus,
945 1543 1038 1585 quia,
1071 1543 1245 1575 secundum

288 1597 364 1630 illud
389 1597 487 1629 iacobi
512 1599 640 1638 quarto,
662 1609 676 1624 a
700 1596 783 1628 Deus
814 1596 959 1638 superbis
983 1596 1116 1635 resistit,
1142 1590 1246 1629 humi—

289 1650 370 1683 libus
392 1654 496 1682 autem
521 1649 574 1682 dat
588 1649 721 1691 gratiam
737 1662 768 1681 n.
791 1662 806 1678 «
824 1649 974 1682 Excelsus
994 1650 1077 1682 enim
1094 1650 1246 1683 Dominus

287 1707 318 1735 et
333 1702 465 1735 humilia
481 1702 608 1743 respicit
635 1705 666 1734 et
688 1702 750 1734 alta
766 1711 784 1734 a
808 1702 898 1744 longe
919 1702 1099 1744 cognoscit4
1111 1716 1142 1735 ».
1160 1703 1246 1736 Unde

289 1756 318 1788 in
335 1755 469 1788 Psalmo:
493 1768 508 1783 a
521 1755 612 1787 quta
627 1757 674 1787 est
690 1755 841 1787 Dominus
858 1755 906 1788 his
922 1755 977 1797 qui
999 1755 1148 1788 tribulato
1172 1759 1246 1788 sunt

288 1808 398 1846 corde,
426 1812 457 1840 et
485 1808 620 1840 humiles
651 1808 765 1849 spiritu
801 1808 933 1841 salvabit
956 1820 986 1847 »3
1014 1809 1096 1841 sicut
1130 1809 1246 1842 dicitur

288 1862 368 1895 infra
395 1861 515 1894 decimo
546 1871 628 1894 nono
658 1861 697 1894 de
721 1862 860 1894 Zachaeo
887 1862 1018 1903 pusillo:
1056 1875 1071 1891 «
1087 1862 1247 1895 Festinans

287 1915 456 1954 descende,
481 1915 556 1957 quia
579 1915 671 1948 hodie
695 1915 726 1947 in
757 1914 851 1947 domo
876 1919 930 1948 tua
952 1919 1077 1958 oportet
1108 1924 1158 1948 me
1182 1925 1247 1949 ma-

289 1977 409 2006 iiere»;
445 1967 520 2010 quia
555 1967 687 2000 libenter
715 1967 890 2000 humilibus
925 1968 1153 2001 condescendit.
1186 1969 1247 2001 Au-

288 2022 473 2063 gustinus⁵z
495 2034 510 2049 α
524 2021 611 2053 Altus
633 2025 680 2054 est
697 2021 795 2060 Deus;
813 2021 961 2054 humilias
985 2024 1029 2060 te,
1053 2024 1085 2054 et
1109 2022 1193 2054 venit
1208 2022 1246 2055 ad

289 2079 336 2113 te;
361 2075 482 2107 exaltas
506 2078 553 2113 te,
578 2077 609 2107 et
632 2074 712 2115 sugit
735 2083 754 2106 a
777 2078 807 2107 te
825 2087 854 2105 ι».

381 2129 429 2160 19.
456 2128 492 2160 Et
507 2131 597 2166 nota,
614 2127 697 2169 quod
714 2127 804 2160 aliter
821 2127 999 2160 humiliavit
1015 2137 1048 2160 se
1071 2128 1246 2167 Zachaeus,

288 2182 378 2214 aliter
402 2181 561 2214 centurio:
587 2180 747 2213 Zachaeus
770 2180 986 2222 suscipiendo,
1010 2181 1154 2214 centurio
1185 2191 1247 2214 non

287 2234 431 2267 audendo
455 2234 628 2276 suscipere;
657 2236 795 2275 utroque
818 2233 900 2266 enim
933 2234 1027 2266 modo
1050 2234 1085 2266 fit
1115 2234 1248 2267 Domino

288 2287 472 2321 reverentia.
498 2287 584 2319 Unde
611 2286 690 2319 bene
713 2286 786 2319 facit
809 2286 862 2328 qui
884 2290 1015 2328 propter
1038 2287 1247 2320 reverentiam

287 2350 403 2382 corpus
421 2339 613 2373 dominicum
630 2339 761 2381 suscipit
778 2339 961 2381 frequenter
974 2339 1009 2372 in
1033 2340 1247 2379 Sacramento;

287 2397 318 2426 ct
341 2393 420 2426 bene
436 2392 545 2430 etiam,
570 2391 625 2434 qui
650 2400 706 2433 per
719 2391 731 2411 Β
749 2391 956 2424 reverentiam
977 2395 1095 2431 cessat;
1119 2392 1249 2435 utrique

287 2446 369 2479 enim
393 2446 479 2479 salus
501 2445 606 2484 datur,
630 2444 712 2477 sicut
735 2444 928 2477 centurionis
952 2453 1043 2477 servo
1066 2449 1098 2478 et
1120 2445 1178 2487 ipsi
1196 2445 1249 2478 Za-

287 2500 393 2532 chaeo.
418 2499 467 2531 Sic
491 2497 727 2540 intelligendum
752 2501 799 2530 est
823 2497 854 2530 in
879 2497 1048 2539 proposito.

376 2553 428 2585 20.
456 2553 494 2584 Et
516 2550 648 2594 factum
670 2554 735 2590 est,
759 2551 910 2593 deinceps
933 2554 991 2584 etc.
1017 2551 1088 2584 Post
1112 2552 1248 2585 miracu-

288 2605 351 2638 lum
375 2605 414 2638 de
437 2605 598 2638 curatione
615 2604 780 2643 morituri,
805 2604 952 2637 subditur
968 2604 1019 2637 hic
1042 2604 1248 2638 miraculum

287 2659 324 2691 (le
353 2659 566 2691 suscitatione
596 2658 722 2691 mortui
729 2670 741 2696 ,·
772 2658 803 2690 in
828 2667 892 2700 quo
915 2658 1099 2700 expressius
1130 2658 1165 2691 fit
1195 2659 1248 2692 de-

288 2711 472 2744 monstratio
502 2711 707 2744 excellentiae
731 2711 909 2744 Salvatoris.
943 2711 985 2744 Ad
1015 2711 1112 2744 huius
1141 2715 1247 2745 autem

290 2765 430 2798 miraculi
455 2764 635 2807 explicitam
659 2764 899 2807 descriptionem
917 2765 977 2798 tria
1001 2764 1248 2798 introducuntur

360 2914 368 2929 ¹
389 2916 462 2941 Vers.
483 2916 526 2940 23.
545 2922 575 2940 ac
596 2916 638 2941 35.
659 2920 685 2941 et
712 2916 808 2942 deinde
827 2917 874 2947 31,
898 2917 936 2942 18.
960 2921 986 2943 et
1005 2918 1046 2944 19.
1066 2932 1101 2938 -
1120 2919 1246 2951 Superius

291 2967 337 2991 pro
356 2959 427 2986 sicut
444 2959 486 2985 hic
506 2960 563 2984 Vat.
582 2959 681 2986 scilicet
700 2959 773 2986 haec.
800 2961 907 2986 lnterius
926 2968 975 2993 pro
994 2968 1047 2988 non
1069 2962 1173 2996 poteris
1191 2962 1210 2989 C
1224 2963 1246 2988 D

290 3010 343 3030 non
361 3005 458 3037 potest,
478 3004 499 3029 H
519 3010 573 3030 non
589 3005 678 3037 potest
695 3003 787 3036 homo,
807 3005 828 3030 G
847 3012 901 3031 non
918 3007 1004 3039 potes.

313 3046 315 3050 ’
359 3046 370 3061 ²
391 3047 465 3073 Vers.
489 3047 528 3072 19.
548 3061 584 3066 -
603 3047 669 3073 Tres
688 3054 762 3081 seqq.
775 3048 825 3073 loci
844 3051 904 3074 sunt
924 3049 990 3075 ioan.
1009 3050 1054 3083 20,
1074 3050 1121 3082 23,
1134 3051 1197 3076 Lev.
1216 3050 1245 3083 5,

295 3092 331 3117 18.
350 3094 376 3117 et
395 3091 474 3117 Hebr.
496 3091 525 3124 5,
549 3093 568 3117 l.

359 3134 370 3149 ²
390 3136 463 3161 Vers.
482 3136 526 3161 77.
545 3143 599 3169 seq.
621 3150 653 3154 —-
668 3135 786 3162 Subinde
803 3137 928 3169 allegatur
951 3139 998 3163 lac.
1020 3137 1049 3171 4,
1069 3139 1092 3163 6.
1112 3152 1147 3158 -
1166 3139 1246 3170 Supe-

290 3180 344 3205 rius
363 3186 411 3211 pro
430 3179 615 3206 condescensio
627 3179 746 3214 pietatis,
766 3181 839 3214 quod
862 3180 959 3207 habent
981 3181 1000 3207 C
1019 3183 1050 3214 Ε,
1069 3182 1110 3208 alii
1130 3182 1206 3208 codd.
1221 3186 1246 3208 et

291 3224 347 3249 Vat.
367 3223 550 3250 condescensio
568 3223 713 3258 potestatis,
726 3227 752 3250 et
766 3224 873 3251 interius
886 3232 934 3257 pro
953 3225 1041 3260 maqis
1056 3226 1112 3252 Vat.
1129 3234 1189 3253 cum
1203 3227 1246 3252 ali-

291 3266 387 3299 quibus
407 3267 483 3293 codd.
502 3267 633 3293 mamime.

361 3309 373 3324 ⁴
392 3311 483 3336 Psalm.
505 3311 569 3343 137,
590 3312 619 3342 6,
639 3315 698 3343 post
715 3319 795 3344 quem
815 3313 856 3338 Ps.
875 3313 921 3343 33,
945 3314 984 3339 19.
1002 3316 1027 3339 et
1046 3315 1106 3340 Luc.
1128 3315 1174 3345 19,
1194 3315 1218 3341 5.

362 3352 373 3368 ⁶
392 3355 474 3380 Serm.
496 3355 555 3381 177.
574 3356 599 3381 in
619 3355 770 3387 Appendice
790 3356 861 3385 (alias
882 3356 941 3382 175.
960 3357 994 3383 de
1014 3357 1155 3392 Tempore)
1176 3366 1201 3384 n.
1221 3360 1245 3384 2.

291 3398 344 3425 Cir.
363 3402 425 3424 tom.
448 3399 488 3425 Vl.
509 3406 569 3431 pag.
589 3399 637 3431 71,
657 3402 716 3425 nota
736 3400 765 3431 2,
779 3399 824 3425 ubi
844 3400 921 3425 etiam
941 3401 982 3426 alii
996 3401 1043 3427 loci
1063 3402 1164 3434 allegati
1178 3406 1246 3429 sunt.

883 233 1076 266 COMMENT.
1102 234 1139 266 IN
1162 233 1400 266 EVANGELlUM
1425 234 1541 266 LUCAE
1566 233 1597 265 C.
1623 234 1683 265 Vll.

1314 322 1354 354 ab
1377 322 1580 364 Evangelista.
1612 322 1751 354 Primum
1782 325 1829 354 est
1853 322 1941 354 ratio
1965 332 2097 354 movens
2129 325 2274 364 respectu

1314 375 1456 408 miraculi
1481 374 1630 417 faciendi
1636 386 1648 413 ;
1672 375 1844 408 secundum
1868 379 1915 408 est
1939 385 2046 408 causa
2061 375 2201 418 efficiens
2225 384 2274 408 re-

1314 431 1423 470 spectu
1440 428 1581 461 miraculi
1608 428 1643 460 in
1666 427 1759 469 fieri,
1777 432 1808 461 et
1832 429 1891 461 hoc
1907 431 2035 461 notatur
2060 428 2102 461 ibi
2116 429 2146 460 ⁷:
2166 429 2274 469 Quam

1314 491 1388 513 cum
1414 481 1546 514 vidisset
1573 482 1734 513 Dominus
1750 485 1808 514 etc.
1834 482 1975 514 Tertium
1992 484 2040 514 est
2063 482 2211 525 efficacia
2227 492 2275 514 se-

1313 544 1415 578 quens
1439 538 1585 576 respectu
1608 535 1752 568 miraculi
1777 535 1846 567 iam
1868 534 2024 578 perfecti,
2048 536 2108 568 ibi:
2135 537 2175 568 Et
2191 545 2275 568 resc-

1313 587 1363 619 dit
1385 587 1444 630 qui
1466 591 1538 619 crat
1561 591 1726 619 mortuus.

1405 640 1500 672 Ratio
1527 645 1633 673 autem
1665 651 1796 673 movens
1828 641 1996 674 Dominum
2019 641 2058 674 ad
2090 641 2276 674 mirabiliter

1313 693 1565 725 resuscitandum
1601 697 1762 727 mortuum
1794 693 1914 736 duplex
1952 694 2128 727 ostenditur
2163 694 2194 727 in
2226 694 2276 727 lit-

1313 748 1397 784 tera,
1422 745 1540 778 scilicet
1554 746 1786 779 documentum
1810 746 2042 789 ignorantium
2057 746 2089 779 in
2114 747 2274 781 intellectu

1312 801 1343 831 et
1365 798 1523 830 solatium
1558 799 1773 831 moerentium
1808 799 1839 832 in
1874 800 1998 833 affectu.
2031 800 2068 832 Et
2099 800 2272 833 secundum

1313 851 1390 883 haec
1412 851 1476 883 duo
1491 851 1631 893 genera⁸
1652 852 1899 885 introducuntur
1915 852 1947 884 in
1968 852 2070 894 prima
2093 856 2196 894 parte,
2213 852 2273 885 sci-

1313 904 1385 937 licet
1415 905 1646 937 comitantium
1677 905 1713 937 in
1739 906 1813 944 via,
1846 909 1882 938 ut
1916 905 2094 948 dirigantur
2125 915 2182 948 per
2205 902 2274 939 eius

1312 958 1505 997 doctrinam,
1529 962 1560 991 et
1583 959 1829 991 occurrentium
1853 959 1889 991 in
1910 963 2028 1001 porta,
2052 963 2088 992 ut
2112 959 2274 992 consolen-

1313 1013 1365 1043 tur
1390 1020 1446 1052 per
1469 1011 1537 1044 eius
1559 1011 1701 1053 gratiam.

1402 1065 1454 1096 21.
1480 1064 1580 1104 (Vers.
1610 1065 1684 1104 11.).
1702 1064 1806 1097 Primo
1822 1064 1918 1106 igitur
1941 1068 2095 1107 quantum
2112 1064 2151 1097 ad
2175 1064 2274 1097 comi-

1313 1120 1420 1149 tatum
1445 1116 1670 1149 multitudinis
1693 1117 1895 1150 erudiendae
1923 1117 2057 1151 dicitur:
2083 1119 2123 1150 Et
2144 1117 2274 1160 factum

1311 1174 1375 1207 est,
1399 1169 1550 1211 deinceps
1574 1169 1644 1202 ibat
1668 1170 1785 1202 lesus·⁹
1809 1170 1845 1202 in
1861 1171 2045 1209 civitatem,
2069 1181 2155 1214 quae
2178 1181 2274 1204 voca-

1312 1227 1369 1256 tur
1396 1222 1522 1261 Naim;
1546 1223 1630 1261 ibat,
1666 1223 1784 1256 scilicet
1813 1224 1851 1256 ad
1882 1224 2076 1264 docendum,
2100 1225 2274 1258 secundum

1311 1276 1389 1309 illud
1413 1277 1558 1309 Matthaei
1583 1281 1714 1318 quarto:
1744 1290 1759 1305 «
1775 1277 1935 1310 Circuibat
1958 1278 2044 1311 lesus
2071 1282 2169 1311 totam
2192 1279 2274 1311 Gali-

1312 1330 1429 1368 laeam,
1454 1329 1571 1362 docens
1592 1329 1622 1362 in
1648 1321 1813 1372 synagogis
1836 1339 1947 1363 eorum
1960 1344 1991 1363 ».
2011 1350 2052 1355 —
2072 1331 2106 1364 Et
2129 1332 2205 1374 quia
2220 1341 2274 1364 vo-

1312 1383 1411 1415 lentes
1433 1383 1555 1415 discere
1587 1383 1779 1416 comitantur
1801 1383 1981 1423 doctorem,
2006 1384 2075 1417 ideo
2105 1384 2208 1418 addit:
2237 1386 2275 1418 Et

1310 1436 1405 1469 ibant
1427 1446 1502 1469 cum
1528 1428 1567 1468 eo
1584 1436 1742 1478 discipuli
1764 1437 1836 1469 eius
1859 1441 1888 1469 et
1908 1437 2009 1470 turba
2032 1438 2176 1482 copiosa.
2195 1439 2275 1473 Scie-

1310 1490 1400 1528 bant,
1417 1489 1500 1524 enim
1526 1489 1603 1521 illud
1621 1498 1732 1521 verum
1758 1498 1841 1528 esse,
1858 1490 1942 1532 quod
1966 1490 2199 1524 Deuteronomii
2222 1492 2275 1525 tri-

1309 1543 1429 1586 gesimo
1452 1543 1545 1575 tertio
1560 1543 1585 1562 ¹⁰
1609 1543 1773 1575 scribitur:
1803 1556 1819 1571 a
1835 1543 1893 1584 Qui
1918 1536 2173 1587 appropinquant
2189 1545 2275 1587 pedi-

1310 1597 1370 1629 bus
1393 1596 1461 1629 eius
1483 1595 1636 1638 accipient
1659 1596 1697 1629 de
1720 1596 1864 1629 doctrina
1887 1596 1972 1629 illius
1988 1610 2023 1636 ”3
2048 1601 2079 1630 et
2102 1598 2179 1631 illud
2206 1599 2275 1631 Pro-

1310 1650 1493 1683 verbiorum
1528 1649 1650 1682 decimo
1685 1649 1799 1682 tertio:
1837 1663 1853 1678 «ι
1877 1650 1936 1692 Qui
1971 1659 2044 1683 cum
2080 1651 2274 1693 sapientibus

1309 1703 1453 1746 graditur
1478 1703 1648 1745 sapientior
1664 1702 1718 1735 fiet
1735 1716 1765 1734 ».
1784 1702 1820 1734 Et
1842 1702 1912 1735 ideo
1927 1702 2044 1736 dicitur
2069 1703 2274 1737 Ecclesiastici

1309 1760 1436 1790 octavo:
1466 1771 1480 1785 α
1505 1757 1548 1789 Ne
1579 1756 1733 1798 despicias
1764 1756 1977 1789 narrationem
2013 1757 2273 1799 presbyterorum

1310 1810 1516 1853 sapientium,
1540 1813 1571 1842 et
1595 1810 1626 1842 in
1652 1810 1828 1851 proverbiis
1859 1818 1970 1842 eorum
1996 1818 2201 1849 conversare3
2234 1811 2274 1844 ab

1310 1864 1386 1906 ipsis
1409 1863 1492 1897 enim
1516 1863 1617 1896 disces
1640 1863 1824 1905 sapientiam
1847 1866 1879 1896 et
1901 1863 2076 1896 doctrinam
2094 1877 2123 1895 n.
2148 1864 2185 1896 Et
2204 1864 2274 1897 ideo

1310 1917 1423 1950 turbae
1447 1916 1637 1949 comitantur
1668 1916 1835 1948 Dominum
1861 1919 1893 1948 et
1915 1916 2086 1958 discipulos
2108 1916 2194 1956 eius,
2226 1926 2275 1950 se-

1311 1970 1450 2003 cundum
1475 1969 1552 2002 illud
1577 1969 1688 2002 Psalmi
1708 1970 1751 2001 ¹¹:
1781 1982 1797 1998 «
1814 1969 1956 2002 Accedite
1979 1969 2018 2002 ad
2041 1978 2133 2009 eum,
2154 1973 2186 2003 et
2202 1970 2274 2003 illu-

1312 2023 1472 2055 minamini
1489 2036 1519 2054 ».

1401 2078 1453 2108 22.
1480 2076 1581 2116 (Vers.
1603 2076 1677 2116 12).
1702 2075 1845 2108 Secundo
1861 2079 2017 2117 quantum
2034 2076 2080 2108 ad
2095 2085 2274 2109 occursum

1312 2128 1537 2161 multitudinis
1552 2128 1773 2161 consolandas
1795 2128 1957 2161 subditur:
1977 2128 2061 2161 Cum
2084 2132 2197 2161 autem
2213 2138 2273 2171 ap—

1309 2182 1551 2225 propinquaret
1571 2186 1690 2224 portae
1705 2181 1870 2220 civitatis,
1895 2191 1984 2220 ecce,
2001 2180 2179 2224 defunctus
2201 2181 2273 2225 effe-

1312 2234 1462 2274 rebatur,
1475 2234 1566 2277 filius
1583 2235 1704 2267 unicus
1719 2235 1841 2267 matris
1855 2244 1955 2272 suae,·
1965 2234 2009 2270 de
2025 2244 2089 2276 quo
2105 2238 2174 2268 erat
2188 2244 2273 2269 moe-

1312 2296 1366 2320 ror
1390 2290 1421 2320 et
1444 2288 1562 2326 luctus,
1587 2288 1662 2330 quia
1676 2292 1855 2327 mortuus,
1880 2287 2053 2321 secundum
2072 2288 2149 2320 illud
2173 2288 2274 2321 Eccle-

1312 2340 1426 2373 siastici
1443 2341 1593 2383 vigesimo
1610 2341 1748 2374 secundo
1761 2341 1805 2373 1²:
1835 2354 1851 2370 α
1864 2342 1965 2383 Super
1980 2344 2144 2373 mortuum
2168 2341 2271 2383 plora;

1311 2393 1423 2426 defecit
1446 2393 1530 2426 enim
1562 2393 1619 2426 lux
1643 2394 1711 2426 eius
1727 2407 1758 2426 ».
1788 2394 1898 2427 Maior
1928 2393 2022 2427 etiam
2052 2394 2174 2433 luctuS,
2197 2394 2272 2436 quia

1312 2450 1380 2478 erat
1402 2446 1610 2489 uniyenitus,
1634 2446 1673 2479 de
1695 2456 1760 2489 quo
1783 2447 1819 2480 fit
1842 2447 1988 2489 planctus
2011 2450 2098 2480 tanto
2124 2447 2272 2487 amarior,

1311 2502 1430 2541 quanto
1453 2503 1484 2532 et
1508 2499 1627 2538 carior;
1657 2499 1804 2533 Ieremiae
1827 2503 1935 2533 sexto:
1965 2513 1981 2529 α
1998 2500 2131 2533 Luctum
2164 2500 2272 2543 unige-

1311 2551 1367 2584 niti
1392 2551 1439 2585 fac
1464 2552 1534 2591 tibi,
1558 2552 1718 2594 planctum
1735 2562 1878 2586 amarum
1896 2565 1931 2592 »;
1954 2557 1986 2586 et
2001 2553 2130 2586 secundi
2154 2554 2272 2596 Regum

1311 2605 1414 2647 primo
1436 2603 1534 2637 David
1560 2605 1670 2647 lugens
1694 2606 1843 2638 lonathan
1866 2610 2047 2639 mortuum:
2076 2619 2091 2635 «
2108 2607 2195 2640 Sicut
2211 2616 2272 2640 ma-

1312 2661 1360 2691 ter
1385 2658 1514 2691 unicum
1539 2662 1623 2690 amat
1646 2658 1761 2697 filium,
1786 2658 1829 2691 ita
1864 2663 1894 2692 te
1928 2659 2094 2702 diligebam
2111 2673 2141 2692 ι».
2164 2660 2271 2693 Maxi-

1310 2721 1388 2744 mus
1411 2715 1517 2744 autem
1542 2711 1661 2750 luctus,
1685 2712 1760 2754 quia
1776 2716 1876 2745 mater
1892 2713 2019 2746 omnino
2035 2717 2103 2746 erat
2118 2713 2270 2753 desolata;

1311 2768 1441 2808 propter
1465 2765 1550 2807 quod
1573 2765 1662 2798 dicit:
1691 2766 1729 2797 Et
1751 2764 1831 2798 haec
1854 2765 1960 2799 vidua
1983 2770 2071 2805 erat,
2088 2770 2119 2800 et
2142 2766 2185 2799 ita
2208 2767 2270 2799 iam

1380 2917 1391 2932 θ
1412 2919 1470 2944 Vat.
1488 2920 1611 2951 propter.
1629 2930 1664 2935 —
1683 2917 1735 2942 Csr.
1754 2917 1879 2948 August,
1899 2917 1991 2943 Sermo
2018 2911 2077 2943 22⁴3.
2104 2918 2129 2943 in
2149 2918 2270 2950 Append.

1310 2962 1384 2995 (alias
1404 2962 1465 2988 252.
1484 2963 1518 2988 de
1538 2960 1681 2993 Tempore)
1701 2968 1726 2986 n.
1746 2961 1770 2986 2.

1380 3005 1390 3021 '¹
1412 3007 1486 3033 Vers.
1508 3007 1555 3038 13;
1576 3006 1680 3032 tertium
1700 3004 1812 3031 habetur
1831 3013 1857 3031 v.
1882 3006 1919 3031 l5.

1380 3050 1391 3066 ⁸
1411 3052 1470 3077 Vat.
1489 3058 1549 3077 cum
1570 3051 1591 3076 ll
1611 3051 1714 3083 supplet
1733 3049 1887 3081 hominum,
1905 3050 1931 3075 in
1952 3050 1972 3083 D
1986 3057 2080 3076 manus
2098 3051 2212 3077 secunda
2225 3051 2268 3077 ad-

1308 3096 1375 3122 didit
1390 3102 1582 3129 personarum.

1380 3137 1392 3152 ⁰
1413 3139 1521 3171 Vulgata
1541 3138 1637 3164 omittit
1662 3139 1750 3169 lesus,
1779 3137 1852 3171 quod
1878 3140 1965 3163 tamen
1993 3137 2129 3164 exhibetur
2157 3145 2171 3164 a
2191 3138 2267 3165 Card.

1309 3183 1392 3215 Hug.,
1412 3184 1441 3209 B.
1460 3183 1566 3209 Alberto
1585 3187 1611 3208 et
1629 3183 1740 3214 Lyrano.
1752 3195 1788 3201 -
1801 3180 1918 3207 Subinde
1930 3182 2057 3214 allegatur
2069 3182 2155 3208 Matth.
2177 3182 2204 3215 4,
2225 3183 2266 3209 23.

1381 3225 1403 3241 ¹⁰
1424 3227 1498 3253 Vers.
1518 3228 1546 3258 3,
1566 3230 1626 3259 post
1645 3233 1725 3260 quem
1745 3226 1822 3252 Prov.
1846 3226 1887 3257 13,
1908 3227 1950 3251 20.
1970 3229 1995 3252 et
2014 3226 2088 3252 Eccli.
2110 3227 2140 3259 8,
2166 3227 2190 3252 9.
2211 3235 2266 3261 seq.

1381 3270 1402 3285 ¹¹
1422 3272 1514 3297 Psalm.
1535 3271 1582 3303 33,
1602 3271 1627 3296 6.

1382 3313 1404 3329 ¹⁹
1424 3315 1498 3341 Vers.
1528 3315 1564 3340 l0.
1591 3329 1626 3334 —
1653 3315 1708 3340 Duo
1733 3321 1806 3347 seqq.
1836 3314 1884 3340 loci
1903 3317 1964 3339 sunt
1983 3314 2030 3339 ler.
2055 3314 2088 3346 6,
2115 3315 2158 3340 26.
2186 3319 2211 3341 et
2240 3315 2266 3341 ll.

1311 3359 1376 3391 Reg.
1399 3360 1425 3391 1,
1445 3359 1487 3385 26.

2294 329 2382 352 Divisio.

2311 646 2342 668 De
2356 646 2437 669 ratione

2290 675 2388 695 movente
2397 673 2437 695 duo
2450 677 2451 682 ¹

2290 701 2411 727 tanguntur.

2309 804 2438 828 eomitantes

2291 833 2438 880 ‹egsooeurren-

2293 1071 2425 1093 Erudiuntur

2301 1098 2426 1129 comitantes

2299 1130 2322 1145 m
2337 1131 2378 1146 via.

2288 2081 2430 2104 Consolautur

2287 2110 2425 2130 occurrentes

2305 2135 2327 2157 in
2341 2137 2410 2163 porta.
