2476 3921
735 248 930 282 COMMENT.
955 248 992 281 lN
1016 247 1256 281 EVANGELIUM
1280 248 1397 282 LUCAE
1421 249 1453 282 C.
1478 250 1550 282 XIII.

243 339 346 373 Primo
368 339 466 382 igitur
489 342 645 381 quantum
672 337 712 371 ad
743 336 1037 371 considerationem
1062 337 1116 369 de-

15 400 133 429 noprimo-
155 392 303 427 iectionis
330 392 494 435 propriae
523 390 616 425 dicit:
645 390 699 424 Ibi
719 390 784 424 eric
810 389 906 432 fletus
929 393 958 422 et
988 389 1115 422 stridor

154 445 320 484 dentiam,
344 448 500 488 quantum
531 444 570 477 ad
590 453 735 487 poenam
763 453 891 476 sensus.
918 443 953 475 Et
977 442 1116 485 tangitur

0 507 74 537 auplex
87 511 137 534 poe-
153 508 255 542 poena
284 498 423 537 calores,
455 507 497 531 ex
521 506 586 540 qua
614 497 711 539 fleam
734 496 926 536 oculorum,
955 499 987 529 et
1018 504 1118 538 poena

10 538 132 558 ”⁸⁰⁰⁸⁰⁸'
153 551 312 595 friyorz's,
337 560 379 584 ex
403 560 467 594 qua
489 551 617 584 stridor
647 550 805 584 dentium.
835 549 905 583 ldeo
927 552 1033 583 autem
1058 549 1118 582 hae

154 605 235 639 duae
270 613 388 647 poenae
423 603 603 646 corporales
637 603 736 646 magis
769 603 1016 646 exprimuntur,
1053 602 1118 636 sive

155 658 230 701 quia
252 658 330 691 istae
352 657 435 690 duae
457 657 624 700 qualitates
647 660 722 690 sunt
744 657 864 690 activae
887 660 919 690 et
948 656 1047 699 magis
1074 656 1119 689 af-

155 712 304 751 flictivae;
321 714 451 754 propter
466 710 552 753 quod
567 710 620 744 Iob
636 710 786 753 vigesimo
797 714 913 753 quarto
926 711 952 743 ¹:
976 724 991 740 α
1004 711 1118 743 Trans-

154 766 246 799 ibunt
273 765 312 798 ab
335 764 427 807 aquis
456 764 577 797 nivium
601 763 640 796 ad
664 764 801 797 calorem
832 763 965 796 nimium
992 776 1022 795 ι».
1048 763 1119 796 Sive

155 818 230 861 quia
252 817 420 860 dupliciter
443 819 593 859 peccatur
609 817 641 850 in
665 825 815 859 corpore,
839 817 957 850 scilicet
973 825 1029 859 per
1045 826 1119 850 con-

155 870 380 914 cupiscentiam
403 870 568 904 oculorum
593 873 625 903 et
653 879 710 912 per
733 870 1019 912 concupiscentiam
1051 879 1120 903 car-

155 925 221 964 nis,
246 924 330 958 unde
353 923 384 957 in
410 924 459 957 his
482 923 678 966 puniuntur;
703 923 878 965 Sapientiae
905 923 1071 956 undecimo
1088 924 1118 955 ²:

161 991 177 1007 κ
195 978 252 1011 Per
275 986 357 1020 quae
385 980 494 1019 peccat
524 976 614 1019 quis,
647 985 703 1018 per
726 976 802 1009 baec
834 980 865 1009 et
896 979 1066 1018 torquetur
1087 989 1118 1008 ι».

156 1031 227 1065 Sive
249 1031 325 1074 quia
346 1030 442 1073 fletus
466 1030 551 1064 venit
574 1030 614 1063 ab
638 1029 799 1069 interiori,
830 1033 862 1063 et
884 1029 1013 1062 stridor
1043 1029 1119 1062 den-

157 1085 241 1118 tium
257 1084 343 1118 venit
365 1084 405 1117 ab
425 1083 595 1123 exteriori3
615 1083 694 1116 etin
715 1083 765 1116 his
787 1083 973 1125 intelligitur
992 1083 1120 1116 univer-

157 1139 232 1173 sitas
260 1146 450 1181 poenarum,
479 1137 617 1170 maxime
644 1136 867 1179 corporalium.
899 1136 986 1169 Unde
1012 1136 1121 1169 Glossa

0 1196 137 1220 *Notandum
157 1192 296 1225 Bedae³z
331 1205 346 1220 α
362 1191 461 1231 Nota,
485 1200 543 1233 per
568 1190 700 1233 fletum,
725 1190 779 1233 qui
803 1194 852 1224 est
881 1190 1065 1229 oculorum,
1089 1193 1120 1222 et

156 1245 354 1284 stridorem,
378 1245 433 1287 qui
457 1247 505 1278 est
531 1244 690 1284 dentium,
715 1253 821 1277 veram
854 1243 1119 1277 resurrectionem

157 1297 287 1340 intelligi
307 1307 477 1340 corporum
495 1297 664 1340 impiorum
681 1311 712 1329 ι).
730 1297 783 1330 Hic
799 1300 905 1330 autem
921 1296 1016 1329 fletus
1027 1297 1041 1316 ⁴²
1057 1305 1119 1328 non

157 1350 218 1385 erit
240 1350 441 1384 resolutionis
465 1350 623 1389 humoris,
648 1349 702 1383 sed
725 1359 782 1392 per
805 1350 945 1383 dolorem
968 1353 1000 1382 et
1023 1349 1120 1392 gemi-

158 1408 245 1443 tum3
269 1404 319 1437 vel
343 1403 368 1436 si
392 1403 471 1443 erit,
495 1404 550 1437 fiet
572 1403 758 1437 mirabiliter
775 1403 933 1437 restitutio
957 1403 1119 1443 humoris,

158 1457 240 1491 sicut
269 1460 301 1490 et
324 1456 511 1490 mirabiliter
542 1457 574 1490 in
599 1457 694 1490 tantis
717 1456 911 1490 cruciatibus
943 1456 1119 1496 habebunt,

158 1518 292 1552 corpora
314 1518 333 1541 a
356 1509 520 1551 spiritibus
543 1509 691 1552 vegetari.

250 1563 302 1595 60.
328 1562 364 1595 Et
387 1562 462 1604 quia
481 1571 590 1604 poena
605 1572 723 1595 sensus
746 1563 913 1596 coniuncta
928 1566 976 1596 est
996 1572 1122 1606 poenae

3 1616 295 1655 voomaamn÷.damnz',
327 1624 409 1658 quae
440 1615 501 1648 erit
523 1614 650 1648 amissio
681 1615 837 1650 societatis
869 1617 1056 1649 Sanctorum
1089 1616 1121 1649 in

159 1670 259 1713 gloria
281 1668 438 1712 paradisi;
463 1668 533 1701 ideo
563 1668 687 1701 subdit:
722 1669 804 1702 Cum
828 1669 980 1703 videritis
1011 1669 1122 1703 Abra-

160 1722 240 1757 ham
256 1728 286 1757 et
304 1724 405 1756 Isaac
420 1726 448 1756 et
463 1720 561 1755 Jacob
578 1725 607 1754 et
634 1732 746 1755 omnes
762 1722 948 1765 Prophetas
968 1723 1004 1756 in
1020 1733 1122 1766 regno

161 1777 236 1816 Dei,
254 1777 285 1810 id
301 1780 349 1811 est
364 1785 472 1810 omnes
489 1776 686 1809 Patriarchas
702 1779 733 1809 et
750 1776 929 1818 Prophetas.
949 1777 1043 1809 Primi
1059 1777 1124 1810 sue—

160 1834 237 1864 runt
252 1830 415 1873 exemplar
431 1829 553 1863 vivendi
572 1829 603 1862 in
629 1829 704 1869 vita;
722 1829 806 1863 unde
830 1830 952 1863 Ioannis
967 1834 1078 1863 octavo
1090 1830 1120 1860 ⁵:

165 1897 182 1914 α
198 1885 227 1918 Si
253 1884 307 1917 filii
331 1884 473 1917 Abrahae
496 1883 586 1922 estis,
614 1891 711 1925 opera
733 1882 875 1916 Abrahae
905 1883 997 1916 facite
1015 1896 1050 1923 »3
1074 1892 1122 1916 se-

161 1937 267 1971 cundi·
286 1937 319 1970 in
350 1937 414 1970 vita
444 1940 475 1969 et
504 1935 664 1974 doctrina3
696 1935 852 1968 secundae
888 1936 967 1969 Petri
1001 1936 1122 1978 primo:

167 2005 183 2021 a
205 1990 390 2024 Firmiorem
414 1990 569 2023 habemus
600 1989 820 2031 propheticum
852 1998 1046 2029 sermonem,
1071 1990 1122 2023 cni

160 2044 241 2078 bene
261 2043 361 2077 tacitis
391 2042 586 2076 attendentes
601 2055 632 2074 ».
658 2042 713 2075 Vel
739 2041 963 2075 Paniai-chae
993 2042 1124 2075 fuerunt

149 2097 205 2130 illi
237 2096 355 2140 quibus
385 2096 466 2129 sacta
489 2098 536 2129 est
566 2095 750 2138 promissio;
778 2094 963 2137 Prophetae
990 2096 1035 2128 illi
1066 2105 1124 2138 per

162 2159 242 2194 quos
264 2149 346 2184 facta
375 2152 423 2183 est
450 2149 666 2192 promissionis
689 2148 917 2191 promulgatio,
949 2149 1124 2182 secundum

161 2204 239 2238 illud
263 2212 360 2247 supra
382 2202 528 2245 primo⁶:
557 2215 573 2231 «
590 2201 677 2235 Sicut
696 2201 821 2234 locutus
844 2204 892 2234 est
915 2210 972 2243 per
994 2210 1030 2234 os
1053 2210 1124 2234 san-

162 2261 285 2291 ctorum
317 2256 372 2299 qui
395 2265 414 2289 a
437 2255 562 2289 saeculo
589 2258 663 2288 sunt
692 2254 919 2297 Prophetarum
943 2254 1012 2287 eius
1028 2268 1059 2286 ».
1089 2254 1125 2286 Et

162 2314 225 2346 tam
249 2310 293 2343 illi
317 2319 412 2352 quam
433 2309 484 2342 isti
507 2308 728 2342 excitaverunt
743 2312 774 2341 et
798 2311 991 2341 vocaverunt
1014 2307 1053 2340 ad
1075 2317 1123 2340 re-

162 2372 259 2406 gnum
287 2362 341 2396 Dei
365 2362 566 2401 intrandum,
590 2361 674 2404 quod
698 2370 759 2393 non
784 2360 965 2400 intrabunt,
990 2360 1044 2393 sed
1067 2369 1124 2393 ex-

162 2416 331 2450 cludentur
354 2416 408 2459 qui
430 2418 503 2449 sunt
523 2415 578 2447 filii
604 2414 707 2447 carnis
726 2417 758 2447 et
781 2414 966 2447 Sanctorum
991 2413 1125 2447 imitato-

163 2479 214 2503 res
237 2478 306 2503 esse
334 2472 570 2503 recusaverunt.
600 2486 642 2493 —
670 2467 740 2500 Ideo
772 2467 893 2500 subdit:
926 2468 986 2500 Vos
1014 2471 1125 2500 autem

1179 337 1297 379 expelli
1317 336 1434 379 foras;
1457 338 1655 380 Apocalypsis
1678 339 1827 372 ultimo⁷:
1857 353 1872 368 «ι
1891 339 1977 372 Foris
2000 348 2093 372 canes
2108 344 2140 372 et

1181 389 1310 423 venefici
1343 394 1374 423 et
1409 391 1557 432 impudici
1583 395 1614 424 et
1638 391 1728 424 idolis
1758 392 1931 425 servientes
1961 396 1993 425 et
2019 393 2139 430 omnis,

1180 442 1235 485 qui
1251 445 1336 476 amat
1350 447 1382 476 et
1396 443 1470 476 facit
1485 443 1682 477 mendacium
1696 459 1725 477 ιι.
1745 445 1775 477 ln
1793 445 1884 478 cuius
1897 446 2030 487 figuram
2047 446 2141 478 Gene-

1181 496 1224 529 sis
1240 495 1389 538 vigesimo
1413 496 1515 538 primo
1537 497 1670 530 dieitur:
1694 511 1709 526 α
1723 498 1803 531 Eiice
1823 498 1967 531 ancillam
1987 502 2019 531 et
2042 498 2141 530 silium

1181 549 1265 589 eius;
1282 559 1344 582 non
1361 549 1445 582 enim
1462 550 1523 582 erit
1539 550 1632 583 heres
1648 551 1732 583 silius
1748 551 1877 584 ancillae
1896 560 1968 584 cum
1986 551 2050 584 filio
2067 552 2142 583 libe-

1183 612 1285 643 rae»;
1309 603 1385 645 quia
1405 603 1522 636 dicitur
1539 603 1660 636 loannis
1682 607 1806 636 octavo:
1828 617 1844 633 «ι
1861 605 1977 637 Servus
2000 614 2060 636 non
2079 613 2142 636 ma-

1182 659 1236 689 net
1259 656 1290 689 in
1314 656 1408 689 domo
1431 657 1463 689 in
1479 659 1658 696 aeternum,
1681 657 1765 689 iilius
1792 661 1898 690 autem
1914 661 2019 690 manet
2046 657 2074 689 in
2092 666 2142 690 ae-

1183 713 1309 743 ternum
1322 723 1353 741 n.

1274 763 1326 795 61.
1352 763 1453 802 (Vers.
1479 763 1556 802 29).
1582 762 1724 796 Secundo
1748 766 1902 805 quantum
1934 763 1972 795 ad
1999 764 2143 796 conside-
2160 772 2189 793 ne
2205 772 2305 793 secundo.

1184 817 1349 850 rationem
1370 815 1626 859 ylorificatz'om‘s
1654 816 1782 849 alienae
1805 816 1927 849 subdit:
1955 817 1993 849 Ec
2020 817 2144 849 venimic

1184 869 1226 902 ab
1246 870 1370 903 oriente
1385 874 1413 902 ec
1436 868 1612 909 oecideme,
1630 869 1672 902 ab
1685 870 1698 889 Β
1718 870 1871 914 aquilone
1886 875 1916 902 ec
1935 874 2067 908 austro,
2087 871 2144 903 hoc

1184 926 1233 957 est
1255 923 1294 957 de
1326 924 1531 957 universitate
1554 924 1695 966 gentium
1726 933 1768 956 ex
1800 924 1884 956 omni
1917 928 2006 966 parte
2037 925 2144 957 mundi

1185 980 1458 1019 congregatarum.
1485 977 1604 1010 ludaeis
1631 977 1713 1010 enim
1740 977 1874 1019 repulsis
1898 981 2027 1020 propter
2055 987 2144 1010 suain

1184 1029 1419 1068 carnalitatem,
1451 1030 1633 1063 convocavit
1668 1031 1821 1063 Dominus
1851 1034 1959 1072 gentes
1995 1034 2144 1073 tanquam

1184 1082 1266 1115 filios
1300 1082 1501 1124 spirituales;
1542 1083 1626 1116 unde
1660 1083 1776 1116 dicitur
1817 1084 1937 1117 Ioannis
1971 1084 2142 1118 decim0⁹:

1189 1148 1205 1164 α
1222 1135 1303 1168 Alias
1326 1145 1401 1168 oves
1425 1135 1540 1175 habeo,
1563 1145 1646 1179 quae
1670 1146 1731 1170 non
1755 1140 1829 1170 sunt
1852 1137 1891 1170 de
1915 1138 1974 1170 hoc
1997 1138 2088 1177 ovili,
2113 1143 2144 1171 et

1184 1188 1253 1221 illas
1275 1192 1400 1231 oportet
1431 1198 1481 1222 me
1504 1189 1661 1222 adducere
1686 1203 1715 1222 ι».
1741 1191 1802 1223 Hae
1833 1195 2038 1233 congregatae
2069 1197 2144 1225 sunt

1183 1242 1223 1274 ab
1246 1242 1331 1274 omni
1355 1245 1445 1284 parte
1468 1242 1579 1275 mundi
1603 1251 1659 1284 per
1676 1243 1885 1276 ministerium
1910 1245 2142 1286 Apostolorum,

1184 1295 1357 1328 secundum
1382 1295 1458 1328 illud
1490 1295 1619 1328 Psalmi:
1649 1308 1665 1324 α
1682 1296 1798 1329 Omnes
1821 1301 1946 1339 gentes,
1975 1307 2142 1339 quascum-

1183 1357 1246 1390 que
1269 1348 1386 1387 fecisti,
1412 1348 1537 1381 venient
1552 1351 1584 1381 et
1598 1348 1776 1382 adorabunt
1798 1359 1904 1382 coram
1927 1354 1972 1389 te,
1997 1351 2141 1390 Domine,

1184 1405 1215 1435 et
1238 1401 1461 1444 glorificabunt
1483 1410 1595 1434 nomen
1621 1405 1710 1434 tuum
1730 1415 1764 1441 1>;
1789 1406 1821 1435 et
1844 1403 1938 1436 Isaiae
1969 1404 2143 1446 quadrage-

1184 1456 1263 1490 simo
1287 1455 1397 1488 tertio:
1428 1468 1444 1484 (ι
1467 1454 1511 1487 Ab
1534 1454 1654 1488 oriente
1678 1455 1831 1489 adducam
1855 1465 1961 1489 semen
1990 1460 2080 1489 tuum
2112 1462 2142 1490 ct

1184 1509 1224 1543 ab
1247 1508 1407 1542 occidente
1430 1508 1626 1550 congregabo
1650 1511 1696 1548 te;
1728 1508 1827 1541 dicam
1852 1509 2008 1550 aquiloni:
2032 1510 2089 1548 da;
2114 1515 2145 1543 et

1186 1566 1312 1596 austro:
1337 1562 1400 1595 noli
1433 1561 1602 1604 prohibere
1618 1575 1648 1594 n.
1675 1561 1743 1595 Ideo
1766 1562 1917 1595 dicuntur
1941 1562 1979 1595 de
2012 1566 2073 1595 tam
2098 1564 2144 1596 di-

1186 1616 1342 1650 stantibus
1358 1615 1502 1658 partibus
1521 1615 1685 1648 convocari
1703 1619 1832 1657 propter
1855 1615 2067 1649 diversitatem
2084 1626 2146 1649 mo-

1186 1679 1277 1709 rum,
1302 1679 1320 1702 a
1343 1669 1461 1712 quibus
1484 1672 1637 1702 vocantur
1661 1668 1700 1702 ad
1717 1669 1867 1702 unitatem
1892 1669 2030 1702 caritatis
2054 1673 2085 1703 et
2101 1670 2145 1703 fe-

1187 1724 1320 1757 licitatis.
1350 1742 1392 1747 —
1422 1723 1551 1765 Propter
1574 1723 1659 1765 quod
1683 1723 1805 1756 subdit:
1833 1724 1870 1755 Ec
1894 1723 2086 1756 accumbent
2110 1724 2145 1756 in

1171 1772 1287 1820 >reyno
1313 1777 1390 1815 Dez';
1408 1776 1501 1810 Isaiae
1518 1776 1668 1819 vigesimo
1691 1777 1802 1818 quinto
1816 1777 1856 1808 ¹⁰:
1886 1790 1901 1805 α
1919 1777 2019 1810 Faciet
2043 1777 2147 1810 Domi-

1186 1839 1248 1863 nus
1271 1830 1302 1863 in
1326 1833 1432 1863 monte
1460 1830 1519 1863 hoc
1547 1830 1695 1862 omnibus
1724 1830 1848 1872 populis
1875 1830 2052 1863 convivium
2078 1831 2147 1872 pin-

1187 1885 1312 1928 guium,
1344 1883 1523 1917 convivium
1550 1883 1741 1923 vindemiae,
1774 1884 1938 1925 pinguium
1963 1884 2145 1917 medullato-

1187 1945 1280 1975 rum,
1305 1936 1479 1969 vindemiae
1501 1936 1677 1969 defaecatae
1693 1950 1723 1968 ».

1278 1989 1329 2021 62.
1355 1989 1456 2027 (Vers.
1482 1988 1559 2030 30.).
1593 1989 1627 2021 Et
1650 1989 1723 2031 quia
1756 1989 1815 2022 hoc
1839 1990 1899 2022 erit
1929 1989 1967 2022 ad
1992 1990 2311 2042 confusio-segxtgvfssano·

1188 2051 1259 2076 nem
1283 2042 1492 2084 reproborum
1516 2045 1548 2075 et
1570 2042 1702 2084 gloriam
1719 2042 1905 2080 electorum,
1931 2043 1999 2075 ideo
2023 2043 2144 2075 subdit:
2201 2028 2213 2042 ³
2229 2027 2270 2042 ἠ’

1190 2097 1229 2129 Ec
1244 2105 1331 2134 ecce,
1347 2100 1428 2127 sanc
1441 2095 1616 2127 novissimi
1630 2095 1690 2138 qui
1705 2099 1801 2127 erant
1814 2096 1839 2114 ¹¹
1853 2095 1971 2137 primi,
1996 2100 2025 2127 et
2036 2096 2145 2137 primi

1188 2149 1248 2193 qui
1269 2152 1366 2181 erant
1389 2148 1571 2181 novissimi.
1598 2148 1712 2180 Primi
1734 2151 1809 2180 sunt
1831 2148 1991 2180 novissimi
2016 2152 2144 2190 propter

1188 2201 1387 2244 superbiam,
1412 2204 1443 2233 et
1463 2201 1637 2233 novissimi
1658 2201 1750 2242 primi
1775 2204 1904 2242 propter
1922 2201 2144 2240 bumilitatem

1189 2254 1264 2297 quia
1285 2254 1401 2287 dicitur
1418 2253 1496 2286 infra
1513 2254 1634 2286 decimo
1656 2257 1765 2286 octavo
1780 2254 1822 2285 1²:
1853 2267 1868 2282 «
1885 2254 2011 2293 Omnis,
2036 2255 2090 2297 qui
2113 2264 2146 2287 se

1189 2307 1352 2346 humiliat,
1381 2307 1591 2345 exaltabitur,
1623 2310 1654 2339 et
1677 2307 1731 2349 qui
1757 2316 1789 2340 se
1820 2307 1938 2340 exaltat
1970 2308 2146 2341 humiliabi—

1190 2364 1243 2393 tur
1261 2374 1289 2392 ».
1315 2361 1419 2402 Quare
1443 2360 1524 2392 hoc?
1547 2359 1627 2401 Quia
1650 2360 1680 2392 in
1706 2360 1825 2392 Psalmo
1844 2360 1974 2393 dicitur:
2005 2374 2019 2388 <r
2037 2361 2146 2394 Excel-

1190 2423 1245 2447 sus
1272 2414 1426 2447 Dominus
1456 2417 1488 2446 et
1519 2413 1651 2446 humilia
1682 2414 1822 2456 respicit,
1854 2417 1885 2447 et
1915 2414 1977 2446 alta
2007 2424 2025 2447 a
2057 2415 2145 2457 longe

1190 2467 1394 2510 cognoscit».
1433 2467 1618 2509 Exemplum
1655 2467 1751 2500 huius
1786 2468 1925 2500 maxime
1953 2472 2083 2510 apparet
2115 2469 2145 2501 in
2160 2474 2310 2501 hemmam-

235 2662 243 2677 ¹
266 2664 339 2689 Vei-s.
359 2663 401 2688 49.
421 2676 455 2681 —
475 2663 563 2688 Glossa
578 2661 720 2688 ordinaria
735 2662 775 2695 (ex
790 2663 869 2694 Beda)
891 2664 916 2688 in
929 2664 992 2689 Luc.
1005 2664 1052 2695 43,
1073 2664 1120 2688 28:

165 2707 253 2734 Fletus
279 2708 313 2733 de
334 2707 440 2736 ardore.
465 2706 569 2733 stridor
594 2706 714 2733 dentium
734 2707 767 2732 de
794 2708 891 2739 frigore
913 2709 979 2734 solet
1002 2708 1122 2739 excitari,

163 2753 225 2785 quia
244 2752 280 2778 ibi
300 2750 455 2778 transibunt
472 2750 506 2777 ab
525 2751 603 2785 aquis
623 2750 726 2777 nivium
745 2751 781 2777 ad
800 2751 919 2778 calorem
944 2752 1067 2779 nimimn.
1087 2767 1123 2772 —

164 2798 282 2828 Aristot.,
301 2797 329 2823 ll.
351 2797 384 2823 dc
403 2796 522 2822 Generat.
542 2799 568 2821 et
585 2799 702 2827 corrupt.
722 2798 780 2821 text.
801 2797 826 2821 Β.
846 2796 880 2829 (e.
894 2796 929 2828 2.)
951 2797 1049 2829 primas
1062 2805 1123 2830 qua-

164 2846 222 2868 tuor
242 2841 380 2873 tangibiles
398 2840 536 2874 qualitates
554 2841 742 2866 elementorum
762 2847 901 2867 recensens
922 2841 1060 2874 (calidum,
1082 2843 1124 2867 sri—

165 2886 269 2918 gidum,
295 2886 403 2917 siccum,
429 2885 594 2917 humidum),
614 2885 703 2916 docet,
724 2885 790 2910 duas
809 2886 911 2916 priores
930 2893 988 2912 esse
1006 2886 1123 2917 activus,

165 2930 322 2962 posteriores
340 2937 405 2955 vero
422 2928 555 2962 passivos.

237 2973 246 2988 ²³
268 2974 341 2999 Vers.
362 2973 404 2998 117.
416 2987 451 2992 —
465 2973 591 3004 Superius
610 2973 748 3005 respicitur
762 2975 778 2999 l.
798 2974 867 3000 loan.
887 2976 917 3005 2,
933 2975 980 3001 ic:
994 2976 1124 3008 Quoniam

166 3025 258 3048 omne,
278 3017 350 3050 quod
369 3019 408 3042 est
428 3017 454 3042 in
473 3017 586 3049 mundo,
605 3017 816 3049 concupiscentia
830 3019 916 3045 carnis
934 3023 1012 3046 estet
1030 3027 1125 3046 concu-

167 3061 290 3094 piscentia
309 3062 445 3087 oculorum
465 3064 514 3087 ete.
533 3074 568 3080 —
586 3061 638 3087 Cfr.
665 3063 788 3094 Gregor.‚
808 3064 836 3089 Il.
859 3064 953 3089 Homil.
979 3065 1003 3090 in
1025 3066 1125 3097 Evang.

167 3106 256 3132 liomil.
275 3106 318 3131 38.
337 3113 363 3131 n.
385 3106 426 3131 ⁴3.
446 3105 473 3130 in
492 3106 552 3131 ssne.

238 3149 248 3164 ⁸
267 3150 368 3176 Scilicet
386 3149 529 3176 ordinaria
549 3150 590 3181 (ex
609 3150 692 3181 Beda,
713 3151 740 3176 ΙΙ.
763 3151 786 3177 in
801 3152 888 3178 Mattn.
908 3153 938 3183 8,
961 3154 1007 3185 12,
1029 3153 1074 3179 ubi
1089 3161 1125 3179 se-

166 3195 255 3227 quitur
275 3194 378 3220 l-lieron.
397 3194 422 3219 in
442 3193 556 3219 eundem
575 3194 635 3226 loc.)
655 3194 682 3219 in
702 3195 764 3221 Luc.
785 3197 830 3227 13,
850 3198 891 3223 28.

238 3237 249 3252 ‘¹
267 3238 351 3265 Codd.
361 3239 409 3264 AG
421 3239 453 3271 (D
465 3238 597 3271 primitus)
611 3238 713 3264 addunt
725 3239 830 3272 similis,
843 3244 869 3266 et
881 3245 941 3273 post
953 3241 1125 3268 resolutionis

167 3282 188 3307 Α
197 3281 216 3308 C
227 3283 278 3308 DG
289 3283 310 3308 II
328 3283 451 3309 omittunt
464 3282 595 3309 humoris.
609 3282 662 3309 Csr.
674 3283 751 3310 Corn.
764 3292 779 3310 a
792 3285 890 3317 Lapide
903 3286 929 3311 in
944 3287 1028 3312 Matth.
1044 3288 1068 3316 Β,
1087 3287 1125 3312 12.

238 3324 249 3340 ⁶
269 3327 342 3353 Vers.
358 3328 400 3353 39.
417 3341 453 3346 —
472 3327 594 3360 Sequitur
613 3327 640 3353 II.
660 3328 726 3354 Petr.
747 3329 776 3359 I,
799 3330 839 3355 ⁴9.

238 3368 249 3384 ‘²
268 3371 343 3397 Vers.
361 3370 405 3396 70.
423 3384 458 3391 -
479 3371 544 3397 Tres
557 3371 721 3398 Pati-iarchae
740 3374 855 3405 propriis
869 3373 1020 3400 nominibus
1042 3375 1124 3406 expri-

169 3417 287 3445 muntur,
306 3415 368 3446 quia
388 3414 451 3446 ipsis
470 3415 556 3446 primo
569 3418 595 3441 et
613 3416 759 3448 specialiter
779 3418 844 3442 facta
858 3422 896 3443 est
909 3418 1078 3449 repromisslo
1091 3418 1125 3443 de

276 3468 303 3494 S.
322 3468 427 3495 Βοιιαυ.
439 3482 473 3487 -—
487 3470 565 3495 Tom.
583 3470 636 3495 Vll.

1186 2663 1238 2688 Filii
1259 2663 1305 2688 Dei
1325 2663 1514 2693 incarnatione3
1534 2663 1567 2688 (le
1587 2662 1717 2687 Abi-anam
1734 2663 1780 2688 css.
1796 2663 1859 2687 (ion.
1873 2663 1921 2690 42,
1942 2663 1969 2689 3;
1992 2664 2037 2689 48,
2061 2664 2100 2688 ta.
2120 2669 2144 2688 et

1186 2709 1233 2738 22,
1257 2709 1301 2738 is,
1327 2708 1361 2733 de
1380 2709 1449 2733 Isaac
1469 2707 1533 2733 ibid.
1553 2708 1599 2737 25,
1621 2708 1649 2737 4;
1669 2708 1702 2732 de
1723 2706 1798 2732 Iacob
1818 2706 1878 2731 ibid.
1901 2708 1946 2736 28,
1970 2707 2007 2732 it.
2029 2722 2063 2726 —
2084 2709 2144 2733 Inse-

1186 2753 1241 2778 rius
1260 2760 1308 2784 pro
1329 2752 1487 2779 intrandum
1506 2752 1525 2778 C
1537 2752 1586 2777 DG
1607 2751 1688 2778 ιἠΙι-α.

1258 2795 1267 2810 ⁷
1289 2798 1364 2823 Vei-s,
1389 2798 1429 2822 ¹5.
1448 2811 1484 2816 —-
1503 2797 1560 2822 Duo
1579 2804 1653 2829 seqq.
1672 2796 1718 2821 loci
1740 2799 1799 2821 sunt
1818 2797 1880 2821 Gen.
1902 2797 1948 2825 21,
1972 2797 2010 2820 10.
2031 2801 2054 2821 et
2079 2798 2146 2821 ioan.

1188 2843 1213 2872 8,
1233 2842 1274 2867 35.
1299 2856 1329 2860 —
1349 2842 1438 2867 Glossa
1458 2840 1656 2867 interlinearis:
1677 2840 1710 2866 El
1729 2846 1820 2866 omnes
1834 2839 1994 2872 Prophetas,
2014 2847 2027 2864 a
2048 2840 2145 2872 quibus

1187 2887 1380 2912 successionem
1399 2886 1497 2916 carnis,
1523 2892 1577 2910 non
1597 2885 1656 2910 Ildei
1683 2884 1794 2915 trahitis,
1819 2884 1984 2916 quiescentes
2010 2884 2035 2909 in
2062 2892 2145 2917 reque

1189 2930 1250 2961 Dei,
1275 2938 1323 2957 vos
1341 2932 1432 2956 aulem
1451 2929 1552 2963 expelli
1569 2929 1654 2962 soros.

1259 2973 1269 2988 Β
1290 2976 1324 3000 ita
1344 2974 1421 2999 etiam
1436 2974 1464 2998 B.
1478 2973 1588 3004 Albert.;
1603 2973 1714 3004 Vulgata
1729 2976 1753 2997 ct
1768 2973 1824 2998 Vat.
1838 2974 1878 3003 eh*
1894 2973 1913 2997 Η
1934 2980 1994 2997 cuin
2010 2974 2035 2997 S.
2050 2973 2143 2997 Tuom.

1190 3019 1254 3051 (Cat.
1275 3026 1354 3044 aurea
1374 3019 1399 3043 in
1419 3019 1480 3044 Luc.
1500 3025 1521 3043 r.
1544 3018 1584 3043 13.
1604 3025 1629 3042 n.
1649 3018 1684 3048 5.)
1705 3019 1729 3042 el
1747 3016 1790 3042 ab.

1261 3062 1272 3077 ⁹
1294 3064 1367 3089 Vcrs.
1388 3064 1429 3088 ⁴6.
1449 3077 1481 3081 -—
1502 3063 1558 3087 Duo
1578 3069 1652 3094 seqq.
1673 3062 1720 3087 loci
1735 3065 1795 3086 sunt
1815 3062 1854 3086 Ps.
1874 3061 1920 3091 85,
1941 3061 1965 3086 9.
1985 3065 2009 3085 et
2029 3061 2083 3085 lsai.
2101 3062 2145 3089 33,

1190 3109 1213 3134 5.
1228 3116 1282 3141 seq.
1301 3121 1337 3127 —-
1355 3108 1445 3133 Glossa
1464 3106 1621 3132 ordinaria:
1643 3105 1676 3132 Et
1696 3105 1823 3131 renient...
1837 3105 1959 3136 gentiles.
1974 3105 2017 3137 qui
2033 3105 2077 3130 diu
2092 3106 2146 3131 sini¹

1190 3153 1241 3179 {lde
1261 3153 1391 3182 vixerant,
1410 3151 1444 3177 ad
1463 3151 1542 3176 Iidem
1562 3153 1622 3176 sunt
1641 3150 1764 3181 vocandi,
1784 3149 1872 3175 ludaei
1891 3149 2049 3175 exsecrandi.

1263 3195 1283 3210 ¹⁰
1305 3197 1379 3221 Vers.
1399 3196 1423 3220 6.

1262 3240 1280 3255 ¹¹
1303 3241 1351 3265 Pro
1370 3241 1448 3266 erant
1467 3239 1549 3271 (quod
1569 3239 1646 3264 etiam
1666 3238 1708 3264 alii
1729 3237 1892 3263 scholastici:
1913 3237 1990 3263 Card.
2009 3238 2098 3269 Ilugo.
2120 3239 2145 3264 Β.

1190 3286 1299 3317 Albert.‚
1320 3287 1345 3310 S.
1367 3285 1461 3310 Tliom.
1481 3288 1506 3309 et
1531 3285 1648 3315 Lyrunus
1673 3282 1806 3314 exhibent)
1827 3283 1867 3307 hic
1891 3286 1916 3308 et
1936 3283 2013 3314 paulo
2039 3283 2146 3308 interius

1191 3330 1300 3361 Vulgata
1327 3330 1420 3359 erunt,
1445 3335 1513 3361 quae
1537 3328 1615 3353 etiam
1640 3327 1751 3353 vocibus
1775 3328 1801 3353 et
1821 3326 1907 3360 primi
1931 3327 2059 3352 interserit
2083 3329 2146 3352 siml

1191 3374 1235 3406 (ita
1255 3377 1280 3398 et
1300 3373 1358 3398 Vat.
1376 3379 1437 3398 curn
1456 3372 1587 3398 nonnullis
1606 3372 1704 3404 codd.).

1261 3416 1282 3431 ¹²
1303 3417 1377 3442 Vers.
1399 3416 1444 3447 ¹4,
1465 3419 1523 3447 post
1542 3422 1621 3448 quem
1643 3415 1682 3441 Ps.
1706 3415 1768 3447 137,
1787 3416 1814 3441 6.

2004 3466 2039 3494 45
