2427 3872
391 235 458 262 ΕΒΑ

160 278 266 305 Gaiano
284 292 320 297 —-
338 280 377 305 est
396 285 465 312 aqua
484 279 620 310 congelata
645 279 678 305 Vl
698 279 749 305 213

106 329 134 348 v.
153 322 185 348 16
201 335 237 342 -
249 329 358 354 grossae
376 324 402 349 et
420 329 534 354 magnae
546 325 606 349 ante
619 323 689 349 diem
703 330 750 349 no-

106 366 246 393 vissimum
265 366 399 393 mittentur
418 366 443 392 in
462 367 584 393 homines
604 367 656 393 143
671 374 699 393 ν.
715 368 748 393 23

159 410 267 438 ῦκΛΝυυ
284 425 321 429 -
339 417 394 437 non
406 411 480 438 affert
493 412 606 443 fructus,
619 411 670 438 nisi
683 412 750 438 ceci-

106 454 173 482 derit
200 454 226 481 in
254 457 351 482 terram
374 454 409 482 Vi
434 454 485 482 417
505 455 548 487 36,
574 455 608 482 37
636 455 700 483 Vide
723 463 749 483 v.

105 499 233 526 Fructus.

158 544 253 569 anm
272 556 308 562 —
326 543 404 569 datur
422 550 437 569 a
460 544 516 571 solo
535 544 590 570 Deo
613 544 645 570 Vl
667 543 702 570 76
721 551 747 570 v.

106 588 148 614 12.
176 587 229 613 255
259 587 288 613 41
321 594 378 619 arg.
406 588 458 614 258
487 588 520 614 52
545 587 574 614 2*
599 601 632 608 ·—
658 588 715 614 fluit
732 595 746 614 a

104 632 159 658 Deo
178 634 203 658 et
231 631 292 659 facit
311 632 445 659 hominem
473 632 585 659 refluere
613 632 639 659 in
663 633 747 659 Deum

104 676 156 703 350
176 675 209 701 56
224 690 258 696 -
271 679 359 703 ortum
372 675 478 703 habeta
499 676 605 703 divinae
621 676 747 708 largitatis

104 720 278 747 immensitate
307 720 339 746 13
365 727 391 746 v.
418 720 435 746 7
462 735 498 739 —
527 721 643 753 Dignitas
662 721 745 748 divini

103 764 200 790 amoris
219 764 292 796 ponit
310 764 337 790 in
356 764 434 792 nobis
453 765 564 797 gratiam
585 768 689 797 gratum
712 767 746 792 fa-

103 809 216 836 cientem
234 808 269 834 72
288 816 315 842 q.
335 810 350 835 2
369 823 405 829 -
424 809 494 836 Deus
505 810 576 837 solus
590 810 674 836 influit
686 818 746 842 gra-

103 853 165 879 tiam
183 853 233 879 449
253 860 309 885 arg.
324 854 334 879 1
357 868 393 874 —
411 854 486 881 Deus
501 854 613 880 infundit
631 855 743 887 gratiam

102 897 155 924 614
174 898 189 923 6
203 911 239 919 -
252 898 322 924 Deus
342 898 417 925 intrat
430 898 462 924 ad
483 899 617 925 hominem
631 900 743 932 gratiam

102 941 263 970 infundendo
283 942 334 968 597
356 943 380 968 1.
399 943 450 968 608
470 944 504 969 22

155 1000 190 1007 -
208 987 367 1014 Gratificatio
391 987 455 1014 dicit
482 989 602 1015 effectum
631 989 744 1021 Spiritus

101 1031 183 1057 sancti
203 1031 230 1056 in
248 1031 337 1057 anima
355 1039 404 1064 per
423 1035 572 1064 respectum
592 1033 625 1059 ad
645 1033 743 1067 aliquid

101 1083 180 1108 supra
193 1083 242 1102 nos
255 1076 288 1102 Vl
303 1076 353 1102 443
366 1076 399 1102 37
411 1091 444 1095 —
455 1074 556 1103 Elevari
569 1085 649 1110 supra
663 1085 691 1104 se
704 1081 743 1105 est

100 1122 210 1147 naturae
222 1128 270 1153 per
283 1121 394 1153 gratiam
414 1121 571 1148 sublimatae
591 1123 637 1148 331
659 1123 693 1148 79
707 1138 742 1142 —-

101 1165 162 1191 Sine
175 1165 257 1197 gratia
278 1165 390 1197 Spiritus
403 1166 484 1192 sancti
495 1173 548 1192 non
561 1167 639 1193 datur
652 1168 742 1194 remis-

100 1209 139 1235 sio
152 1212 321 1241 peccatorum
335 1210 387 1236 515
398 1210 432 1236 53
445 1225 480 1229 ——
493 1211 578 1237 Homo
591 1218 643 1238 non
657 1215 742 1244 potest

100 1254 288 1286 poenitentiam
301 1261 380 1287 agere
398 1255 446 1281 nisi
460 1262 509 1288 per
522 1256 633 1288 gratiam
649 1256 699 1282 187
713 1264 740 1283 ν.

101 1298 135 1323 10
147 1312 183 1318 -
201 1301 240 1324 est
259 1299 420 1331 principium
440 1299 585 1327 reducendi
602 1301 643 1327 Vll
658 1301 692 1327 87
706 1302 735 1327 61

99 1356 134 1363 -
146 1343 196 1369 Per
205 1343 317 1375 gratiam
327 1347 499 1376 praeparatur
512 1346 592 1371 homo
607 1345 640 1372 ad
651 1346 741 1378 poeni-

100 1387 206 1413 tentiam
217 1387 270 1413 314
282 1388 315 1413 16
328 1403 363 1407 -
376 1388 463 1420 primo
479 1389 547 1421 parit
560 1390 739 1416 contritionem

101 1431 152 1457 122
173 1432 207 1458 37
218 1445 255 1451 -
267 1433 316 1458 Per
334 1432 551 1460 adiuvamentum
571 1434 670 1466 gratiae
682 1441 740 1466 pec-

100 1478 172 1502 cator
191 1479 277 1508 potest
302 1484 411 1509 surgere
430 1478 464 1503 Vl
487 1478 539 1504 586
557 1485 585 1504 ν.
605 1480 615 1504 1
638 1494 674 1497 -
692 1480 740 1505 Per

100 1520 211 1552 gratiam
231 1521 444 1553 praevenientem
465 1522 535 1548 Deus
557 1523 663 1555 respicit
681 1530 740 1556 pec-

99 1567 228 1597 catorem,
247 1572 295 1598 per
313 1566 424 1598 gratiam
448 1567 667 1594 concomitantem
687 1575 740 1594 am-

99 1609 233 1641 plectitur,
252 1617 301 1642 per
317 1611 428 1642 gratiam
442 1610 647 1645 subsequentem
666 1621 740 1640 oscu-

100 1654 167 1680 latur
186 1654 228 1680 Vll
249 1654 301 1680 395
321 1654 354 1680 34
508 1679 512 1683 .

151 1713 188 1716 -
206 1701 316 1724 renovat
344 1702 370 1725 et
397 1700 529 1727 fecundat·
548 1703 652 1728 hortum
678 1709 739 1729 con-

97 1743 221 1769 scientiae
239 1743 272 1769 Vl
292 1743 344 1770 595
364 1744 379 1769 3
398 1759 435 1765 —-
454 1745 564 1772 mundat
582 1748 662 1772 totam
687 1747 739 1773 ani·

99 1794 171 1813 mam
190 1788 234 1814 Vll
254 1788 306 1814 304
325 1789 358 1814 82
377 1803 414 1809 -
432 1790 480 1816 Per
503 1791 737 1818 considerationem

98 1832 212 1865 gratiae,
231 1839 312 1866 quam
337 1833 437 1865 amisit,
456 1834 592 1861 descendit
615 1838 739 1867 peccator

98 1876 133 1903 ad
151 1877 339 1909 poenitentiam
354 1878 385 1904 Vl
405 1878 456 1904 560
477 1879 492 1904 2
511 1892 547 1899 -
566 1880 666 1905 Statum
681 1888 738 1912 gra-

97 1920 149 1946 tiae
167 1921 261 1947 amittit
280 1924 403 1954 peccator
420 1921 453 1949 ib.
482 1923 498 1948 3
525 1937 561 1944 ·-
588 1923 625 1949 De
653 1925 736 1956 gratia

97 1965 194 1991 amissa
214 1969 253 1992 est
272 1966 417 1993 dolendum
436 1965 471 1993 ib.
494 1967 509 1992 4

151 2024 186 2031 -·
205 2012 231 2036 ln
251 2011 353 2037 Christo
367 2011 498 2039 invenitur
517 2012 620 2038 claritas
639 2013 739 2045 gratiae

97 2054 131 2081 Vl
151 2055 198 2081 611
223 2055 238 2081 4
253 2070 286 2076 -
300 2056 403 2081 Gratiae
421 2056 555 2088 plenitudo
572 2060 610 2083 est
625 2057 651 2083 in
669 2057 740 2084 Chri-

97 2101 137 2125 sto
157 2100 192 2125 ad
204 2099 379 2126 exhaurienda
395 2103 502 2132 peccata
516 2100 569 2126 254
589 2101 623 2128 35
641 2116 677 2122 -
695 2102 739 2129 da-

97 2142 174 2169 batur
194 2144 245 2170 fide
258 2144 389 2176 passionis
407 2145 510 2170 futurae
529 2145 581 2171 286
602 2145 635 2171 48
655 2145 684 2172 3⁴¹
703 2161 739 2166 —

96 2187 135 2213 De
156 2189 318 2220 plenitudine
343 2189 496 2215 clementiae
520 2189 614 2216 Christi
638 2192 739 2224 accepi-

97 2239 157 2258 mus
176 2233 287 2265 gratiam
305 2233 454 2265 adoptionis
473 2234 525 2260 539
540 2235 561 2260 ,6
579 2248 615 2254 -
633 2235 711 2262 datur
723 2243 738 2262 a

97 2276 200 2303 Christo
213 2278 320 2304 homine
332 2278 431 2304 ratione
451 2278 555 2306 unionis
570 2287 631 2306 cum
649 2280 738 2307 divina

97 2323 191 2347 natura
210 2321 262 2347 255
282 2321 310 2347 41
333 2335 369 2342 —
388 2322 479 2349 collata
498 2326 537 2349 est
555 2331 569 2349 a
589 2325 644 2351 solo
668 2324 739 2351 Chri-

97 2368 137 2391 sto
156 2366 218 2392 rino
237 2366 283 2391 nei
303 2366 354 2391 254
375 2366 418 2392 37.
437 2358 489 2393 255
515 2368 548 2393 38
566 2382 603 2389 -—
621 2368 738 2395 christus

98 2410 143 2436 dat
161 2410 273 2442 gratiam
292 2410 471 2438 retributionis
489 2419 539 2444 pro
561 2413 644 2444 gratia
668 2413 738 2439 iusti-

97 2454 237 2485 ficationis,
266 2455 307 2480 vel
333 2456 445 2487 gratiam
474 2457 662 2483 iustificationis
689 2464 738 2489 pro

97 2498 239 2525 obtinenda
263 2500 346 2531 gratia
373 2500 551 2527 retributionis
579 2502 631 2527 255
651 2500 744 2527 37“-“

97 2542 215 2569 Christus
234 2544 279 2570 dat
306 2544 388 2570 vitam
417 2545 516 2577 gratiae
544 2545 595 2570 330
618 2545 667 2576 72,
694 2545 738 2572 74.

98 2587 150 2613 385
175 2588 207 2613 12
226 2601 262 2607 -
280 2589 401 2615 voluntas
425 2588 519 2615 Christi
544 2592 632 2616 servat
656 2589 737 2616 vitam

98 2632 197 2663 gratiae
217 2632 267 2657 626
288 2640 314 2658 v.
334 2634 367 2658 22

151 2690 186 2696 -
205 2677 343 2710 Nunquam
372 2678 428 2704 talis
447 2678 530 2709 gratia
559 2678 619 2704 data
638 2681 677 2705 est
696 2680 738 2705 ho-

98 2720 228 2752 minibus,
256 2722 340 2754 qualis
358 2722 385 2747 in
413 2721 516 2748 Christo
547 2723 589 2749 Vll
622 2723 672 2749 308
704 2724 737 2750 98

96 2777 133 2783 -
150 2765 254 2791 Gratiae
273 2766 377 2792 divinae
396 2765 492 2793 oblatio
512 2768 578 2793 facta
591 2768 638 2794 fuit
657 2768 681 2794 in
695 2768 739 2794 ad-

98 2812 178 2834 ventu
197 2809 292 2835 Christi
306 2809 356 2835 438
377 2809 409 2835 37
422 2825 458 2830 —
471 2811 539 2837 Hora
559 2812 659 2844 gratiae
676 2812 737 2843 suit,

97 2853 205 2885 quando
234 2853 341 2879 advenit
368 2853 486 2881 Christus
513 2855 547 2881 Vl
575 2856 627 2882 295
650 2856 684 2881 38
702 2870 738 2876 -

98 2897 199 2923 Humor
227 2897 327 2929 gratiae
354 2905 368 2923 a
388 2898 441 2924 vite
469 2898 572 2926 Christo
600 2900 626 2926 in
645 2907 738 2926 omnes

99 2941 207 2967 Sanctos
234 2942 394 2968 redundavit
413 2942 464 2968 449
490 2943 500 2968 1
524 2957 560 2964 ·—
578 2943 645 2971 Cum
665 2944 735 2970 Chri-

98 2988 138 3011 sto
158 2986 183 3011 in
207 2986 363 3012 eucharistia
391 2986 528 3013 descendit
546 2990 572 3013 et
599 2981 676 3014 datur
694 2995 738 3014 ros

100 3030 200 3061 gratiae
228 3030 280 3056 215
308 3038 334 3056 v.
355 3031 383 3056 21
407 3044 443 3050 -
461 3030 579 3058 Christus
605 3035 694 3058 manet
713 3032 737 3058 in

98 3073 235 3105 fidelibus,
254 3077 280 3100 et
292 3075 382 3101 fideles
401 3075 426 3100 in
443 3075 547 3101 Christo
566 3083 614 3108 per
627 3076 738 3108 gratiam

100 3117 146 3143 44i
171 3119 203 3144 29
224 3133 259 3137 -
278 3121 316 3145 est
334 3119 360 3144 in
374 3120 560 3152 sacramentis,
579 3120 643 3152 quin
662 3120 695 3146 sit
712 3120 738 3146 in

99 3162 235 3188 sacerdote
254 3163 306 3188 515
325 3163 358 3188 53

152 3220 187 3225 -
200 3207 289 3232 fortior
302 3210 341 3233 est
353 3214 433 3240 quam
447 3211 539 3233 natura
554 3208 594 3234 Vll
609 3207 661 3233 254
675 3208 690 3234 6
704 3222 739 3228 -

98 3251 185 3276 Gratia
205 3251 375 3283 superaddita
395 3252 474 3278 homo
493 3252 522 3277 fit
541 3252 626 3284 magis
640 3252 738 3285 bonus,

98 3301 179 3327 quam
199 3298 238 3320 est
257 3301 287 3320 ex
306 3295 435 3323 industria
454 3297 563 3322 naturali
583 3297 615 3323 Vl
636 3297 687 3322 166
712 3304 738 3323 v.

100 3339 133 3364 20
153 3353 187 3358 -
206 3339 253 3364 Per
273 3339 383 3371 gratiam
405 3340 447 3365 Dei
468 3341 548 3367 homo
567 3344 606 3367 est
625 3341 652 3367 id
666 3342 739 3374 quod

775 193 812 224 lN
835 191 1129 228 COMMENTARIOS
1153 194 1182 228 S.
1207 194 1433 229 SCRIPTURAE

788 282 828 306 est
846 283 976 313 quantum
1002 281 1036 307 ad
1055 288 1113 306 esse
1136 282 1219 308 moris
1244 283 1294 309 168
1314 290 1341 310 ν.
1361 284 1376 308 6
1394 297 1431 305 --

789 323 862 349 Stare
881 327 920 352 est
940 331 987 356 per
1007 325 1118 356 gratiam
1146 325 1197 352 287
1217 326 1250 352 52
1272 340 1304 345 —
1325 327 1430 354 liabens

787 367 1005 395 adiuvamentum
1026 369 1126 400 gratiae
1154 376 1207 396 non
1234 369 1314 397 debet
1337 371 1430 398 timere

787 412 839 437 586
859 419 886 438 v.
909 412 919 437 1
945 425 979 432 --
998 412 1045 438 Dei
1063 412 1172 439 adiuvat
1191 414 1243 439 399
1263 414 1296 440 30
1316 428 1351 434 -
1370 422 1429 442 con-

786 455 915 483 comitans
933 456 1041 482 adiuvat
1060 456 1093 483 nd
1108 457 1266 489 portandum
1287 458 1378 491 iugum
1392 460 1429 486 di-

786 500 865 526 vinae
883 500 948 532 legis
967 500 1011 526 Vll
1030 501 1082 527 395
1103 501 1136 527 34
1155 515 1190 521 -
1208 502 1253 528 dat
1279 504 1427 531 facultatem

786 544 869 570 Deum
890 544 1018 576 sequendi
1037 551 1085 577 per
1103 544 1295 573 subiectionem
1320 550 1346 573 et
1364 548 1427 575 obe·

785 587 910 614 dientiam
939 588 972 615 Vl
998 588 1032 614 25
1060 596 1086 622 q.
1117 590 1127 616 1
1150 604 1186 609 -
1204 593 1244 618 est
1262 594 1338 623 porta
1358 592 1428 618 vitae

785 631 837 657 595
857 632 872 657 2
886 645 922 652 --
933 633 1018 664 aperit
1036 636 1138 665 portam
1153 635 1268 666 paradisi
1283 636 1324 661 Vll
1345 636 1378 661 83
1393 636 1426 662 52

838 689 874 695 -
892 676 940 702 Per
959 677 1071 708 gratiam
1084 679 1283 706 conformamur
1301 679 1336 706 nd
1355 680 1427 707 clari·

784 722 863 746 tatem
892 720 938 746 Dei
960 720 994 746 Vl
1015 720 1065 747 476
1091 721 1124 748 43
1143 736 1179 743 --
1197 723 1298 750 Lumen
1327 724 1427 755 gratiae

783 764 852 790 lucet
874 764 983 792 interius
1007 766 1059 792 536
1084 767 1100 792 5
1119 781 1154 785 -
1174 767 1223 793 Per
1242 768 1354 799 gratiam
1379 769 1426 794 Dei

783 811 822 835 est
835 808 944 835 directio
957 809 1017 834 viae
1035 810 1086 836 258
1106 810 1140 836 52
1161 810 1190 836 2·
1202 825 1238 831 -
1251 812 1299 839 Per
1312 812 1424 844 gratiam

783 853 860 879 datur
872 860 951 885 posse
963 855 1098 886 potestatis
1117 856 1168 881 253
1189 856 1222 881 32
1235 869 1271 877 --
1284 856 1329 882 dat
1348 864 1426 889 posse

781 900 909 931 quantum
923 898 956 924 ad
971 901 1127 930 potestatem
1141 900 1253 926 activam
1267 903 1293 927 et
1312 902 1425 934 comple—

783 944 835 968 tam
856 942 903 968 331
927 941 961 968 79
981 942 1019 971 2*.
1033 943 1084 970 434
1098 944 1131 971 53
1145 958 1180 963 -
1193 945 1262 971 Fons
1275 946 1374 977 gratiae
1387 953 1425 972 re-

782 986 835 1012 ficit
853 986 976 1014 virtutem
1001 991 1130 1020 quantum
1155 989 1190 1015 ad
1215 989 1315 1015 activos
1335 990 1387 1016 555
1407 991 1422 1016 2

781 1043 816 1050 —-
843 1031 993 1063 adoptionis
1019 1032 1143 1058 informat
1170 1034 1294 1059 affectum
1323 1034 1374 1060 539
1404 1035 1420 1060 6

780 1090 816 1094 -
834 1076 937 1110 Gratiae
955 1077 1043 1102 fervor
1062 1079 1101 1102 est
1119 1077 1144 1103 in
1158 1078 1357 1110 concupiscibili
1377 1080 1419 1105 Vll

781 1119 814 1145 65
835 1120 868 1145 92

832 1178 867 1182 -
885 1166 956 1190 recte
975 1164 1069 1193 dicitur
1096 1165 1234 1193 retributio
1253 1169 1279 1192 et
1302 1167 1357 1193 vita
1382 1174 1422 1194 ae-

779 1210 851 1234 terna
871 1208 904 1236 Vl
923 1208 975 1235 255
995 1209 1029 1236 37
1048 1223 1084 1229 -
1104 1211 1130 1236 ln
1150 1211 1233 1243 gratia
1252 1214 1292 1237 est
1310 1211 1366 1238 sitis
1384 1212 1422 1239 rei

779 1252 892 1284 habitae,
911 1256 939 1280 ut
957 1254 1070 1286 amplius
1095 1254 1223 1282 habeatur
1253 1256 1305 1282 293
1324 1256 1358 1283 27
1387 1271 1422 1278 -

778 1304 830 1324 non
850 1297 982 1326 desiderat
1006 1305 1062 1327 rem
1087 1306 1141 1327 non
1159 1299 1292 1332 habitam,
1311 1301 1360 1328 sed
1379 1302 1422 1327 ha·

778 1341 858 1369 bitam
878 1349 926 1375 per
948 1350 1081 1375 amorem,
1100 1346 1129 1370 ut
1152 1344 1266 1376 amplius
1294 1344 1422 1372 habeatur

777 1393 825 1419 per
844 1387 955 1419 gloriam
975 1388 1027 1415 293
1046 1389 1080 1416 28

830 1444 866 1450 -
884 1432 970 1458 Homo
983 1432 1126 1464 spiritualis
1145 1433 1224 1459 habet
1237 1434 1350 1466 Spiritus
1363 1441 1420 1461 san-

778 1475 811 1501 cti
831 1475 942 1507 gratiam
967 1483 1015 1508 pro
1040 1480 1175 1509 unguento
1201 1478 1233 1503 Vl
1254 1479 1306 1504 619
1332 1486 1359 1504 v.
1385 1479 1413 1504 41

777 1534 812 1539 -
824 1520 899 1546 iustis
911 1523 936 1546 et
949 1521 1129 1553 spiritualibus
1142 1521 1187 1548 fiet
1202 1523 1304 1548 collatio
1318 1523 1418 1555 gratiae

777 1564 811 1590 97
831 1572 858 1591 ν.
869 1564 886 1590 7
899 1579 934 1584 —
948 1566 992 1591 dat
1005 1565 1167 1598 spiritualem
1185 1566 1381 1600 intelligentiam
1394 1570 1420 1594 et

776 1610 919 1642 perfectam
939 1609 1135 1636 observantiam
1163 1611 1348 1639 mandatorum
1375 1612 1418 1638 Vll

777 1653 830 1680 479
850 1654 882 1680 19

830 1712 863 1716 —
883 1698 922 1724 Ad
943 1697 1154 1726 benedictionem
1180 1700 1279 1732 gratiae
1301 1699 1419 1727 obtinen-

775 1742 837 1770 dam
857 1746 961 1775 oportet
979 1744 1135 1776 praevenire
1154 1745 1236 1771 solem
1257 1752 1335 1771 mane
1353 1745 1418 1777 vigi-

774 1787 853 1813 lando
873 1788 905 1814 Vl
927 1788 978 1815 216
998 1795 1026 1815 v.
1045 1789 1078 1814 28
1096 1802 1133 1808 -
1150 1789 1191 1815 Ad
1215 1789 1332 1815 divinam
1359 1796 1419 1822 gra-

775 1831 838 1858 tiam
856 1832 1054 1865 suscipiendam
1074 1833 1218 1859 excitantur
1237 1834 1357 1860 homines
1370 1841 1418 1867 per

775 1877 907 1909 triplicem
926 1876 1022 1904 librum
1047 1877 1122 1910 quasi
1140 1884 1188 1909 per
1207 1882 1259 1903 tres
1277 1880 1356 1904 testes
1376 1878 1417 1904 Vll

775 1921 827 1947 336
847 1921 880 1947 88
900 1935 935 1941 --
954 1921 1024 1948 Deus
1043 1921 1092 1947 sibi
1113 1921 1287 1948 servientibus
1304 1922 1418 1949 immittit

775 1965 887 1998 gratiam
907 1966 941 1992 Vl
960 1965 1011 1992 576
1031 1966 1046 1991 9
1062 1980 1095 1985 -
1107 1973 1160 1991 non
1172 1965 1250 1992 datur
1263 1966 1311 1992 nisi
1324 1967 1415 1998 pueris

775 2017 824 2042 per
843 2010 998 2036 munditiam
1018 2012 1043 2036 et
1062 2010 1234 2038 humilitatem
1248 2011 1292 2036 Vll
1312 2010 1363 2037 460
1382 2011 1416 2037 33

829 2069 864 2074 ——
882 2055 954 2081 Deus
974 2054 999 2080 in
1024 2055 1107 2086 gratia
1127 2055 1234 2086 exaltat,
1258 2055 1365 2088 quando
1384 2055 1418 2082 de

776 2099 853 2131 culpa
873 2098 907 2125 ad
926 2099 1038 2131 gratiam
1063 2101 1142 2125 vocat
1160 2099 1193 2125 Vl
1213 2099 1265 2126 595
1284 2100 1300 2125 2
1318 2113 1355 2120 ---
1373 2099 1419 2125 Vi-

776 2150 871 2169 vemus
890 2143 943 2169 vita
963 2143 1062 2175 gratiae
1078 2143 1199 2170 exeundo
1211 2144 1246 2171 de
1264 2150 1418 2171 monumen-

777 2191 804 2214 to
823 2188 915 2220 culpae
930 2190 966 2214 vet
988 2187 1121 2214 audiendo
1146 2187 1259 2215 verbum
1284 2188 1417 2216 doctrinae

776 2232 828 2258 564
848 2232 864 2258 5
882 2247 918 2252 --
936 2232 1078 2259 Audientes
1106 2232 1220 2260 verbum
1249 2232 1354 2260 Domini
1378 2232 1417 2258 vi-

775 2279 838 2303 vent
860 2283 907 2309 per
926 2277 1038 2309 gratiam
1061 2277 1107 2303 311
1143 2277 1177 2304 49
1195 2290 1230 2297 -
1248 2277 1332 2304 iustus
1352 2277 1417 2302 vivit

775 2328 823 2353 per
841 2321 953 2353 gratiam
973 2321 1025 2347 134
1045 2328 1070 2347 v.
1092 2321 1125 2347 10
1144 2335 1180 2343 --
1197 2321 1359 2348 remissionis
1377 2324 1417 2347 est

775 2365 904 2391 medicina
924 2365 1065 2398 purgativa
1091 2365 1139 2392 561
1167 2373 1195 2392 v,
1218 2365 1252 2392 14
1276 2379 1312 2386 -
1336 2364 1416 2392 Cibus

776 2410 874 2442 gratiae
902 2409 988 2435 reddit
1007 2410 1088 2437 vitam
1108 2409 1159 2437 557
1180 2411 1195 2436 2
1213 2423 1250 2429 -
1273 2410 1326 2436 Nos
1345 2409 1417 2436 vive-

775 2461 835 2480 mus
854 2461 903 2486 per
921 2454 1002 2480 vitam
1022 2454 1120 2486 gratiae
1140 2454 1186 2480 441
1211 2454 1244 2480 28

827 2512 864 2518 -
882 2498 1015 2531 tripliciter
1040 2499 1142 2525 animas
1166 2498 1323 2531 peccatrices
1342 2501 1425 2525 curat‘

777 2543 818 2569 Vll
839 2543 890 2576 107
911 2544 944 2569 82
964 2557 999 2562 —
1018 2542 1053 2569 ab
1070 2542 1194 2569 omnihus
1206 2545 1281 2569 curat
1299 2543 1415 2574 peccatis

777 2587 827 2613 177
848 2587 880 2613 46
899 2601 936 2607 -
954 2587 980 2614 in
993 2589 1057 2613 hora
1076 2587 1176 2618 gratiae
1189 2587 1285 2613 mortui
1305 2594 1352 2619 per
1364 2587 1416 2613 cul-

775 2639 837 2664 pam
866 2632 1033 2658 vivificantur
1056 2631 1090 2656 Vl
1118 2631 1164 2656 311
1200 2630 1231 2657 49
1251 2644 1287 2650 -
1305 2631 1416 2659 Lumine

775 2676 876 2709 gratiae
894 2683 946 2703 non
965 2676 1142 2702 illuminantur
1161 2682 1253 2701 omnes
1273 2676 1324 2703 253
1338 2676 1378 2702 ’30

827 2736 863 2740 -
882 2721 992 2748 Fructus
1011 2719 1134 2747 veniendi
1152 2720 1187 2745 ad
1206 2720 1290 2748 Deum
1315 2723 1354 2747 est
1373 2720 1416 2746 ad-

775 2766 845 2798 eptio
864 2765 962 2797 gratiae
986 2765 1018 2789 Vl
1044 2764 1094 2789 562
1120 2771 1146 2789 v.
1167 2764 1200 2790 40
1219 2778 1255 2784 -
1277 2765 1416 2792 Mundatus

775 2809 943 2842 spiritualiter
956 2809 1071 2836 vescitur
1084 2808 1161 2836 donis
1174 2809 1274 2841 gratiae
1290 2809 1341 2834 600
1354 2808 1368 2834 4
1381 2823 1416 2828 -

775 2854 887 2886 Adeptio
915 2853 1014 2885 gratiae
1041 2855 1081 2879 est
1104 2854 1206 2880 fructus
1233 2853 1417 2880 observantiae

775 2900 961 2926 mandatorum
982 2899 1034 2925 604
1054 2899 1069 2925 4
1088 2913 1124 2920 -·
1142 2900 1330 2932 Eleemosynae
1353 2900 1416 2925 mul-

775 2944 906 2976 tiplicatae
925 2943 1054 2970 inebriant
1072 2944 1189 2970 animam
1208 2944 1290 2976 gratia
1312 2944 1344 2970 88
1359 2951 1385 2970 v.
1399 2944 1414 2968 3

774 3003 810 3007 -
829 2980 962 3020 Sapien'tia
981 2988 1050 3014 utilis
1069 2988 1155 3014 estad
1173 2991 1346 3020 augmentum
1360 2994 1416 3020 gra-

775 3033 827 3059 tiac
845 3034 879 3059 26
899 3041 926 3066 q.
945 3034 961 3059 2

830 3091 864 3097 -·
883 3078 977 3110 Magna
996 3078 1080 3110 gratia
1099 3081 1139 3104 est
1163 3084 1215 3103 non
1235 3076 1332 3102 habere
1361 3083 1416 3108 gra-

776 3121 855 3152 tiam,
874 3122 937 3154 quia
956 3129 1049 3148 omnes
1072 3122 1137 3147 istae
1159 3121 1258 3153 gratiae
1276 3120 1417 3158 exteriores

776 3168 838 3191 sunt
856 3166 1011 3192 tentationes
1031 3166 1074 3192 Vll
1093 3166 1145 3191 262
1166 3166 1198 3191 32

830 3223 865 3229 —-
883 3210 933 3242 Qui
952 3210 1090 3242 impugnat
1103 3209 1220 3235 divinam
1234 3208 1345 3241 gratiam
1364 3215 1416 3234 non

776 3255 815 3279 est
834 3257 912 3286 aptus
931 3254 964 3280 ad
984 3254 1171 3286 poenitentiam
1196 3253 1237 3278 Vll
1257 3252 1309 3278 314
1331 3252 1362 3277 16
1382 3265 1417 3272 --

776 3297 826 3330 Qui
845 3298 986 3330 impugnat
1004 3298 1121 3324 divinam
1148 3297 1260 3330 gratiam
1279 3297 1417 3322 inhonorat

776 3344 857 3368 totam
877 3341 1030 3368 Trinitatem
1048 3341 1110 3368 ibid.

2044 205 2109 237 757

1759 245 1825 271 Gna

1521 299 1556 307 -
1576 287 1634 313 Vita
1655 289 1753 320 gratiae
1782 290 1920 316 inchoatur
1949 291 1974 317 in
2004 292 2055 318 fide
2077 293 2108 318 Vl

1468 328 1514 355 441
1540 331 1572 356 28
1593 345 1625 351 -—
1646 332 1733 359 Status
1753 334 1823 360 vitae
1841 335 1983 366 spiritualis
2002 340 2041 363 est
2061 341 2110 364 sta-

1467 376 1508 400 tus
1528 375 1628 406 gratiae
1647 376 1698 401 563
1719 378 1729 402 1

1519 432 1552 436 -
1572 419 1676 451 Triplex
1702 424 1740 447 est
1761 425 1864 454 tempus
1884 424 1983 454 gratiae
2003 425 2034 451 Vl
2055 426 2102 451 281

1467 461 1498 486 19
1519 476 1553 481 —
1573 463 1598 490 ln
1619 467 1737 495 tempore
1762 467 1861 497 gratiae
1886 467 1964 495 debet
1984 470 2106 496 evacuari

1465 511 1538 531 error
1557 508 1693 538 gentilium
1712 513 1738 535 et
1755 510 1847 536 umbra
1869 512 1992 543 legalium
2007 514 2058 540 295
2073 514 2105 539 36

1465 563 1500 569 -
1520 551 1638 583 Tempus
1657 554 1756 584 gratiae
1769 558 1808 581 est
1821 556 1888 582 sicut
1904 557 2002 583 fructus
2018 565 2107 590 respe-

1465 596 1507 620 ctu
1528 596 1655 627 temporis
1675 597 1752 628 Legis
1771 598 1821 624 300
1841 599 1874 624 68

1518 651 1553 660 —-
1572 639 1665 666 Omnia
1680 641 1823 671 gratiarum
1837 642 1904 670 bona
1925 645 2031 671 veniunt
2044 653 2106 673 cum

1465 682 1598 714 Sapientia
1622 683 1734 711 increata
1759 686 1791 711 Vl
1816 687 1866 713 153
1896 695 1922 713 v.
1952 689 1978 713 11
2009 703 2044 709 —-
2068 691 2105 716 De

1465 725 1548 756 gratia
1571 726 1631 753 fidei
1655 734 1707 752 non
1727 732 1766 754 est
1794 730 1970 758 extollendum
1992 732 2033 757 Vll
2054 733 2105 758 362

1466 769 1498 794 16
1519 784 1553 788 -
1572 771 1734 802 septiformis
1760 772 1839 798 dehet
1858 781 1915 800 esse
1940 775 1966 801 in
1995 777 2034 802 ills
2060 778 2105 810 qui

1464 815 1594 846 populum
1614 815 1660 842 Dei
1680 820 1844 849 congregant
1863 818 1896 843 Vl
1916 819 1967 844 519
1988 821 2002 845 3

1516 872 1552 878 -
1571 859 1617 887 Dei
1632 859 1734 886 dicitur
1752 868 1820 894 aqua
1842 862 1917 893 viva,
1941 864 2003 896 quia
2025 865 2104 892 vitam

1464 902 1568 933 tribuit,
1588 904 1669 930 vitam
1690 906 1816 937 custodit,
1836 907 1870 932 ad
1884 908 1964 933 vitam
1984 909 2105 940 perducit

1463 947 1496 973 Vl
1516 947 1568 973 572
1598 955 1625 975 ν.
1654 949 1686 974 38
1708 964 1742 969 —-
1761 951 1893 982 Sapientia
1921 959 1968 984 per
1992 954 2103 985 gratiam

1461 991 1578 1018 animam
1607 992 1734 1021 inhabitat
1762 998 1787 1021 et
1806 995 1927 1022 informat
1949 997 1997 1022 169
2023 1005 2049 1023 ν.
2072 999 2102 1024 10

1461 1049 1496 1055 -
1515 1036 1628 1068 Spiritus
1653 1041 1759 1064 sanctus
1779 1039 1840 1066 facit
1864 1047 1911 1065 nos
1935 1041 2102 1068 considerare

1460 1080 1585 1106 circuitus
1604 1082 1705 1113 gratiae
1725 1083 1757 1108 13
1777 1090 1804 1108 ν.
1822 1084 1838 1110 7
1858 1098 1894 1103 —
1913 1084 2024 1117 Spiritus
2043 1093 2104 1112 san-

1460 1125 1495 1150 cti
1508 1128 1546 1151 est
1560 1126 1601 1152 vel
1615 1127 1802 1159 praevenienS,
1817 1129 1858 1155 vel
1872 1128 2038 1163 subsequens
2052 1131 2097 1156 441

1460 1169 1494 1197 26
1513 1183 1549 1189 -
1569 1170 1614 1196 Dei
1634 1174 1674 1197 est
1692 1172 1779 1198 omnia
1809 1172 1834 1198 in
1862 1173 1987 1200 omnibus
2015 1174 2067 1203 437
2087 1175 2102 1200 9

1458 1227 1495 1233 -
1513 1215 1561 1240 Per
1581 1215 1681 1242 donum
1704 1217 1804 1248 gratiae
1833 1220 1932 1244 tantum
1961 1225 2103 1250 possumus

1462 1259 1549 1286 hostes
1569 1259 1688 1292 vincere,
1709 1261 1735 1288 in
1754 1260 1826 1289 bono
1845 1262 1974 1294 prolicere
1993 1266 2018 1288 et
2044 1270 2102 1289 con-

1459 1303 1601 1331 solationes
1621 1311 1749 1336 supernas
1768 1305 1867 1333 habere
1887 1306 1929 1334 Vll
1949 1307 2000 1333 539
2021 1308 2054 1333 58

1511 1362 1547 1367 ——
1566 1348 1667 1380 Gratia,
1688 1356 1735 1382 per
1754 1357 1836 1383 quam
1855 1351 1943 1378 anima
1963 1353 2031 1384 regit
2049 1360 2102 1379 car-

1458 1399 1530 1424 nem,
1542 1392 1684 1426 subtractn,
1697 1401 1759 1420 caro
1772 1395 1806 1420 ad
1819 1395 1925 1421 interius
1941 1396 2054 1422 declinat
2069 1398 2102 1423 Vl

1459 1438 1510 1463 382
1531 1438 1564 1463 55
1583 1451 1618 1457 ·-
1638 1438 1686 1464 Per
1705 1439 1816 1470 gratiam
1836 1439 1947 1466 habetur
1966 1440 2101 1474 nobilitas,

1458 1481 1598 1507 strenuitas
1617 1485 1642 1508 et
1661 1483 1799 1517 hereditas,
1813 1484 1859 1510 551
1885 1484 1900 1510 4
1913 1498 1949 1503 -
1967 1486 2053 1511 felices
2067 1487 2100 1511 fa-

1458 1525 1492 1551 cit
1511 1526 1630 1552 homines
1650 1526 1702 1552 207
1721 1522 1752 1552 v.'
1768 1527 1801 1552 14
1820 1542 1854 1546 -
1874 1529 1900 1554 ln
1920 1529 2003 1560 gratia
2023 1530 2100 1556 datur

1457 1576 1508 1602 pax
1528 1573 1618 1596 contra
1637 1571 1726 1597 hostes
1746 1570 1798 1597 444
1818 1571 1846 1597 41

1515 1628 1549 1633 —-
1562 1615 1643 1641 Nemo
1654 1615 1867 1642 certitudinaliter
1877 1623 2036 1649 cognoscere
2046 1622 2101 1651 pot-

1456 1661 1508 1690 est,
1522 1661 1609 1685 utrum
1624 1659 1719 1686 habeat
1732 1661 1857 1692 gratiam,
1870 1661 1918 1687 nisi
1932 1669 1980 1694 per
1998 1664 2099 1690 revela-

1456 1702 1554 1729 tionem
1568 1703 1600 1728 Vl
1620 1703 1654 1729 73
1669 1711 1695 1737 q.
1715 1705 1731 1731 2
1744 1718 1780 1724 -
1794 1705 1864 1732 Multi
1885 1712 1932 1737 per
1945 1706 2020 1737 signa
2040 1714 2099 1739 pro-

1455 1745 1552 1773 babilia
1571 1751 1743 1779 cognoscunt,
1762 1756 1791 1775 se
1810 1756 1868 1775 esse
1888 1750 1914 1775 in
1933 1751 2017 1782 gratia
2036 1750 2097 1778 ibid.

1454 1805 1490 1811 -
1509 1791 1652 1820 Possumus
1671 1795 1772 1819 tantum
1786 1793 1970 1825 probabiliter,
1989 1802 2041 1821 non
2055 1802 2098 1822 au-

1455 1839 1509 1862 tem
1537 1837 1750 1864 certitudinaliter
1777 1838 1858 1869 scire,
1887 1841 1975 1866 utrum
2004 1839 2098 1866 babea-

1455 1887 1515 1906 mus
1544 1881 1670 1913 Spiritum
1699 1886 1820 1908 sanctum
1847 1886 1976 1915 quantum
2004 1883 2038 1910 ad
2063 1885 2097 1911 ef-

1455 1925 1551 1952 fectum
1571 1925 1736 1957 gratificandi
1763 1929 1868 1958 praeter
1892 1928 2032 1959 specialem
2056 1934 2097 1954 re-

1454 1969 1612 1997 velationem
1633 1969 1684 1995 443
1704 1970 1738 1996 37

1509 2028 1542 2034 —-
1562 2013 1639 2040 datur
1657 2014 1805 2042 secundum
1819 2016 1981 2043 voluntatem
2001 2016 2048 2042 Dei
2062 2017 2095 2042 Vl

1456 2058 1507 2083 280
1528 2058 1560 2083 13
1579 2072 1615 2076 -—
1633 2058 1710 2084 datur
1723 2065 1782 2093 'non
1800 2066 1850 2091 pro
1874 2061 1988 2087 humana
2009 2061 2096 2088 distri-

1455 2101 1577 2133 butione,
1596 2102 1644 2128 sed
1663 2102 1751 2134 potius
1770 2110 1818 2135 pro
1837 2103 1928 2131 divina
1947 2104 2094 2136 dispositio·

1455 2153 1487 2173 ne
1508 2146 1550 2173 Vll
1563 2146 1615 2172 577
1636 2146 1669 2172 42
1682 2160 1717 2166 -
1730 2147 1807 2175 datur
1825 2147 1859 2173 ad
1876 2154 2028 2176 mensuram
2042 2156 2095 2175 cer-

1455 2193 1507 2217 tam
1537 2190 1569 2216 Vl
1599 2191 1649 2217 288
1670 2190 1704 2217 57
1722 2205 1757 2211 —-
1776 2191 1900 2219 omnibus
1928 2192 2094 2220 distribuitur

1454 2234 1627 2261 determinate
1651 2235 1685 2261 ad
1704 2235 1818 2268 aliquem
1843 2230 1964 2262 effectum
1988 2237 2039 2262 289
2059 2237 2093 2262 63

1453 2293 1489 2300 -
1509 2279 1657 2306 Desccnsus
1676 2280 1776 2311 gratiae
1795 2280 1821 2305 in
1841 2287 1886 2306 cor
1905 2281 2018 2306 hominis
2040 2288 2094 2314 quo

1453 2323 1547 2349 ordine
1566 2323 1718 2355 perficiatur
1736 2324 1780 2350 Vll
1801 2324 1852 2350 334
1873 2325 1906 2350 83

1507 2382 1542 2388 —-
1561 2368 1631 2394 Deus
1652 2367 1781 2395 subtrahit
1801 2368 1911 2400 gratiam
1934 2369 2026 2395 merito
2047 2376 2094 2395 no-

1453 2415 1507 2438 stro
1526 2412 1559 2437 Vl
1579 2412 1631 2438 382
1660 2412 1694 2438 55
1714 2426 1748 2433 —·
1770 2412 1818 2438 Per
1839 2413 2007 2440 amissionem
2037 2421 2095 2446 gra-

1453 2456 1504 2482 tiae
1523 2456 1624 2488 palmes
1649 2456 1743 2483 arescit
1762 2456 1813 2483 347
1832 2457 1849 2482 7
1868 2471 1904 2478 —
1923 2458 1973 2490 Qui
2001 2458 2027 2483 in
2052 2464 2095 2483 va-

1453 2508 1533 2527 cuum
1552 2501 1664 2533 gratiam
1683 2501 1814 2533 recipiunt
1832 2508 1847 2527 a
1866 2502 1920 2528 vite
1938 2506 2094 2535 separantur

1453 2545 1547 2571 merito
1566 2552 1629 2572 suae
1645 2546 1739 2577 culpae
1753 2545 1804 2571 450
1825 2545 1857 2570 17
1876 2559 1912 2567 -·-
1931 2546 2093 2578 Negligentia

1453 2589 1567 2615 hominis
1586 2589 1621 2615 ad
1641 2589 1686 2615 Dei
1706 2590 1816 2621 gratiam
1833 2590 2044 2622 cognoscendam
2069 2595 2094 2616 et

1453 2634 1649 2666 suscipiendam
1668 2637 1707 2660 est
1725 2633 1907 2661 inexcusabilis
1925 2635 1967 2660 Vll
1989 2635 2039 2660 385
2060 2635 2092 2660 88

1452 2692 1488 2699 -
1506 2678 1610 2705 Gratiae
1629 2679 1759 2705 fatuorum
1779 2679 1949 2705 effunduntur
1963 2679 1995 2705 Vl
2009 2679 2060 2705 553
2078 2679 2093 2704 6

1454 2737 1488 2742 —-
1511 2723 1665 2749 Nutrimenti
1691 2723 1833 2755 spiritualis
1858 2723 2031 2749 defectionem
2052 2730 2095 2755 pa-

1454 2768 1552 2793 tiuntur
1571 2767 1617 2800 qui
1641 2774 1695 2793 non
1714 2767 1811 2793 habent
1830 2768 1969 2793 humorem
1995 2768 2094 2799 gratiae

1453 2811 1516 2838 ibid.
1537 2825 1569 2830 -
1588 2811 1750 2838 Christianus
1763 2811 1841 2837 debet
1860 2818 1978 2837 crescere
1998 2812 2023 2837 in
2037 2819 2094 2844 gra»

1454 2856 1488 2881 tia
1516 2855 1568 2881 554
1597 2857 1612 2880 8
1634 2869 1667 2875 --
1686 2856 1770 2881 Homo
1799 2854 1878 2881 habet
1905 2856 2093 2882 nutrimentum

1453 2899 1553 2931 gratiae
1581 2907 1628 2932 per
1656 2903 1838 2931 paupertatem
1863 2903 1888 2925 et
1912 2901 2094 2932 eleemosynae

1452 2944 1617 2975 largitionem
1637 2943 1670 2969 ib.
1690 2944 1705 2968 7

1506 3001 1541 3008 -
1563 2988 1666 3013 Gratiae
1695 2990 1797 3013 cessant
1815 2994 1872 3014 esse
1901 2991 1926 3014 et
1954 2988 2092 3018 siccantur,

1453 3026 1514 3058 cum
1529 3035 1631 3058 cessant
1643 3032 1725 3058 fluere
1745 3035 1770 3057 et
1782 3032 1920 3064 quiescunt
1937 3032 1970 3058 Vl
1993 3032 2023 3057 14
2037 3040 2062 3057 v.
2077 3032 2093 3058 7

1453 3090 1488 3095 —-
1508 3078 1679 3101 conservatur
1692 3076 1718 3102 in
1737 3075 1815 3101 nobis
1828 3083 1874 3108 per
1891 3076 2041 3102 continuam
2056 3077 2094 3102 in-

1454 3120 1589 3146 fluentiam
1617 3119 1668 3145 474
1697 3119 1732 3145 34
1751 3133 1786 3139 -
1804 3120 1846 3146 Ad
1864 3120 2092 3146 conservationem

1453 3164 1552 3196 gratiae
1571 3164 1666 3189 sufficit
1685 3164 1806 3190 continua
1819 3163 2024 3190 subministratio
2039 3171 2093 3190 cae-

1453 3208 1524 3234 lestis
1543 3208 1681 3234 alimoniae
1694 3208 1737 3234 Vll
1757 3208 1808 3234 279
1827 3208 1844 3233 7
1858 3222 1892 3227 -
1905 3209 2006 3234 Gratiae
2020 3208 2094 3234 Chri-

1453 3252 1486 3278 sti
1505 3252 1702 3284 cooperandum
1722 3255 1760 3278 est
1776 3252 1897 3284 viriliter,
1916 3252 2020 3284 utiliter,
2039 3253 2095 3278 efii-

1454 3296 1549 3322 caciter
1577 3300 1602 3322 et
1629 3299 1828 3328 perseveranter
1856 3296 1906 3322 377
1930 3297 1963 3322 58
1983 3310 2018 3316 -
2037 3297 2096 3322 Non

1454 3340 1533 3366 habet
1558 3340 1669 3373 gratiam
1694 3340 1739 3373 qui
1763 3348 1816 3366 uon
1843 3345 1967 3373 operatur
1993 3340 2095 3367 bonum
