2476 3921
8 1181 110 1210 Expositio

7 1208 118 1237 piritualis.

32 2086 116 2114 Figura.

1 2298 76 2321 dicium
90 2300 122 2321 di-

0 2331 41 2349 nae
53 2326 122 2348 vindi-

730 238 925 272 COMMENT.
949 239 987 272 IN
1011 237 1251 271 EVANGELlUM
1274 239 1392 272 LUCAE
1416 239 1448 272 C.
1474 240 1547 273 XXI.

141 331 283 366 montes,
307 336 347 361 ne
370 327 590 367 inveniantur;
607 331 635 360 et
651 327 711 371 qui
725 327 761 360 in
777 327 883 360 medio
904 327 977 360 eius
996 330 1077 359 sunt
1090 328 1100 346 ¹

142 380 331 420 discedant,
356 389 396 413 ne
419 380 640 419 includantur;
657 383 686 413 et
701 379 761 423 qui
776 379 812 412 in
827 379 1019 422 reyionibus
1034 389 1101 412 non

143 433 267 465 intrent
297 433 333 466 in
363 442 457 472 eam,
489 441 528 466 ne
551 432 593 466 ibi
619 432 794 474 capiantur.
820 432 987 465 Exercitus
1017 431 1101 465 enim

142 486 353 519 Romanorum
377 486 480 528 primo
502 494 560 528 per
583 485 728 519 Iudaeam
751 485 864 518 evertit
887 485 1003 518 multas
1026 484 1102 517 civi-

142 542 239 578 tates,
271 542 440 582 antequam
472 539 595 572 veniret
617 538 796 572 Ierusalem.
822 538 858 570 Et
881 546 992 570 omnes
1022 546 1103 579 pene

141 591 245 625 Iudaei
268 592 463 625 intraverant
486 591 547 631 ibi,
572 591 654 625 sicut
669 590 744 624 dicit
760 590 954 633 Iosephus2,
971 594 1102 632 propter

141 645 369 678 solemnitatem
400 648 432 678 et
461 648 592 687 propter
619 644 842 683 securitatem;
867 643 936 676 ideo
959 651 1102 685 compre-

141 699 230 732 hensi
255 701 330 732 sunt
352 707 462 732 omnes
486 698 570 731 iusto
593 697 710 731 iudicio
733 697 806 736 Dei,
831 697 1007 731 secundum
1024 697 1102 730 illud

141 752 287 786 Ieremiae
318 751 524 785 duodecimo:
554 751 747 793 «congrega
777 759 831 784 eos
861 750 944 784 sicut
974 759 1101 793 gregem

139 806 178 839 ad
202 805 360 838 victimam
385 809 416 839 et
439 805 599 840 sanctifica
622 814 676 838 eos
699 804 731 837 in
747 804 798 838 die
813 804 978 838 occisionis
994 817 1026 836 ιο.
1044 804 1103 837 Sed

139 858 306 891 Christiani
331 867 389 900 per
412 858 519 900 fugam
542 858 665 891 liberati
691 861 782 897 sunt;
807 857 891 891 unde
915 857 1023 890 Glossa
1047 857 1103 889 Be-

139 911 196 944 dae
209 911 243 943 ³:
265 924 281 940 «
298 910 512 944 Ecclesiastica
529 911 660 944 historia
676 914 800 950 narrat,
817 910 1029 949 Christianos,
1047 909 1101 952 qui

139 964 171 997 in
195 964 307 997 Iudaea
329 968 437 1004 erant,
462 964 644 997 imminente
667 964 809 1003 excidio,
834 964 874 997 ab
898 964 1013 1006 Angelo
1035 972 1103 996 mo-

138 1017 221 1051 nitos
243 1017 341 1051 fuisse
364 1020 396 1051 et
419 1021 507 1051 trans
531 1017 692 1050 Iordanem
717 1017 749 1050 in
774 1017 901 1050 civitate
925 1017 1023 1056 Pella,
1047 1016 1102 1050 do-

139 1079 197 1103 nec
220 1070 371 1103 desolatio
395 1070 527 1104 Iudaeae
551 1070 758 1113 impleretur,
783 1070 988 1104 habitasse».

228 1122 281 1156 32.
307 1122 537 1166 Spiritualiter
567 1126 673 1156 autem
706 1123 886 1156 insinuatur
917 1123 969 1156 hic
1000 1131 1102 1156 reme-

138 1175 244 1215 dium,
269 1175 354 1218 quod
383 1176 444 1209 erit
467 1176 601 1209 infirmis
624 1176 656 1209 in
680 1176 733 1208 illa
756 1175 859 1209 valida
883 1175 1103 1218 persecutione

139 1229 335 1269 antichristi,
359 1229 478 1263 scilicet
493 1228 597 1272 fic-que
613 1231 645 1262 et
660 1228 900 1262 occulta-tionis.
919 1229 1003 1262 Licet
1019 1228 1103 1261 enim

139 1280 340 1324 imperfectis
370 1281 481 1324 fugere
509 1285 639 1324 propter
662 1281 801 1314 cavenda
824 1281 986 1323 pericula3
1020 1281 1103 1314 unde

139 1334 308 1367 Zachariae
332 1334 470 1367 secundo
482 1334 517 1366 4:
539 1346 555 1362 a
571 1333 615 1373 O,
633 1343 669 1373 o,
686 1336 722 1366 o!
740 1333 839 1376 sugite
854 1334 893 1366 de
910 1337 997 1366 terra
1012 1333 1102 1375 aqui-

138 1387 235 1427 lonis,
259 1387 335 1420 dicit
357 1387 511 1420 Dominus
526 1400 557 1420 ι».
590 1387 713 1429 Quibus
735 1387 882 1420 Christus
910 1387 1103 1420 condescen—

138 1441 230 1480 dens,
255 1440 466 1474 abscondebat
489 1449 522 1473 se
539 1450 556 1473 a
573 1440 712 1480 ludaeis,
729 1440 903 1474 secundum
921 1440 998 1473 illud
1016 1440 1103 1473 loan-

137 1494 187 1527 nis
210 1493 366 1536 septimo:
398 1507 413 1522 «
431 1494 500 1526 Post
524 1494 602 1527 haec
628 1494 810 1527 ambulabat
841 1493 927 1527 Iesus
958 1493 989 1526 in
1021 1493 1103 1526 Gali-

137 1548 246 1580 laeam.
276 1548 342 1580 Non
374 1547 456 1580 enim
482 1547 606 1581 volebat
628 1547 792 1580 ambulare
816 1547 848 1580 in
872 1547 1002 1586 Iudaea,
1027 1546 1103 1589 quia

138 1601 332 1643 quaerebant
355 1610 428 1634 eum
455 1600 557 1633 ludaei
581 1601 760 1634 interficere
777 1614 807 1633 υ.
830 1600 915 1634 Licet
930 1600 1024 1633 etiam
1042 1600 1102 1633 hoc

138 1653 214 1686 viris
235 1652 410 1696 perfectis,
435 1662 507 1687 cum
533 1653 658 1693 vident,
682 1653 768 1696 quod
792 1653 891 1696 magis
907 1653 1036 1695 expedit
1052 1657 1115 1686 sa-'

137 1707 194 1739 luti
220 1707 346 1749 populi,
378 1706 463 1749 quod
491 1705 634 1749 fugiant;
659 1706 743 1739 unde
766 1706 848 1739 dixit
871 1706 1025 1739 Dominus
1055 1705 1102 1738 di-

138 1760 267 1802 scipulis
298 1760 444 1793 Matthaei
481 1760 649 1793 decimo⁵:
691 1773 706 1789 <x
732 1759 811 1793 Cum
848 1762 955 1793 autem
993 1768 1102 1801 perse-

137 1817 277 1856 quentur
308 1822 364 1846 vos
396 1813 427 1846 in
459 1823 523 1846 una
550 1813 693 1852 civitate,
717 1813 816 1856 fugite
840 1813 871 1846 in
892 1813 988 1846 aliam
1007 1825 1038 1852 »3
1070 1816 1102 1846 et

137 1866 175 1899 de
198 1866 293 1899 Paulo
316 1865 434 1899 dicitur
466 1867 599 1899 Actuum
624 1875 725 1905 nono,
750 1866 835 1908 quod
860 1875 933 1899 cum
963 1878 979 1894 ετ
996 1865 1100 1898 Iudaei

136 1916 332 1952 custodirent
355 1922 463 1962 portas
487 1920 628 1953 Damasci
651 1919 702 1952 die
725 1928 761 1952 ac
785 1922 894 1958 nocte,
916 1922 952 1952 ut
969 1919 1100 1952 Paulum

135 1972 367 2012 interficerent,
399 1973 588 2015 accipientes
619 1982 694 2006 eum
724 1972 888 2015 discipuli,
917 1975 1008 2006 nocte
1042 1981 1100 2014 per

136 2034 268 2059 murum
298 2025 488 2059 dimiserunt
518 2034 611 2065 eum,
635 2025 858 2068 submittentes
881 2025 913 2058 in
938 2028 1046 2067 sporta
1067 2038 1098 2057 ι».

135 2078 235 2112 Huius
259 2078 363 2121 figura
385 2078 557 2121 praecessit
580 2078 612 2111 in
636 2078 756 2118 David;
780 2078 875 2121 primi
900 2079 1018 2120 Regum
1046 2077 1100 2111 de—

135 2131 216 2165 cimo
238 2131 368 2164 nono⁶:
398 2144 415 2161 «
431 2132 528 2165 Porro
551 2131 604 2165 ille
627 2131 704 2164 abiit
725 2135 756 2164 et
771 2131 896 2173 aufugit
912 2134 945 2164 et
960 2130 1100 2163 salvatus

135 2187 182 2218 est
202 2196 234 2224 »;
267 2184 446 2218 submissus
468 2184 553 2218 enim
576 2184 636 2218 fuit
659 2194 678 2217 a
700 2184 815 2217 Michol
838 2192 895 2226 per
917 2183 1098 2216 fenestram.

225 2237 278 2271 33.
296 2238 398 2280 (vers.
415 2238 493 2279 22).
518 2237 624 2270 Tertio
639 2239 795 2279 quantum
811 2236 850 2269 ad
866 2236 1032 2277 iudicium
1048 2235 1099 2268 di-

135 2290 233 2324 vinae
255 2290 421 2324 vindictae
444 2290 567 2323 subdit:
594 2290 683 2331 Quia
704 2289 773 2322 dies
789 2289 926 2322 ultionis
950 2288 987 2322 lii
1007 2292 1098 2327 sunt,

135 2349 174 2377 ut
197 2344 402 2387 impleantur
424 2344 555 2383 omnia,
580 2353 665 2388 quae
677 2343 690 2362 ⁷
705 2343 833 2386 scripta
848 2346 936 2375 sunt.
954 2342 1100 2375 Decrevit

135 2401 241 2431 autem
257 2397 409 2431 Dominus
424 2397 590 2431 destruere
614 2397 782 2430 Ierusalem
806 2396 838 2429 in
854 2396 1005 2429 ultionem
1028 2404 1098 2428 san-

135 2450 239 2493 guinis
262 2450 330 2484 lesu
354 2450 470 2483 Christi
494 2453 525 2483 et
550 2450 778 2492 Prophetarum
802 2449 889 2489 eius;
914 2448 998 2482 unde
1021 2449 1098 2481 Mat-

135 2503 219 2536 thaei
243 2503 393 2545 vigesimo
416 2503 550 2536 tertioss:
580 2516 595 2531 α
612 2503 651 2536 Ut
675 2503 779 2536 veniat
802 2511 899 2545 super
923 2511 980 2535 vos
995 2502 1097 2535 omnis

136 2556 264 2599 sanguis
287 2556 401 2596 iustus,
425 2556 479 2599 qui
505 2556 625 2589 effusus
641 2559 689 2589 est
712 2564 809 2598 super
833 2559 968 2594 terram,
992 2564 1011 2587 a
1027 2563 1098 2588 san-

135 2609 230 2652 guine
249 2609 323 2643 Abel
340 2609 413 2643 iusti
430 2611 533 2652 usque
548 2609 587 2643 ad
603 2608 787 2652 sanguinem
806 2608 984 2642 Zachariae.
1002 2608 1098 2641 Amen

208 2782 216 2797 ¹
237 2784 272 2809 lta
291 2782 405 2809 CDGn
425 2787 451 2809 et
469 2784 548 2810 etiam
569 2784 594 2810 S.
615 2785 726 2815 Thom.,
749 2784 803 2810 Cat.
821 2791 906 2815 *aurea
926 2784 951 2810 in
970 2785 1033 2810 Luc.
1052 2785 1096 2810 21.

136 2834 161 2852 n.
181 2827 212 2858 5,
230 2830 256 2853 et
274 2828 421 2861 Gorranus,
441 2828 550 2860 Vulgata
566 2831 591 2854 et
605 2828 662 2854 Vat.
676 2829 800 2855 omittunt
811 2831 885 2856 sunt.
898 2829 947 2855 Pro
960 2827 1100 2855 discedant

135 2871 196 2897 Vat.
214 2870 384 2898 descendant.
396 2886 432 2892 —
444 2873 534 2898 Glossa
554 2872 737 2900 interlinearis
757 2872 799 2906 (ex
818 2873 918 2907 Beda):
940 2873 1016 2900 Tunc
1034 2876 1098 2906 etc,

135 2915 164 2941 id
188 2908 226 2941 est*
245 2918 364 2948 tempore
383 2917 503 2949 proximo
522 2920 583 2943 ante
601 2916 782 2949 obsidionem,
802 2917 866 2944 dum
892 2917 979 2943 adhuc
1005 2918 1098 2950 fugere

135 2958 236 2990 licebit,
255 2959 320 2985 dum
340 2959 414 2986 miles
432 2960 567 2986 Romanus
586 2967 634 2992 per
652 2961 793 2986 Galilaeam
807 2964 833 2987 et
846 2961 992 2987 Samariam
1012 2968 1040 2987 se
1052 2961 1098 2987 dis-

136 3003 237 3029 undere
255 3004 381 3036 coeperit.
398 3018 435 3023 —
453 3005 561 3030 Inferius
580 3012 628 3037 pro
643 3012 713 3039 pene
731 3005 845 3031 CDGH
865 3005 953 3040 quasi.

207 3045 218 3061 ²
237 3046 307 3072 Libr.
327 3047 369 3073 Vl.
389 3047 423 3073 de
445 3048 515 3074 Bello
535 3049 589 3074 lud.
609 3056 633 3075 c.
653 3040 725 3074 9sn.
745 3049 779 3075 3:
800 3050 830 3075 Et
847 3049 1015 3081 captivorum
1039 3049 1098 3082 qui-

136 3090 198 3116 dem
216 3091 351 3122 omnium,
378 3091 424 3124 qui
453 3092 530 3118 totius
559 3091 618 3118 belli
646 3096 765 3125 tempore
788 3093 857 3126 capti
876 3096 951 3124 sunt,
970 3099 1098 3118 numerus

136 3138 192 3160 crat
210 3135 244 3160 ad
263 3135 406 3167 nonaginta
425 3139 527 3168 septem
547 3136 643 3167 millia;
663 3137 742 3163 totius
760 3140 849 3163 autem
868 3136 1013 3163 obsidionis
1035 3140 1098 3162 tem·

136 3185 201 3211 pore
220 3178 345 3205 undecies
363 3182 470 3205 centena
490 3179 569 3205 millia
588 3180 731 3212 perierunt.
746 3181 845 3206 I-Iorum
859 3181 943 3206 maior
957 3187 1018 3213 pars
1031 3180 1098 3206 eius-

136 3223 197 3248 dem
217 3222 325 3255 quidem
345 3223 430 3254 gentis
448 3226 517 3255 erat,
536 3230 587 3249 non
606 3230 670 3249 vero
689 3224 809 3250 eiusdem
828 3224 954 3256 regionis.
973 3224 1038 3250 Nam
1051 3224 1096 3257 qui

137 3273 152 3292 e
170 3269 223 3292 tota
246 3266 354 3298 regione
381 3267 415 3292 ad
443 3273 596 3299 azymorum
626 3268 723 3293 festum
751 3271 927 3294 convenerant
953 3267 1097 3303 derepente

137 3309 205 3336 bello
223 3310 379 3337 circumdati
398 3314 472 3337 erant
490 3314 539 3337 ete.
557 3325 593 3333 —-
612 3311 731 3338 Subinde
748 3312 876 3344 allegatur
894 3313 941 3339 ler.
962 3312 1009 3344 12,
1031 3312 1056 3338 3.

113 3350 117 3351 ’
207 3351 219 3367 ⁸
238 3354 339 3380 Scilicet
358 3353 501 3381 ordinaria
520 3354 546 3380 in
565 3355 627 3381 Luc.
646 3355 688 3388 21,
702 3356 745 3381 21.
758 3355 818 3382 Vat.
831 3356 905 3382 affert
917 3355 1000 3382 verba
1014 3355 1097 3388 ipsius

137 3397 237 3431 Bedae,
256 3405 310 3424 non
329 3399 443 3425 Glossae.

2064 243 2123 276 531

1166 326 1236 359 dico
1259 327 1365 360 vohis:
1391 327 1523 361 Venient
1547 329 1624 362 haec
1643 330 1748 362 omnia
1771 339 1867 372 super
1892 331 2125 372 generationem

1166 379 1301 412 islam».
1327 380 1404 412 Nam
1427 383 1549 413 tantum
1581 382 1683 415 scelus
1714 383 1801 415 nullo
1825 383 1918 416 modo
1941 383 2050 416 debuit
2079 393 2129 416 re-

1166 440 1296 465 manere
1326 432 1481 472 inultum;
1506 433 1575 466 ideo
1598 434 1798 468 Threnorum
1830 436 1984 469 secundo:
2015 449 2030 464 α
2047 437 2129 469 Fecit

1166 484 1320 518 Dominus
1343 494 1425 527 quae
1448 485 1609 528 cogitavit,
1633 488 1801 529 complevit
1825 497 2000 521 sermonem
2019 498 2124 528 suum,

1167 546 1262 580 quern
1286 542 1489 580 praeceperat
1521 548 1540 571 a
1574 539 1685 572 diebus
1712 541 1859 583 antiquis.
1899 542 2063 574 Destruxit
2098 546 2130 575 ct

1167 599 1230 623 non
1254 590 1394 632 pepercit
1429 594 1460 624 et
1496 592 1674 625 laetificavit
1709 602 1805 635 super
1840 597 1870 627 te
1906 594 2066 627 inimicum
2099 599 2129 627 et

1167 643 1320 676 exaltavit
1343 652 1443 676 cornu
1468 644 1606 677 hostium
1632 648 1759 678 tuorum
1778 660 1807 677 n.

1258 695 1310 728 34.
1346 696 1575 738 Spiritualiter
1610 700 1715 730 autem
1753 698 1938 740 intelligitur
1967 708 2023 741 per
2054 700 2129 732 haec

1167 749 1247 782 ultio
1270 749 1395 782 divinae
1419 749 1640 792 indignationis
1668 755 1797 793 propter
1824 755 1948 793 peccata
1969 762 2129 794 persona-

1165 812 1246 835 rum
1270 802 1588 842 ecclesiasticarum,
1613 808 1676 837 tam
1700 805 1909 838 saecularium
1935 814 2029 847 quam
2059 806 2131 839 reli·

1167 855 1347 898 giosarum,
1372 856 1546 889 secundum
1570 856 1647 889 illud
1672 857 1827 890 Michaeae
1852 858 1985 890 tertio⁹:
2016 871 2031 886 «
2046 858 2131 890 Prin-

1167 909 1253 951 cipes
1283 909 1352 942 eius
1383 910 1414 942 in
1449 910 1637 944 muneribus
1671 911 1868 950 iudicabant,
1893 914 1925 944 et
1953 912 2130 945 sacerdotes

1167 963 1236 996 eius
1260 962 1290 995 in
1316 963 1460 997 mercede
1483 963 1653 1003 docebant,
1678 968 1709 997 et
1733 965 1905 1006 prophetae
1929 965 1998 998 cius
2021 965 2051 997 in
2078 974 2130 1007 pe-

1168 1015 1261 1049 cunia
1284 1015 1512 1049 divinabant».
1544 1017 1706 1059 «Propter
1738 1017 1797 1050 hoc
1826 1017 1898 1049 Sion
1930 1018 2019 1059 quasi
2055 1027 2130 1060 ager

1167 1068 1340 1102 arabitur»
1368 1072 1427 1102 etc.
1453 1070 1490 1102 Et
1512 1070 1688 1112 specialiter
1720 1074 1850 1113 propter
1881 1075 2008 1112 peccata
2027 1080 2127 1113 prae-

1167 1122 1314 1155 latorum
1322 1134 1334 1161 ;
1358 1123 1453 1156 Isaiae
1477 1123 1581 1165 primo
1594 1124 1638 1156 ¹⁰:
1669 1137 1684 1153 α
1700 1123 1862 1165 Quomodo
1886 1124 1967 1157 facta
1990 1127 2037 1157 est
2065 1133 2129 1157 me-

1165 1176 1269 1208 retrix
1300 1176 1410 1209 civitas
1441 1176 1560 1216 fidelis,
1585 1177 1677 1219 plena
1707 1177 1831 1210 iudicii!
1865 1177 1984 1210 Iustitia
2007 1178 2129 1210 habita-

1166 1229 1211 1262 vit
1235 1229 1267 1261 in
1291 1238 1345 1269 ea,
1369 1238 1454 1263 nunc
1478 1233 1583 1263 autem
1620 1230 1794 1263 homicidae
1811 1243 1842 1269 »ς
1873 1230 2059 1272 «principes
2083 1231 2128 1263 tui

1166 1282 1325 1322 infideles,
1351 1283 1426 1316 socii
1450 1283 1568 1316 surum.
1601 1283 1717 1316 Omnes
1747 1283 1881 1326 diligunt
1905 1293 2056 1323 munera,
2081 1293 2128 1317 se-

1167 1338 1313 1377 quuntur
1337 1335 1563 1369 retributiones
1579 1349 1609 1367 ι».
1640 1349 1655 1364 «
1672 1336 1802 1378 Propter
1828 1337 1885 1369 hoc
1909 1337 1952 1369 ait
1976 1337 2128 1370 Dominus

1166 1388 1252 1421 Deus
1282 1388 1515 1433 exercituumg
1537 1389 1619 1422 Heu!
1657 1389 1840 1430 consolabor
1865 1399 1961 1432 super
1985 1390 2130 1423 hostibus

1167 1441 1246 1474 meis
1275 1445 1307 1475 et
1335 1442 1517 1475 vindicabor
1548 1443 1587 1475 de
1614 1443 1749 1476 inimicis
1781 1443 1907 1476 meis».
1933 1443 2002 1476 Ideo
2036 1443 2129 1476 Isaiae

1167 1494 1330 1536 trigesimo
1361 1497 1533 1537 quartoss:
1562 1495 1667 1529 «Dies
1690 1496 1820 1529 ultionis
1851 1496 1992 1535 Domini,
2028 1505 2130 1528 annus

1167 1547 1413 1581 retributionum
1437 1547 1543 1581 iudicii
1568 1549 1639 1581 Sion
1654 1561 1684 1587 »;
1709 1552 1741 1581 et
1764 1549 1919 1582 secundae
1935 1549 1973 1581 ad
1997 1549 2128 1582 Thessa-

1166 1600 1340 1634 lonicenses
1371 1601 1527 1634 secundo:
1558 1614 1574 1630 <a
1591 1601 1690 1634 Mittet
1721 1602 1767 1635 eis
1789 1602 1883 1635 ‘Deus
1914 1602 2127 1644 operationem

1166 1653 1300 1693 erroris,
1325 1657 1361 1686 ut
1384 1654 1514 1687 credant
1536 1654 1718 1694 mendacio,
1743 1658 1779 1687 ut
1802 1655 1982 1688 iudicentur
2005 1664 2128 1693 omnes,

1165 1706 1221 1749 qui
1244 1716 1307 1739 non
1331 1706 1535 1740 crediderunt
1567 1707 1709 1747 veritati,
1734 1707 1787 1740 sed
1819 1712 2046 1741 consenserunt
2070 1708 2128 1740 ini-

1165 1759 1277 1802 quitati
1294 1773 1325 1792 ».
1351 1760 1388 1793 Et
1411 1763 1487 1793 tuuc
1510 1760 1542 1793 in
1566 1760 1678 1794 ultima
1703 1761 1904 1794 tribulatione
1928 1770 2126 1794 consumma-

1165 1812 1288 1845 buntur
1304 1812 1424 1852 omnia,
1442 1813 1615 1846 secundum
1633 1813 1710 1846 illud
1734 1813 1933 1855 Apocalypsis
1948 1813 2123 1846 decimoffl:

1170 1879 1186 1895 α
1203 1866 1236 1899 ln
1260 1866 1372 1899 diebus
1395 1866 1480 1899 vocis
1504 1867 1627 1908 septimi
1652 1867 1776 1909 Angeli,
1793 1876 1866 1899 cum
1890 1867 2027 1909 coeperit
2051 1867 2127 1900 tuba

1165 1928 1297 1959 canere,
1321 1919 1593 1953 consummabitur
1611 1920 1796 1961 mysterium
1814 1920 1883 1959 Dei,
1900 1920 1985 1962 quod
2002 1920 2126 1952 locutus

1165 1974 1213 2005 est
1235 1981 1292 2014 per
1316 1981 1425 2005 servos
1448 1981 1523 2005 suos
1555 1973 1726 2015 Prophetas
1740 1985 1772 2011 ¹⁰3
1795 1976 1826 2006 et
1849 1973 1969 2006 decimo
1993 1973 2122 2015 quinto:

1169 2038 1185 2054 <x
1201 2025 1366 2067 Impletum
1391 2028 1439 2058 est
1462 2026 1614 2068 templum
1638 2026 1692 2059 Dei
1722 2026 1809 2059 fumo
1831 2035 1850 2058 a
1873 2026 2034 2059 maiestate
2057 2027 2124 2066 Dei,

1164 2081 1195 2111 et
1217 2087 1310 2111 nemo
1332 2081 1456 2120 poterat
1479 2078 1610 2111 introire
1634 2079 1665 2111 in
1683 2079 1845 2121 templum,
1862 2079 1961 2112 donec
1977 2088 2124 2112 consum-

1163 2134 1328 2164 marentur
1352 2133 1471 2173 septem
1495 2131 1604 2173 plagae
1627 2134 1746 2173 septem
1770 2131 1958 2174 Angelorum
1975 2145 2005 2164 2».

1254 2183 1306 2217 35.
1332 2184 1433 2225 (Vers.
1459 2184 1536 2225 23).
1568 2184 1632 2217 Vae
1655 2187 1767 2217 autem
1799 2184 2066 2228 praeqnantibus
2095 2190 2124 2219 et
2138 2194 2247 2225 sentinae.
2264 2195 2290 2216 aa

1163 2236 1386 2269 nutrientibus
1409 2239 1468 2269 etc.
1493 2237 1659 2279 Postquam
1694 2237 1860 2280 descripsit
1891 2237 2009 2271 bellum
2033 2248 2124 2281 prae·
2143 2222 2286 2278 2333?-

1163 2288 1290 2328 cedens,
1303 2288 1452 2322 describit
1465 2289 1516 2322 hic
1532 2289 1670 2323 secundo
1684 2290 1709 2309 ¹⁸
1725 2290 1892 2323 excidium
1908 2291 2124 2335 subscquens;
2187 2277 2236 2296 ‘¹¹³'

1163 2341 1247 2375 circa
1269 2341 1355 2384 quod
1388 2342 1629 2376 describendum
1665 2343 1727 2376 trIa
1761 2343 1981 2384 insinuantur,
2005 2345 2124 2378 seilicet

1163 2395 1332 2437 oppressio
1356 2394 1502 2428 civitatis
1524 2397 1758 2439 occupandae,
1782 2397 1962 2430 destructio
1978 2397 2125 2430 civitatis

1162 2457 1339 2491 oppressae
1362 2451 1394 2481 et
1417 2448 1575 2482 desolatio
1598 2449 1744 2483 civitatis
1767 2450 1962 2483 destructae.

1251 2501 1355 2534 Primo
1386 2501 1483 2544 igitur
1519 2506 1674 2545 quantum
1701 2503 1741 2536 ad
1771 2504 2014 2546 oppressionem
2045 2505 2124 2537 cici·
2151 2514 2267 2544 0912505310

1162 2554 1240 2588 tatis
1264 2555 1478 2598 occupandae
1501 2556 1592 2590 dicit:
1624 2557 1689 2590 Vae
1711 2561 1821 2590 autem
1854 2558 2122 2601 praegnantibus
2136 2543 2280 2594 οοὲἓέἓιᾶἷε.

1162 2611 1190 2641 et
1212 2607 1438 2641 nutrientibus
1453 2608 1489 2642 in
1506 2609 1572 2642 illis
1594 2609 1729 2643 diebus!
1752 2610 1859 2644 Glossa
1874 2611 1917 2643 ¹⁴:
1947 2624 1963 2640 «
1979 2611 2121 2653 Quarum

2163 709 2271 735 Expositio

2154 736 2279 762 spiritualis.

1234 2782 1245 2797 ⁴
1265 2784 1339 2809 vers.
1359 2783 1385 2809 6.
1404 2797 1438 2802 -
1458 2783 1581 2816 Sequitur
1601 2784 1669 2809 loan.
1687 2783 1713 2816 7,
1735 2784 1757 2816 l,
1777 2783 1823 2810 ubi
1841 2791 1891 2816 pro
1904 2783 1932 2810 in
1945 2783 2047 2810 Iudaea
2061 2784 2124 2809 Vul-

1163 2831 1223 2861 gata
1242 2827 1271 2854 in
1283 2827 1428 2854 Iudaeam.

1234 2871 1246 2887 ⁶
1265 2873 1339 2898 Vers.
1360 2872 1404 2898 23.
1422 2874 1448 2897 et
1465 2871 1561 2898 deinde
1574 2872 1635 2903 ‚Act.
1654 2872 1684 2903 9,
1705 2872 1748 2897 25.
1767 2879 1822 2905 seq.

1234 2915 1245 2931 ‘³
1265 2917 1339 2943 Vers.
1361 2916 1403 2941 ⁴2.

1234 2959 1245 2974 ⁷
1263 2959 1346 2986 Codd.
1366 2959 1448 2985 CDH
1467 2959 1568 2985 addunt
1587 2958 1664 2991 inde;
1683 2960 1730 2985 cfr.
1758 2960 1787 2985 13.
1805 2958 1903 2985 Albert.
1922 2973 1957 2978 —
1975 2960 2064 2986 Glossa
2085 2960 2122 2986 in-

1161 3003 1316 3032 terlinearis
1336 3003 1377 3036 (ex
1396 3002 1493 3035 Beda):
1514 3002 1585 3035 Quia
1603 3002 1658 3029 dies
1676 3002 1801 3035 nicaenis,
1824 3003 1948 3028 dominici
1975 3004 2121 3036 sanguinis.

1233 3046 1244 3062 ⁸
1263 3048 1339 3073 Vers.
1357 3046 1401 3072 35.
1420 3053 1476 3079 seq.
1495 3060 1529 3064 —
1549 3046 1672 3078 Sequitur
1691 3046 1788 3072 Thren.
1808 3047 1833 3078 2,
1855 3046 1896 3072 17.

1233 3091 1245 3106 ⁹
1264 3092 1339 3117 Vers.
1360 3091 1401 3116 1-1.
1420 3094 1445 3116 et
1465 3091 1507 3116 ⁴12.

1234 3133 1256 3150 ¹⁰
1275 3135 1352 3161 Vers.
1373 3135 1415 3160 21.
1430 3134 1472 3160 23.
1492 3137 1517 3160 et
1537 3134 1578 3159 25.

1233 3177 1255 3193 ¹¹
1275 3178 1350 3204 Vers.
1371 3178 1400 3210 8,
1419 3180 1479 3209 post
1497 3184 1577 3210 quem
1597 3177 1624 3203 11.
1644 3177 1737 3203 Thess.
1756 3178 1787 3209 2,
1810 3178 1851 3203 10.
1870 3184 1926 3211 seq.

1234 3221 1256 3237 ¹²
1276 3222 1351 3248 Vers.
1369 3221 1395 3247 7.
1414 3224 1440 3247 et
1458 3220 1556 3249 deinde
1577 3221 1624 3252 15,
1643 3221 1668 3247 8.

1234 3264 1256 3281 ¹⁸
1275 3265 1328 3292 Ch·-
1346 3272 1427 3298 supra
1445 3272 1471 3291 n.
1491 3266 1532 3291 28.

1233 3310 1255 3325 ¹⁴
1275 3310 1378 3336 Scilicet
1396 3308 1578 3336 interiment-is
1592 3309 1633 3343 (ex
1646 3309 1732 3341 Beda,
1750 3310 1797 3343 qui
1816 3310 1934 3344 sequitur
1947 3311 2060 3341 Hieron„
2080 3311 2122 3336 lV.

1160 3354 1307 3382 Comment.
1322 3354 1348 3380 in
1361 3354 1449 3380 Matth.
1465 3353 1513 3385 24,
1532 3353 1583 3386 19).
1595 3367 1631 3373 -
1643 3353 1762 3380 Subinde
1780 3354 1907 3387 allegatur
1921 3355 1938 3380 l.
1952 3355 2044 3380 Thess.
2058 3354 2083 3385 5,
2096 3355 2121 3380 3.
