2476 3921
729 223 935 273 COMMENT.
953 241 990 273 ΙΝ
1015 240 1256 274 EVANGELIUM
1281 241 1398 274 LUCAE
1423 242 1455 274 C.
1480 243 1567 275 XVll.

247 332 298 364 60.
324 329 430 364 Tertio
464 333 621 372 quantum
655 329 694 363 ad
727 333 854 362 statum
888 329 1121 371 praelatorum

5 395 75 418 smus
90 384 339 427 prae-subiungit:
374 384 447 416 Duo
478 384 515 416 in
545 393 651 426 agro,
684 392 741 426 per
772 383 946 416 custodiam
972 382 1121 416 Ecclesia-

24 422 121 443 latorum.

0 1243 79 1266 illabet
92 1243 135 1265 elo-

0 1273 48 1293 ietos
66 1272 87 1292 et
101 1275 134 1292 re-

0 1297 89 1334 iprobos.

1 1670 138 1693 mellarium.

155 447 243 477 rum;
267 437 418 471 Glossa¹:
449 449 463 466 α
481 437 568 470 Duae
591 437 786 470 differentiae
809 436 1063 478 praedicatorum
1088 435 1119 468 in

155 490 291 524 Ecclesia
321 491 410 533 quasi
435 490 466 523 in
491 499 568 532 agro
592 489 802 522 laborantium
819 502 850 521 ».
873 489 959 522 Unde
982 493 1014 522 et
1041 489 1120 530 Apo-

154 544 254 577 stolus
277 543 453 586 praelatum
485 547 516 576 et
540 543 786 585 praedicatorem
815 542 908 575 etiam
933 541 1121 585 agricolam

154 601 261 636 vocat;
291 596 446 630 secundae
477 596 516 629 ad
548 596 746 629 Timotheum
771 595 953 629 Secund0²:
984 609 1000 625 α
1024 595 1120 628 Labo-

155 654 276 683 rantem
300 649 468 692 agricolam
494 653 618 691 oportet
642 649 781 691 primum
805 649 844 682 de
867 648 1025 682 fructibus
1051 649 1121 682 eius

154 703 247 737 edere
263 716 299 743 »;
324 707 355 736 et
379 703 448 736 ideo
471 703 592 745 primae
616 703 654 735 ad
678 702 858 735 Corinthios
889 702 1001 735 tertio:
1035 703 1118 736 «Dei

153 757 349 799 agricultura
365 756 454 795 estis,
472 756 525 789 Dei
551 756 724 789 aedificatio
740 756 815 789 estis
831 769 862 788 n.
889 756 1019 798 Propter
1034 756 1120 799 quod

153 810 272 843 dictum
296 813 344 843 est
369 809 516 843 leremiae
540 809 660 852 primo:
689 822 705 838 α
724 809 815 848 Ecce,
840 809 987 842 constitui
1012 812 1042 842 te
1067 818 1120 842 su-

153 872 211 905 per
234 866 343 905 gentes
366 866 397 911 et
420 872 517 905 super
543 872 657 905 regna,
681 866 718 895 ut
733 862 849 896 evellas
868 866 900 896 et
922 862 1069 896 destruas
1089 866 1120 896 et

153 916 315 961 disperdas
338 920 369 950 et
388 916 521 958 dissipes
541 920 572 949 et
595 916 740 949 aedifices
756 919 788 949 et
811 916 933 958 plantes
950 930 979 948 ».
1009 916 1041 951 ln
1060 916 1119 950 hoc

152 979 230 1012 agro
255 969 408 1003 Ecclesiae
439 972 587 1003 crescunt
609 968 745 1012 fructus
770 969 933 1002 bonorum
957 979 1119 1012 operum,-

152 1023 280 1057 Genesis
303 1023 454 1066 vigesimo
485 1023 661 1065 septimo⁸:
691 1036 706 1051 «
732 1023 827 1062 Ecce,
859 1023 937 1055 odor
970 1022 1023 1055 tilii
1058 1023 1118 1056 mei

153 1077 236 1110 sicut
250 1077 328 1110 odor
351 1077 418 1119 agri
444 1076 542 1119 pleni,
560 1076 610 1109 cui
630 1075 790 1109 benedixit
815 1076 966 1109 Dominus
989 1088 1025 1115 »3
1050 1085 1119 1109 cre-

153 1133 246 1164 scunt
268 1130 363 1163 etiam
385 1129 483 1172 flores
508 1130 712 1168 Sanctorum,
744 1129 862 1162 scilicet
889 1130 1118 1172 rosaeMarty-

153 1192 241 1222 rum,
267 1183 330 1216 lilia
346 1183 511 1225 virginum
528 1185 559 1215 et
580 1182 678 1214 violae
694 1182 930 1221 Confessorum;
957 1183 1117 1216 Psalmus:

158 1250 173 1265 ιι
193 1236 374 1269 Pulcritudo
397 1235 463 1278 agri
487 1244 612 1268 mecum
636 1239 684 1268 est
701 1248 731 1267 ».
756 1254 797 1258 —
824 1235 906 1269 lnter
932 1236 990 1269 hos
1015 1240 1117 1269 tamen

153 1289 361 1332 agricultores
383 1287 480 1330 aliqui
505 1287 724 1326 salvabuntur,
749 1291 780 1320 et
804 1287 873 1321 ideo
896 1288 999 1321 addit:
1026 1289 1119 1322 [snus

154 1345 357 1380 assumetur,
382 1341 500 1374 scilicet
516 1340 553 1373 ad
579 1340 704 1373 culmen
722 1344 925 1373 aeternorum
946 1341 1117 1380 bonorum;

153 1395 263 1437 Aggaei
289 1393 470 1427 secund04:
502 1406 517 1422 α
534 1394 696 1426 Assumam
714 1396 762 1432 te,
787 1393 979 1433 Zorobabel,
1004 1394 1047 1426 fili
1065 1395 1119 1427 Sa-

154 1448 279 1486 lathiel,
303 1451 335 1480 et
366 1456 479 1490 ponam
512 1450 542 1479 te
574 1446 662 1489 quasi
696 1446 909 1489 signaculum,
942 1447 1017 1489 quia
1040 1447 1117 1490 elegi

154 1504 185 1534 te
201 1514 231 1533 n.
250 1519 291 1525 ——
311 1501 350 1533 Ει
381 1500 465 1533 alter
496 1500 713 1544 relinquetur,
737 1499 855 1533 scilicet
879 1500 910 1532 in
943 1501 1120 1533 calamitate

153 1554 355 1588 infernalium
371 1553 632 1596 opprobriorum
657 1553 752 1586 isaiae
768 1553 920 1596 vigesimo
944 1554 1078 1596 septimo
1091 1554 1118 1586 ⁶:

159 1621 175 1638 «
191 1608 306 1641 Civitas
335 1607 457 1640 munita
486 1607 625 1640 desolata
648 1607 723 1646 erit,
748 1607 887 1649 speciosa
919 1607 1119 1650 relinquetur

154 1665 187 1695 et
210 1662 387 1695 dimittetur
411 1661 500 1704 quasi
525 1661 686 1694 desertum
704 1675 734 1693 „.
761 1679 802 1685 —-
829 1661 875 1694 Ex
898 1661 949 1694 his
972 1662 1120 1695 omnibus

154 1716 327 1758 colligitur,
352 1715 436 1758 quod
460 1715 491 1747 in
508 1714 650 1757 quolibet
673 1717 758 1747 statu
775 1714 997 1748 salvandorum
1022 1715 1119 1758 aliqui

155 1772 251 1802 erunt
274 1768 345 1801 boni
374 1773 406 1801 et
429 1767 525 1810 aliqui
559 1758 652 1807 mali3'
671 1770 702 1800 et
725 1767 770 1801 sic
801 1777 912 1801 omnes
935 1768 1119 1808 formident,

154 1822 329 1856 secundum
347 1821 423 1855 illud
443 1821 645 1855 Ecclesiastae
662 1830 744 1854 nono
757 1821 785 1853 ⁶:
807 1834 822 1850 α
837 1821 916 1854 Sunt
933 1821 1006 1855 iusti
1024 1825 1120 1864 atque

155 1875 326 1918 sapientes,
351 1879 382 1908 et
412 1884 509 1917 opera
532 1883 643 1908 eorum
676 1874 707 1907 in
733 1883 829 1907 manu
854 1875 928 1914 Dei;
960 1878 992 1908 et
1016 1879 1119 1908 tamen

155 1929 387 1969 nescit'homo‚
412 1932 521 1962 utrum
542 1937 665 1967 amore,
689 1937 727 1961 an
753 1928 824 1961 odio
848 1928 962 1971 dignus
986 1928 1041 1969 sit,
1066 1928 1120 1962 sed

155 1982 260 2016 omnia
283 1982 314 2015 in
331 1982 477 2016 futurum
495 1986 663 2016 servantur
688 1982 808 2015 incerta
824 1996 854 2014 ν.
875 1983 1005 2025 Propter
1021 1982 1119 2025 quod,

155 2036 180 2068 si
205 2036 277 2078 quis
300 2036 368 2069 vult
391 2036 536 2069 futurum
565 2035 716 2069 iudicium
740 2036 891 2075 evadere,
923 2036 1121 2069 necessarius

155 2092 203 2122 est
226 2089 253 2122 ei
278 2099 340 2122 non
365 2093 487 2123 tantum
512 2090 620 2124 mnndi
645 2093 860 2133 contemptus,
885 2099 997 2123 verum
1026 2090 1120 2123 etiarn

157 2142 252 2175 timor
275 2142 419 2182 divinus,
444 2143 619 2177 secundum
643 2143 720 2177 illud
738 2143 833 2177 lsaiae
849 2143 1025 2176 secund0:⁷
1043 2157 1058 2172 «
1073 2143 1121 2176 ln-

155 2195 287 2237 gredere
311 2195 342 2228 in
368 2201 489 2238 petram
519 2200 550 2230 et
574 2197 766 2230 abscondere
801 2197 832 2229 in
864 2196 948 2229 fossa
972 2197 1071 2229 humo
1102 2206 1121 2229 a

156 2248 233 2281 facie
257 2248 379 2281 timoris
395 2249 517 2282 Domini
535 2253 566 2282 et
589 2259 606 2282 a
630 2249 731 2292 gloria
752 2249 919 2283 Maiestatis
936 2261 967 2289 1>;
997 2262 1013 2278 «
1028 2249 1121 2283 cuius

156 2302 239 2335 enim
264 2302 334 2335 vult
358 2302 542 2342 miseretur,
574 2306 605 2335 et
629 2312 723 2345 quem
749 2303 818 2336 vult
848 2303 1023 2337 indurat».
1049 2303 1120 2336 ldeo

154 2355 377 2398 unusquisque
401 2356 532 2389 territus
554 2364 627 2389 cum
659 2356 805 2398 Apostolo
831 2356 988 2389 exclamet
1018 2359 1050 2389 et
1073 2356 1120 2389 di-

228 2571 238 2589 ²
258 2572 360 2598 Scilicet
372 2571 553 2598 interlinearis
568 2571 608 2605 (ex
623 2571 705 2603 Beda;
719 2573 766 2597 cfr.
780 2572 904 2604 August„
917 2572 966 2598 loc.
979 2572 1042 2605 cit.)‚
1052 2579 1121 2606 quae

158 2617 185 2642 in
197 2617 249 2643 ssne
261 2617 348 2642 addit:
368 2617 463 2642 Eorum
477 2616 522 2650 qui
536 2616 666 2643 Christum
681 2616 781 2642 sincero
795 2616 963 2648 annuntiant,
983 2620 1009 2643 et
1026 2624 1120 2643 eorum

156 2661 204 2695 qui
227 2661 339 2687 verbum
365 2661 410 2687 Dei
436 2661 580 2687 adulterant
602 2660 639 2694 [ll.
659 2660 717 2687 Cor.
739 2662 769 2692 2,
791 2661 836 2693 17;
856 2662 902 2687 ct'r.
922 2661 985 2687 Phil.
1006 2661 1036 2692 1,
1056 2661 1120 2695 17.].

228 2705 238 2720 ⁹
260 2706 333 2732 Vers.
356 2706 380 2731 6.
396 2719 429 2724 -
443 2706 500 2731 Duo
519 2712 594 2738 seqq.
608 2705 656 2731 loci
671 2709 733 2731 sunt
751 2706 767 2731 Ι.
782 2704 842 2731 Cor.
856 2706 884 2737 3,
899 2706 922 2731 9.
938 2709 964 2731 et
978 2706 1024 2732 ler.
1039 2707 1063 2737 1,
1078 2707 1120 2732 10.

228 2749 239 2765 ⁸
259 2751 333 2777 Vers.
353 2751 396 2776 27.
415 2764 450 2770 —
470 2751 593 2783 Sequitur
607 2750 647 2775 Ps.
667 2749 715 2780 49,
739 2750 781 2775 11.
800 2749 850 2776 Csr.
874 2751 991 2776 Breviar.
1009 2752 1120 2777 Roman.

156 2795 185 2820 iu
204 2796 269 2821 sesto
287 2795 411 2821 Omnium
432 2796 470 2820 Ss.
491 2795 517 2820 ll.
538 2795 608 2820 Noct.
629 2794 686 2820 lect.
707 2794 732 2820 5.
753 2795 794 2827 (ex
814 2794 900 2826 Beda,
921 2795 1006 2820 Sei-m.
1029 2796 1069 2821 18.
1086 2795 1120 2821 de

157 2839 272 2870 sanctis,
291 2846 360 2865 nunc
380 2839 474 2865 llomil.
493 2839 536 2865 70.
551 2838 677 2865 homiliar.
692 2838 913 2872 subdititiarum):
933 2839 953 2865 O
967 2846 1030 2865 vere
1044 2838 1119 2865 beata

158 2878 241 2909 mater
260 2883 400 2909 Ecclesia.,.
419 2882 539 2909 Floribus
557 2883 614 2909 eius
632 2889 680 2908 nec
698 2889 774 2908 rosae
794 2889 842 2908 nec
861 2883 911 2908 lilia
931 2883 1026 2909 desunt
1044 2887 1094 2910 etc.

229 2925 240 2940 ⁴
260 2927 333 2952 vers.
355 2926 397 2952 24.
415 2940 452 2946 —
470 2927 597 2959 Superius
610 2934 658 2959 pro
679 2927 750 2953 lmer
769 2926 817 2953 hos
837 2928 926 2953 tamen
939 2926 1120 2961 agricultores

159 2970 217 2996 Vnt.
242 2977 304 2996 cum
323 2971 344 2996 G
364 2971 396 2996 ln
414 2970 466 2997 hac
483 2972 574 2997 aulem
593 2970 626 3005 [G
648 2969 747 3004 tamem]
766 2969 949 3004 agricultura.

229 3013 240 3029 ⁵
260 3015 335 3040 Vers.
355 3015 400 3048 10,
420 3015 466 3041 ubi
488 3022 535 3048 pro
554 3014 673 3049 specioso
692 3014 711 3041 C
725 3015 774 3040 DG
794 3021 904 3048 sponsa.

229 3057 241 3073 θ
260 3059 333 3085 Vers.
356 3060 378 3084 l.
398 3062 424 3085 et
442 3061 467 3085 2.
487 3060 535 3085 Pro
555 3059 583 3086 in
602 3066 688 3086 manu
707 3058 756 3086 Dei
773 3058 792 3086 C
804 3060 824 3084 D
843 3059 871 3086 in
890 3067 977 3087 manu
1002 3061 1119 3088 Domini.

229 3102 239 3118 ⁷
260 3103 334 3130 Vers.
355 3104 402 3136 10,
422 3107 482 3137 post
500 3111 580 3138 quem
601 3104 676 3130 Rom.
695 3104 726 3135 9,
753 3104 794 3130 18.
815 3107 840 3130 et
861 3104 888 3130 11
902 3124 908 3136 ,
928 3105 972 3131 33.

229 3147 240 3162 ⁸
259 3148 312 3175 Cl'r.
330 3156 411 3181 supra
430 3156 456 3175 n.
475 3149 519 3175 53.
537 3163 573 3169 —
585 3148 711 3180 Superius
730 3155 778 3180 pro
797 3147 892 3175 dicunt
909 3142 953 3175 illi
969 3153 1017 3176 etc.
1037 3150 1056 3176 C
1068 3151 1120 3177 DH

160 3191 255 3219 ‹lit-unt
273 3192 304 3219 ei.
330 3193 440 3219 lnterius
464 3200 513 3226 pro
538 3192 612 3220 locus
631 3192 726 3227 quietas
745 3192 826 3219 CDll
848 3192 922 3221 locus
942 3194 1120 3228 quietaticus,

158 3238 185 3261 ct
203 3242 251 3267 pro
270 3238 427 3263 assumetur
451 3238 476 3263 et
500 3236 669 3271 relinquetur·
688 3236 707 3263 C
725 3238 903 3264 assumentur
928 3239 952 3264 el
970 3238 1121 3273 relinquen·

158 3281 220 3312 tur,
239 3281 259 3313 G
271 3281 290 3306 ll
311 3283 492 3308 assumuntur
511 3283 537 3308 et
554 3281 757 3315 relinquuntur.

230 3322 241 3338 ⁹
261 3325 363 3351 Scilicet
381 3325 523 3352 ordinm-ia
548 3324 588 3358 (ex
609 3325 702 3358 ilcila),
729 3325 756 3351 in
783 3333 835 3359 qua
862 3326 922 3353 Vat.
947 3334 1008 3353 cum
1030 3328 1121 3354 Glossa

159 3375 208 3401 pro
226 3368 380 3396 subticendo
393 3369 526 3397 substituit
538 3369 700 3398 subficiendo
721 3371 816 3404 (nediu
834 3370 912 3398 aliud
923 3372 1122 3406 subintelliyen·

159 3413 225 3440 dum
243 3413 375 3448 reliquit).

2082 248 2148 280 447

1185 332 1253 362 cat:
1284 342 1300 358 α
1320 329 1346 362 Ο
1370 330 1503 364 altitudo
1534 331 1714 365 divitiarum
1739 334 1909 375 sapientiae
1939 338 1970 367 et
2001 335 2147 368 scientiae

1185 382 1255 414 Dei!
1273 391 1368 424 quam
1390 383 1717 425 incomprehensibilia
1738 390 1812 418 sunt
1835 387 1949 420 iudicia
1969 388 2038 420 eius
2051 402 2065 416 ι»
2087 391 2146 420 etc.

1276 436 1329 468 61.
1354 436 1457 477 (Vers.
1490 437 1567 478 36.).
1601 439 1837 481 Respondent&
1867 440 1983 472 dicunt
2014 441 2065 473 illi
2088 445 2146 473 etc.
2159 448 2315 470 cummaio-

2175 475 2209 496 nis
2223 476 2294 496 tami-

1186 488 1353 531 Postquam
1376 489 1542 532 descripsit
1565 491 1714 524 evadendi
1740 492 1866 525 modum
1891 498 1922 526 et
1949 493 2148 526 evadentium
2160 507 2314 549 numgmoo-

1185 545 1321 581 statum,
1358 543 1506 576 subditur
1539 544 1590 577 hic
1622 545 1761 578 ultimo⁸
1789 546 1954 578 evasionis
1986 547 2149 579 terminus

1184 598 1216 628 et
1233 595 1320 629 locus
1336 596 1466 638 quietis,
1491 606 1585 639 quem
1611 598 1745 639 Apostoli
1768 599 1953 641 requirunt,
1978 608 2050 632 cum
2074 600 2150 632 dici-

1186 652 1256 681 tur:
1275 649 1530 691 Res-ponderum,
1547 650 1665 683 scilicet
1682 652 1832 692 Apostoli,
1857 652 1972 684 dicunt
1989 652 2038 684 illi
2047 665 2053 684 ε
2078 653 2149 691 Ubi,

1186 702 1352 734 Domine?
1388 703 1506 735 scilicet
1540 707 1721 737 assumetur
1756 708 1787 737 et
1823 705 2032 747 relinquetur.
2064 706 2150 738 Unde

1185 756 1320 797 Apostoli
1354 759 1529 799 utrumque
1562 757 1748 799 requirunt,
1780 758 1833 791 sed
1866 768 1964 791 unum
1999 759 2150 793 Dominus

1186 809 1355 851 respondet
1370 818 1522 852 expresse
1550 815 1581 843 et
1608 811 1693 843 aliud
1718 811 1821 844 innuit
1838 812 1943 851 tacite;
1969 812 2149 846 undeGlos—

1185 862 1262 895 sa⁹t
1292 875 1306 890 α
1325 863 1394 895 Duo
1418 864 1645 905 quaerentibus
1669 874 1768 897 unum
1802 865 1987 907 respondet,
2021 866 2150 899 Sanctos

1184 915 1304 949 scilicet
1327 924 1434 949 secum
1455 917 1679 957 assumendos,
1700 918 1784 951 aliud
1814 919 1998 952 subticendo
2029 919 2150 959 innuit,

1183 969 1283 1002 malos
1299 969 1417 1002 scilicet
1433 979 1450 1002 a
1467 979 1501 1003 se
1517 971 1661 1012 repulsos
1681 980 1752 1004 cum
1770 971 1893 1005 diabolo
1909 972 2100 1006 damnandos
2117 987 2147 1005 ι.

1274 1023 1325 1055 602.
1351 1023 1452 1061 (Vers.
1479 1023 1556 1064 37.).
1582 1024 1619 1057 Et
1636 1025 1703 1058 ideo
1727 1025 1850 1058 subdit:
1870 1026 1936 1067 Qui
1954 1027 2040 1058 dixit
2064 1026 2148 1059 illis.-

1189 1075 1389 1120 Ubicumque
1411 1075 1518 1119 fucrit
1540 1087 1682 1120 corpus,
1707 1078 1787 1111 illuc
1809 1079 2100 1122 conyreyabuutur
2120 1084 2150 1113 et

1183 1128 1325 1172 aquilae.
1350 1129 1426 1162 Nota
1455 1129 1506 1162 hic
1543 1130 1678 1164 notabile
1712 1132 1917 1174 exemplum:
1954 1132 2043 1165 electi
2075 1141 2149 1165 con-

1182 1182 1400 1225 gregabuntur
1424 1183 1461 1215 ad
1491 1183 1651 1217 Christum
1683 1185 1766 1218 sicut
1797 1185 1834 1218 ad
1867 1194 1942 1218 suae
1972 1185 2149 1219 resectionis

1182 1236 1427 1276 abundantiam,
1459 1237 1724 1279 quemadmodum
1756 1239 1880 1281 aquilae
1915 1243 2146 1282 congregantur

1182 1288 1222 1322 ad
1238 1298 1355 1331 corpus
1379 1289 1460 1322 sicut
1476 1290 1515 1323 ad
1539 1299 1660 1329 escam;
1678 1291 1748 1330 lob,
1766 1292 1925 1334 trigesssmo
1942 1302 2024 1325 nono
2039 1293 2078 1332 ¹⁰,
2104 1293 2148 1325 lo-

1183 1351 1285 1384 quens
1308 1342 1346 1375 de
1368 1343 1474 1385 aquila
1496 1343 1589 1376 dicit:
1619 1357 1633 1372 α
1651 1344 1846 1387 Ubicumque
1877 1346 1973 1378 suerit
1997 1346 2147 1386 cadaver,

1183 1395 1287 1428 statim
1305 1396 1393 1429 adest
1408 1409 1438 1428 n.
1457 1397 1543 1430 Unde
1559 1397 1767 1439 Hieronymus
1781 1399 1823 1430 l¹:
1846 1412 1861 1427 «ι
1879 1400 2006 1441 Aquilae
2030 1403 2061 1432 et
2077 1400 2148 1432 vul-

1183 1452 1273 1481 tures
1298 1450 1508 1482 transmarina
1531 1450 1648 1483 sentire
1671 1450 1821 1483 dicuntur
1846 1451 1998 1484 cadavera
2015 1466 2044 1484 n.
2068 1452 2148 1485 Con—

1183 1505 1357 1544 gregantur
1377 1506 1483 1535 autem
1499 1503 1526 1522 ¹²
1543 1512 1600 1545 per
1617 1503 1849 1536 vivacissimum
1865 1504 2028 1544 olfactum,
2045 1506 2149 1547 limpi—

1184 1555 1349 1588 dissimum
1374 1559 1555 1598 aspectum,
1580 1556 1811 1590 velocissimum
1838 1561 1957 1590 motum
1981 1561 2013 1591 et
2035 1559 2149 1592 avidis-

1184 1609 1300 1642 simum
1324 1610 1509 1652 appetitum.
1535 1610 1584 1643 Sic
1608 1610 1710 1643 Sancti
1735 1611 1775 1643 ad
1798 1611 1958 1644 Christum
1979 1621 2149 1655 congrega-

1185 1662 1325 1701 buntur,
1349 1662 1387 1696 ad
1413 1663 1552 1696 Verbum
1571 1664 1788 1703 incarnatum,
1814 1673 1868 1706 per
1892 1664 2148 1699 ardentissimum

1185 1715 1405 1755 desiderium,
1427 1716 1681 1759 limpidissimum
1699 1717 1894 1757 contuitum,
1917 1717 2149 1760 sapidissimum

1183 1774 1321 1812 qustum
1345 1773 1377 1803 et
1401 1779 1458 1812 per
1481 1775 1607 1803 motum
1631 1771 1760 1803 amoris
1783 1771 1993 1804 excessivum.
2019 1772 2150 1814 Propter

1185 1823 1270 1866 quod
1284 1826 1316 1857 et
1343 1824 1498 1867 Propheta
1513 1824 1612 1857 David
1625 1824 1669 1864 ¹³,
1688 1825 1872 1867 exprimens
1897 1825 2011 1858 harum
2028 1826 2149 1868 aquila-

1186 1886 1258 1910 rum
1283 1886 1429 1910 accessus
1452 1877 1490 1910 ad
1514 1877 1695 1917 Christum,
1720 1878 1871 1920 exprimit
1891 1878 1922 1911 in
1946 1887 1980 1911 se
2003 1878 2071 1920 ipso
2094 1879 2149 1911 cle-

1184 1930 1363 1964 siderium:
1382 1944 1397 1960 α
1411 1931 1680 1973 Quemadmodum
1693 1931 1849 1964 desiderat
1864 1940 1978 1964 cervus
1994 1931 2031 1964 ad
2048 1931 2149 1965 sontes

1185 1993 1361 2026 aquarum,
1386 1984 1430 2017 ita
1460 1983 1617 2017 desiderat
1640 1984 1744 2017 anima
1776 1993 1845 2017 mea
1868 1983 1906 2017 ad
1937 1987 1981 2023 te,
2010 1984 2094 2017 Deus
2111 1997 2146 2024 »;

1185 2038 1386 2071 contuitum.-
1416 2051 1432 2067 «
1448 2038 1528 2080 Quia
1551 2038 1635 2080 apud
1660 2042 1690 2071 te
1713 2039 1760 2071 est
1783 2037 1853 2071 fons
1876 2038 1972 2077 vitae,
1996 2038 2074 2071 etin
2099 2039 2149 2071 lu-

1184 2091 1269 2124 mine
1293 2094 1348 2124 tuo
1372 2091 1548 2125 videbimus
1564 2092 1669 2125 lumen
1689 2105 1704 2121 2>
1733 2095 1983 2134 etc.;9ustum:
2015 2105 2031 2121 α
2048 2092 2145 2125 Satia—

1184 2144 1254 2184 bor,
1277 2154 1349 2178 cum
1375 2145 1560 2188 apparuerit
1590 2144 1690 2188 gloria
1714 2147 1768 2177 tua
1784 2156 1819 2183 »ς
1844 2154 2012 2178 amorem:
2034 2158 2049 2173 ει
2066 2145 2146 2187 Quia

1184 2198 1415 2231 inflammatum
1447 2202 1495 2231 est
1527 2207 1581 2231 cor
1612 2206 1717 2230 meum
1736 2211 1765 2230 n.
1798 2198 1830 2230 ln
1862 2198 1976 2230 horum
2010 2198 2146 2240 figuram

1185 2251 1238 2283 lob
1262 2250 1423 2293 trigesimo
1447 2260 1529 2283 nono
1545 2251 1572 2270 ¹⁴
1596 2250 1728 2284 dicitur:
1759 2263 1774 2279 α
1794 2251 1940 2293 Nunquid
1957 2250 1996 2283 ad
2020 2259 2147 2293 praece·

1185 2308 1274 2346 ptum
1300 2308 1392 2336 tuum
1417 2304 1592 2337 elevabitur
1616 2303 1722 2346 aquila
1737 2307 1768 2337 et
1792 2308 1885 2346 ponet
1912 2304 1943 2336 in
1968 2304 2075 2337 arduis
2098 2304 2147 2337 ni-

1184 2356 1260 2398 dum
1285 2356 1400 2389 suum?
1417 2357 1449 2389 ln
1467 2357 1566 2399 petris
1589 2360 1694 2389 manet
1709 2360 1740 2389 et
1755 2356 1786 2389 in
1808 2356 1988 2399 praeruptis
2004 2356 2145 2390 silicibus

1257 2572 1279 2587 ¹⁰
1299 2573 1373 2598 Vers.
1394 2572 1442 2604 30;
1462 2573 1508 2598 csr.
1527 2572 1651 2603 Gregor.,
1676 2572 1702 2597 in
1723 2573 1793 2598 hunc
1818 2572 1868 2597 loc.
1887 2572 1994 2605 (XXXl.
2014 2573 2100 2598 moral.
2121 2579 2144 2598 c.

1185 2616 1228 2642 58.
1248 2624 1274 2642 n.
1298 2617 1359 2649 io5;
1380 2616 1442 2642 vide
1460 2617 1537 2642 etiam
1566 2616 1606 2641 lV.
1629 2616 1727 2648 Dialog.
1754 2623 1776 2641 c.
1796 2616 1859 2649 25).
1878 2629 1914 2635 -
1931 2617 2058 2648 Superius
2077 2617 2146 2642 voci-

1184 2661 1235 2687 bus
1254 2661 1330 2688 eleclt'
1347 2660 1588 2695 congyrcyabimtur
1603 2660 1622 2687 C
1636 2661 1657 2686 D
1670 2661 1691 2686 H
1710 2661 1867 2686 interserunt
1879 2660 1958 2692 enim,
1975 2664 2000 2686 et
2012 2668 2060 2693 pro
2078 2668 2146 2688 suae

1183 2705 1335 2740 refectionis
1356 2706 1414 2732 Vat.
1432 2712 1555 2732 summae
1565 2700 1734 2739 'refectionis

1257 2750 1277 2765 ¹¹
1298 2750 1370 2776 Libr.
1388 2750 1429 2776 lV.
1449 2750 1595 2777 Comment.
1615 2750 1639 2775 in
1660 2751 1745 2775 lllatth.
1765 2749 1813 2782 24,
1833 2750 1875 2775 28.
1895 2749 1965 2775 idem
1985 2749 2047 2775 dicit
2065 2749 2145 2781 Chry-

1183 2798 1260 2826 sost.,
1280 2795 1373 2820 llomil.
1390 2794 1430 2821 49.
1451 2795 1476 2820 in
1497 2795 1582 2820 lllatth.
1603 2793 1651 2825 24,
1671 2794 1714 2819 28.
1734 2792 1792 2826 (Op.
1813 2794 1977 2825 imperfect).
1997 2793 2045 2818 Pro
2064 2792 2145 2826 Aqui-

1188 2839 1230 2866 lae
1248 2838 1267 2866 C
1280 2840 1299 2865 D
1310 2840 1331 2865 ll
1350 2839 1458 2873 Aquila.

1259 2883 1279 2899 '⁹
1293 2884 1377 2911 Codd.
1391 2884 1410 2910 A
1421 2883 1440 2910 C
1453 2884 1473 2909 D
1487 2883 1694 2917 concrepa-ntur
1710 2881 1804 2913 eliam,
1819 2882 1840 2907 Η
1854 2881 1917 2907 leem
1932 2882 2144 2914 conci-equatur.

1185 2930 1293 2955 luserius
1318 2936 1366 2961 pro
1386 2927 1422 2954 ad
1454 2927 1567 2954 Verbum
1591 2928 1635 2959 (ita
1655 2927 1686 2959 D)
1706 2926 1756 2952 Cli
1780 2927 1805 2952 rt
1827 2924 1955 2956 Verbum,
1984 2925 2040 2950 Vnt.
2059 2926 2085 2950 et
2107 2924 2145 2951 ad

1189 2974 1316 3000 Verbum.
1335 2987 1370 2992 —
1389 2973 1479 2998 Glossn
1504 2970 1646 2999 ordinaria
1666 2974 1706 3000 (ex
1727 2970 1793 2996 Beda
1801 2979 1807 3000 ;
1834 2970 1881 2994 cfr.
1906 2971 2031 3000 August,
2051 2969 2067 2994 Ι.
2094 2969 2144 3001 Qq.

1120 3034 1131 3037 -
1185 3018 1350 3050 Evangelior.
1363 3025 1388 3050 q.
1405 3011 1472 3049 HJ:
1488 3015 1651 3049 Ubicumque
1668 3014 1750 3048 fuerit
1764 3013 1889 3039 Dominus
1902 3013 2082 3044 corporaliter,
2095 3011 2142 3039 iuo

1185 3061 1424 3096 congregabuntur
1443 3060 1531 3090 electi,
1550 3060 1596 3092 qui
1615 3059 1671 3085 eius
1692 3058 1838 3090 passionem
1859 3057 1990 3082 humiliter
2015 3057 2151 3092 imitando·

1185 3111 1309 3140 tanquam
1329 3105 1363 3131 de
1382 3112 1459 3131 carue
1478 3105 1534 3130 elus
1553 3105 1708 3133 saturantur,
1724 3108 1838 3134 quorum
1858 3108 1906 3132 per
1925 3100 2143 3126 resurrectionem

1184 3150 1359 3178 renovabitur·
1378 3151 1408 3176 ut
1426 3147 1534 3182 aquilae
1553 3146 1677 3173 iuventus
1698 3145 1749 3179 [Ps.
1770 3146 1832 3176 ⁴02,
1853 3144 1899 3178 5.].

1214 3198 1217 3201 ⁴
1257 3194 1279 3210 ¹⁵
1299 3195 1393 3220 Psalm.
1416 3193 1463 3225 41,
1483 3193 1507 3218 2.
1527 3205 1562 3210 —
1582 3191 1647 3216 Tres
1665 3197 1739 3222 seqq.
1759 3189 1808 3215 loci
1827 3192 1887 3215 sunt
1907 3189 1938 3214 Ps
1966 3188 2014 3219 35,
2035 3189 2080 3220 ⁴0;
2097 3189 2143 3221 16,

1186 3241 1227 3266 15.
1247 3242 1273 3265 et
1290 3239 1338 3269 72,
1358 3238 1401 3263 21.
1421 3250 1454 3256 -
1474 3235 1580 3262 lnserius
1599 3241 1648 3266 pro
1661 3240 1783 3260 autorem
1803 3232 1852 3259 AC
1873 3233 1905 3265 (D
1926 3233 2056 3265 primitus)
2076 3232 2145 3260 desi-

1185 3283 1305 3314 derium,
1325 3283 1344 3308 B
1363 3283 1480 3312 molum,
1501 3280 1521 3305 ll
1535 3279 1567 3312 (D
1587 3286 1601 3305 a
1620 3278 1735 3305 secunda
1750 3277 1839 3311 munu)
1859 3279 1963 3304 mollem
1983 3277 2086 3304 amoris
2099 3285 2144 3304 ca:-

1185 3326 1325 3354 cessivum.

1256 3370 1278 3385 ¹⁶
1298 3370 1373 3395 Vers.
1391 3369 1487 3400 27-30;
1507 3369 1554 3394 cfr.
1573 3374 1651 3400 supra
1672 3373 1733 3400 pag.
1753 3367 1823 3400 357,
1837 3371 1896 3393 nota
1915 3367 1941 3393 7.

2168 1032 2299 1059 axonam

2168 1615 2298 1637 notandam.
