2427 3872
286 273 350 306 828
567 314 627 339 REP

285 362 357 394 operi
377 359 514 386 creationis
528 358 577 383 469
592 358 624 382 56
638 371 672 376 -
682 356 773 382 debuit
792 354 918 386 incipere,

285 406 330 432 ubi
349 405 483 431 terminata
502 405 541 428 est
558 401 672 428 conditio
692 399 742 425 342
763 400 796 424 22

337 463 371 468 -
390 447 547 474 Universitas
560 452 670 477 operum
689 442 861 476 reparationis
879 449 920 467 ra-

283 493 398 519 dicaliter
417 490 544 517 clauditur
563 490 590 514 in
608 496 667 519 sex,
685 495 753 521 quae
777 488 843 512 sacta
860 488 921 512 sunt

284 539 309 564 in
328 540 414 563 nostra
443 534 622 566 redemptione
640 533 684 558 Vll
705 532 755 557 469
780 532 813 557 56
832 545 868 550 -
892 531 920 556 111

284 581 447 613 reparatione
465 581 544 605 homo
564 578 662 608 indiget
686 576 813 602 sacrificio
832 582 920 601 recon-

284 627 397 655 ciliante,
417 624 500 656 pretio
523 623 668 648 redimente
693 624 718 646 et
742 620 840 652 Spiritu
859 620 920 646 ado-

284 674 373 703 ptante
391 670 442 694 383
462 669 476 693 6

337 728 371 732 —
391 714 438 739 Per
456 711 632 737 testimonium
653 710 801 741 scripturae
830 712 855 734 et
873 715 921 741 per

285 760 373 784 lumen
392 756 574 788 intelligentIae
593 758 678 780 certus
690 754 801 779 efficitur
817 753 921 778 animus

285 806 371 828 noster
390 802 423 827 de
442 801 480 826 his
493 801 691 832 quaespectant
704 798 736 824 ad
756 800 870 823 nostram
884 803 922 822 re-

285 847 446 879 parationem
466 845 508 870 Vll
527 844 574 869 601
599 844 632 869 56

338 892 487 916 8011101100
507 903 540 907 —
566 888 692 914 Dominus
719 894 747 913 se
776 887 923 912 manifestat

285 936 427 967 perfectum
446 936 625 964 reparatorem
648 932 672 957 in
691 932 794 957 animae
822 934 847 956 et
865 938 923 956 cor-

285 980 356 1012 poris
375 980 464 1004 1101313
478 977 662 1003 00011111011000
675 976 707 1001 Vl
728 975 780 1001 394
801 976 811 1000 1

338 1024 470 1048 flamm
494 1033 538 1041 —·
554 1021 644 1053 triplex
672 1020 768 1046 modus
787 1019 922 1052 repetendi

285 1075 331 1094 sua
351 1068 394 1093 Vll
423 1066 471 1091 155
494 1066 529 1092 75
547 1080 583 1083 -
602 1072 654 1090 000
678 1063 802 1090 omnibus
825 1064 921 1089 licitum

285 1116 324 1138 est
342 1111 403 1137 ibid.

338 1157 447 1181 1101110111
465 1168 500 1173 -
519 1154 556 1179 00
575 1154 637 1179 odio
656 1152 846 1185 reprobationis
869 1153 923 1178 nul-

285 1202 325 1226 lus
343 1203 382 1225 est
400 1202 486 1225 certus
502 1199 535 1223 Vl
553 1198 587 1223 73
607 1205 633 1230 q.
653 1199 668 1222 2
681 1211 716 1216 -
729 1199 923 1229 cognoscuntur

285 1252 300 1270 a
320 1245 373 1269 Deo
401 1250 448 1275 per
467 1243 611 1274 simplicem
640 1242 770 1272 notitiam,
799 1242 852 1267 non
876 1248 923 1273 per

287 1288 402 1314 notitiam
420 1286 617 1319 approbationis
630 1286 673 1311 Vll
697 1286 747 1311 352
771 1285 804 1311 56
817 1299 852 1304 —
866 1292 923 1317 pro-

287 1336 343 1365 pter
355 1332 532 1358 diversitatem
546 1338 648 1356 morum
666 1338 716 1355 non
730 1333 923 1362 cognoscuntur

287 1385 300 1402 a
321 1376 422 1402 Christo
441 1374 502 1401 ibid.
516 1389 550 1394 -
564 1382 614 1400 non
633 1377 841 1406 cognoscuntur,
860 1374 922 1406 quia

288 1422 463 1446 characterem
477 1419 538 1445 fidei
555 1422 580 1444 et
598 1418 744 1444 dilectionis
756 1425 808 1443 non
827 1417 924 1443 habent

288 1464 349 1491 ibid.
361 1479 396 1483 —
410 1466 497 1496 lmago
511 1463 604 1489 Christi
623 1470 673 1488 1101]
691 1463 740 1488 0111
753 1463 780 1487 10
792 1462 830 1488 eis
843 1469 924 1495 quan-

288 1513 342 1535 tum
363 1509 395 1534 ad
408 1509 608 1540 recreationem,
621 1507 668 1533 sed
682 1510 781 1532 tantum
795 1510 922 1539 quantum

288 1554 319 1579 ad
340 1553 495 1578 creationem
516 1551 577 1578 ibid.

340 1612 374 1615 —
396 1596 518 1629 peribunt
533 1603 592 1621 cum
610 1596 723 1627 peccatis
736 1595 790 1621 suis
809 1595 851 1620 Vll
872 1595 923 1620 338

289 1642 304 1667 9
323 1656 358 1661 —
376 1642 432 1666 Mali
445 1641 591 1673 perduntur
605 1647 651 1672 per
665 1639 924 1672 reprobationemvl

290 1687 340 1711 328
360 1686 392 1711 60
407 1700 440 1703 -
454 1684 582 1716 Reprobis
596 1688 634 1710 est
649 1684 752 1709 afflictio
766 1684 849 1709 exitus
862 1690 925 1709 suae

290 1730 381 1756 mortis
402 1730 450 1754 126
472 1736 498 1754 v.
519 1730 533 1754 2
553 1742 587 1747 -
603 1727 732 1760 Reprobis
744 1731 783 1753 est
805 1728 880 1753 dolor
899 1728 926 1753 in

289 1775 371 1804 exitu,
391 1775 483 1799 horror
496 1773 520 1798 in
534 1773 656 1804 transitu,
670 1772 756 1804 pudor
770 1772 794 1797 in
809 1772 855 1797 Dei
868 1779 926 1797 con-

294 1821 382 1849 spectu
409 1816 470 1843 ibid.
489 1832 523 1835 —
542 1820 617 1842 erunt
641 1816 727 1842 iniusti
752 1820 778 1841 et
796 1816 925 1842 tenebrosi

291 1866 316 1888 et
335 1862 383 1887 viri
404 1862 478 1887 Belial
499 1862 539 1886 Vll
560 1861 609 1887 352
630 1861 663 1887 58
682 1876 717 1879 -
736 1861 927 1892 compelluntur

291 1906 450 1932 descendere
470 1906 495 1931 in
513 1906 639 1931 infernum
653 1904 713 1931 ibid.
729 1919 761 1924 ——
775 1905 925 1937 congregati

291 1955 365 1976 crunt
384 1951 409 1976 iu
429 1951 528 1976 inferno
549 1951 581 1975 80
603 1950 634 1975 42
654 1965 689 1968 -
714 1951 780 1975 10101
799 1949 927 1982 reprobos

290 1999 315 2021 et
334 1996 429 2021 electos
457 1998 496 2020 est
520 2002 645 2027 magnum
665 1996 744 2021 chaos
768 1995 818 2020 423
839 1995 872 2020 56
891 2008 927 2013 -

292 2040 375 2071 Super
394 2039 521 2071 reprobos
534 2039 607 2065 cadet
622 2039 687 2071 lapis
700 2039 832 2071 angularis
847 2040 897 2064 338
910 2040 925 2064 9

290 2099 324 2103 -—
344 2084 433 2115 paleae
452 2087 638 2115 comparantur
658 2084 691 2108 80
712 2083 743 2109 42
757 2098 791 2102 -
805 2083 867 2116 quia
880 2086 927 2109 ste-

290 2129 349 2154 11105
359 2132 443 2154 sunta
454 2128 522 2153 bono
532 2135 621 2159 opere,
634 2128 778 2160 figurantur
792 2129 817 2153 in
827 2131 928 2160 septem

291 2174 354 2198 viris
373 2173 483 2198 mortuis
501 2173 557 2198 siue
575 2172 663 2198 liberis
682 2173 732 2198 513
753 2173 786 2198 38

345 2218 526 2242 Rssroivsmnes
545 2230 579 2235 -—
603 2220 725 2248 aptantur
753 2217 929 2249 interrogatio-

292 2261 368 2286 nibus
388 2261 420 2285 Vl
440 2261 490 2285 288
511 2261 543 2285 60
563 2275 597 2279 --
617 2261 751 2292 Sapienter
770 2261 928 2293 responden-

292 2305 355 2331 dum
375 2304 576 2330 adversantibus
602 2305 652 2330 378
678 2306 705 2330 31
729 2319 766 2324 -
783 2305 929 2338 Aliquando

293 2349 466 2380 respondetur
484 2349 516 2374 ad
546 2349 703 2379 0131100010,
729 2349 869 2382 aliquando
896 2350 929 2375 ad

294 2393 425 2418 hominem
447 2392 497 2418 393
516 2393 549 2417 55
562 2406 596 2411 -
611 2393 695 2418 Ρο1105
714 2394 928 2425 respondendum

293 2444 372 2469 quam
393 2444 421 2462 ex
449 2437 625 2468 indignatione
645 2437 784 2463 tacendum
810 2439 929 2470 exemplo

294 2482 387 2507 Christi
407 2481 458 2506 578
476 2481 493 2505 7
511 2495 547 2500 -
566 2482 620 2506 Non
640 2488 671 2506 ex
689 2481 811 2513 superbia
825 2489 930 2514 respon-

294 2526 408 2552 dendum
429 2524 489 2551 ibid.

347 2571 521 2595 Rcsunnacrio
543 2584 579 2589 —
604 2570 700 2596 Omnes
724 2574 860 2602 resurgent
883 2578 930 2602 per

295 2614 418 2639 virtutem
437 2614 554 2639 divinam
576 2615 606 2640 Vl
638 2615 684 2639 120
704 2622 729 2638 ν.
750 2614 765 2639 5
784 2628 820 2634 —-
838 2615 930 2640 Mortui

295 2661 432 2689 resurgent
451 2658 484 2683 ad
504 2665 595 2683 vocem
615 2659 670 2683 Filii
691 2659 735 2683 Dei
765 2659 815 2684 312
844 2658 877 2683 52
897 2673 931 2677 ——

297 2702 423 2733 generalis
443 2702 485 2727 flet
504 2703 537 2727 ad
557 2709 649 2727 vocem
665 2702 758 2728 Christi
779 2702 830 2728 405
850 2703 883 2728 59
899 2717 931 2721 —

297 2746 420 2771 llomines
433 2750 571 2777 resurgent
584 2746 609 2771 in
623 2747 766 2772 novissimo
776 2747 819 2772 die
834 2747 879 2772 401
898 2747 932 2773 35

298 2804 330 2807 -
344 2790 491 2821 Resurgent
509 2797 602 2815 omnes
619 2791 668 2815 312
686 2791 719 2816 52

350 2848 384 2851 -
403 2833 547 2864 negabatur
565 2841 579 2859 a
593 2835 752 2860 sadducaeis
772 2835 814 2860 Vll
829 2835 879 2860 512
900 2836 933 2861 35

297 2891 331 2896 -
350 2884 363 2901 3
384 2877 484 2902 Christo
513 2877 640 2909 probatur
669 2879 752 2904 sutura
773 2878 824 2904 515
846 2879 878 2904 44
898 2893 932 2898 -

298 2924 459 2946 mortuorum
490 2925 573 2953 potest
592 2921 697 2953 probari
723 2922 841 2953 pluribus
872 2924 934 2949 locis

298 2966 392 2991 veteris
418 2966 561 2991 testamenti
581 2965 640 2992 ibid.
664 2980 699 2986 —-
724 2967 799 2992 Fides
818 2974 935 2993 resurre-

298 3010 389 3034 ctionis
408 3010 531 3035 astruitur
543 3011 733 3036 resurrectione
749 3010 843 3036 Christi
865 3012 934 3043 capi-

298 3054 329 3078 tis
350 3053 380 3079 Vl
401 3053 451 3079 504
472 3054 513 3079 69.
540 3055 590 3079 620
612 3055 620 3079 1
646 3068 680 3074 -
698 3055 746 3080 Ρο1
771 3056 934 3081 resurrectio-

299 3097 338 3121 nis
364 3101 556 3123 sacramentum
582 3099 749 3124 humanitatis
773 3103 933 3125 sacramenta

299 3141 374 3166 nobis
396 3142 511 3173 exposita
536 3146 595 3168 sunt
617 3143 651 3168 ad
673 3143 833 3169 credendum
853 3148 878 3169 et
897 3145 935 3169 in-

299 3185 465 3216 telligendum
495 3186 541 3211 591
575 3187 607 3211 16
635 3201 670 3206 -
698 3188 724 3213 10
753 3194 799 3219 5ρο
824 3195 936 3213 1050110-

299 3229 389 3254 ctionis
409 3230 492 3261 posita
512 3234 550 3255 est
569 3233 619 3256 tota
639 3231 804 3257 observantia
836 3232 937 3263 pietatis

300 3273 350 3297 512
373 3272 406 3297 35

354 3331 386 3334 -
406 3317 497 3343 Mortui
516 3322 654 3350 resurgent
674 3319 699 3344 in
718 3319 769 3345 1100
788 3320 884 3346 saeculi
904 3320 936 3346 Vl

301 3359 352 3385 312
373 3360 405 3385 52
425 3375 459 3379 —
479 3368 531 3387 non
545 3362 592 3387 erit
605 3366 663 3388 ante
682 3364 935 3390 consummationem

301 3404 435 3435 signorum
461 3406 675 3437 praecedentium
704 3407 747 3433 Vll
777 3407 827 3433 537
849 3409 882 3434 52
901 3423 936 3427 -

1146 265 1259 297 1ΝοΕΧ
1284 264 1412 297 RERUM

957 352 1005 378 erit
1023 353 1057 378 ad
1077 353 1156 378 finem
1170 352 1259 378 iudicii
1279 353 1330 378 512
1350 352 1384 377 35
1397 365 1432 371 -
1445 352 1493 378 erit
1512 352 1546 378 ad
1559 352 1594 377 iu-

952 397 1053 422 dicium
1074 397 1125 422 298
1145 396 1178 422 66

1010 453 1044 459 -
1062 441 1084 466 Α
1110 443 1194 466 morte
1221 443 1330 466 naturae
1357 440 1515 466 suscitantur
1542 443 1594 465 tam

957 484 1016 510 iusti
1039 491 1120 517 quam
1140 484 1226 510 iniusti
1246 486 1278 510 Vl
1298 484 1344 510 561
1369 492 1396 510 v.
1415 485 1444 510 21
1469 486 1484 510 2
1504 499 1538 502 -
1558 487 1597 509 051

957 529 1106 554 communis
1132 528 1207 554 bonis
1231 532 1257 554 et
1281 529 1356 554 malis
1376 529 1419 554 Vll
1438 528 1489 553 514
1509 527 1537 553 41
1561 541 1597 547 ——

958 573 1114 599 universalis
1132 573 1181 599 erit
1199 580 1250 598 non
1271 576 1371 598 tantum
1391 572 1536 603 bonorum,
1549 572 1596 598 sed

956 618 1035 643 etiam
1056 617 1184 643 malorum
1205 617 1256 642 298
1276 618 1309 642 66
1331 630 1363 635 -
1383 617 1445 642 Boni
1458 617 1595 642 resuscita-

957 661 1056 688 buntur
1074 661 1109 687 ad
1133 661 1229 692 vitam,
1257 661 1316 686 mali
1341 661 1375 686 ad
1400 661 1594 686 damnationem

958 706 991 731 Vl
1011 706 1063 731 312
1082 705 1116 730 53
1137 720 1170 723 -
1189 706 1336 736 Resurgent
1355 704 1415 730 mali
1427 704 1461 730 ad
1475 707 1595 736 mortem,

959 750 1017 775 iusti
1037 749 1070 775 ad
1089 749 1170 775 vitam
1192 750 1233 774 Vll
1253 749 1303 774 368
1324 749 1352 774 31
1376 763 1411 766 -
1430 748 1507 773 Ε10011
1527 755 1596 773 resu-

958 794 1083 820 scitantur
1101 794 1135 819 ad
1158 796 1279 819 aeternae
1304 792 1471 818 beatitudinis
1496 792 1596 824 partici-

959 839 1090 870 pationem
1115 839 1146 863 Vl
1171 838 1222 863 328
1249 837 1282 862 60
1301 852 1336 855 —
1356 838 1381 862 ln
1406 836 1596 862 resurrectione

958 882 1094 908 retributio
1113 882 1157 907 1101
1176 880 1391 907 misericordibus
1411 881 1452 906 Vll
1473 881 1524 906 368
1544 881 1573 906 31

1012 941 1045 945 -
1064 926 1182 952 Christus
1199 925 1335 951 resuscitat
1350 925 1489 951 credentes
1500 932 1547 957 per
1560 932 1598 950 re-

959 971 1137 1002 demptionem
1162 973 1188 995 et
1212 969 1390 995 liberationem
1416 976 1431 995 a
1457 973 1540 995 morte
1566 969 1596 994 Vl

959 1015 1010 1040 330
1031 1015 1064 1040 68
1082 1029 1117 1033 —
1136 1014 1214 1040 Filius
1232 1013 1398 1040 resuscitabit
1414 1014 1552 1040 credentes
1564 1014 1598 1040 ad

959 1060 1041 1084 vitam
1061 1062 1194 1084 aeternam
1214 1059 1265 1084 328
1287 1059 1314 1083 61
1339 1071 1374 1077 --
1392 1058 1510 1084 Christus
1528 1065 1599 1084 resu-

959 1103 1076 1130 scitando
1095 1102 1168 1129 dabit
1186 1103 1268 1129 vitam
1287 1103 1451 1134 corporalem
1471 1102 1522 1128 333
1543 1102 1577 1127 84

1011 1162 1047 1167 —-
1065 1147 1183 1180 Corpora
1199 1151 1338 1179 resurgent
1349 1148 1488 1173 reformata
1502 1154 1533 1172 ex
1545 1147 1599 1179 pul-

960 1192 1069 1218 veribus
1093 1192 1219 1224 dispersis
1238 1192 1272 1217 Vl
1291 1191 1342 1216 504
1362 1192 1395 1216 69
1414 1206 1449 1209 -
1469 1192 1497 1216 10
1515 1197 1599 1216 10501·-

959 1237 1074 1263 10011000
1093 1243 1190 1268 corpus
1216 1239 1336 1262 nostrum
1360 1236 1409 1261 erit
1432 1235 1526 1261 subtile
1552 1242 1599 1267 per

960 1283 1080 1307 effectum
1100 1281 1241 1313 spiritualis
1259 1281 1391 1312 potentiae
1415 1284 1439 1306 et
1467 1280 1599 1312 palpabile

960 1333 1007 1358 per
1026 1326 1162 1351 veritatem
1182 1327 1291 1351 naturae
1311 1325 1352 1351 Vll
1366 1325 1418 1350 600
1432 1325 1465 1351 50
1478 1339 1513 1344 -
1527 1325 1600 1350 Ρ130-

960 1371 1038 1402 cipua
1056 1370 1106 1396 dos
1124 1370 1317 1401 resurgentium
1334 1372 1373 1394 est
1386 1369 1487 1395 claritas
1501 1370 1551 1394 233
1566 1369 1594 1394 51

959 1416 1039 1440 —ln
1057 1414 1247 1440 1050110011000
1272 1414 1321 1440 erit
1345 1421 1442 1446 corpus
1466 1414 1600 1446 spirituale

960 1459 1012 1484 515
1032 1458 1065 1484 42
1084 1472 1120 1477 -
1138 1459 1198 1484 Post
1216 1459 1435 1484 resurrectionem
1449 1459 1548 1484 erimus
1561 1465 1601 1484 ae-

960 1504 1051 1536 quales
1070 1503 1175 1535 Angelis
1195 1503 1341 1529 secundum
1368 1503 1466 1534 gloriae
1491 1503 1601 1534 dignita-

962 1551 1013 1572 tem
1033 1546 1095 1573 ibid.
1115 1561 1150 1566 —
1169 1548 1195 1573 ln
1214 1547 1405 1573 resurrectione
1429 1547 1529 1573 erimus
1554 1554 1601 1579 per

961 1594 1072 1625 gloriam
1092 1594 1146 1619 Deo
1165 1594 1296 1619 assimilati
1316 1592 1379 1620 ibid.
1397 1608 1432 1611 —-
1449 1595 1474 1619 ln
1488 1601 1601 1619 resurre-

961 1639 1046 1663 ctione
1064 1637 1162 1663 erimus
1185 1638 1301 1664 innovati
1327 1645 1375 1670 per
1399 1638 1508 1670 gloriam
1535 1639 1602 1664 sicut

962 1682 1053 1713 Angeli
1079 1682 1124 1707 Dei
1147 1681 1208 1708 ibid.
1229 1697 1262 1700 —
1282 1684 1307 1709 ln
1334 1683 1523 1708 resurrectione
1548 1690 1601 1708 non

962 1727 1009 1752 crit
1029 1727 1159 1752 successio
1179 1733 1229 1752 nec
1254 1727 1364 1752 carnalis
1389 1727 1524 1753 delectatio
1550 1728 1600 1753 514

964 1770 996 1796 40
1016 1784 1051 1789 -
1070 1771 1199 1802 figuratur
1218 1771 1243 1796 in
1261 1770 1329 1797 rubo
1348 1771 1429 1802 Moysi
1449 1771 1501 1796 515
1521 1771 1553 1797 43
1567 1785 1603 1790 -

963 1815 989 1840 ln
1012 1815 1203 1840 resurrectione
1228 1815 1256 1840 fit
1281 1815 1445 1841 circumcisio
1470 1815 1504 1841 ab
1530 1816 1601 1841 omni

962 1859 1039 1891 culpa
1061 1862 1086 1885 et
1105 1859 1209 1885 miseria
1229 1859 1263 1884 55
1283 1859 1316 1885 48

1016 1918 1051 1922 -
1070 1908 1190 1936 respectu
1210 1904 1315 1930 divinae
1334 1904 1437 1930 virtutis
1456 1904 1550 1930 dicitur
1563 1912 1603 1930 ex-

964 1948 1051 1973 citatio
1077 1948 1110 1974 w
1136 1948 1187 1973 276
1213 1949 1247 1974 33
1266 1962 1302 1967 -
1321 1949 1399 1974 Posse
1424 1956 1451 1974 se
1477 1949 1563 1981 ipsum
1588 1956 1602 1974 a

963 1996 1047 2018 morte
1067 1992 1178 2018 liberare
1196 1993 1274 2020 etiam
1288 1996 1347 2025 post
1360 1997 1471 2019 mortem
1485 1997 1524 2019 est
1535 2001 1605 2020 sum-

967 2044 1040 2062 mum
1066 2037 1221 2063 miraculum
1249 2037 1300 2063 277
1320 2038 1348 2063 41
1374 2052 1407 2056 -
1427 2038 1554 2064 Dominus
1579 2038 1604 2064 in

965 2082 1162 2107 resuscitatione
1175 2082 1262 2107 Lazari
1277 2083 1450 2108 manifestavit
1461 2083 1604 2115 potentiam

965 2133 1057 2157 suam,
1076 2133 1106 2151 ac
1125 2133 1173 2158 per
1192 2128 1242 2152 1100
1261 2127 1372 2158 gloriam
1398 2127 1449 2153 394
1470 2127 1486 2153 5
1504 2142 1540 2146 ——
1558 2128 1606 2153 Re-

966 2170 1133 2196 surrectionis
1152 2171 1248 2196 veritas
1266 2171 1394 2203 probatur
1406 2179 1454 2204 per
1467 2172 1607 2198 manduca-

967 2215 1063 2240 tionem
1085 2215 1135 2240 410
1156 2217 1171 2240 2

1023 2273 1055 2277 —-
1074 2260 1123 2285 Per
1142 2260 1252 2292 gratiam
1272 2260 1434 2286 remissionis
1456 2264 1607 2293 peccatores

967 2308 1108 2336 resurgunt
1133 2305 1166 2329 Vl
1191 2305 1242 2330 610
1270 2305 1285 2330 6
1304 2319 1339 2324 -
1364 2305 1504 2337 spiritualis
1529 2309 1568 2331 est
1592 2312 1606 2330 a

967 2352 1034 2374 statu
1054 2349 1147 2380 culpae
1166 2356 1214 2381 per
1234 2348 1346 2375 verbum
1365 2350 1499 2375 doctrinae
1512 2350 1546 2375 ad
1559 2354 1607 2376 sta-

968 2396 1023 2418 tum
1044 2394 1143 2425 gratiae
1163 2393 1213 2419 563
1236 2394 1245 2419 1

1021 2438 1099 2463 ΡιετιΑ
1119 2452 1152 2457 -
1171 2438 1321 2470 significant
1338 2439 1521 2464 discretionem
1537 2442 1562 2464 et
1575 2439 1608 2464 lo-

967 2483 1100 2508 0011000111
1127 2483 1169 2508 Vll
1200 2483 1246 2508 117
1271 2483 1303 2508 16
1322 2498 1357 2501 —
1377 2484 1424 2508 Per
1448 2484 1512 2509 retia
1538 2487 1608 2509 recte

969 2527 1145 2558 intelliguntur
1164 2527 1268 2558 negotia
1289 2531 1391 2553 terrena
1416 2528 1462 2553 130
1482 2528 1515 2553 69
1531 2542 1561 2546 --
1576 2528 1608 2553 si-

968 2571 1073 2602 gnificat
1092 2571 1232 2597 Ecclesiam
1253 2572 1284 2597 Vl
1302 2571 1353 2597 524
1368 2572 1400 2597 26
1415 2586 1448 2590 -
1463 2572 1487 2597 10
1500 2575 1607 2604 captura

969 2618 1028 2646 post
1041 2615 1259 2641 resurrectionem
1273 2623 1325 2641 non
1339 2619 1378 2641 est
1390 2616 1500 2642 scissum
1512 2617 1563 2642 522
1575 2617 1603 2641 21

1023 2673 1057 2677 —-
1076 2659 1184 2691 quando
1203 2663 1372 2685 contexentur
1392 2660 1434 2686 Vll
1459 2661 1505 2686 117
1526 2661 1558 2685 16
1573 2674 1609 2680 -

970 2704 1086 2728 laxantur
1106 2703 1130 2728 in
1155 2707 1290 2735 capturam
1316 2711 1362 2735 per
1388 2704 1608 2735 praedicationem

969 2746 1003 2772 ib.
1024 2747 1055 2772 17
1230 2741 1233 2743 “

1025 2791 1178 2816 ammaum
1205 2806 1240 2810 —
1269 2791 1396 2818 Dominus
1427 2792 1551 2818 retribuet
1582 2793 1608 2818 in

971 2841 1095 2860 mensura
1123 2836 1240 2867 aequali,
1265 2839 1374 2867 pensato
1399 2840 1486 2868 reatu,
1510 2836 1555 2862 'sed
1583 2837 1609 2863 in

972 2879 1078 2909 11131011,
1098 2883 1203 2910 pensata
1224 2879 1375 2911 duratione,
1395 2880 1418 2905 in
1433 2881 1535 2913 minori,
1550 2885 1610 2913 peh-

971 2926 1026 2948 sata
1050 2924 1148 2948 offensa
1175 2924 1215 2949 Vll
1236 2924 1286 2949 160
1307 2924 1335 2949 91
1359 2938 1393 2943 -
1414 2925 1539 2951 felicitatis
1558 2933 1611 2951 ma·

972 2967 1040 2992 xime
1059 2967 1087 2993 111
1105 2967 1232 2999 operibus
1251 2968 1354 3000 pictatis
1373 2969 1424 2994 368
1439 2970 1467 2994 31
1486 2984 1519 2988 -
1533 2970 1558 2995 111
1572 2977 1608 2995 10-

972 3012 1133 3037 surrectione
1157 3015 1321 3037 mortuorum
1347 3012 1395 3038 erit
1420 3014 1511 3039 11101101·
1529 3021 1609 3046 quam

972 3056 1019 3081 ista
1038 3063 1107 3089 quae
1125 3059 1164 3081 est
1183 3056 1207 3081 in
1227 3057 1356 3088 praesenti
1377 3057 1428 3082 369
1448 3058 1480 3083 32

1025 3114 1060 3120 -
1077 3099 1255 3126 Consideratio
1268 3100 1446 3127 retributionis
1459 3102 1559 3128 futurae
1572 3106 1611 3128 est

972 3144 1119 3170 remedium
1144 3148 1233 3170 contra
1254 3145 1394 3171 vanitatem
1414 3146 1559 3172 securitatis
1578 3145 1610 3173 VI

974 3189 1008 3214 87
1022 3196 1047 3214 v.
1066 3190 1072 3213 1
1091 3203 1125 3207 -
1139 3196 1190 3214 000
1205 3189 1303 3221 delicit,
1318 3190 1363 3215 sed
1378 3190 1494 3215 differtur
1508 3191 1540 3216 88
1554 3198 1580 3217 v.
1595 3184 1615 3216 t*

974 3247 1008 3251 —
1028 3233 1122 3259 dicitur
1142 3226 1246 3267 tempus
1264 3233 1351 3258 omnis
1369 3234 1405 3259 rei
1425 3234 1459 3259 35
1479 3242 1503 3260 v.
1525 3235 1557 3260 17
1576 3250 1610 3254 -

974 3277 1068 3302 dicitur
1087 3277 1184 3309 gratia,
1198 3277 1224 3302 in
1242 3280 1369 3310 quantum
1390 3282 1428 3304 est
1445 3278 1544 3304 donum
1565 3280 1611 3305 Dei

974 3320 1026 3347 255
1046 3321 1080 3347 37

1028 3365 1116 3391 11111110
1133 3379 1170 3384 -
1187 3366 1221 3391 Ea
1247 3372 1315 3398 quae
1342 3369 1411 3392 retro
1430 3371 1504 3398 sunt,
1527 3368 1612 3393 dimit-

975 3409 1050 3435 tenda
1070 3409 1103 3435 Vl
1122 3410 1174 3435 569
1194 3409 1209 3435 4

1922 309 1973 335 RlS

1686 352 1901 385 Remanent-:ures
1919 366 1954 372 —
1966 353 2117 379 deridentur
2129 360 2177 385 pro
2191 356 2269 379 terne-

1633 395 1708 421 ritate
1727 396 1751 420 in
1771 397 1979 429 praesumendo,
1999 404 2047 429 pro
2065 397 2230 423 instabilitate
2243 397 2270 423 in

1633 440 1833 472 prosequendo,
1854 447 1902 472 pro
1921 441 2131 473 pusillanimitate
2155 441 2180 467 in
2204 441 2270 467 desi-

1633 483 1726 509 stendo
1748 484 1787 508 Vll
1812 484 1864 509 378
1890 485 1923 509 60
1942 499 1978 503 —-
1996 485 2143 516 Discipulus
2168 488 2272 517 aposta-

1632 529 1689 552 tans
1702 527 1846 559 despicitur
1864 531 1893 553 ut
1905 529 1941 554 sal
1954 529 2107 555 infatuatum
2120 530 2167 555 381
2185 530 2218 555 68
2235 543 2271 549 -

1633 572 1814 604 Apostatantes
1824 579 1875 597 non
1886 576 1946 598 sunt
1956 573 2029 604 digni
2041 580 2125 605 regno
2136 574 2182 599 Dei
2193 574 2244 599 252
2255 580 2270 599 3

1686 616 1829 641 ΒενΕιΑτιο
1845 630 1880 634 -
1893 619 1932 641 051
1943 616 2044 642 donum
2057 618 2160 649 pietatis
2174 618 2206 643 Vl
2219 618 2272 643 362

1634 659 1662 685 41
1686 666 1743 691 arg.
1761 673 1796 678 —
1815 660 1892 692 Quod
1911 661 2042 686 revelatur
2059 661 2273 687 certitudinaliter

1633 704 1713 729 scitur
1734 703 1784 729 435
1804 704 1838 729 55
1857 718 1892 722 -
1910 704 2004 729 secreti
2023 707 2062 730 est
2085 705 2191 736 signum
2212 705 2274 731 dile-

1634 747 1726 773 ctionis
1752 747 1804 773 527
1832 747 1864 773 44
1883 761 1919 767 —-
1942 748 2082 774 Ministerio
2107 749 2274 775 revelationis

1633 792 1768 823 angelicae
1786 791 1863 817 datur
1878 792 2046 824 intelligentia
2060 792 2112 818 240
2127 794 2142 818 3
2157 807 2190 812 -
2204 794 2273 820 Deus

1633 836 1660 861 in
1679 836 1900 862 communicando
1919 837 2091 862 revelationes
2110 837 2214 864 divinas
2228 837 2274 864 ob-

1633 883 1722 906 servat
1741 880 1788 906 tria
1808 880 1852 906 Vll
1871 881 1923 906 230
1943 880 1977 906 44

1689 938 1723 942 -
1738 925 1908 956 appropriate
1921 928 1960 950 est
1971 925 2027 950 Filii
2040 925 2081 951 vel
2093 926 2206 957 Spiritus
2218 933 2275 952 san-

1635 968 1669 994 cti
1687 969 1720 994 Vl
1745 969 1793 994 331
1815 969 1851 994 79
1869 976 1926 1001 arg.
1946 970 1962 995 3
1982 984 2017 988 -
2034 970 2220 1002 appropriatur
2238 971 2276 997 Fi-

1635 1012 1668 1038 lio
1689 1012 1739 1038 424
1758 1013 1788 1038 71
1811 1026 1847 1032 -
1865 1014 2016 1040 Revelando
2028 1018 2126 1040 secreta
2141 1015 2275 1046 mysterio·

1635 1063 1695 1082 rum
1715 1056 1832 1083 Christus
1850 1057 1975 1083 sublimat
1993 1059 2200 1090 contemplantes
2223 1058 2276 1085 574

1636 1101 1652 1126 6
1672 1115 1706 1119 -
1726 1101 1795 1127 Deus
1814 1108 1882 1127 voce
1899 1101 2052 1134 intelligibili
2070 1103 2169 1128 revelat
2181 1109 2228 1135 per
2241 1103 2276 1128 in-

1635 1148 1736 1171 ternam
1761 1145 1956 1177 inspirationem
1981 1146 2033 1172 314
2059 1147 2093 1173 65
2116 1161 2152 1165 ——
2174 1147 2276 1174 Vocem

1636 1189 1682 1215 Dei
1701 1189 1825 1215 audimus
1843 1196 1891 1222 per
1909 1191 2003 1217 mentis
2022 1191 2206 1217 revelationem
2224 1192 2276 1218 315
2302 1197 2307 1199 ’

1637 1234 1670 1259 65
1690 1248 1724 1252 —
1743 1234 1813 1260 Deus
1831 1235 1858 1259 in
1877 1241 1905 1260 se
1924 1238 1949 1260 et
1968 1242 2015 1267 per
2027 1242 2056 1261 se
2071 1235 2187 1269 loquitur
2199 1235 2278 1262 bonis

1637 1285 1684 1310 per
1709 1278 1837 1304 internam
1864 1279 1959 1305 mentis
1983 1280 2169 1306 revelationem
2196 1280 2277 1306 modo

1636 1322 1754 1355 quodam
1774 1322 1913 1354 indicibili,
1931 1323 1978 1349 sed
1997 1326 2086 1349 tamen
2111 1324 2191 1350 modo
2215 1331 2279 1358 quo·

1637 1367 1700 1392 dam
1718 1367 1874 1399 intelligibili
1893 1368 1944 1393 316
1963 1368 1997 1393 70
2016 1382 2050 1386 -
2064 1368 2133 1394 0005
2145 1368 2223 1394 trahit
2235 1370 2279 1395 ho-

1639 1412 1736 1437 minem
1755 1419 1802 1444 per
1821 1412 2007 1438 revelationem
2027 1413 2078 1438 330
2098 1413 2144 1444 68,
2164 1413 2207 1438 69.
2226 1413 2272 1439 331

1637 1457 1671 1482 79
1699 1463 1757 1488 arg.
1775 1457 1790 1482 3
1809 1470 1845 1475 -
1865 1457 1934 1482 0005
1958 1457 2022 1482 110111
2049 1458 2149 1483 revelat
2175 1458 2278 1490 lapsum

1639 1500 1690 1526 435
1710 1501 1743 1527 55

1692 1546 1856 1571 Rsvensum
1875 1559 1911 1565 --
1930 1546 1984 1572 Deo
1997 1552 2058 1572 cum
2070 1547 2215 1572 reverentia
2228 1553 2280 1572 ser·

1639 1590 1764 1615 viendum
1784 1590 1817 1615 Vl
1837 1590 1888 1616 523
1909 1591 1942 1616 23
1961 1605 1996 1609 -
2015 1591 2070 1616 000
2082 1590 2228 1617 exhibenda
2241 1594 2281 1617 est

1638 1641 1669 1660 ex
1694 1637 1835 1666 praecepto
1860 1638 1885 1660 et
1909 1635 2030 1667 exemplo
2049 1634 2144 1661 Christi
2163 1635 2206 1661 Vll
2226 1636 2279 1661 225

1640 1679 1673 1704 30
1692 1693 1727 1697 -—
1746 1678 1826 1704 debet
1847 1685 1937 1704 carcre
1961 1679 2034 1704 omni
2060 1679 2231 1705 ostentatione
2255 1683 2281 1706 et

1638 1723 1825 1756 inquietatione
1843 1722 1906 1749 ibid.
1924 1738 1959 1741 —
1979 1724 2103 1749 Persectio
2116 1724 2280 1750 reverentiae

1639 1774 1691 1793 non
1710 1770 1809 1793 tantum
1830 1767 1971 1793 attenditur
1984 1768 2009 1792 in
2022 1769 2113 1794 affectu
2122 1788 2129 1800 ,
2142 1768 2189 1794 sed
2201 1768 2279 1794 etiam

1639 1811 1666 1836 in
1691 1812 1783 1837 effectu
1809 1811 1860 1837 279
1882 1811 1899 1836 7
1918 1825 1954 1830 -
1972 1811 2091 1837 Ostensio
2116 1813 2281 1838 reverentiae

1640 1856 1668 1881 in
1686 1862 1733 1881 ore
1752 1856 1813 1881 salsa
1832 1859 1884 1887 est,
1904 1856 1952 1882 nisi
1966 1856 2033 1882 adsit
2046 1857 2143 1888 pariter
2156 1856 2280 1883 exhibitio

1640 1900 1804 1926 obedientiae
1823 1900 1848 1926 in
1867 1907 1947 1932 opere
1968 1901 2017 1926 163
2032 1900 2083 1926 105
2096 1915 2132 1920 -
2144 1901 2281 1928 exhibetur

1641 1945 1787 1971 secundum
1812 1948 1900 1971 actum
1925 1945 1978 1971 oris
2002 1949 2028 1971 et
2053 1945 2140 1972 cordis
2165 1946 2215 1971 107
2234 1945 2278 1973 77.

1646 1990 1694 2015 163
1716 1989 1766 2014 105

1694 2034 1749 2059 Rex
1768 2047 1803 2053 -
1822 2033 1890 2059 bene
1908 2034 1976 2066 regit
1999 2041 2063 2060 suos
2085 2038 2111 2060 et
2134 2035 2281 2062 secundum

1643 2078 1765 2104 iustitiam
1787 2079 1819 2104 Vl
1839 2079 1888 2104 187
1909 2086 1936 2104 ν.
1957 2079 1989 2104 14
2008 2092 2044 2098 -—
2062 2079 2141 2111 Regis
2165 2080 2281 2106 officium

1643 2126 1682 2149 est
1702 2126 1728 2148 et
1745 2123 1772 2148 in
1790 2123 1902 2155 negotiis
1915 2123 1972 2149 aliis
1983 2123 2058 2155 regni
2071 2131 2148 2149 suum
2162 2131 2283 2151 exercere

1643 2167 1768 2193 iudicium
1790 2168 1839 2192 168
1859 2175 1886 2193 ν.
1905 2168 1921 2193 7
1940 2181 1975 2187 -—
1994 2168 2076 2194 solent
2101 2169 2224 2194 honorari
2248 2169 2284 2195 51-

1644 2219 1711 2243 gno,
1731 2211 1820 2237 habitu
1840 2215 1866 2237 et
1890 2211 1973 2238 verbo
1998 2212 2055 2238 sive
2079 2213 2233 2239 salutatione
2257 2217 2283 2239 et

1643 2256 1805 2282 reverentiae
1823 2255 1982 2282 exhibitione
2001 2256 2052 2282 490
2072 2258 2087 2283 2
2107 2270 2142 2276 -
2159 2264 2284 2283 coronan-

1644 2304 1685 2326 tur
1703 2299 1764 2326 ibid.
1783 2314 1819 2320 —
1838 2301 1887 2333 Qui
1907 2308 1935 2327 se
1960 2301 2047 2333 ipsum
2071 2308 2163 2333 regem
2189 2302 2284 2328 consti-

1645 2345 1734 2371 tuebat
1762 2345 1957 2371 contradicebat
1984 2345 2103 2377 Caesari,
2128 2347 2203 2373 cuius
2227 2350 2283 2385 erat

1644 2390 1707 2416 dare
1728 2392 1881 2422 potestatem
1900 2391 2028 2422 regnandi
2049 2390 2099 2417 492
2119 2392 2151 2417 13
2165 2405 2199 2410 ——
2212 2391 2284 2418 Vitu-

1644 2434 1746 2466 perium
1766 2434 1837 2466 regis
1855 2435 1986 2461 redundat
2002 2435 2029 2460 in
2041 2436 2169 2468 populum
2185 2436 2235 2461 493
2250 2436 2282 2462 16

1698 2492 1733 2498 -—
1752 2479 1779 2504 ln
1798 2479 1961 2505 naturalibus
1978 2487 2029 2505 non
2042 2483 2082 2506 est
2093 2480 2234 2506 differentia
2248 2480 2285 2506 in-

1645 2527 1683 2549 ter
1702 2530 1779 2555 reges
1797 2526 1823 2549 et
1840 2523 1974 2555 subditos,
1993 2524 2041 2550 sed
2060 2525 2084 2550 in
2105 2524 2181 2550 bonis
2204 2526 2283 2551 fortu-

1645 2574 1696 2592 nae
1716 2568 1748 2592 Vl
1768 2567 1818 2593 152
1838 2575 1864 2594 v.
1885 2568 1901 2594 5
1919 2582 1955 2588 —
1973 2569 2073 2600 Regem
2099 2572 2183 2595 terrae
2208 2569 2283 2595 mini-

1645 2611 1692 2637 stri
1711 2611 1855 2637 detendunt
1875 2612 1925 2640 488
1945 2613 1979 2638 64
1997 2627 2033 2632 -
2052 2614 2117 2639 Nihil
2136 2613 2215 2640 debet
2227 2614 2283 2646 regi

1646 2659 1749 2681 terreno
1768 2656 1815 2688 qui
1832 2657 1921 2682 omnia
1940 2658 2045 2691 reliquit
2063 2659 2105 2684 Vll
2124 2658 2171 2684 511
2195 2659 2229 2684 32
2248 2673 2283 2678 -

1645 2700 1726 2732 Regia
1746 2703 1859 2731 potestas
1878 2704 1997 2733 tempore
2016 2703 2094 2734 Legis
2113 2703 2232 2735 praeibat
2244 2710 2284 2729 sa*-

1645 2744 1806 2775 cerdotium,
1825 2745 1873 2770 sed
1892 2752 1962 2771 nunc
1980 2749 2020 2772 est
2036 2750 2142 2772 econtra
2162 2748 2194 2773 13
2214 2748 2229 2773 8

1699 2802 1734 2808 -
1752 2789 1823 2814 Deus
1846 2789 1941 2815 dicitur
1965 2790 2019 2816 Rex
2047 2791 2077 2816 Vl
2103 2791 2137 2817 65
2162 2799 2188 2817 v.
2214 2793 2229 2817 2
2250 2806 2284 2811 —-—

1646 2833 1763 2859 Christus
1782 2833 1853 2859 venit
1870 2837 1898 2859 ut
1910 2840 1954 2860 rex
1967 2835 2001 2860 ad
2014 2828 2218 2866 praesidendum
2232 2836 2283 2862 597

1646 2884 1672 2902 ν.
1693 2877 1725 2903 46
1745 2891 1779 2896 -
1793 2878 1900 2903 Praelati
1913 2878 2036 2904 dicuntur
2049 2886 2125 2911 regae
2138 2880 2170 2906 ad
2185 2879 2284 2906 bonurn

1647 2922 1786 2954 dirigendo
1808 2922 1857 2948 l44
1878 2929 1904 2948 v.
1923 2923 1939 2948 2
1958 2937 1993 2941 -—
2012 2927 2051 2949 est
2063 2923 2185 2957 quilibet,
2198 2925 2285 2958 quise

1646 2968 1714 2999 regit
1732 2967 1877 2992 secundum
1897 2968 1982 2999 legem
2000 2969 2046 2994 Dei
2066 2969 2108 2995 Vll
2128 2969 2178 2995 378
2198 2970 2227 2995 61
2250 2984 2285 2989 -

1647 3011 1741 3037 dicitur
1759 3012 1880 3044 superior
1903 3019 1965 3044 pars
1989 3013 2109 3045 rationis,
2133 3014 2176 3040 cui
2202 3017 2284 3040 totum

1647 3062 1759 3087 regnum
1779 3057 1882 3082 animae
1901 3060 1940 3083 est
1964 3058 2135 3084 commissum
2160 3058 2194 3084 ad
2219 3058 2286 3084 iudi-

1647 3100 1761 3127 candum
1781 3101 1813 3126 Vl
1834 3102 1880 3127 301
1905 3102 1939 3127 82

1700 3145 1776 3171 Risus
1793 3160 1828 3164 —-
1847 3149 1886 3172 est
1911 3146 1936 3172 in
1961 3146 2039 3178 signo
2058 3146 2091 3172 Vl
2117 3147 2151 3172 30
2170 3153 2197 3172 v.
2216 3146 2231 3172 4
2251 3145 2285 3165 -“

1637 3192 1686 3223 ,est
1710 3189 1824 3215 exterius
1848 3191 1881 3216 20
1905 3198 1931 3216 v.
1951 3191 1967 3216 2
1985 3205 2020 3209 -
2039 3193 2125 3223 potest
2148 3198 2206 3217 esse
2230 3191 2286 3217 sine

1647 3234 1723 3265 culpa
1748 3234 1781 3259 56
1806 3242 1832 3268 q.
1852 3236 1867 3260 2
1887 3248 1923 3254 -
1940 3235 2073 3261 1101010010
2098 3235 2200 3261 seducit
2223 3235 2285 3261 offe-

1648 3278 1729 3304 rendo
1755 3278 1854 3305 bonum
1879 3282 1905 3305 et
1929 3279 1954 3305 in
1979 3280 2031 3305 flne
2052 3280 2150 3305 malum
2170 3280 2203 3306 20
2222 3287 2248 3305 ν.
2269 3281 2284 3305 2

1648 3337 1682 3341 -
1702 3330 1826 3355 praesens
1843 3327 1882 3349 est
1898 3331 2024 3350 erroneus
2042 3327 2068 3350 01
2086 3328 2287 3350 momentaneus

1647 3367 1709 3394 ibid.
1721 3381 1758 3387 —
1771 3369 1900 3394 malorum
1913 3368 2004 3394 dolore
2018 3368 2171 3394 miscebitur
2183 3369 2216 3394 30
2230 3375 2255 3394 v.
2269 3368 2284 3395 4

1650 3428 1682 3433 —
1701 3405 1787 3439 Fletus
1806 3413 1939 3445 praecedit
1959 3413 2039 3439 risum
2053 3406 2197 3440 secundum
2214 3416 2286 3439 natu-
