2427 3872
335 271 399 303 684

618 310 682 337 CAR

332 366 383 384 non
402 357 508 389 respicit
526 356 574 381 nisi
593 355 714 384 visibilia,
734 354 793 379 ideo
812 360 864 378 non
878 359 970 385 exspe-

333 404 384 428 ctat
401 404 505 427 aeterna
524 399 587 426 ibid.
604 413 639 417 -
658 398 780 424 Carnales
808 397 902 422 timore
920 399 969 422 tor-

334 449 481 472 mentorum
496 451 510 469 a
530 444 582 469 fide
600 442 728 468 recedunt
747 442 780 466 96
801 448 828 466 ν.
845 440 862 465 7

386 503 419 507 -
437 488 559 514 Gamales
592 488 762 512 contemnunt
796 484 892 510 iudicia
930 484 969 509 di-

333 534 392 558 vina
412 536 437 558 et
455 532 591 557 incurrunt
614 530 732 555 divinam
761 528 968 560 indignationem

333 578 374 603 Vll
394 576 440 602 441
465 575 498 601 47
516 588 552 594 --
564 574 685 600 Carnales
698 572 874 604 corripiuntur
887 579 901 597 a
914 572 968 596 Deo

332 622 364 646 Vl
384 621 433 646 577
454 621 469 645 2
489 634 523 638 ——
542 619 662 645 Carnales
681 617 840 649 dissipantur
860 616 893 641 96
912 623 939 641 v.
951 615 968 640 7

331 680 365 684 —
384 664 504 690 Gamales
524 664 590 689 iusto
610 663 654 688 Dei
674 661 771 687 iudicio
788 660 895 692 expositi
909 662 969 685 sunt

331 708 504 735 daemonibus
518 708 559 733 Vll
573 707 624 732 205
637 706 670 731 56
685 720 719 723 -
732 705 853 731 Gamales
870 703 969 730 diluvio

332 754 497 779 involventur
517 752 562 777 441
588 751 619 776 47
639 764 675 769 —-
694 750 778 782 Super
791 749 907 775 carnales
926 755 968 774 ve-

332 798 385 823 niet
403 798 459 823 dies
478 796 565 822 iudicii
585 795 670 821 subito
684 798 710 820 et
728 794 762 820 ad
782 794 899 825 ipsorum
913 799 968 825 per-

332 843 456 868 ditionem
476 841 651 867 universalem
665 838 700 865 ib.
720 839 752 864 48
772 852 807 857 —
826 838 876 870 Qui
895 837 969 863 dimi-

332 887 394 913 serit
411 886 522 912 carnalia
542 892 589 917 pro
615 884 727 909 Domino
746 882 888 915 spiritualia
907 882 969 908 reci-

333 932 386 964 piet
402 931 451 956 467
472 930 506 955 50
526 944 559 948 —-
579 929 623 962 qui
637 928 773 953 carnaliter
792 927 898 959 sapiunt
916 934 969 952 non

332 974 503 1007 possidebunt
522 972 743 1004 incorruptionem
763 971 814 997 514
834 972 867 997 39

383 1032 418 1038 -
437 1018 550 1044 Carnaiis
570 1017 720 1049 intelligitur
733 1023 781 1048 per
795 1022 888 1041 vocem
907 1022 969 1047 cap-

331 1064 402 1096 paris
421 1063 453 1088 Vl
474 1063 506 1087 96
521 1070 546 1087 v.
559 1062 575 1087 7
588 1075 624 1080 ——
637 1061 758 1087 Carnales
771 1068 876 1093 semper
888 1066 970 1093 quae-

331 1110 391 1133 runt
418 1106 579 1132 delectabilia
605 1106 638 1131 86
668 1113 694 1131 ν.
727 1105 756 1130 16
785 1120 820 1123 -
847 1104 970 1131 Carnales

331 1159 436 1183 semper
464 1150 700 1182 sunt'insipientes
718 1148 782 1176 ibid.
800 1164 835 1168 ——
854 1148 970 1175 Carnalis

331 1200 370 1222 est
388 1196 513 1227 indignus
540 1197 649 1227 propter
676 1194 875 1226 ineptitudinem
899 1193 970 1219 laeti-

331 1241 381 1266 tiae
398 1239 432 1266 ib.
452 1247 477 1265 v.
499 1240 531 1264 19
544 1253 580 1258 -
592 1238 707 1265 Carnalis
720 1245 825 1270 semper
843 1239 900 1264 vult
912 1244 970 1263 esse

331 1286 356 1310 in
369 1285 462 1310 laetitia
475 1282 538 1309 ibid.
549 1298 584 1301 —
597 1282 713 1309 Carnalis
726 1285 835 1315 propter
847 1282 969 1308 laetitiam

331 1329 461 1355 carnalem
482 1328 542 1354 facit
559 1335 646 1358 omne,
665 1328 737 1360 quod
758 1327 819 1353 facit
834 1326 896 1353 ibid.

385 1388 419 1391 —
437 1373 554 1399 Carnaiis
573 1373 696 1404 voluptas
714 1374 753 1397 est
771 1372 862 1402 lectus,
875 1371 903 1397 in
916 1377 969 1404 quo

332 1425 384 1444 non
405 1418 535 1443 invenitur
557 1416 675 1443 Christus
699 1416 732 1442 Vl
752 1416 803 1452 572
823 1416 838 1441 3
859 1415 971 1442 ——-‘'Car—

331 1463 395 1488 nalis
422 1463 545 1493 voluptas
571 1461 647 1487 trahit
675 1461 787 1486 lascivos
811 1461 862 1486 568
890 1460 907 1485 7
935 1475 969 1478 -

332 1507 453 1533 Carnales
471 1506 534 1531 nihil
552 1506 623 1532 aliud
642 1508 771 1539 quaerunt
785 1505 832 1531 nisi
846 1504 969 1531 umbram

332 1555 357 1577 et
374 1551 508 1577 lasciviam
527 1551 594 1576 sicut
612 1551 686 1582 porci
706 1550 748 1575 Vll
769 1550 820 1576 205
840 1550 874 1575 57
886 1564 921 1568 -
935 1550 970 1574 ln-

332 1596 440 1621 firmitas
450 1595 606 1620 carnalitatis
619 1595 731 1626 insurgit
743 1601 772 1620 ex
786 1594 971 1626 concupiscen-

331 1641 365 1666 tia
385 1640 536 1666 deliciarum
557 1640 589 1665 Vl
609 1639 660 1664 629
680 1640 695 1664 8

384 1700 418 1703 —
437 1684 559 1711 Carnales
577 1691 628 1709 non
654 1684 797 1715 intelligunt
824 1683 913 1709 divina
937 1683 969 1709 Vl

333 1730 383 1756 459
404 1730 437 1754 19
456 1744 491 1747 -
509 1729 626 1755 Carnalis
638 1729 774 1754 carnaliter
789 1728 906 1760 intelligit
919 1728 970 1753 279

331 1775 347 1799 9
361 1789 396 1792 -
409 1773 525 1799 Carnalis
544 1773 710 1804 intelligentia
730 1779 783 1798 non
797 1773 905 1804 prodest
919 1772 970 1797 336

333 1819 365 1843 99
385 1833 420 1837 —
439 1818 561 1844 Carnales
574 1818 693 1843 nesciunt
705 1817 795 1843 cibum
809 1817 970 1849 spiritualem

332 1864 384 1889 297
403 1863 437 1888 52

385 1921 420 1927 —-
447 1907 565 1933 Carnalia
595 1906 777 1939 postponenda
806 1908 867 1932 sunt
899 1906 972 1938 spiri-

332 1952 446 1978 tualibus
466 1952 508 1978 Vll
527 1952 560 1977 20
581 1951 613 1976 37
633 1965 668 1970 -
690 1950 807 1976 Carnalia
831 1954 893 1976 sunt
911 1957 972 1976 con-

333 1996 471 2022 temnenda
492 1996 542 2021 444
563 1995 596 2021 54
615 2009 651 2014 —
670 1994 709 2020 Ab
728 1994 864 2020 affectibus
881 2001 972 2020 carna-

332 2030 401 2077 libus
429 2041 505 2066 avelli
532 2039 612 2066 debet
639 2040 684 2072 qui
708 2040 764 2065 vult
783 2039 879 2065 devote
897 2045 973 2064 orare

333 2086 384 2111 556
405 2085 438 2111 53

385 2143 421 2149 —
440 2129 577 2155 lnfirmitas
596 2129 753 2154 carnalitatis
771 2131 878 2154 sanatur
891 2128 973 2153 consi-

333 2174 468 2200 deratione
487 2173 628 2199 Salvatoris
646 2173 733 2199 afflicti
753 2173 785 2198 Vl
806 2173 857 2198 629
878 2173 893 2197 9

387 2218 456 2244 Cimo
471 2232 504 2236 ——
518 2218 580 2244 dicit
599 2221 699 2250 partem
715 2217 828 2243 hominis
841 2217 972 2243 visibilem

334 2266 360 2289 et
379 2263 492 2288 maxime
511 2261 662 2294 passibilem
682 2262 715 2288 Vl
735 2262 786 2287 254
807 2261 840 2287 34
861 2276 894 2280 -
914 2262 974 2287 iacit

335 2308 454 2339 viliorem
473 2314 554 2340 quarn
568 2307 600 2333 sit
619 2309 710 2332 natura
724 2306 845 2339 brutalis,
865 2305 973 2332 subver-

335 2352 414 2377 tendo
433 2352 517 2384 leges,
536 2359 603 2384 quas
627 2351 702 2377 bruta
722 2351 843 2377 animalia
868 2353 974 2376 servant

335 2397 379 2422 Vll
400 2396 450 2422 442
471 2396 504 2421 50
523 2410 558 2415 -
577 2397 611 2422 Ex
631 2402 709 2421 carne
734 2396 880 2422 secundum
901 2395 973 2428 quod

336 2448 397 2466 caro
416 2444 556 2472 generatur
575 2441 677 2466 carnale
696 2441 729 2465 Vl
749 2441 795 2465 281
821 2441 854 2465 20
880 2454 915 2458 -
937 2447 974 2465 se-

336 2485 452 2511 cundum
472 2485 602 2520 carnalem
623 2485 818 2516 intelligentiam
831 2492 882 2510 non
897 2484 974 2516 prod-

336 2533 375 2555 est
393 2529 539 2562 quidquam
559 2530 609 2554 336
629 2530 663 2554 99

389 2588 424 2593 -
444 2574 468 2599 in
488 2574 571 2599 Adam
598 2577 657 2599 ante
676 2577 813 2605 peccatum
839 2574 885 2599 fuit
908 2581 973 2606 pura

337 2620 363 2643 et
381 2618 437 2643 sine
462 2619 563 2643 macula
586 2618 618 2643 Vl
639 2618 689 2643 289
710 2618 744 2643 62
769 2632 805 2637 -
830 2621 869 2643 est
892 2625 975 2644 nurus

336 2666 362 2687 et
382 2666 464 2688 mater
488 2662 588 2693 peccati
608 2662 650 2687 Vll
671 2662 722 2687 333
746 2662 780 2687 78
803 2675 839 2681 —-
860 2665 899 2687 est
920 2669 976 2687 me-

337 2706 429 2739 retrix,
453 2707 496 2732 cui
522 2706 609 2732 unitur
632 2706 692 2738 quis
717 2706 743 2731 in
768 2707 916 2732 carnalitate
942 2707 974 2732 Vl

338 2752 390 2777 609
411 2752 425 2776 2
944 2770 946 2772 .

391 2809 426 2814 -
449 2794 540 2821 Carnis
570 2795 695 2826 fragilitas
725 2798 893 2826 comparatur
918 2795 976 2820 flori

339 2839 429 2865 cardui
451 2839 481 2865 Vl
503 2838 548 2864 141
574 2846 600 2864 v.
620 2839 653 2865 15
668 2853 701 2857 -
714 2839 804 2871 spinas
823 2842 848 2864 et
867 2839 976 2865 tribulos

339 2884 511 2909 tentationum
531 2886 639 2915 generat
654 2883 718 2910 ibid.

392 2942 428 2947 —
445 2927 576 2954 subtracta
596 2929 693 2960 gratia,
712 2935 759 2960 per
784 2936 863 2961 quam
889 2929 976 2954 anima

340 2976 443 3004 regeret
461 2979 581 3004 carnem,
600 2972 634 2997 ad
658 2973 766 2998 inferius
784 2973 925 2998 declinavit
944 2973 976 2999 Vl

341 3016 392 3041 382
421 3016 455 3041 55
483 3030 516 3035 -—
542 3017 661 3042 Tentatio
690 3016 776 3042 carnis
804 3020 848 3042 aut
871 3020 910 3043 est
937 3024 978 3042 se-

341 3060 466 3091 cundum,
490 3063 534 3086 aut
558 3063 647 3086 contra
670 3063 790 3086 naturam
817 3061 868 3086 175
893 3068 920 3086 ν.
944 3061 977 3087 14

404 3105 569 3130 lmmunditia
599 3105 685 3130 carnis
709 3107 748 3130 est
772 3104 919 3131 abiicienda
944 3105 973 3130 91

342 3155 368 3173 ν.
391 3149 423 3173 10

395 3206 430 3211 -
448 3196 488 3218 est
506 3193 691 3218 vestimentum
715 3193 934 3225 prosternendum
953 3193 979 3218 in

342 3236 385 3261 via
414 3237 587 3268 poenitentiae
615 3244 662 3269 per
689 3228 915 3263 mortificationem
946 3237 979 3263 Vl

343 3280 395 3305 594
423 3281 438 3305 3
467 3294 502 3300 —
529 3281 619 3307 Carnis
647 3281 812 3307 mortificatio
837 3281 980 3307 consulitur

344 3328 433 3349 contra
459 3325 696 3356 concupiscentiam
722 3325 808 3352 carnis
832 3325 884 3351 584
911 3326 925 3351 3
945 3339 980 3345 -

344 3367 434 3393 Carnis
460 3370 622 3395 mortificatio
648 3370 791 3395 consulitur
815 3370 850 3396 ad
872 3377 980 3402 sequen-

344 3411 409 3436 dum
428 3411 558 3438 Christum
579 3412 640 3439 ibid.
652 3427 687 3433 —
700 3414 793 3439 Malitia
811 3421 826 3439 a
845 3420 925 3439 carne
935 3420 980 3439 au-

1198 263 1311 296 INDEX
1336 263 1463 296 RERUM

1006 353 1087 377 fertur
1115 358 1162 383 per
1190 352 1417 377 mortificationem
1446 351 1474 376 91
1507 358 1534 377 ν.
1557 352 1589 376 10
1609 365 1644 370 -

1006 395 1187 421 mortificanda
1201 395 1253 421 590
1268 396 1300 420 12
1315 409 1349 413 -
1362 398 1509 421 maceratur
1521 402 1569 427 per
1581 402 1644 427 poe-

1006 440 1141 465 nitentiam
1160 439 1211 464 565
1232 439 1247 464 3
1271 453 1302 457 -
1320 439 1491 465 mortificatur
1510 446 1558 471 per
1584 440 1644 465 ieiu-

1005 484 1078 509 nium
1098 483 1149 508 302
1169 483 1201 508 83
1222 483 1278 516 (82)
1290 497 1324 502 -
1338 483 1518 509 mortificanda
1531 484 1644 509 maxime

1006 534 1020 553 a
1035 527 1157 559 praelatis
1176 527 1219 552 Vll
1240 527 1291 552 145
1308 527 1340 552 40
1353 541 1389 547 -
1401 528 1533 553 domanda
1548 534 1645 553 memo-

1006 572 1044 597 ria
1064 571 1156 597 mortis
1174 570 1236 597 ibid.

1059 629 1094 634 —
1119 615 1211 641 Carnis
1236 616 1401 642 mortificatio
1425 617 1523 642 fluxum
1548 623 1645 642 concu-

1007 659 1149 691 piscentiae
1172 660 1306 692 restringit
1331 661 1363 686 Vl
1387 660 1439 685 580
1463 660 1480 685 7
1503 675 1537 679 -
1554 660 1645 687 Carnis

1006 704 1147 729 maceratio
1166 707 1205 730 est
1217 705 1321 736 corpori
1334 704 1447 736 afflictio,
1460 705 1506 730 sed
1521 705 1608 731 unctio
1620 707 1646 731 et

1006 748 1161 774 illuminatio
1174 748 1277 780 spiritui
1290 748 1351 775 ibid.
1362 763 1397 768 —
1406 752 1446 775 est
1458 749 1645 781 crucifigenda,

1006 795 1035 818 ut
1052 792 1159 824 spiritus
1177 795 1265 819 noster
1285 793 1310 818 in
1330 800 1408 819 cruce
1426 794 1538 819 Domino
1557 794 1646 819 offera-

1006 839 1048 862 tur
1068 837 1110 862 Vll
1134 837 1185 863 576
1212 837 1245 863 40
1264 851 1300 856 -
1319 837 1496 870 crucifigenda
1521 840 1561 863 est
1579 838 1647 863 sicut

1005 881 1095 907 dexter
1113 882 1178 907 latro
1196 881 1259 908 ibid.
1276 896 1309 900 —-
1322 881 1391 908 Crux
1410 882 1496 908 carnis
1518 885 1557 908 est
1574 882 1647 913 rigor

1006 926 1173 957 disciplinae,
1202 926 1277 952 cuius
1304 931 1419 959 quatuor
1449 930 1510 952 sunt
1537 926 1645 952 brachia

1005 969 1067 996 ibid.
1086 984 1121 989 —-
1140 970 1178 996 De
1196 971 1396 997 mortificatione
1410 971 1501 997 ¹carnis
1520 978 1573 996 non
1593 972 1646 1003 glo-

1005 1014 1128 1040 riandum
1150 1014 1201 1040 145
1220 1015 1253 1040 40
1272 1029 1308 1034 -
1327 1015 1569 1044 Μῶα-6603110116
1587 1022 1646 1047 pro·

1006 1059 1079 1090 priae
1091 1059 1248 1085 carnalitatis
1261 1059 1365 1091 gladius
1380 1059 1570 1092 praecingitur,
1584 1067 1647 1085 eva-

1006 1103 1110 1139 ginatur
1129 1104 1162 1129 ad
1181 1103 1395 1136 redargutionem
1409 1104 1566 1130 carnalitatis
1584 1104 1647 1129 alie-

1006 1155 1057 1173 nae
1076 1148 1128 1173 554
1149 1148 1181 1174 48

1061 1206 1095 1210 —
1114 1192 1221 1224 punitur
1242 1193 1304 1224 igne
1332 1195 1357 1218 et
1373 1193 1511 1225 *sulphure
1538 1195 1647 1225 propter

1006 1237 1245 1263 inordinatissimae
1257 1236 1373 1263 libidinis
1385 1237 1536 1263 incendium
1555 1241 1581 1263 et
1595 1239 1647 1263 foe-

1007 1285 1091 1307 torem
1111 1282 1154 1307 Vll
1180 1281 1230 1307 442
1251 1282 1285 1308 50

1060 1326 1125 1361 (ΣΛεΛ
1144 1340 1180 1345 -
1198 1329 1238 1352 est
1257 1333 1359 1359 pauper
1383 1327 1559 1358 domuncula,
1578 1334 1647 1360 quae

1007 1370 1102 1396 dicitur
1127 1378 1142 1396 a
1167 1371 1300 1403 cadendo,
1324 1371 1386 1404 quia
1411 1372 1445 1397 de
1467 1371 1534 1396 sacili
1553 1372 1647 1397 cadere

1007 1418 1092 1447 potest
1111 1415 1144 1440 Vl
1161 1415 1211 1440 178
1228 1423 1255 1440 v.
1275 1416 1290 1440 2

1060 1459 1206 1485 CASTELLUM
1226 1474 1260 1477 —
1280 1460 1327 1485 Per
1346 1460 1495 1491 castellum,
1517 1460 1590 1493 quod
1609 1463 1648 1486 est

1007 1506 1097 1529 contra
1117 1504 1275 1536 discipulos,
1295 1504 1445 1536 intelligitur
1468 1505 1584 1530 mundus
1603 1505 1646 1530 Vll

1008 1548 1058 1574 488
1080 1548 1113 1574 45
1132 1562 1168 1568 -
1187 1550 1212 1574 1η
1233 1549 1367 1575 castellum
1393 1549 1466 1575 missi
1491 1552 1552 1575 sunt
1570 1549 1648 1575 disci-

1008 1593 1061 1625 puli
1081 1593 1115 1619 ad
1135 1593 1342 1625 praedicandum
1362 1593 1424 1619 ibid.

1061 1637 1184 1663 strrras
1197 1652 1231 1656 —
1243 1638 1362 1664 consistit
1375 1639 1401 1663 in
1417 1638 1565 1664 innocentia
1578 1645 1648 1664 men-

1008 1682 1040 1707 tis
1059 1682 1092 1708 Vi
1109 1682 1152 1707 131
1177 1689 1204 1708 v.
1225 1683 1234 1708 1
1253 1696 1288 1702 -
1301 1682 1394 1708 Castus
1406 1690 1518 1715 corpore
1538 1683 1595 1709 felix
1608 1686 1648 1709 est

1009 1727 1059 1751 129
1079 1734 1104 1752 v.
1126 1726 1158 1752 12
1171 1740 1207 1746 -
1219 1726 1326 1752 babebit
1344 1730 1465 1752 aeternae
1478 1727 1647 1754 beatitudinis

1010 1772 1122 1796 fructum
1138 1770 1206 1797 ibid.

1060 1830 1096 1834 -
1115 1816 1142 1841 ln
1162 1816 1279 1841 castitate
1292 1816 1431 1849 praeterita
1444 1823 1498 1842 non
1511 1819 1550 1842 est
1568 1817 1648 1842 fiden-

1008 1860 1072 1886 dum
1094 1860 1136 1886 Vll
1155 1861 1206 1886 519
1227 1860 1261 1886 55
1280 1874 1315 1879 —-
1334 1860 1426 1886 Castus
1445 1868 1497 1886 non
1523 1861 1596 1886 facile
1614 1860 1648 1886 de

1010 1904 1149 1931 fornicario
1172 1905 1321 1936 suspicatur
1349 1905 1400 1930 502
1425 1905 1440 1930 3
1466 1919 1500 1923 —-
1524 1905 1647 1931 Munditia

1008 1949 1133 1975 castitatis
1151 1949 1313 1981 significatur
1333 1949 1357 1974 in
1377 1949 1456 1975 linteo
1476 1949 1508 1975 Vl
1530 1950 1581 1975 598
1601 1950 1616 1975 3

1062 1993 1142 2019 stus
1161 2008 1195 2012 —
1218 1997 1244 2019 et
1269 1995 1372 2020 fortuna
1395 1996 1455 2019 sunt
1480 2001 1576 2019 causae
1601 2001 1648 2026 per

1008 2038 1130 2063 accidens
1149 2038 1180 2063 Vl
1200 2038 1235 2063 77
1254 2046 1280 2071 q.
1301 2039 1310 2063 1
1335 2051 1370 2057 -
1386 2038 1497 2071 Quando
1516 2042 1608 2064 natura
1622 2041 1649 2063 et

1010 2083 1154 2108 intellectus
1171 2082 1271 2115 aliquid
1284 2083 1392 2114 faciunt,
1412 2083 1445 2108 ad
1459 2082 1531 2115 quod
1550 2083 1649 2108 directe

1009 2127 1178 2158 ordinantur,
1206 2134 1258 2152 non
1287 2130 1327 2152 est
1356 2126 1391 2152 ibi
1419 2134 1497 2152 casus
1524 2126 1585 2153 ibid.
1614 2140 1649 2146 —-

1010 2171 1121 2203 Quando
1134 2178 1165 2196 ex
1178 2171 1331 2203 operatione
1344 2174 1453 2196 naturae
1466 2174 1491 2197 et
1507 2171 1650 2197 intellectus

1010 2215 1110 2248 aliquid
1128 2216 1227 2248 evenit,
1247 2216 1281 2241 ad
1301 2216 1373 2248 quod
1391 2215 1490 2242 directe
1509 2223 1560 2241 non
1580 2216 1650 2241 ordi-

1010 2263 1116 2291 nantur,
1131 2263 1238 2292 propter
1251 2267 1409 2285 concursum
1423 2260 1529 2285 alterius
1541 2266 1649 2292 causae,

1011 2304 1045 2330 ibi
1065 2307 1104 2330 est
1119 2311 1196 2330 casus
1208 2303 1270 2330 ibid.
1283 2318 1320 2323 —
1331 2311 1384 2330 non
1397 2304 1493 2330 dicitur
1507 2305 1531 2329 in
1545 2311 1650 2336 compa-

1010 2349 1110 2375 ratione
1128 2349 1162 2375 ad
1181 2349 1298 2375 divinam
1312 2350 1510 2381 praescientiam
1531 2348 1594 2375 ibid.
1614 2363 1650 2368 —

1011 2394 1077 2420 Nihil
1096 2396 1135 2420 est
1157 2395 1260 2419 casuale
1278 2394 1424 2420 secundum
1448 2394 1552 2419 divinae
1574 2401 1650 2426 prae-

1010 2439 1133 2470 scientiae
1143 2438 1334 2464 ordinationem
1342 2437 1403 2464 ibid.
1413 2452 1449 2457 —
1458 2438 1531 2464 Circa
1543 2445 1649 2463 omnem

1012 2483 1164 2509 mutabilem
1177 2487 1323 2509 creaturam
1337 2483 1435 2516 aliquid
1448 2484 1535 2509 evenit
1547 2483 1650 2509 casuale

1011 2527 1073 2554 ibid.
1086 2542 1121 2547 —
1134 2528 1214 2561 Quasi
1224 2528 1313 2554 omnia
1327 2535 1341 2553 a
1355 2535 1417 2554 casu
1428 2528 1518 2553 venire
1528 2528 1650 2553 videntur

1011 2573 1045 2598 76
1065 2580 1091 2598 v.
1112 2573 1140 2598 11
1168 2587 1202 2591 --
1224 2573 1356 2598 invenitur
1384 2573 1410 2598 in
1436 2572 1573 2603 omnibus,
1598 2579 1649 2598 non

1011 2617 1084 2650 quod
1097 2617 1185 2642 omnia
1199 2624 1261 2643 casu
1280 2618 1415 2648 eveniant,
1435 2617 1481 2643 sed
1500 2617 1562 2650 quia
1582 2617 1649 2642 circa

1012 2669 1118 2687 omnem
1129 2661 1282 2687 mutabilem
1295 2665 1442 2688 creaturam
1456 2662 1552 2695 aliquid
1564 2661 1651 2687 evenit

1012 2707 1115 2732 casuale
1133 2706 1168 2731 77
1187 2713 1214 2738 q.
1229 2707 1238 2730 1
1256 2720 1292 2725 -
1306 2706 1370 2732 Nihil
1384 2707 1412 2732 fit
1424 2713 1486 2732 casu
1500 2705 1562 2732 ibid.
1575 2720 1611 2725 —
1624 2706 1650 2731 ln

1013 2750 1112 2776 mundo
1123 2751 1183 2776 nihil
1195 2751 1281 2782 agitur
1290 2757 1352 2776 casu
1373 2754 1398 2776 et
1417 2752 1519 2776 fortuna
1530 2751 1581 2775 196
1595 2758 1622 2776 v.
1635 2751 1650 2776 3

1062 2809 1095 2812 —
1104 2794 1187 2820 Casus
1197 2795 1223 2820 in
1234 2795 1326 2820 faciem
1337 2795 1466 2826 significat
1477 2794 1649 2820 reverentiam

1014 2839 1057 2864 Vll
1077 2838 1128 2863 436
1148 2839 1176 2863 31
1201 2852 1236 2858 ——
1256 2842 1314 2870 post
1334 2842 1436 2870 tergum
1456 2838 1586 2870 significat
1599 2838 1652 2864 rui·

1013 2890 1074 2908 nam
1095 2882 1157 2909 ibid.
1175 2896 1210 2901 —
1229 2883 1279 2915 Qui
1303 2883 1328 2908 in
1354 2883 1445 2908 faciem
1472 2882 1541 2908 cadit
1566 2882 1650 2913 videt,

1013 2934 1067 2960 quo
1086 2927 1174 2957 ct·‹lat;
1194 2927 1239 2959 qui
1258 2930 1328 2953 retro
1342 2934 1394 2952 non
1414 2927 1486 2952 videt
1502 2926 1563 2953 ibid.
1576 2940 1611 2946 —
1625 2927 1651 2952 ln

1015 2972 1107 2997 faciem
1126 2972 1224 2997 cadunt
1236 2971 1314 3002 boni,
1334 2971 1394 2997 mali
1414 2974 1483 2996 retro
1502 2970 1564 2997 ibid.
1577 2971 1652 2996 —ln

1016 3017 1107 3042 faciem
1128 3016 1197 3042 cadit
1215 3017 1276 3049 quis
1295 3016 1428 3048 tripliciter
1447 3015 1507 3041 ibid.

1067 3074 1103 3079 —
1121 3061 1176 3086 Non
1196 3060 1379 3091 diffidendum,
1398 3060 1420 3086 si
1439 3060 1533 3092 aliqui,
1553 3059 1598 3092 qui
1615 3059 1653 3084 vi-

1015 3105 1110 3131 dentur
1133 3108 1217 3135 stare,
1242 3105 1340 3130 cadunt
1365 3105 1407 3130 Vll
1434 3104 1484 3130 142
1511 3104 1543 3129 33
1564 3117 1599 3123 -
1617 3104 1654 3130 De

1015 3156 1078 3175 casu
1097 3156 1149 3175 non
1161 3152 1200 3174 est
1218 3149 1349 3175 incautius
1361 3148 1534 3174 diffidendum
1554 3148 1605 3173 553
1620 3148 1654 3173 45

1069 3193 1247 3219 (ΖΑτΕοιιυΜΕΝι
1265 3207 1301 3212 -
1318 3193 1435 3219 nondum
1454 3193 1533 3218 fidem
1552 3192 1655 3224 explici·

1017 3241 1069 3263 tam
1089 3237 1185 3263 habent
1205 3238 1236 3263 Vl
1256 3237 1307 3262 380
1328 3237 1361 3263 45

1069 3281 1171 3308 Cli-resa
1190 3295 1226 3301 —
1244 3282 1307 3313 ligat
1325 3281 1421 3313 pedes,
1441 3282 1535 3307 collum
1555 3284 1582 3307 et
1599 3287 1654 3306 ma-

1017 3333 1067 3351 nus
1087 3326 1118 3352 Vl
1144 3326 1195 3352 593
1215 3333 1241 3352 v.
1267 3325 1300 3351 44
1328 3327 1337 3350 1
1362 3340 1395 3344 -
1415 3325 1484 3351 duae
1508 3328 1568 3351 sunt
1596 3332 1655 3357 pro-

1017 3370 1083 3395 nitas
1101 3370 1136 3396 ad
1159 3370 1257 3396 malum
1285 3372 1311 3396 et
1329 3369 1467 3395 difficultas
1492 3370 1526 3395 ad
1554 3369 1653 3406 bonum

1017 3414 1067 3439 579
1087 3414 1102 3439 6

1959 306 2019 333 CEN

1734 351 1870 377 Carni-:anx
1899 363 1935 371 -
1963 352 2069 378 honoris
2099 359 2151 377 non
2176 354 2215 377 cst
2242 358 2322 378 verae

1681 395 1857 426 excellentiae,
1876 396 1924 422 sed
1936 396 2022 428 magis
2040 396 2200 428 pestilentiae
2212 396 2255 422 Vll
2269 396 2321 421 305

1682 439 1715 464 87
1722 453 1758 458 -
1768 440 1853 471 Super
1863 440 2013 465 cathedram
2025 440 2186 472 pestilentiae
2196 439 2322 466 sedebant

1681 483 1784 509 scribae
1802 487 1828 509 et
1846 484 1977 510 Pharisaei
1989 484 2052 511 ibid.
2070 498 2106 504 --
2124 488 2163 510 est
2182 485 2259 510 sedes
2278 484 2321 510 do-

1681 531 1783 554 ctorum
1806 528 1837 553 Vl
1858 528 1908 554 492
1933 528 1965 554 14

1734 571 1849 598 Carinum
1867 586 1903 591 —
1921 575 1960 598 est
1978 579 2026 598 vas
2045 573 2079 598 ad
2106 572 2322 599 manducandum

1683 616 1726 642 Vll
1747 617 1798 642 303
1818 617 1852 642 80
1870 630 1907 636 —-
1925 620 1964 643 est
1982 624 2029 642 vas
2046 617 2137 648 fragile
2156 619 2182 642 et
2200 617 2321 649 designat

1684 660 1848 692 fragilitatem
1867 661 1975 686 humani
1994 661 2113 693 corporis
2131 660 2194 687 ibid.

1736 704 1818 731 Cxusx
1831 719 1868 724 —
1880 705 1997 731 Primum
2012 705 2036 731 in
2051 712 2212 738 unoquoque
2224 712 2322 737 genere

1683 756 1776 775 eorum
1795 756 1864 782 quae
1877 752 1936 781 post
1952 749 2038 781 ipsum
2051 752 2123 781 sunt,
2143 756 2222 775 causa
2236 752 2276 775 est
2288 749 2322 775 Vl

1685 794 1735 819 108
1761 801 1786 819 v.
1807 794 1823 819 5
1842 808 1877 812 —
1896 794 1962 819 Nihil
1987 797 2039 825 est,
2065 794 2140 819 cuius
2162 796 2250 819 ortum
2268 800 2320 819 non

1684 838 1856 870 praecesserit
1882 838 1998 870 legitima
2027 844 2105 863 causa
2135 837 2185 863 196
2206 845 2232 863 v.
2251 838 2267 863 3
2287 851 2322 857 -

1683 882 1776 908 Omnia
1796 882 1894 908 habent
1917 882 2060 914 legitimam
2085 889 2207 915 causam,
2225 882 2323 908 scilicet

1683 930 1804 952 naturam
1824 928 1865 952 vel
1879 927 2038 952 intellectum
2051 926 2086 952 77
2105 934 2131 960 q.
2152 927 2162 952 1
2182 941 2214 945 -
2228 927 2322 953 Omnia

1684 979 1698 997 a
1724 978 1803 997 causa
1827 971 1997 997 determinata
2023 971 2182 1003 proveniunt
2206 969 2268 997 ibid.
2287 984 2323 990 —

1684 1016 1751 1042 Nihil
1771 1019 1874 1048 praeter
1892 1016 2006 1048 primam
2027 1022 2134 1041 causam
2153 1018 2193 1041 est
2216 1016 2272 1041 sine
2290 1016 2323 1041 le·

1685 1061 1775 1092 gitima
1794 1068 1873 1087 causa
1892 1059 1953 1086 ibid.
1972 1074 2008 1079 —
2022 1060 2105 1086 Unius
2123 1060 2162 1085 rei
2175 1060 2322 1086 secundum

1684 1105 1804 1131 diversos
1829 1108 1965 1136 respectus
1989 1108 2103 1137 quatuor
2130 1111 2226 1130 causae
2249 1107 2322 1136 sunt,

1684 1150 1731 1176 sed
1759 1150 1835 1176 unica
1864 1150 1890 1175 in
1909 1157 1962 1175 uno
1990 1156 2088 1181 genere
2113 1149 2163 1175 203
2183 1156 2209 1174 v.
2235 1149 2269 1174 27
2288 1163 2323 1167 --

1684 1194 1806 1227 producit
1824 1194 1946 1219 effectum
1965 1193 2187 1226 proportionalem
2208 1193 2233 1218 in
2247 1199 2323 1224 gene-

1684 1238 1784 1264 ratione
1803 1239 1916 1264 univoca
1942 1237 1976 1263 34
1995 1245 2022 1270 q.
2042 1236 2070 1263 1*
2089 1251 2123 1256 —-
2146 1238 2262 1263 Eventus
2286 1244 2324 1263 re-

1684 1290 1743 1308 rum
1763 1286 1808 1308 aut
1823 1286 2009 1314 comparantur
2023 1282 2057 1308 ad
2069 1288 2177 1307 causam
2197 1281 2324 1314 primam,

1685 1330 1730 1353 aut
1748 1327 1782 1353 ad
1801 1334 1894 1353 causas
1918 1329 2018 1352 creatas
2036 1326 2070 1351 77
2090 1333 2116 1359 q.
2137 1326 2146 1351 1
2170 1339 2205 1345 —-
2223 1324 2324 1352 Causae

1684 1371 1819 1397 inferiores
1838 1374 1900 1397 sunt
1911 1370 2050 1396 mutabiles
2068 1369 2129 1396 ibid.
2143 1371 2217 1395 —ln
2237 1370 2324 1402 dispo·

1685 1415 1778 1441 sitione
1796 1422 1936 1441 causarum
1951 1414 2116 1440 mutabilium
2129 1414 2173 1440 vix
2192 1417 2244 1446 est,
2258 1414 2324 1447 quin

1685 1463 1825 1486 concurrat
1858 1459 1952 1492 aliquis
1984 1460 2091 1485 effectus
2124 1466 2178 1485 non
2209 1459 2323 1485 intentus

1685 1504 1748 1531 ibid.
1763 1502 1766 1505 ”

1738 1563 1773 1568 -
1791 1548 1848 1574 sine
1860 1555 1913 1581 qua
1927 1555 1979 1574 non
1994 1551 2020 1573 et
2038 1555 2118 1574 causa
2137 1548 2270 1573 meritoria
2290 1548 2323 1573 Vl

1686 1593 1737 1619 375
1758 1593 1791 1619 15

1738 1652 1773 1656 -
1786 1644 1855 1670 quae
1868 1644 1919 1663 non
1932 1637 2080 1663 defenditur
2089 1639 2115 1662 et
2125 1636 2260 1669 probatur,
2273 1644 2325 1662 me-

1685 1682 1734 1708 lior
1753 1684 1792 1707 est
1810 1682 1853 1707 Vll
1874 1681 1925 1707 568
1947 1682 1974 1706 11

1739 1726 1855 1753 ΟΑυΤειΑ
1873 1740 1909 1745 -
1927 1726 2075 1752 necessaria
2100 1729 2139 1751 est
2157 1726 2183 1751 in
2203 1726 2325 1758 periculis

1685 1774 1775 1797 contra
1794 1771 1994 1797 fraudulentiam
2014 1771 2058 1796 Vil
2078 1770 2129 1796 552
2149 1770 2177 1796 41

1738 1815 1841 1842 Caunum
1861 1829 1895 1833 —
1913 1815 2010 1841 dicitur
2028 1821 2042 1840 a
2062 1814 2148 1841 cedris
2167 1815 2200 1841 Vl
2221 1814 2271 1841 478
2292 1816 2307 1840 2

1739 1860 1839 1886 Caunus
1857 1874 1892 1879 —
1917 1859 2037 1885 sublimis
2063 1862 2102 1885 est
2126 1859 2259 1890 Christus,
2284 1866 2327 1885 cu-

1686 1904 1726 1930 ius
1744 1905 1858 1930 medulla
1878 1907 1917 1930 est
1941 1904 2022 1929 latens
2040 1904 2168 1930 Divinitas
2192 1903 2274 1929 Verbi
2293 1904 2326 1930 Vl

1687 1948 1732 1974 241
1758 1949 1774 1974 5

1739 1993 1865 2019 Cau-tunm
1890 2007 1924 2011 —-
1950 1996 1989 2018 est
2016 1993 2061 2026 qui
2089 1991 2194 2025 praees't
2220 1995 2326 2019 centum

1686 2037 1812 2064 militibus
1830 2037 1874 2063 Vll
1895 2038 1945 2062 166
1963 2038 1987 2062 3.
2007 2038 2059 2063 583
2079 2038 2112 2063 60

1739 2096 1775 2101 -
1793 2089 1822 2108 ex
1847 2082 1931 2113 signis
1955 2082 2092 2113 cognovit,
2115 2081 2247 2108 Christum
2269 2089 2327 2108 esse

1686 2134 1750 2153 vere
1768 2127 1860 2152 Filium
1885 2126 1931 2152 Dei
1952 2126 1983 2152 Vl
2010 2126 2060 2151 123
2080 2133 2107 2152 ν.
2126 2126 2160 2152 17
2179 2140 2214 2146 -
2235 2133 2266 2152 ex
2291 2127 2326 2151 vi-

1686 2172 1761 2197 sione
1781 2170 1949 2201 mirabilium,
1968 2178 2037 2203 quae
2057 2172 2121 2196 sacta
2140 2173 2200 2196 sunt
2214 2171 2239 2196 in
2258 2178 2328 2197 com-

1687 2216 1802 2242 motione
1827 2215 1919 2241 mundi
1944 2218 1969 2241 et
1991 2215 2103 2241 maxime
2125 2215 2152 2240 in
2172 2215 2252 2241 modo
2271 2222 2328 2241 mo-

1686 2260 1779 2291 riendi,
1798 2261 1933 2285 confessus
1951 2262 1990 2285 est
2009 2259 2139 2285 Christum
2159 2259 2202 2285 Vll
2221 2259 2272 2285 582
2292 2259 2325 2285 57

1687 2318 1722 2324 -
1740 2306 1767 2330 ln
1786 2304 1937 2330 centurione
1959 2303 2082 2336 apparuit
2100 2304 2281 2336 promptitudo
2299 2304 2327 2329 in

1687 2341 1811 2381 gentibus
1830 2349 1864 2374 ad
1890 2348 1969 2374 fidem
1989 2347 2051 2374 ibid.
2069 2362 2104 2367 —
2122 2348 2230 2381 videns,
2253 2348 2326 2381 quod

1687 2393 1805 2420 Christus
1824 2392 1932 2419 haberet
1951 2396 2104 2425 potestatem
2123 2393 2259 2419 emittendi
2277 2394 2327 2425 spi-

1687 2439 1782 2468 ritum,
1802 2438 1825 2463 in
1840 2438 1897 2470 ipso
1911 2438 2039 2469 passionis
2052 2438 2175 2463 scandalo
2189 2438 2326 2463 confitetur

1688 2483 1733 2509 Dei
1761 2483 1854 2508 Filium
1883 2481 1944 2508 ibid.
1968 2495 2003 2500 —
2026 2485 2132 2513 apertae
2155 2482 2326 2508 confessionis

1688 2534 1754 2554 voce
1772 2528 1856 2552 Deum
1876 2526 2003 2558 glorificat
2021 2525 2081 2552 ibid.

1742 2586 1776 2590 -—
1794 2571 1959 2597 Centurionis
1977 2570 2082 2596 devotio
2105 2570 2135 2595 Vl
2154 2570 2205 2595 303
2220 2570 2253 2595 86
2268 2569 2323 2602 (85)

1687 2630 1723 2636 -
1742 2616 1844 2648 gentilis
1856 2615 2056 2641 commendatur
2069 2619 2176 2646 propter
2189 2615 2269 2640 fldem
2283 2615 2326 2640 Vll

1687 2661 1721 2687 74
1743 2662 1775 2686 19
1795 2675 1830 2679 -
1849 2660 1997 2686 excellentia
2018 2659 2078 2685 fidei
2098 2662 2213 2685 meretur
2232 2659 2327 2685 accele-

1688 2705 1815 2731 rationem
1835 2704 1955 2730 beneficii
1975 2704 2025 2729 167
2045 2704 2060 2728 9
2075 2717 2108 2721 -
2122 2703 2254 2729 humiliter
2266 2710 2328 2729 con-

1688 2751 1775 2775 fitetur
1794 2749 1970 2775 excellentiam
1984 2748 2090 2773 divinae
2109 2747 2243 2780 potestatis
2257 2747 2328 2774 Chri·

1688 2795 1734 2825 sti,
1754 2801 1815 2820 cum
1830 2801 1881 2820 non
1900 2794 1979 2819 audet
1991 2800 2052 2819 eum
2065 2793 2200 2825 suscipere
2218 2791 2280 2819 ibid.
2294 2806 2327 2810 —

1688 2839 1764 2865 Fides
1777 2838 1936 2864 centurionis
1949 2838 2094 2863 ostenditur
2107 2844 2202 2869 magna
2223 2837 2273 2862 168
2295 2837 2327 2862 -14

1688 2898 1723 2901 -
1741 2883 1818 2909 Fides
1837 2883 1996 2909 centurionis
2021 2889 2073 2908 non
2095 2882 2143 2907 fuit
2167 2881 2251 2907 maior
2268 2881 2327 2907 sim-

1689 2928 1803 2959 pliciter,
1822 2927 1869 2952 sed
1886 2930 2007 2959 respectu
2027 2926 2116 2952 habito
2134 2926 2168 2952 ad
2187 2931 2326 2958 personam

1691 2972 1740 2997 169
1761 2972 1794 2997 15

1742 3022 1898 3041 —servurn
1923 3015 2057 3041 infirmum
2080 3014 2205 3046 diligebat
2226 3021 2256 3040 cx
2276 3014 2327 3046 pie-

1691 3062 1742 3085 tate
1760 3060 1802 3085 Vll
1828 3060 1878 3084 166
1897 3060 1912 3085 3
1932 3072 1967 3078 -
1986 3059 2094 3085 accessit
2118 3059 2153 3084 ad
2176 3059 2261 3084 lesum
2281 3064 2328 3090 per

1691 3104 1784 3134 fldem,
1799 3105 1840 3129 vel
1853 3104 1930 3129 etiam
1945 3103 2127 3135 corporaliter,
2146 3103 2192 3128 sed
2207 3110 2258 3128 non
2272 3109 2328 3134 per-

1691 3148 1763 3174 venit
1781 3148 1814 3174 ad
1839 3155 1900 3173 eum
1926 3148 1951 3173 in
1977 3147 2084 3179 propria
2109 3154 2221 3178 persona
2242 3146 2291 3171 167
2312 3146 2328 3171 5

1691 3207 1726 3211 -
1750 3192 1822 3218 misit
1847 3192 1974 3223 seniores,
2002 3191 2049 3223 qui
2076 3190 2271 3216 intercedebant
2297 3197 2329 3216 ex

1691 3244 1781 3262 amore
1799 3240 1824 3262 et
1843 3235 2000 3261 confidentia
2019 3234 2053 3260 ib.
2075 3234 2093 3260 b

1745 3295 1780 3299 —
1797 3279 1961 3306 Centurionis
1985 3285 2092 3304 servum
2118 3282 2255 3310 aegrotum
2281 3278 2328 3304 tria

1691 3325 1802 3357 dignum
1816 3324 1912 3349 faciunt
1929 3323 1963 3349 ad
1977 3323 2165 3349 inveniendum
2181 3323 2329 3348 remedium

1691 3368 1807 3394 sanitatis
1826 3368 1868 3394 Vll
1889 3368 1939 3393 166
1959 3367 1974 3392 4
1987 3380 2023 3386 —
2035 3367 2137 3393 audivit
2154 3367 2188 3393 de
2206 3367 2262 3393 lesu
2276 3374 2329 3392 non

1691 3413 1776 3438 solum
1789 3419 1852 3437 aure
1865 3412 1996 3444 corporis,
2008 3412 2054 3437 sed
2068 3411 2145 3437 etiam
2160 3418 2224 3437 aure
2242 3411 2328 3437 cordis
