<?xml version="1.0" encoding="UTF-8"?>
<!DOCTYPE html PUBLIC "-//W3C//DTD XHTML 1.0 Transitional//EN"
    "http://www.w3.org/TR/xhtml1/DTD/xhtml1-transitional.dtd">
<html xmlns="http://www.w3.org/1999/xhtml" xml:lang="en" lang="en">
 <head>
  <title>
</title>
<meta http-equiv="Content-Type" content="text/html;charset=utf-8" />
  <meta name='ocr-system' content='tesseract 3.04.00' />
  <meta name='ocr-capabilities' content='ocr_page ocr_carea ocr_par ocr_line ocrx_word'/>
</head>
<body>
  <div class='ocr_page' id='page_1' title='image "./doctorisseraphic07bona_0277.png"; bbox 0 0 2476 3921; ppageno 0'>
   <div class='ocr_carea' id='block_1_1' title="bbox 24 809 151 833">
    <p class='ocr_par' dir='ltr' id='par_1_1' title="bbox 24 809 151 833">
     <span class='ocr_line' id='line_1_1' title="bbox 24 809 151 833; baseline -0.016 0"><span class='ocrx_word' id='word_1_1' title='bbox 24 809 151 833; x_wconf 76' lang='lat' dir='ltr'>Notandum.</span> 
     </span>
    </p>
   </div>
   <div class='ocr_carea' id='block_1_2' title="bbox 10 803 13 973">
    <p class='ocr_par' dir='ltr' id='par_1_2' title="bbox 10 803 13 973">
     <span class='ocr_line' id='line_1_2' title="bbox 10 803 13 973; baseline 0 2948"><span class='ocrx_word' id='word_1_2' title='bbox 10 803 13 973; x_wconf 95' lang='lat' dir='ltr'> </span> 
     </span>
    </p>
   </div>
   <div class='ocr_carea' id='block_1_3' title="bbox 14 1181 157 1293">
    <p class='ocr_par' dir='ltr' id='par_1_3' title="bbox 14 1181 157 1293">
     <span class='ocr_line' id='line_1_3' title="bbox 14 1181 157 1207; baseline -0.014 0"><span class='ocrx_word' id='word_1_3' title='bbox 14 1181 45 1207; x_wconf 76' lang='lat' dir='ltr'>De</span> <span class='ocrx_word' id='word_1_4' title='bbox 57 1184 120 1206; x_wconf 84' lang='lat' dir='ltr'>redar</span> <span class='ocrx_word' id='word_1_5' title='bbox 149 1195 157 1200; x_wconf 98' lang='lat'>-</span> 
     </span>
     <span class='ocr_line' id='line_1_4' title="bbox 14 1189 157 1234; baseline -0.014 0"><span class='ocrx_word' id='word_1_6' title='bbox 14 1211 76 1234; x_wconf 51' lang='lat' dir='ltr'>¹tione</span> <span class='ocrx_word' id='word_1_7' title='bbox 89 1189 157 1232; x_wconf 59' lang='lat' dir='ltr'>maffi-</span> 
     </span>
     <span class='ocr_line' id='line_1_5' title="bbox 32 1238 143 1260; baseline -0.009 0"><span class='ocrx_word' id='word_1_8' title='bbox 32 1238 83 1260; x_wconf 87' lang='lat' dir='ltr'>lium</span> <span class='ocrx_word' id='word_1_9' title='bbox 96 1239 143 1260; x_wconf 79' lang='lat' dir='ltr'>tan-</span> 
     </span>
     <span class='ocr_line' id='line_1_6' title="bbox 16 1265 155 1293; baseline -0.007 -6"><span class='ocrx_word' id='word_1_10' title='bbox 16 1266 91 1293; x_wconf 77' lang='lat' dir='ltr'>guntui-</span> <span class='ocrx_word' id='word_1_11' title='bbox 105 1265 155 1287; x_wconf 86' lang='lat' dir='ltr'>duo.</span> 
     </span>
    </p>
   </div>
   <div class='ocr_carea' id='block_1_4' title="bbox 9 1190 12 1311">
    <p class='ocr_par' dir='ltr' id='par_1_4' title="bbox 9 1190 12 1311">
     <span class='ocr_line' id='line_1_7' title="bbox 9 1190 12 1311; baseline 0 2610"><span class='ocrx_word' id='word_1_12' title='bbox 9 1190 12 1311; x_wconf 95' lang='lat' dir='ltr'> </span> 
     </span>
    </p>
   </div>
   <div class='ocr_carea' id='block_1_5' title="bbox 10 1452 147 1489">
    <p class='ocr_par' dir='ltr' id='par_1_5' title="bbox 10 1432 147 1489">
     <span class='ocr_line' id='line_1_8' title="bbox 10 1452 147 1489; baseline 0 -15"><span class='ocrx_word' id='word_1_13' title='bbox 10 1456 11 1489; x_wconf 73' lang='lat'><em>]</em></span> <span class='ocrx_word' id='word_1_14' title='bbox 45 1452 147 1474; x_wconf 82' lang='lat' dir='ltr'>Primum.</span> 
     </span>
    </p>
   </div>
   <div class='ocr_carea' id='block_1_6' title="bbox 3 1805 21 3599">
    <p class='ocr_par' dir='ltr' id='par_1_6' title="bbox 3 1805 21 3599">
     <span class='ocr_line' id='line_1_9' title="bbox 3 1805 21 3599; baseline 0 0"><span class='ocrx_word' id='word_1_15' title='bbox 3 1805 21 3599; x_wconf 95' lang='lat' dir='ltr'> </span> 
     </span>
    </p>
   </div>
   <div class='ocr_carea' id='block_1_7' title="bbox 773 231 1564 267">
    <p class='ocr_par' dir='ltr' id='par_1_7' title="bbox 773 231 1564 267">
     <span class='ocr_line' id='line_1_10' title="bbox 773 231 1564 267; baseline 0.004 -3"><span class='ocrx_word' id='word_1_16' title='bbox 773 232 967 265; x_wconf 88' lang='lat' dir='ltr'>COMMENT.</span> <span class='ocrx_word' id='word_1_17' title='bbox 993 232 1030 265; x_wconf 95' lang='lat' dir='ltr'>lN</span> <span class='ocrx_word' id='word_1_18' title='bbox 1055 231 1294 266; x_wconf 83' lang='lat' dir='ltr'>EVANGELIUM</span> <span class='ocrx_word' id='word_1_19' title='bbox 1318 233 1436 266; x_wconf 85' lang='lat' dir='ltr'><strong>LUCAE</strong></span> <span class='ocrx_word' id='word_1_20' title='bbox 1460 234 1492 267; x_wconf 83' lang='lat' dir='ltr'>C.</span> <span class='ocrx_word' id='word_1_21' title='bbox 1518 235 1564 267; x_wconf 88' lang='lat' dir='ltr'>lx.</span> 
     </span>
    </p>
   </div>
   <div class='ocr_carea' id='block_1_8' title="bbox 164 319 1137 2240">
    <p class='ocr_par' dir='ltr' id='par_1_8' title="bbox 167 319 1137 1103">
     <span class='ocr_line' id='line_1_11' title="bbox 173 319 1136 360; baseline -0.001 -6"><span class='ocrx_word' id='word_1_22' title='bbox 173 321 318 355; x_wconf 81' lang='lat' dir='ltr'>dicebant</span> <span class='ocrx_word' id='word_1_23' title='bbox 349 322 481 354; x_wconf 81' lang='lat' dir='ltr'>Actuum</span> <span class='ocrx_word' id='word_1_24' title='bbox 510 322 644 354; x_wconf 81' lang='lat' dir='ltr'>sext01:</span> <span class='ocrx_word' id='word_1_25' title='bbox 673 334 689 350; x_wconf 74' lang='grc' dir='ltr'>α</span> <span class='ocrx_word' id='word_1_26' title='bbox 713 319 914 354; x_wconf 81' lang='lat' dir='ltr'>Considerate</span> <span class='ocrx_word' id='word_1_27' title='bbox 946 321 1035 360; x_wconf 81' lang='lat' dir='ltr'>viros</span> <span class='ocrx_word' id='word_1_28' title='bbox 1063 321 1136 354; x_wconf 92' lang='lat' dir='ltr'>boni</span> 
     </span>
     <span class='ocr_line' id='line_1_12' title="bbox 174 374 1137 417; baseline -0.001 -9"><span class='ocrx_word' id='word_1_29' title='bbox 174 375 361 414; x_wconf 89' lang='lat' dir='ltr'>testimonii,</span> <span class='ocrx_word' id='word_1_30' title='bbox 385 384 466 417; x_wconf 92' lang='lat' dir='ltr'>quos</span> <span class='ocrx_word' id='word_1_31' title='bbox 497 375 726 408; x_wconf 86' lang='lat' dir='ltr'><strong>constituamus</strong></span> <span class='ocrx_word' id='word_1_32' title='bbox 749 383 846 417; x_wconf 90' lang='lat' dir='ltr'>super</span> <span class='ocrx_word' id='word_1_33' title='bbox 870 374 930 407; x_wconf 87' lang='lat' dir='ltr'>hoc</span> <span class='ocrx_word' id='word_1_34' title='bbox 953 384 1042 417; x_wconf 90' lang='lat' dir='ltr'>opus.</span> <span class='ocrx_word' id='word_1_35' title='bbox 1075 374 1137 407; x_wconf 91' lang='lat' dir='ltr'>Nos</span> 
     </span>
     <span class='ocr_line' id='line_1_13' title="bbox 170 427 1135 466; baseline -0.001 -5"><span class='ocrx_word' id='word_1_36' title='bbox 170 428 432 462; x_wconf 46' lang='lat' dir='ltr'>autemvorationi</span> <span class='ocrx_word' id='word_1_37' title='bbox 452 432 483 461; x_wconf 92' lang='lat' dir='ltr'>et</span> <span class='ocrx_word' id='word_1_38' title='bbox 500 428 674 461; x_wconf 90' lang='lat' dir='ltr'>ministerio</span> <span class='ocrx_word' id='word_1_39' title='bbox 690 427 777 461; x_wconf 89' lang='lat' dir='ltr'>verbi</span> <span class='ocrx_word' id='word_1_40' title='bbox 800 428 952 460; x_wconf 80' lang='lat' dir='ltr'>instantes</span> <span class='ocrx_word' id='word_1_41' title='bbox 967 427 1088 460; x_wconf 91' lang='lat' dir='ltr'>erimus</span> <span class='ocrx_word' id='word_1_42' title='bbox 1100 439 1135 466; x_wconf 80' lang='grc'>»;</span> 
     </span>
     <span class='ocr_line' id='line_1_14' title="bbox 173 476 1136 525; baseline -0.002 -10"><span class='ocrx_word' id='word_1_43' title='bbox 173 482 248 525; x_wconf 91' lang='lat' dir='ltr'>quia</span> <span class='ocrx_word' id='word_1_44' title='bbox 271 481 387 515; x_wconf 90' lang='lat' dir='ltr'>dicitur</span> <span class='ocrx_word' id='word_1_45' title='bbox 411 482 493 515; x_wconf 77' lang='lat' dir='ltr'>int&#39;ra</span> <span class='ocrx_word' id='word_1_46' title='bbox 514 476 653 515; x_wconf 89' lang='lat' dir='ltr'>decimo:</span> <span class='ocrx_word' id='word_1_47' title='bbox 684 495 699 510; x_wconf 76' lang='grc' dir='ltr'>(ι</span> <span class='ocrx_word' id='word_1_48' title='bbox 719 481 816 514; x_wconf 88' lang='grc' dir='ltr'>Μ3113</span> <span class='ocrx_word' id='word_1_49' title='bbox 838 481 988 523; x_wconf 83' lang='lat' dir='ltr'>optimam</span> <span class='ocrx_word' id='word_1_50' title='bbox 1014 485 1136 523; x_wconf 89' lang='lat' dir='ltr'>partem</span> 
     </span>
     <span class='ocr_line' id='line_1_15' title="bbox 172 534 1136 578; baseline -0.001 -10"><span class='ocrx_word' id='word_1_51' title='bbox 172 535 265 578; x_wconf 87' lang='lat' dir='ltr'>elegit</span> <span class='ocrx_word' id='word_1_52' title='bbox 281 547 311 574; x_wconf 78' lang='grc' dir='ltr'>»ς</span> <span class='ocrx_word' id='word_1_53' title='bbox 336 538 368 568; x_wconf 91' lang='grc'>61</span> <span class='ocrx_word' id='word_1_54' title='bbox 390 535 460 568; x_wconf 91' lang='lat' dir='ltr'>ideo</span> <span class='ocrx_word' id='word_1_55' title='bbox 476 535 611 568; x_wconf 86' lang='lat' dir='ltr'>Danielis</span> <span class='ocrx_word' id='word_1_56' title='bbox 633 535 836 568; x_wconf 89' lang='lat' dir='ltr'>duodecimo:</span> <span class='ocrx_word' id='word_1_57' title='bbox 866 547 881 563; x_wconf 76' lang='grc' dir='ltr'><em>α</em></span> <span class='ocrx_word' id='word_1_58' title='bbox 899 534 958 576; x_wconf 88' lang='lat' dir='ltr'>Qui</span> <span class='ocrx_word' id='word_1_59' title='bbox 983 534 1021 567; x_wconf 91' lang='lat' dir='ltr'>ad</span> <span class='ocrx_word' id='word_1_60' title='bbox 1046 534 1136 567; x_wconf 89' lang='lat' dir='ltr'>iusti-</span> 
     </span>
     <span class='ocr_line' id='line_1_16' title="bbox 172 588 1135 631; baseline -0.001 -10"><span class='ocrx_word' id='word_1_61' title='bbox 172 589 246 622; x_wconf 89' lang='lat' dir='ltr'>tiam</span> <span class='ocrx_word' id='word_1_62' title='bbox 270 588 422 622; x_wconf 87' lang='lat' dir='ltr'>erudiunt</span> <span class='ocrx_word' id='word_1_63' title='bbox 444 589 560 622; x_wconf 89' lang='lat' dir='ltr'>multos</span> <span class='ocrx_word' id='word_1_64' title='bbox 581 588 671 631; x_wconf 84' lang='lat' dir='ltr'>quasi</span> <span class='ocrx_word' id='word_1_65' title='bbox 699 588 807 621; x_wconf 89' lang='lat' dir='ltr'>stellae</span> <span class='ocrx_word' id='word_1_66' title='bbox 820 601 835 617; x_wconf 73' lang='grc'>»</span> <span class='ocrx_word' id='word_1_67' title='bbox 856 592 915 621; x_wconf 85' lang='grc'>616.</span> <span class='ocrx_word' id='word_1_68' title='bbox 933 607 976 612; x_wconf 89' lang='grc'>-</span> <span class='ocrx_word' id='word_1_69' title='bbox 995 588 1030 621; x_wconf 88' lang='lat' dir='ltr'>Et</span> <span class='ocrx_word' id='word_1_70' title='bbox 1046 592 1135 628; x_wconf 88' lang='lat' dir='ltr'>nota,</span> 
     </span>
     <span class='ocr_line' id='line_1_17' title="bbox 172 641 1136 685; baseline 0 -11"><span class='ocrx_word' id='word_1_71' title='bbox 172 642 255 684; x_wconf 92' lang='lat' dir='ltr'>quod</span> <span class='ocrx_word' id='word_1_72' title='bbox 279 642 371 675; x_wconf 91' lang='lat' dir='ltr'>dicit:</span> <span class='ocrx_word' id='word_1_73' title='bbox 396 641 574 675; x_wconf 73' lang='lat' dir='ltr'>Annuntia</span> <span class='ocrx_word' id='word_1_74' title='bbox 598 651 740 685; x_wconf 70' lang='lat' dir='ltr'>requam</span> <span class='ocrx_word' id='word_1_75' title='bbox 767 642 842 680; x_wconf 89' lang='lat' dir='ltr'>Dei,</span> <span class='ocrx_word' id='word_1_76' title='bbox 866 642 1046 675; x_wconf 90' lang='lat' dir='ltr'>volentibus</span> <span class='ocrx_word' id='word_1_77' title='bbox 1076 643 1136 675; x_wconf 88' lang='lat' dir='ltr'>sci—</span> 
     </span>
     <span class='ocr_line' id='line_1_18' title="bbox 171 695 1134 738; baseline -0.001 -9"><span class='ocrx_word' id='word_1_78' title='bbox 171 696 243 729; x_wconf 90' lang='lat' dir='ltr'>licet</span> <span class='ocrx_word' id='word_1_79' title='bbox 262 695 437 738; x_wconf 78' lang='lat' dir='ltr'>poenitere3</span> <span class='ocrx_word' id='word_1_80' title='bbox 458 696 551 729; x_wconf 86' lang='lat' dir='ltr'>iuxta</span> <span class='ocrx_word' id='word_1_81' title='bbox 570 695 655 738; x_wconf 93' lang='lat' dir='ltr'>quod</span> <span class='ocrx_word' id='word_1_82' title='bbox 678 695 806 728; x_wconf 60' lang='lat' dir='ltr'>dicebat&gt;</span> <span class='ocrx_word' id='word_1_83' title='bbox 819 695 965 728; x_wconf 91' lang='lat' dir='ltr'>Christus</span> <span class='ocrx_word' id='word_1_84' title='bbox 989 695 1134 728; x_wconf 82' lang='lat' dir='ltr'>Matthaei</span> 
     </span>
     <span class='ocr_line' id='line_1_19' title="bbox 171 748 1135 792; baseline -0.001 -10"><span class='ocrx_word' id='word_1_85' title='bbox 171 749 328 792; x_wconf 76' lang='lat' dir='ltr'>quart022</span> <span class='ocrx_word' id='word_1_86' title='bbox 358 761 374 778; x_wconf 74' lang='grc' dir='ltr'><em>α</em></span> <span class='ocrx_word' id='word_1_87' title='bbox 392 749 615 782; x_wconf 85' lang='grc' dir='ltr'>Ρο61111611113111</span> <span class='ocrx_word' id='word_1_88' title='bbox 639 749 736 791; x_wconf 79' lang='lat' dir='ltr'>agite3</span> <span class='ocrx_word' id='word_1_89' title='bbox 760 748 1027 791; x_wconf 82' lang='lat' dir='ltr'>appropinquavit</span> <span class='ocrx_word' id='word_1_90' title='bbox 1051 749 1135 782; x_wconf 91' lang='lat' dir='ltr'>enim</span> 
     </span>
     <span class='ocr_line' id='line_1_20' title="bbox 171 802 1135 845; baseline 0.001 -10"><span class='ocrx_word' id='word_1_91' title='bbox 171 811 303 845; x_wconf 86' lang='lat' dir='ltr'>regnum</span> <span class='ocrx_word' id='word_1_92' title='bbox 328 802 487 835; x_wconf 89' lang='lat' dir='ltr'>caelorum</span> <span class='ocrx_word' id='word_1_93' title='bbox 512 815 542 834; x_wconf 72' lang='grc' dir='ltr'>ι».</span> <span class='ocrx_word' id='word_1_94' title='bbox 568 802 655 835; x_wconf 88' lang='lat' dir='ltr'>Sicut</span> <span class='ocrx_word' id='word_1_95' title='bbox 678 811 754 845; x_wconf 84' lang='lat' dir='ltr'>ergo</span> <span class='ocrx_word' id='word_1_96' title='bbox 777 806 825 835; x_wconf 89' lang='lat' dir='ltr'>est</span> <span class='ocrx_word' id='word_1_97' title='bbox 848 811 997 844; x_wconf 87' lang='lat' dir='ltr'>magnum</span> <span class='ocrx_word' id='word_1_98' title='bbox 1026 811 1135 844; x_wconf 89' lang='lat' dir='ltr'>pecca-</span> 
     </span>
     <span class='ocr_line' id='line_1_21' title="bbox 170 855 1135 898; baseline 0.002 -10"><span class='ocrx_word' id='word_1_99' title='bbox 170 858 256 895; x_wconf 89' lang='lat' dir='ltr'>tum,</span> <span class='ocrx_word' id='word_1_100' title='bbox 281 864 353 889; x_wconf 90' lang='lat' dir='ltr'>cum</span> <span class='ocrx_word' id='word_1_101' title='bbox 379 855 527 898; x_wconf 89' lang='lat' dir='ltr'>indigenti</span> <span class='ocrx_word' id='word_1_102' title='bbox 553 855 640 889; x_wconf 89' lang='lat' dir='ltr'>dives</span> <span class='ocrx_word' id='word_1_103' title='bbox 663 865 724 888; x_wconf 90' lang='lat' dir='ltr'>non</span> <span class='ocrx_word' id='word_1_104' title='bbox 749 856 802 889; x_wconf 87' lang='lat' dir='ltr'>dat</span> <span class='ocrx_word' id='word_1_105' title='bbox 825 856 1072 898; x_wconf 61' lang='lat' dir='ltr'>eleemosynam</span> <span class='ocrx_word' id='word_1_106' title='bbox 1090 857 1135 890; x_wconf 92' lang='lat' dir='ltr'>sic</span> 
     </span>
     <span class='ocr_line' id='line_1_22' title="bbox 169 909 1133 950; baseline 0.001 -8"><span class='ocrx_word' id='word_1_107' title='bbox 169 909 273 942; x_wconf 89' lang='lat' dir='ltr'>maius</span> <span class='ocrx_word' id='word_1_108' title='bbox 296 912 361 948; x_wconf 88' lang='lat' dir='ltr'>est,</span> <span class='ocrx_word' id='word_1_109' title='bbox 385 918 457 942; x_wconf 90' lang='lat' dir='ltr'>cum</span> <span class='ocrx_word' id='word_1_110' title='bbox 487 909 589 942; x_wconf 90' lang='lat' dir='ltr'>sciens</span> <span class='ocrx_word' id='word_1_111' title='bbox 611 919 673 942; x_wconf 94' lang='lat' dir='ltr'>non</span> <span class='ocrx_word' id='word_1_112' title='bbox 698 910 909 943; x_wconf 84' lang='lat' dir='ltr'>communicat</span> <span class='ocrx_word' id='word_1_113' title='bbox 939 909 1133 950; x_wconf 87' lang='lat' dir='ltr'>doctrinam;</span> 
     </span>
     <span class='ocr_line' id='line_1_23' title="bbox 168 962 1134 1005; baseline 0.001 -10"><span class='ocrx_word' id='word_1_114' title='bbox 168 962 253 995; x_wconf 91' lang='lat' dir='ltr'>unde</span> <span class='ocrx_word' id='word_1_115' title='bbox 276 962 520 995; x_wconf 90' lang='lat' dir='ltr'>Proverbiorum</span> <span class='ocrx_word' id='word_1_116' title='bbox 544 962 728 996; x_wconf 89' lang='lat' dir='ltr'>undecimo:</span> <span class='ocrx_word' id='word_1_117' title='bbox 758 975 773 991; x_wconf 88' lang='lat'>«</span> <span class='ocrx_word' id='word_1_118' title='bbox 790 963 849 1005; x_wconf 83' lang='lat' dir='ltr'>Qui</span> <span class='ocrx_word' id='word_1_119' title='bbox 881 963 1043 996; x_wconf 80' lang='lat' dir='ltr'>abscondit</span> <span class='ocrx_word' id='word_1_120' title='bbox 1066 963 1134 996; x_wconf 81' lang='lat' dir='ltr'>fru-</span> 
     </span>
     <span class='ocr_line' id='line_1_24' title="bbox 167 1016 1133 1058; baseline 0.001 -9"><span class='ocrx_word' id='word_1_121' title='bbox 167 1019 273 1050; x_wconf 90' lang='lat' dir='ltr'>menta</span> <span class='ocrx_word' id='word_1_122' title='bbox 297 1016 501 1049; x_wconf 82' lang='lat' dir='ltr'>maledicetur</span> <span class='ocrx_word' id='word_1_123' title='bbox 524 1016 556 1049; x_wconf 90' lang='lat' dir='ltr'>in</span> <span class='ocrx_word' id='word_1_124' title='bbox 581 1016 705 1058; x_wconf 92' lang='lat' dir='ltr'>populis</span> <span class='ocrx_word' id='word_1_125' title='bbox 722 1030 752 1048; x_wconf 82' lang='lat'>».</span> <span class='ocrx_word' id='word_1_126' title='bbox 778 1016 847 1049; x_wconf 88' lang='lat' dir='ltr'>Ideo</span> <span class='ocrx_word' id='word_1_127' title='bbox 870 1016 962 1049; x_wconf 86' lang='lat' dir='ltr'>dicit:</span> <span class='ocrx_word' id='word_1_128' title='bbox 989 1016 1133 1056; x_wconf 78' lang='lat' dir='ltr'>Nuntia,</span> 
     </span>
     <span class='ocr_line' id='line_1_25' title="bbox 169 1069 438 1103; baseline 0.004 -1"><span class='ocrx_word' id='word_1_129' title='bbox 169 1079 230 1102; x_wconf 90' lang='lat' dir='ltr'>non</span> <span class='ocrx_word' id='word_1_130' title='bbox 255 1069 438 1103; x_wconf 86' lang='lat' dir='ltr'>abscondas.</span> 
     </span>
    </p>

    <p class='ocr_par' dir='ltr' id='par_1_9' title="bbox 167 1124 1134 1380">
     <span class='ocr_line' id='line_1_26' title="bbox 261 1124 1131 1168; baseline 0.001 -12"><span class='ocrx_word' id='word_1_131' title='bbox 261 1124 332 1156; x_wconf 87' lang='lat'>109.</span> <span class='ocrx_word' id='word_1_132' title='bbox 362 1124 463 1165; x_wconf 92' lang='lat' dir='ltr'>(Vers.</span> <span class='ocrx_word' id='word_1_133' title='bbox 494 1125 571 1165; x_wconf 56' lang='lat'>612).</span> <span class='ocrx_word' id='word_1_134' title='bbox 601 1125 640 1156; x_wconf 87' lang='lat' dir='ltr'>Et</span> <span class='ocrx_word' id='word_1_135' title='bbox 663 1124 747 1157; x_wconf 77' lang='lat' dir='ltr'>atter</span> <span class='ocrx_word' id='word_1_136' title='bbox 770 1124 838 1156; x_wconf 81' lang='lat' dir='ltr'>ait.-</span> <span class='ocrx_word' id='word_1_137' title='bbox 865 1124 994 1168; x_wconf 84' lang='lat' dir='ltr'>Sequar</span> <span class='ocrx_word' id='word_1_138' title='bbox 1018 1128 1046 1157; x_wconf 88' lang='lat' dir='ltr'>te</span> <span class='ocrx_word' id='word_1_139' title='bbox 1073 1128 1131 1157; x_wconf 85' lang='lat' dir='ltr'>etc.</span> 
     </span>
     <span class='ocr_line' id='line_1_27' title="bbox 169 1177 1133 1220; baseline 0 -10"><span class='ocrx_word' id='word_1_140' title='bbox 169 1177 238 1210; x_wconf 89' lang='lat' dir='ltr'>Post</span> <span class='ocrx_word' id='word_1_141' title='bbox 263 1177 475 1219; x_wconf 86' lang='lat' dir='ltr'>repulsionem</span> <span class='ocrx_word' id='word_1_142' title='bbox 499 1177 672 1219; x_wconf 88' lang='lat' dir='ltr'>duplicium</span> <span class='ocrx_word' id='word_1_143' title='bbox 697 1180 729 1210; x_wconf 88' lang='lat' dir='ltr'>et</span> <span class='ocrx_word' id='word_1_144' title='bbox 751 1177 986 1210; x_wconf 87' lang='lat' dir='ltr'>advocationem</span> <span class='ocrx_word' id='word_1_145' title='bbox 1014 1178 1133 1220; x_wconf 90' lang='lat' dir='ltr'>simpli-</span> 
     </span>
     <span class='ocr_line' id='line_1_28' title="bbox 167 1231 1134 1274; baseline 0 -10"><span class='ocrx_word' id='word_1_146' title='bbox 167 1231 252 1264; x_wconf 89' lang='lat' dir='ltr'>cium</span> <span class='ocrx_word' id='word_1_147' title='bbox 284 1231 447 1274; x_wconf 85' lang='lat' dir='ltr'>subiungit</span> <span class='ocrx_word' id='word_1_148' title='bbox 467 1231 518 1264; x_wconf 85' lang='lat' dir='ltr'>hic</span> <span class='ocrx_word' id='word_1_149' title='bbox 545 1231 817 1274; x_wconf 74' lang='lat' dir='ltr'>redaryutioriem.</span> <span class='ocrx_word' id='word_1_150' title='bbox 833 1231 1024 1271; x_wconf 85' lang='lat' dir='ltr'>mobilium,</span> <span class='ocrx_word' id='word_1_151' title='bbox 1049 1232 1134 1264; x_wconf 85' lang='lat' dir='ltr'>circa</span> 
     </span>
     <span class='ocr_line' id='line_1_29' title="bbox 168 1284 1132 1328; baseline 0.001 -11"><span class='ocrx_word' id='word_1_152' title='bbox 168 1294 262 1328; x_wconf 91' lang='lat' dir='ltr'>quam</span> <span class='ocrx_word' id='word_1_153' title='bbox 287 1284 351 1317; x_wconf 91' lang='lat' dir='ltr'>duo</span> <span class='ocrx_word' id='word_1_154' title='bbox 374 1284 640 1318; x_wconf 89' lang='lat' dir='ltr'>introducuntur:</span> <span class='ocrx_word' id='word_1_155' title='bbox 665 1285 804 1327; x_wconf 90' lang='lat' dir='ltr'>primum</span> <span class='ocrx_word' id='word_1_156' title='bbox 822 1289 870 1318; x_wconf 91' lang='lat' dir='ltr'>est</span> <span class='ocrx_word' id='word_1_157' title='bbox 892 1285 1062 1318; x_wconf 76' lang='lat' dir='ltr'>vacillatio</span> <span class='ocrx_word' id='word_1_158' title='bbox 1077 1295 1132 1318; x_wconf 85' lang='lat' dir='ltr'>vo-</span> 
     </span>
     <span class='ocr_line' id='line_1_30' title="bbox 168 1337 1039 1380; baseline 0 -9"><span class='ocrx_word' id='word_1_159' title='bbox 168 1337 322 1377; x_wconf 74' lang='lat' dir='ltr'>luntatis,</span> <span class='ocrx_word' id='word_1_160' title='bbox 348 1338 522 1371; x_wconf 88' lang='lat' dir='ltr'>secundum</span> <span class='ocrx_word' id='word_1_161' title='bbox 546 1342 594 1371; x_wconf 92' lang='lat' dir='ltr'>est</span> <span class='ocrx_word' id='word_1_162' title='bbox 616 1338 813 1380; x_wconf 64' lang='lat' dir='ltr'>redargutio</span> <span class='ocrx_word' id='word_1_163' title='bbox 836 1338 1039 1371; x_wconf 75' lang='lat' dir='ltr'>mobilitatis.</span> 
     </span>
    </p>

    <p class='ocr_par' dir='ltr' id='par_1_10' title="bbox 164 1391 1131 2240">
     <span class='ocr_line' id='line_1_31' title="bbox 258 1391 1131 1434; baseline 0 -10"><span class='ocrx_word' id='word_1_164' title='bbox 258 1391 363 1424; x_wconf 90' lang='lat' dir='ltr'>Primo</span> <span class='ocrx_word' id='word_1_165' title='bbox 386 1391 483 1434; x_wconf 85' lang='lat' dir='ltr'>igitur</span> <span class='ocrx_word' id='word_1_166' title='bbox 506 1395 661 1434; x_wconf 85' lang='lat' dir='ltr'>quantum</span> <span class='ocrx_word' id='word_1_167' title='bbox 685 1391 725 1424; x_wconf 92' lang='lat' dir='ltr'>ad</span> <span class='ocrx_word' id='word_1_168' title='bbox 747 1392 928 1424; x_wconf 81' lang='lat' dir='ltr'>voluntatis</span> <span class='ocrx_word' id='word_1_169' title='bbox 947 1392 1131 1425; x_wconf 84' lang='lat' dir='ltr'>vacillatio-</span> 
     </span>
     <span class='ocr_line' id='line_1_32' title="bbox 166 1445 1131 1489; baseline 0.001 -12"><span class='ocrx_word' id='word_1_170' title='bbox 166 1455 241 1478; x_wconf 75' lang='lat' dir='ltr'>nem</span> <span class='ocrx_word' id='word_1_171' title='bbox 265 1445 454 1487; x_wconf 88' lang='lat' dir='ltr'>praemittit:</span> <span class='ocrx_word' id='word_1_172' title='bbox 475 1446 514 1477; x_wconf 81' lang='lat' dir='ltr'>Et</span> <span class='ocrx_word' id='word_1_173' title='bbox 536 1445 621 1478; x_wconf 88' lang='lat' dir='ltr'>alter</span> <span class='ocrx_word' id='word_1_174' title='bbox 637 1445 704 1478; x_wconf 86' lang='lat' dir='ltr'>ait:</span> <span class='ocrx_word' id='word_1_175' title='bbox 731 1445 861 1489; x_wconf 83' lang='lat' dir='ltr'>Sequar</span> <span class='ocrx_word' id='word_1_176' title='bbox 885 1445 956 1484; x_wconf 76' lang='lat' dir='ltr'>te³;</span> <span class='ocrx_word' id='word_1_177' title='bbox 972 1454 1059 1484; x_wconf 87' lang='lat' dir='ltr'>ecce,</span> <span class='ocrx_word' id='word_1_178' title='bbox 1078 1455 1131 1478; x_wconf 90' lang='lat' dir='ltr'>vo-</span> 
     </span>
     <span class='ocr_line' id='line_1_33' title="bbox 167 1499 1131 1542; baseline 0 -10"><span class='ocrx_word' id='word_1_179' title='bbox 167 1499 272 1532; x_wconf 89' lang='lat' dir='ltr'>luntas</span> <span class='ocrx_word' id='word_1_180' title='bbox 299 1499 489 1532; x_wconf 89' lang='lat' dir='ltr'>adhaerendi</span> <span class='ocrx_word' id='word_1_181' title='bbox 520 1499 585 1532; x_wconf 90' lang='lat' dir='ltr'>Deo</span> <span class='ocrx_word' id='word_1_182' title='bbox 614 1503 764 1542; x_wconf 89' lang='lat' dir='ltr'>tanquam</span> <span class='ocrx_word' id='word_1_183' title='bbox 796 1499 956 1542; x_wconf 87' lang='lat' dir='ltr'>magistro.</span> <span class='ocrx_word' id='word_1_184' title='bbox 986 1499 1131 1533; x_wconf 91' lang='lat' dir='ltr'>Attende-</span> 
     </span>
     <span class='ocr_line' id='line_1_34' title="bbox 166 1552 1130 1595; baseline 0 -10"><span class='ocrx_word' id='word_1_185' title='bbox 166 1552 220 1586; x_wconf 88' lang='lat' dir='ltr'>bat</span> <span class='ocrx_word' id='word_1_186' title='bbox 243 1552 326 1585; x_wconf 92' lang='lat' dir='ltr'>enim</span> <span class='ocrx_word' id='word_1_187' title='bbox 350 1552 428 1585; x_wconf 87' lang='lat' dir='ltr'>illud</span> <span class='ocrx_word' id='word_1_188' title='bbox 451 1552 643 1586; x_wconf 93' lang='lat' dir='ltr'>dominicum</span> <span class='ocrx_word' id='word_1_189' title='bbox 668 1553 790 1586; x_wconf 84' lang='lat' dir='ltr'>loannis</span> <span class='ocrx_word' id='word_1_190' title='bbox 806 1557 935 1585; x_wconf 87' lang='lat' dir='ltr'>octavo:</span> <span class='ocrx_word' id='word_1_191' title='bbox 965 1566 980 1581; x_wconf 78' lang='lat'><strong><em>«</em></strong></span> <span class='ocrx_word' id='word_1_192' title='bbox 997 1552 1057 1595; x_wconf 86' lang='lat' dir='ltr'>Qui</span> <span class='ocrx_word' id='word_1_193' title='bbox 1082 1562 1130 1586; x_wconf 88' lang='lat' dir='ltr'>se-</span> 
     </span>
     <span class='ocr_line' id='line_1_35' title="bbox 165 1606 1130 1649; baseline 0 -10"><span class='ocrx_word' id='word_1_194' title='bbox 165 1606 277 1649; x_wconf 89' lang='lat' dir='ltr'>quitur</span> <span class='ocrx_word' id='word_1_195' title='bbox 297 1615 347 1639; x_wconf 90' lang='lat' dir='ltr'>me</span> <span class='ocrx_word' id='word_1_196' title='bbox 371 1615 433 1639; x_wconf 93' lang='lat' dir='ltr'>non</span> <span class='ocrx_word' id='word_1_197' title='bbox 449 1606 590 1639; x_wconf 89' lang='lat' dir='ltr'>ambulat</span> <span class='ocrx_word' id='word_1_198' title='bbox 613 1606 645 1639; x_wconf 90' lang='lat' dir='ltr'>in</span> <span class='ocrx_word' id='word_1_199' title='bbox 662 1607 800 1640; x_wconf 88' lang='lat' dir='ltr'>tenebris</span> <span class='ocrx_word' id='word_1_200' title='bbox 817 1619 852 1646; x_wconf 85' lang='lat'>»;</span> <span class='ocrx_word' id='word_1_201' title='bbox 870 1610 901 1639; x_wconf 93' lang='lat' dir='ltr'>et</span> <span class='ocrx_word' id='word_1_202' title='bbox 925 1606 1130 1640; x_wconf 86' lang='lat' dir='ltr'>Ecclesiastici</span> 
     </span>
     <span class='ocr_line' id='line_1_36' title="bbox 165 1660 1129 1703; baseline 0 -10"><span class='ocrx_word' id='word_1_203' title='bbox 165 1660 317 1703; x_wconf 84' lang='lat' dir='ltr'>vigesimo</span> <span class='ocrx_word' id='word_1_204' title='bbox 333 1660 441 1693; x_wconf 87' lang='lat' dir='ltr'>tertio:</span> <span class='ocrx_word' id='word_1_205' title='bbox 463 1673 479 1689; x_wconf 72' lang='grc' dir='ltr'>(τ</span> <span class='ocrx_word' id='word_1_206' title='bbox 492 1660 602 1702; x_wconf 86' lang='lat' dir='ltr'>Magna</span> <span class='ocrx_word' id='word_1_207' title='bbox 624 1660 725 1703; x_wconf 85' lang='lat' dir='ltr'>gloria</span> <span class='ocrx_word' id='word_1_208' title='bbox 740 1664 787 1694; x_wconf 88' lang='lat' dir='ltr'>est</span> <span class='ocrx_word' id='word_1_209' title='bbox 808 1661 897 1703; x_wconf 89' lang='lat' dir='ltr'>sequi</span> <span class='ocrx_word' id='word_1_210' title='bbox 914 1660 1083 1693; x_wconf 90' lang='lat' dir='ltr'>Dominum</span> <span class='ocrx_word' id='word_1_211' title='bbox 1097 1674 1129 1693; x_wconf 70' lang='lat' dir='ltr'>n.</span> 
     </span>
     <span class='ocr_line' id='line_1_37' title="bbox 166 1714 1129 1756; baseline 0 -9"><span class='ocrx_word' id='word_1_212' title='bbox 166 1732 208 1738; x_wconf 91' lang='grc'>-</span> <span class='ocrx_word' id='word_1_213' title='bbox 221 1714 280 1747; x_wconf 87' lang='lat' dir='ltr'>Sed</span> <span class='ocrx_word' id='word_1_214' title='bbox 296 1714 327 1747; x_wconf 93' lang='lat' dir='ltr'>in</span> <span class='ocrx_word' id='word_1_215' title='bbox 349 1714 408 1747; x_wconf 88' lang='lat' dir='ltr'>hac</span> <span class='ocrx_word' id='word_1_216' title='bbox 430 1714 592 1747; x_wconf 87' lang='lat' dir='ltr'>voluntate</span> <span class='ocrx_word' id='word_1_217' title='bbox 607 1714 697 1747; x_wconf 79' lang='lat' dir='ltr'>fortis</span> <span class='ocrx_word' id='word_1_218' title='bbox 718 1724 780 1747; x_wconf 90' lang='lat' dir='ltr'>non</span> <span class='ocrx_word' id='word_1_219' title='bbox 798 1718 880 1753; x_wconf 89' lang='lat' dir='ltr'>erat;</span> <span class='ocrx_word' id='word_1_220' title='bbox 899 1718 1028 1756; x_wconf 91' lang='lat' dir='ltr'>propter</span> <span class='ocrx_word' id='word_1_221' title='bbox 1045 1714 1129 1756; x_wconf 89' lang='lat' dir='ltr'>quod</span> 
     </span>
     <span class='ocr_line' id='line_1_38' title="bbox 165 1767 1130 1811; baseline 0 -10"><span class='ocrx_word' id='word_1_222' title='bbox 165 1767 263 1801; x_wconf 91' lang='lat' dir='ltr'>addit:</span> <span class='ocrx_word' id='word_1_223' title='bbox 286 1768 350 1801; x_wconf 86' lang='lat' dir='ltr'>Sed</span> <span class='ocrx_word' id='word_1_224' title='bbox 365 1768 518 1811; x_wconf 85' lang='lat' dir='ltr'>primu-m</span> <span class='ocrx_word' id='word_1_225' title='bbox 533 1769 701 1811; x_wconf 80' lang='lat' dir='ltr'>permitte,</span> <span class='ocrx_word' id='word_1_226' title='bbox 717 1778 769 1801; x_wconf 82' lang='lat' dir='ltr'>me</span> <span class='ocrx_word' id='word_1_227' title='bbox 788 1769 838 1801; x_wconf 85' lang='lat' dir='ltr'>ire</span> <span class='ocrx_word' id='word_1_228' title='bbox 854 1773 884 1801; x_wconf 88' lang='lat' dir='ltr'>et</span> <span class='ocrx_word' id='word_1_229' title='bbox 902 1769 1062 1801; x_wconf 77' lang='lat' dir='ltr'>nuntiare</span> <span class='ocrx_word' id='word_1_230' title='bbox 1078 1767 1130 1801; x_wconf 79' lang='lat' dir='ltr'>Itis</span> 
     </span>
     <span class='ocr_line' id='line_1_39' title="bbox 165 1821 1130 1866; baseline 0 -12"><span class='ocrx_word' id='word_1_231' title='bbox 165 1821 225 1866; x_wconf 81' lang='lat' dir='ltr'>qui</span> <span class='ocrx_word' id='word_1_232' title='bbox 246 1821 338 1854; x_wconf 79' lang='lat' dir='ltr'>domi</span> <span class='ocrx_word' id='word_1_233' title='bbox 358 1825 439 1854; x_wconf 75' lang='lat' dir='ltr'>sunt</span> <span class='ocrx_word' id='word_1_234' title='bbox 450 1824 473 1854; x_wconf 74' lang='lat'>4.</span> <span class='ocrx_word' id='word_1_235' title='bbox 500 1822 545 1854; x_wconf 82' lang='lat' dir='ltr'>Ex</span> <span class='ocrx_word' id='word_1_236' title='bbox 569 1831 633 1864; x_wconf 91' lang='lat' dir='ltr'>quo</span> <span class='ocrx_word' id='word_1_237' title='bbox 656 1825 801 1864; x_wconf 89' lang='lat' dir='ltr'>apparet,</span> <span class='ocrx_word' id='word_1_238' title='bbox 826 1822 911 1864; x_wconf 88' lang='lat' dir='ltr'>quod</span> <span class='ocrx_word' id='word_1_239' title='bbox 934 1822 1038 1855; x_wconf 89' lang='lat' dir='ltr'>adhuc</span> <span class='ocrx_word' id='word_1_240' title='bbox 1061 1821 1130 1854; x_wconf 88' lang='lat' dir='ltr'>affi-</span> 
     </span>
     <span class='ocr_line' id='line_1_40' title="bbox 165 1875 1130 1918; baseline 0 -10"><span class='ocrx_word' id='word_1_241' title='bbox 165 1875 307 1909; x_wconf 88' lang='lat' dir='ltr'>ciebatur</span> <span class='ocrx_word' id='word_1_242' title='bbox 330 1884 406 1918; x_wconf 82' lang='lat' dir='ltr'>erga</span> <span class='ocrx_word' id='word_1_243' title='bbox 429 1884 522 1915; x_wconf 90' lang='lat' dir='ltr'>suos,</span> <span class='ocrx_word' id='word_1_244' title='bbox 552 1879 662 1908; x_wconf 87' lang='lat' dir='ltr'>contra</span> <span class='ocrx_word' id='word_1_245' title='bbox 685 1875 716 1908; x_wconf 85' lang='lat' dir='ltr'>id</span> <span class='ocrx_word' id='word_1_246' title='bbox 739 1875 824 1918; x_wconf 90' lang='lat' dir='ltr'>quod</span> <span class='ocrx_word' id='word_1_247' title='bbox 853 1876 884 1908; x_wconf 92' lang='lat' dir='ltr'>in</span> <span class='ocrx_word' id='word_1_248' title='bbox 909 1876 1030 1908; x_wconf 85' lang='lat' dir='ltr'>Psalmo</span> <span class='ocrx_word' id='word_1_249' title='bbox 1053 1875 1130 1909; x_wconf 89' lang='lat' dir='ltr'>dici-</span> 
     </span>
     <span class='ocr_line' id='line_1_41' title="bbox 164 1928 1130 1971; baseline -0.001 -9"><span class='ocrx_word' id='word_1_250' title='bbox 164 1932 236 1962; x_wconf 89' lang='lat' dir='ltr'>tur:</span> <span class='ocrx_word' id='word_1_251' title='bbox 265 1942 281 1958; x_wconf 74' lang='grc' dir='ltr'><strong>α</strong></span> <span class='ocrx_word' id='word_1_252' title='bbox 298 1928 491 1962; x_wconf 90' lang='lat' dir='ltr'>Obliviscere</span> <span class='ocrx_word' id='word_1_253' title='bbox 521 1929 674 1971; x_wconf 91' lang='lat' dir='ltr'>populum</span> <span class='ocrx_word' id='word_1_254' title='bbox 700 1932 791 1962; x_wconf 90' lang='lat' dir='ltr'>tuum</span> <span class='ocrx_word' id='word_1_255' title='bbox 816 1932 847 1962; x_wconf 92' lang='lat' dir='ltr'>et</span> <span class='ocrx_word' id='word_1_256' title='bbox 877 1929 1006 1962; x_wconf 86' lang='lat' dir='ltr'>domum</span> <span class='ocrx_word' id='word_1_257' title='bbox 1031 1929 1130 1971; x_wconf 87' lang='lat' dir='ltr'>patris</span> 
     </span>
     <span class='ocr_line' id='line_1_42' title="bbox 164 1982 1130 2025; baseline 0 -10"><span class='ocrx_word' id='word_1_258' title='bbox 164 1983 259 2016; x_wconf 81' lang='lat' dir='ltr'>tui».</span> <span class='ocrx_word' id='word_1_259' title='bbox 282 1983 349 2016; x_wconf 89' lang='lat' dir='ltr'>Non</span> <span class='ocrx_word' id='word_1_260' title='bbox 369 1987 437 2016; x_wconf 87' lang='lat' dir='ltr'>erat</span> <span class='ocrx_word' id='word_1_261' title='bbox 460 1983 512 2015; x_wconf 88' lang='lat' dir='ltr'>hic</span> <span class='ocrx_word' id='word_1_262' title='bbox 529 1982 639 2015; x_wconf 90' lang='lat' dir='ltr'>similis</span> <span class='ocrx_word' id='word_1_263' title='bbox 663 1983 773 2022; x_wconf 88' lang='lat' dir='ltr'>Paulo,</span> <span class='ocrx_word' id='word_1_264' title='bbox 799 1983 853 2025; x_wconf 84' lang='lat' dir='ltr'>qui</span> <span class='ocrx_word' id='word_1_265' title='bbox 869 1982 993 2016; x_wconf 89' lang='lat' dir='ltr'>dicebat</span> <span class='ocrx_word' id='word_1_266' title='bbox 1016 1983 1054 2015; x_wconf 91' lang='lat' dir='ltr'>ad</span> <span class='ocrx_word' id='word_1_267' title='bbox 1071 1982 1130 2015; x_wconf 89' lang='lat' dir='ltr'>Ga-</span> 
     </span>
     <span class='ocr_line' id='line_1_43' title="bbox 164 2036 1130 2079; baseline 0 -10"><span class='ocrx_word' id='word_1_268' title='bbox 164 2036 243 2069; x_wconf 88' lang='lat' dir='ltr'>latas</span> <span class='ocrx_word' id='word_1_269' title='bbox 266 2036 386 2078; x_wconf 92' lang='lat' dir='ltr'>primo:</span> <span class='ocrx_word' id='word_1_270' title='bbox 416 2036 526 2069; x_wconf 77' lang='lat' dir='ltr'>«Cum</span> <span class='ocrx_word' id='word_1_271' title='bbox 559 2037 677 2078; x_wconf 87' lang='lat' dir='ltr'>placuit</span> <span class='ocrx_word' id='word_1_272' title='bbox 700 2036 727 2069; x_wconf 91' lang='lat' dir='ltr'>ei</span> <span class='ocrx_word' id='word_1_273' title='bbox 760 2037 815 2079; x_wconf 87' lang='lat' dir='ltr'>qui</span> <span class='ocrx_word' id='word_1_274' title='bbox 845 2045 895 2069; x_wconf 90' lang='lat' dir='ltr'>me</span> <span class='ocrx_word' id='word_1_275' title='bbox 919 2036 1042 2069; x_wconf 88' lang='lat' dir='ltr'>vocavit</span> <span class='ocrx_word' id='word_1_276' title='bbox 1074 2045 1130 2078; x_wconf 89' lang='lat' dir='ltr'>per</span> 
     </span>
     <span class='ocr_line' id='line_1_44' title="bbox 164 2089 1131 2133; baseline 0 -11"><span class='ocrx_word' id='word_1_277' title='bbox 164 2089 298 2133; x_wconf 86' lang='lat' dir='ltr'>gratiam</span> <span class='ocrx_word' id='word_1_278' title='bbox 321 2099 426 2129; x_wconf 91' lang='lat' dir='ltr'>suam,</span> <span class='ocrx_word' id='word_1_279' title='bbox 451 2090 601 2124; x_wconf 91' lang='lat' dir='ltr'>continuo</span> <span class='ocrx_word' id='word_1_280' title='bbox 624 2099 686 2123; x_wconf 91' lang='lat' dir='ltr'>non</span> <span class='ocrx_word' id='word_1_281' title='bbox 718 2090 861 2133; x_wconf 86' lang='lat' dir='ltr'>acquievi</span> <span class='ocrx_word' id='word_1_282' title='bbox 885 2090 971 2123; x_wconf 88' lang='lat' dir='ltr'>carni</span> <span class='ocrx_word' id='word_1_283' title='bbox 997 2094 1028 2123; x_wconf 88' lang='lat' dir='ltr'>et</span> <span class='ocrx_word' id='word_1_284' title='bbox 1060 2099 1131 2123; x_wconf 90' lang='lat' dir='ltr'>san-</span> 
     </span>
     <span class='ocr_line' id='line_1_45' title="bbox 165 2143 1131 2186; baseline -0.001 -9"><span class='ocrx_word' id='word_1_285' title='bbox 165 2143 252 2186; x_wconf 88' lang='lat' dir='ltr'>guini</span> <span class='ocrx_word' id='word_1_286' title='bbox 268 2157 299 2176; x_wconf 74' lang='grc'>».</span> <span class='ocrx_word' id='word_1_287' title='bbox 323 2144 471 2177; x_wconf 89' lang='lat' dir='ltr'>Carnales</span> <span class='ocrx_word' id='word_1_288' title='bbox 493 2144 585 2177; x_wconf 91' lang='lat' dir='ltr'>amici</span> <span class='ocrx_word' id='word_1_289' title='bbox 610 2144 829 2186; x_wconf 86' lang='lat' dir='ltr'>spiritualibus</span> <span class='ocrx_word' id='word_1_290' title='bbox 852 2144 989 2177; x_wconf 90' lang='lat' dir='ltr'>consiliis</span> <span class='ocrx_word' id='word_1_291' title='bbox 1020 2144 1131 2177; x_wconf 89' lang='lat' dir='ltr'>adver-</span> 
     </span>
     <span class='ocr_line' id='line_1_46' title="bbox 165 2197 1129 2240; baseline -0.001 -10"><span class='ocrx_word' id='word_1_292' title='bbox 165 2199 294 2236; x_wconf 89' lang='lat' dir='ltr'>santur,</span> <span class='ocrx_word' id='word_1_293' title='bbox 318 2201 350 2230; x_wconf 89' lang='lat' dir='ltr'>et</span> <span class='ocrx_word' id='word_1_294' title='bbox 372 2197 442 2231; x_wconf 92' lang='lat' dir='ltr'>ideo</span> <span class='ocrx_word' id='word_1_295' title='bbox 467 2201 615 2240; x_wconf 87' lang='lat' dir='ltr'>tanquam</span> <span class='ocrx_word' id='word_1_296' title='bbox 641 2197 813 2230; x_wconf 90' lang='lat' dir='ltr'>adversarii</span> <span class='ocrx_word' id='word_1_297' title='bbox 846 2200 921 2230; x_wconf 90' lang='lat' dir='ltr'>sunt</span> <span class='ocrx_word' id='word_1_298' title='bbox 943 2197 1129 2230; x_wconf 90' lang='lat' dir='ltr'>dimittendi.</span> 
     </span>
    </p>
   </div>
   <div class='ocr_carea' id='block_1_9' title="bbox 164 2385 1130 3448">
    <p class='ocr_par' dir='ltr' id='par_1_11' title="bbox 164 2385 1129 2601">
     <span class='ocr_line' id='line_1_47' title="bbox 237 2385 1129 2419; baseline 0.001 -7"><span class='ocrx_word' id='word_1_299' title='bbox 237 2385 245 2401; x_wconf 91' lang='lat'><em>¹</em></span> <span class='ocrx_word' id='word_1_300' title='bbox 268 2387 340 2413; x_wconf 84' lang='lat' dir='ltr'>Vers.</span> <span class='ocrx_word' id='word_1_301' title='bbox 365 2387 389 2412; x_wconf 85' lang='lat'>3.</span> <span class='ocrx_word' id='word_1_302' title='bbox 409 2390 434 2412; x_wconf 90' lang='lat' dir='ltr'>et</span> <span class='ocrx_word' id='word_1_303' title='bbox 454 2387 483 2418; x_wconf 79' lang='grc'>4,</span> <span class='ocrx_word' id='word_1_304' title='bbox 505 2387 529 2412; x_wconf 83' lang='grc'>111</span> <span class='ocrx_word' id='word_1_305' title='bbox 548 2387 623 2413; x_wconf 86' lang='grc'>6111115</span> <span class='ocrx_word' id='word_1_306' title='bbox 643 2387 694 2412; x_wconf 81' lang='lat' dir='ltr'>fine</span> <span class='ocrx_word' id='word_1_307' title='bbox 723 2390 782 2419; x_wconf 86' lang='lat' dir='ltr'>post</span> <span class='ocrx_word' id='word_1_308' title='bbox 802 2386 952 2418; x_wconf 81' lang='lat' dir='ltr'>ministerio</span> <span class='ocrx_word' id='word_1_309' title='bbox 975 2387 1051 2413; x_wconf 73' lang='lat' dir='ltr'>verbi</span> <span class='ocrx_word' id='word_1_310' title='bbox 1068 2387 1087 2413; x_wconf 92' lang='lat' dir='ltr'>C</span> <span class='ocrx_word' id='word_1_311' title='bbox 1108 2388 1129 2413; x_wconf 91' lang='lat' dir='ltr'>D</span> 
     </span>
     <span class='ocr_line' id='line_1_48' title="bbox 165 2431 1127 2465; baseline -0.001 -7"><span class='ocrx_word' id='word_1_312' title='bbox 165 2432 266 2459; x_wconf 87' lang='lat' dir='ltr'>addunt</span> <span class='ocrx_word' id='word_1_313' title='bbox 284 2431 338 2458; x_wconf 87' lang='lat' dir='ltr'>Dei.</span> <span class='ocrx_word' id='word_1_314' title='bbox 352 2445 388 2450; x_wconf 93' lang='lat'>—-</span> <span class='ocrx_word' id='word_1_315' title='bbox 401 2432 458 2457; x_wconf 93' lang='lat' dir='ltr'>Duo</span> <span class='ocrx_word' id='word_1_316' title='bbox 477 2438 552 2465; x_wconf 87' lang='lat' dir='ltr'>seqq.</span> <span class='ocrx_word' id='word_1_317' title='bbox 571 2432 620 2457; x_wconf 92' lang='lat' dir='ltr'>loci</span> <span class='ocrx_word' id='word_1_318' title='bbox 640 2434 701 2457; x_wconf 90' lang='lat' dir='ltr'>sunt</span> <span class='ocrx_word' id='word_1_319' title='bbox 719 2432 782 2457; x_wconf 84' lang='lat' dir='ltr'>Luc.</span> <span class='ocrx_word' id='word_1_320' title='bbox 803 2432 848 2463; x_wconf 85' lang='grc'>10,</span> <span class='ocrx_word' id='word_1_321' title='bbox 863 2431 905 2457; x_wconf 78' lang='grc'>42.</span> <span class='ocrx_word' id='word_1_322' title='bbox 919 2435 944 2457; x_wconf 87' lang='grc'>61</span> <span class='ocrx_word' id='word_1_323' title='bbox 957 2431 1021 2457; x_wconf 89' lang='lat' dir='ltr'>Dan.</span> <span class='ocrx_word' id='word_1_324' title='bbox 1037 2432 1084 2463; x_wconf 85' lang='grc'>12,</span> <span class='ocrx_word' id='word_1_325' title='bbox 1098 2433 1127 2465; x_wconf 85' lang='grc'>3,</span> 
     </span>
     <span class='ocr_line' id='line_1_49' title="bbox 165 2475 1129 2510; baseline -0.001 -7"><span class='ocrx_word' id='word_1_326' title='bbox 165 2477 209 2504; x_wconf 94' lang='lat' dir='ltr'>ubi</span> <span class='ocrx_word' id='word_1_327' title='bbox 229 2484 279 2509; x_wconf 90' lang='lat' dir='ltr'>pro</span> <span class='ocrx_word' id='word_1_328' title='bbox 298 2476 428 2503; x_wconf 74' lang='lat' dir='ltr'>erudiunt</span> <span class='ocrx_word' id='word_1_329' title='bbox 444 2476 545 2503; x_wconf 81' lang='lat' dir='ltr'>multos</span> <span class='ocrx_word' id='word_1_330' title='bbox 564 2477 582 2502; x_wconf 90' lang='lat' dir='ltr'><strong>A</strong></span> <span class='ocrx_word' id='word_1_331' title='bbox 595 2476 613 2502; x_wconf 93' lang='lat' dir='ltr'>C</span> <span class='ocrx_word' id='word_1_332' title='bbox 624 2476 645 2502; x_wconf 93' lang='lat' dir='ltr'>D</span> <span class='ocrx_word' id='word_1_333' title='bbox 656 2477 677 2502; x_wconf 89' lang='lat' dir='ltr'><strong>G</strong></span> <span class='ocrx_word' id='word_1_334' title='bbox 696 2475 856 2503; x_wconf 79' lang='lat' dir='ltr'>erudierunt</span> <span class='ocrx_word' id='word_1_335' title='bbox 871 2475 1017 2510; x_wconf 84' lang='lat' dir='ltr'>plurimos.</span> <span class='ocrx_word' id='word_1_336' title='bbox 1034 2490 1070 2496; x_wconf 92' lang='lat'><strong>—</strong></span> <span class='ocrx_word' id='word_1_337' title='bbox 1083 2477 1129 2502; x_wconf 86' lang='lat' dir='ltr'>Su-</span> 
     </span>
     <span class='ocr_line' id='line_1_50' title="bbox 165 2519 1128 2556; baseline -0.001 -8"><span class='ocrx_word' id='word_1_338' title='bbox 165 2522 254 2555; x_wconf 88' lang='lat' dir='ltr'>perius</span> <span class='ocrx_word' id='word_1_339' title='bbox 272 2525 332 2554; x_wconf 89' lang='lat' dir='ltr'>post</span> <span class='ocrx_word' id='word_1_340' title='bbox 349 2521 387 2548; x_wconf 84' lang='lat' dir='ltr'>ad</span> <span class='ocrx_word' id='word_1_341' title='bbox 397 2521 570 2556; x_wconf 81' lang='lat' dir='ltr'>sepulturam</span> <span class='ocrx_word' id='word_1_342' title='bbox 590 2520 627 2555; x_wconf 93' lang='lat' dir='ltr'>[in</span> <span class='ocrx_word' id='word_1_343' title='bbox 640 2521 662 2547; x_wconf 88' lang='lat' dir='ltr'>D</span> <span class='ocrx_word' id='word_1_344' title='bbox 680 2521 796 2547; x_wconf 85' lang='lat' dir='ltr'>secunda</span> <span class='ocrx_word' id='word_1_345' title='bbox 811 2528 904 2547; x_wconf 87' lang='lat' dir='ltr'>manus</span> <span class='ocrx_word' id='word_1_346' title='bbox 920 2520 1054 2547; x_wconf 86' lang='lat' dir='ltr'>substituit</span> <span class='ocrx_word' id='word_1_347' title='bbox 1067 2519 1128 2547; x_wconf 85' lang='lat' dir='ltr'>elee-</span> 
     </span>
     <span class='ocr_line' id='line_1_51' title="bbox 164 2565 859 2601; baseline -0.001 -8"><span class='ocrx_word' id='word_1_348' title='bbox 164 2566 321 2601; x_wconf 78' lang='lat' dir='ltr'>mosynam]</span> <span class='ocrx_word' id='word_1_349' title='bbox 341 2573 371 2593; x_wconf 87' lang='lat' dir='ltr'>ex</span> <span class='ocrx_word' id='word_1_350' title='bbox 392 2567 412 2592; x_wconf 83' lang='grc' dir='ltr'>Α</span> <span class='ocrx_word' id='word_1_351' title='bbox 426 2567 447 2592; x_wconf 91' lang='lat' dir='ltr'>D</span> <span class='ocrx_word' id='word_1_352' title='bbox 466 2566 650 2598; x_wconf 79' lang='lat' dir='ltr'>supplevimus</span> <span class='ocrx_word' id='word_1_353' title='bbox 668 2565 859 2600; x_wconf 79' lang='lat' dir='ltr'>praebendam.</span> 
     </span>
    </p>

    <p class='ocr_par' dir='ltr' id='par_1_12' title="bbox 236 2610 968 2643">
     <span class='ocr_line' id='line_1_52' title="bbox 236 2610 968 2643; baseline 0 -7"><span class='ocrx_word' id='word_1_354' title='bbox 236 2610 246 2625; x_wconf 53' lang='grc' dir='ltr'><strong>Β</strong></span> <span class='ocrx_word' id='word_1_355' title='bbox 267 2611 340 2637; x_wconf 86' lang='lat' dir='ltr'>Vers.</span> <span class='ocrx_word' id='word_1_356' title='bbox 362 2610 403 2637; x_wconf 90' lang='grc'>17.</span> <span class='ocrx_word' id='word_1_357' title='bbox 425 2626 457 2629; x_wconf 92' lang='grc'><strong>-</strong></span> <span class='ocrx_word' id='word_1_358' title='bbox 478 2610 595 2637; x_wconf 85' lang='lat' dir='ltr'>Subinde</span> <span class='ocrx_word' id='word_1_359' title='bbox 614 2611 741 2643; x_wconf 80' lang='lat' dir='ltr'>allegatur</span> <span class='ocrx_word' id='word_1_360' title='bbox 760 2611 836 2637; x_wconf 87' lang='lat' dir='ltr'>Prov.</span> <span class='ocrx_word' id='word_1_361' title='bbox 858 2611 885 2636; x_wconf 87' lang='grc'>11</span> <span class='ocrx_word' id='word_1_362' title='bbox 898 2632 906 2643; x_wconf 90' lang='lat'>,</span> <span class='ocrx_word' id='word_1_363' title='bbox 926 2611 968 2636; x_wconf 89' lang='lat'>26.</span> 
     </span>
    </p>

    <p class='ocr_par' dir='ltr' id='par_1_13' title="bbox 165 2654 1128 2778">
     <span class='ocr_line' id='line_1_53' title="bbox 235 2654 1128 2689; baseline 0 -8"><span class='ocrx_word' id='word_1_364' title='bbox 235 2654 246 2669; x_wconf 80' lang='lat'>¹³</span> <span class='ocrx_word' id='word_1_365' title='bbox 267 2656 391 2688; x_wconf 85' lang='lat' dir='ltr'>Vulgata,</span> <span class='ocrx_word' id='word_1_366' title='bbox 410 2663 491 2689; x_wconf 88' lang='lat' dir='ltr'>quam</span> <span class='ocrx_word' id='word_1_367' title='bbox 511 2659 658 2689; x_wconf 88' lang='lat' dir='ltr'>sequuntur</span> <span class='ocrx_word' id='word_1_368' title='bbox 677 2657 697 2681; x_wconf 88' lang='lat' dir='ltr'>H</span> <span class='ocrx_word' id='word_1_369' title='bbox 718 2659 744 2681; x_wconf 90' lang='lat' dir='ltr'>et</span> <span class='ocrx_word' id='word_1_370' title='bbox 764 2656 838 2687; x_wconf 77' lang='lat' dir='ltr'>Vat.,</span> <span class='ocrx_word' id='word_1_371' title='bbox 858 2656 931 2682; x_wconf 86' lang='lat' dir='ltr'>addit</span> <span class='ocrx_word' id='word_1_372' title='bbox 953 2655 1073 2682; x_wconf 77' lang='lat' dir='ltr'>Domine.</span> <span class='ocrx_word' id='word_1_373' title='bbox 1093 2670 1128 2675; x_wconf 98' lang='lat'><strong>—</strong></span> 
     </span>
     <span class='ocr_line' id='line_1_54' title="bbox 165 2701 1128 2735; baseline 0 -7"><span class='ocrx_word' id='word_1_374' title='bbox 165 2702 316 2735; x_wconf 88' lang='lat' dir='ltr'>Sequuntur</span> <span class='ocrx_word' id='word_1_375' title='bbox 335 2703 405 2728; x_wconf 85' lang='lat' dir='ltr'>loan.</span> <span class='ocrx_word' id='word_1_376' title='bbox 428 2702 457 2732; x_wconf 90' lang='lat'>8,</span> <span class='ocrx_word' id='word_1_377' title='bbox 484 2702 524 2727; x_wconf 90' lang='grc'>12.</span> <span class='ocrx_word' id='word_1_378' title='bbox 545 2704 571 2727; x_wconf 87' lang='grc'>61</span> <span class='ocrx_word' id='word_1_379' title='bbox 595 2702 671 2727; x_wconf 84' lang='grc' dir='ltr'>Ε6611.</span> <span class='ocrx_word' id='word_1_380' title='bbox 699 2702 748 2732; x_wconf 82' lang='grc'>23,</span> <span class='ocrx_word' id='word_1_381' title='bbox 769 2702 810 2728; x_wconf 87' lang='grc'>38.</span> <span class='ocrx_word' id='word_1_382' title='bbox 830 2716 866 2721; x_wconf 95' lang='grc'>-</span> <span class='ocrx_word' id='word_1_383' title='bbox 889 2702 996 2728; x_wconf 78' lang='lat' dir='ltr'>interius</span> <span class='ocrx_word' id='word_1_384' title='bbox 1015 2701 1128 2728; x_wconf 76' lang='lat' dir='ltr'>vocibus</span> 
     </span>
     <span class='ocr_line' id='line_1_55' title="bbox 165 2745 805 2778; baseline 0 -6"><span class='ocrx_word' id='word_1_385' title='bbox 165 2746 234 2772; x_wconf 85' lang='lat' dir='ltr'>illud</span> <span class='ocrx_word' id='word_1_386' title='bbox 252 2745 418 2774; x_wconf 77' lang='lat' dir='ltr'>dominicum</span> <span class='ocrx_word' id='word_1_387' title='bbox 439 2747 496 2772; x_wconf 88' lang='lat' dir='ltr'>Vat.</span> <span class='ocrx_word' id='word_1_388' title='bbox 513 2746 634 2778; x_wconf 80' lang='lat' dir='ltr'>praefigit</span> <span class='ocrx_word' id='word_1_389' title='bbox 653 2746 805 2773; x_wconf 76' lang='lat' dir='ltr'>consilium.</span> 
     </span>
    </p>

    <p class='ocr_par' dir='ltr' id='par_1_14' title="bbox 164 2790 1130 3448">
     <span class='ocr_line' id='line_1_56' title="bbox 236 2790 1129 2826; baseline 0.001 -9"><span class='ocrx_word' id='word_1_390' title='bbox 236 2790 248 2805; x_wconf 78' lang='lat'><strong>⁴</strong></span> <span class='ocrx_word' id='word_1_391' title='bbox 267 2792 380 2823; x_wconf 80' lang='lat' dir='ltr'>Vulgata</span> <span class='ocrx_word' id='word_1_392' title='bbox 399 2794 425 2817; x_wconf 91' lang='lat' dir='ltr'>et</span> <span class='ocrx_word' id='word_1_393' title='bbox 443 2791 519 2817; x_wconf 88' lang='lat' dir='ltr'>Vat.:</span> <span class='ocrx_word' id='word_1_394' title='bbox 538 2791 592 2818; x_wconf 86' lang='lat' dir='ltr'>Sed</span> <span class='ocrx_word' id='word_1_395' title='bbox 602 2790 726 2825; x_wconf 80' lang='lat' dir='ltr'>permitte</span> <span class='ocrx_word' id='word_1_396' title='bbox 740 2790 817 2824; x_wconf 84' lang='lat' dir='ltr'>mihi,</span> <span class='ocrx_word' id='word_1_397' title='bbox 833 2791 958 2826; x_wconf 83' lang='lat' dir='ltr'>primum</span> <span class='ocrx_word' id='word_1_398' title='bbox 970 2791 1129 2819; x_wconf 78' lang='lat' dir='ltr'>renuntiare</span> 
     </span>
     <span class='ocr_line' id='line_1_57' title="bbox 168 2835 1128 2870; baseline 0 -8"><span class='ocrx_word' id='word_1_399' title='bbox 168 2835 210 2863; x_wconf 80' lang='lat' dir='ltr'>his</span> <span class='ocrx_word' id='word_1_400' title='bbox 229 2843 298 2870; x_wconf 83' lang='lat' dir='ltr'>quae</span> <span class='ocrx_word' id='word_1_401' title='bbox 317 2835 393 2862; x_wconf 85' lang='lat' dir='ltr'>domi</span> <span class='ocrx_word' id='word_1_402' title='bbox 407 2837 481 2862; x_wconf 84' lang='lat' dir='ltr'>sunt.</span> <span class='ocrx_word' id='word_1_403' title='bbox 500 2836 521 2861; x_wconf 82' lang='grc' dir='ltr'><strong>Α</strong></span> <span class='ocrx_word' id='word_1_404' title='bbox 536 2839 624 2861; x_wconf 86' lang='grc'>1105113</span> <span class='ocrx_word' id='word_1_405' title='bbox 645 2836 753 2862; x_wconf 87' lang='lat' dir='ltr'>lectione</span> <span class='ocrx_word' id='word_1_406' title='bbox 773 2837 799 2862; x_wconf 96' lang='lat' dir='ltr'>S.</span> <span class='ocrx_word' id='word_1_407' title='bbox 818 2837 934 2862; x_wconf 82' lang='lat' dir='ltr'>Thomas</span> <span class='ocrx_word' id='word_1_408' title='bbox 964 2835 1028 2870; x_wconf 90' lang='lat' dir='ltr'>(Cat.</span> <span class='ocrx_word' id='word_1_409' title='bbox 1048 2843 1128 2862; x_wconf 88' lang='lat' dir='ltr'>aurea</span> 
     </span>
     <span class='ocr_line' id='line_1_58' title="bbox 168 2880 1130 2915; baseline 0.002 -9"><span class='ocrx_word' id='word_1_410' title='bbox 168 2880 195 2907; x_wconf 90' lang='lat' dir='ltr'>in</span> <span class='ocrx_word' id='word_1_411' title='bbox 213 2881 276 2906; x_wconf 89' lang='lat' dir='ltr'>Luc.</span> <span class='ocrx_word' id='word_1_412' title='bbox 294 2881 320 2906; x_wconf 80' lang='lat'>9.</span> <span class='ocrx_word' id='word_1_413' title='bbox 344 2888 369 2906; x_wconf 91' lang='grc'>11.</span> <span class='ocrx_word' id='word_1_414' title='bbox 392 2880 442 2912; x_wconf 91' lang='grc'>12.)</span> <span class='ocrx_word' id='word_1_415' title='bbox 462 2881 578 2913; x_wconf 85' lang='lat' dir='ltr'>divergit</span> <span class='ocrx_word' id='word_1_416' title='bbox 595 2880 779 2907; x_wconf 89' lang='lat' dir='ltr'>substituendo</span> <span class='ocrx_word' id='word_1_417' title='bbox 795 2880 921 2915; x_wconf 79' lang='lat' dir='ltr'>permitte</span> <span class='ocrx_word' id='word_1_418' title='bbox 944 2880 1024 2914; x_wconf 81' lang='lat' dir='ltr'>milti,</span> <span class='ocrx_word' id='word_1_419' title='bbox 1045 2881 1086 2907; x_wconf 87' lang='lat' dir='ltr'>ire</span> <span class='ocrx_word' id='word_1_420' title='bbox 1104 2882 1130 2908; x_wconf 81' lang='lat' dir='ltr'>et</span> 
     </span>
     <span class='ocr_line' id='line_1_59' title="bbox 164 2924 1128 2959; baseline 0.001 -8"><span class='ocrx_word' id='word_1_421' title='bbox 164 2924 322 2952; x_wconf 79' lang='lat' dir='ltr'>renuntiare</span> <span class='ocrx_word' id='word_1_422' title='bbox 342 2924 373 2958; x_wconf 91' lang='lat' dir='ltr'>(G</span> <span class='ocrx_word' id='word_1_423' title='bbox 383 2925 406 2950; x_wconf 85' lang='lat' dir='ltr'>H</span> <span class='ocrx_word' id='word_1_424' title='bbox 431 2924 529 2951; x_wconf 83' lang='lat' dir='ltr'>liabent</span> <span class='ocrx_word' id='word_1_425' title='bbox 547 2925 625 2951; x_wconf 88' lang='lat' dir='ltr'>etiam</span> <span class='ocrx_word' id='word_1_426' title='bbox 649 2925 822 2957; x_wconf 79' lang='lat' dir='ltr'>renuntiare)</span> <span class='ocrx_word' id='word_1_427' title='bbox 843 2932 892 2957; x_wconf 89' lang='lat' dir='ltr'>pro</span> <span class='ocrx_word' id='word_1_428' title='bbox 914 2925 1055 2959; x_wconf 80' lang='lat' dir='ltr'>permitte,</span> <span class='ocrx_word' id='word_1_429' title='bbox 1085 2932 1128 2952; x_wconf 86' lang='lat' dir='ltr'>me</span> 
     </span>
     <span class='ocr_line' id='line_1_60' title="bbox 164 2969 1126 3002; baseline 0 -6"><span class='ocrx_word' id='word_1_430' title='bbox 164 2969 204 2996; x_wconf 86' lang='lat' dir='ltr'>ire</span> <span class='ocrx_word' id='word_1_431' title='bbox 222 2971 248 2996; x_wconf 89' lang='lat' dir='ltr'>et</span> <span class='ocrx_word' id='word_1_432' title='bbox 265 2969 399 2996; x_wconf 77' lang='lat' dir='ltr'>nuntiare.</span> <span class='ocrx_word' id='word_1_433' title='bbox 419 2969 506 2995; x_wconf 87' lang='lat' dir='ltr'>Lectio</span> <span class='ocrx_word' id='word_1_434' title='bbox 525 2972 613 2995; x_wconf 82' lang='lat' dir='ltr'>nostra</span> <span class='ocrx_word' id='word_1_435' title='bbox 632 2969 667 2995; x_wconf 88' lang='lat' dir='ltr'>ab</span> <span class='ocrx_word' id='word_1_436' title='bbox 680 2970 809 3002; x_wconf 83' lang='lat' dir='ltr'>August.,</span> <span class='ocrx_word' id='word_1_437' title='bbox 829 2972 914 2996; x_wconf 85' lang='lat' dir='ltr'>serm.</span> <span class='ocrx_word' id='word_1_438' title='bbox 937 2971 993 2996; x_wconf 82' lang='grc'>100.</span> <span class='ocrx_word' id='word_1_439' title='bbox 1014 2970 1088 3002; x_wconf 85' lang='lat' dir='ltr'>(alias</span> <span class='ocrx_word' id='word_1_440' title='bbox 1101 2970 1126 2996; x_wconf 92' lang='lat'>7.</span> 
     </span>
     <span class='ocr_line' id='line_1_61' title="bbox 164 3014 1128 3047; baseline 0 -6"><span class='ocrx_word' id='word_1_441' title='bbox 164 3015 198 3041; x_wconf 86' lang='lat' dir='ltr'>de</span> <span class='ocrx_word' id='word_1_442' title='bbox 211 3014 305 3041; x_wconf 86' lang='lat' dir='ltr'>Verbis</span> <span class='ocrx_word' id='word_1_443' title='bbox 324 3014 445 3047; x_wconf 89' lang='lat' dir='ltr'>Domini)</span> <span class='ocrx_word' id='word_1_444' title='bbox 459 3021 481 3040; x_wconf 93' lang='lat' dir='ltr'>c.</span> <span class='ocrx_word' id='word_1_445' title='bbox 496 3015 521 3040; x_wconf 89' lang='lat'>2.</span> <span class='ocrx_word' id='word_1_446' title='bbox 534 3021 560 3040; x_wconf 90' lang='lat' dir='ltr'>n.</span> <span class='ocrx_word' id='word_1_447' title='bbox 581 3015 606 3040; x_wconf 87' lang='grc'>3.</span> <span class='ocrx_word' id='word_1_448' title='bbox 618 3015 656 3040; x_wconf 82' lang='grc'>516</span> <span class='ocrx_word' id='word_1_449' title='bbox 669 3014 805 3040; x_wconf 82' lang='lat' dir='ltr'>exhibetur</span> <span class='ocrx_word' id='word_1_450' title='bbox 819 3018 845 3041; x_wconf 88' lang='lat' dir='ltr'>et</span> <span class='ocrx_word' id='word_1_451' title='bbox 863 3015 1020 3047; x_wconf 84' lang='lat' dir='ltr'>explicatur:</span> <span class='ocrx_word' id='word_1_452' title='bbox 1038 3024 1050 3038; x_wconf 74' lang='grc' dir='ltr'><strong><em>ι</em></strong></span> <span class='ocrx_word' id='word_1_453' title='bbox 1065 3015 1128 3041; x_wconf 85' lang='lat' dir='ltr'>Pro-</span> 
     </span>
     <span class='ocr_line' id='line_1_62' title="bbox 164 3058 1127 3094; baseline 0 -8"><span class='ocrx_word' id='word_1_454' title='bbox 164 3066 263 3094; x_wconf 82' lang='lat' dir='ltr'>sequar</span> <span class='ocrx_word' id='word_1_455' title='bbox 276 3060 314 3092; x_wconf 86' lang='lat' dir='ltr'>te,</span> <span class='ocrx_word' id='word_1_456' title='bbox 334 3058 461 3091; x_wconf 76' lang='lat' dir='ltr'>Domine,</span> <span class='ocrx_word' id='word_1_457' title='bbox 477 3059 527 3090; x_wconf 86' lang='lat' dir='ltr'>ait,</span> <span class='ocrx_word' id='word_1_458' title='bbox 545 3058 592 3085; x_wconf 81' lang='lat' dir='ltr'>sed</span> <span class='ocrx_word' id='word_1_459' title='bbox 603 3058 673 3085; x_wconf 82' lang='lat' dir='ltr'>vado</span> <span class='ocrx_word' id='word_1_460' title='bbox 688 3058 827 3093; x_wconf 81' lang='lat' dir='ltr'>primum,</span> <span class='ocrx_word' id='word_1_461' title='bbox 840 3059 1001 3086; x_wconf 81' lang='lat' dir='ltr'>renuntiare</span> <span class='ocrx_word' id='word_1_462' title='bbox 1020 3059 1061 3086; x_wconf 79' lang='lat' dir='ltr'>Itis</span> <span class='ocrx_word' id='word_1_463' title='bbox 1079 3059 1127 3094; x_wconf 83' lang='lat' dir='ltr'>qui</span> 
     </span>
     <span class='ocr_line' id='line_1_63' title="bbox 165 3103 1126 3137; baseline -0.001 -6"><span class='ocrx_word' id='word_1_464' title='bbox 165 3103 194 3131; x_wconf 77' lang='lat' dir='ltr'>in</span> <span class='ocrx_word' id='word_1_465' title='bbox 211 3103 290 3131; x_wconf 83' lang='lat' dir='ltr'>domo</span> <span class='ocrx_word' id='word_1_466' title='bbox 309 3105 382 3130; x_wconf 81' lang='lat' dir='ltr'>sunt.</span> <span class='ocrx_word' id='word_1_467' title='bbox 401 3103 486 3129; x_wconf 91' lang='lat' dir='ltr'>Credo</span> <span class='ocrx_word' id='word_1_468' title='bbox 506 3103 548 3129; x_wconf 89' lang='lat' dir='ltr'>hic</span> <span class='ocrx_word' id='word_1_469' title='bbox 567 3110 660 3129; x_wconf 85' lang='lat' dir='ltr'>sensus</span> <span class='ocrx_word' id='word_1_470' title='bbox 678 3107 731 3129; x_wconf 86' lang='lat' dir='ltr'>est:</span> <span class='ocrx_word' id='word_1_471' title='bbox 752 3104 874 3129; x_wconf 88' lang='lat' dir='ltr'>Nuntiem</span> <span class='ocrx_word' id='word_1_472' title='bbox 893 3105 975 3137; x_wconf 81' lang='lat' dir='ltr'>meis,</span> <span class='ocrx_word' id='word_1_473' title='bbox 994 3111 1027 3130; x_wconf 93' lang='lat' dir='ltr'>ne</span> <span class='ocrx_word' id='word_1_474' title='bbox 1047 3105 1126 3137; x_wconf 76' lang='lat' dir='ltr'>sorte,</span> 
     </span>
     <span class='ocr_line' id='line_1_64' title="bbox 165 3147 1127 3181; baseline 0 -7"><span class='ocrx_word' id='word_1_475' title='bbox 165 3148 300 3181; x_wconf 89' lang='lat' dir='ltr'>quomodo</span> <span class='ocrx_word' id='word_1_476' title='bbox 320 3147 376 3173; x_wconf 85' lang='lat' dir='ltr'>sieri</span> <span class='ocrx_word' id='word_1_477' title='bbox 395 3148 473 3178; x_wconf 89' lang='lat' dir='ltr'>solet,</span> <span class='ocrx_word' id='word_1_478' title='bbox 492 3150 620 3180; x_wconf 87' lang='lat' dir='ltr'>quaerant</span> <span class='ocrx_word' id='word_1_479' title='bbox 640 3154 682 3172; x_wconf 91' lang='lat' dir='ltr'>me</span> <span class='ocrx_word' id='word_1_480' title='bbox 695 3157 720 3172; x_wconf 70' lang='lat' dir='ltr'>n.</span> <span class='ocrx_word' id='word_1_481' title='bbox 739 3148 789 3173; x_wconf 84' lang='lat' dir='ltr'>Pro</span> <span class='ocrx_word' id='word_1_482' title='bbox 808 3147 938 3174; x_wconf 73' lang='lat' dir='ltr'>nuntiare</span> <span class='ocrx_word' id='word_1_483' title='bbox 956 3149 1072 3174; x_wconf 81' lang='lat' dir='ltr'>translat.</span> <span class='ocrx_word' id='word_1_484' title='bbox 1097 3155 1127 3174; x_wconf 85' lang='lat' dir='ltr'>ex</span> 
     </span>
     <span class='ocr_line' id='line_1_65' title="bbox 166 3190 1127 3225; baseline 0 -7"><span class='ocrx_word' id='word_1_485' title='bbox 166 3192 264 3224; x_wconf 80' lang='lat' dir='ltr'>Syriae.</span> <span class='ocrx_word' id='word_1_486' title='bbox 279 3192 359 3217; x_wconf 88' lang='lat' dir='ltr'>utitur</span> <span class='ocrx_word' id='word_1_487' title='bbox 372 3190 454 3217; x_wconf 88' lang='lat' dir='ltr'>verbo</span> <span class='ocrx_word' id='word_1_488' title='bbox 467 3191 628 3223; x_wconf 82' lang='lat' dir='ltr'>exprimente</span> <span class='ocrx_word' id='word_1_489' title='bbox 639 3190 800 3224; x_wconf 79' lang='lat' dir='ltr'>valedicere,</span> <span class='ocrx_word' id='word_1_490' title='bbox 813 3192 885 3225; x_wconf 90' lang='lat' dir='ltr'>quod</span> <span class='ocrx_word' id='word_1_491' title='bbox 899 3192 1039 3219; x_wconf 85' lang='lat' dir='ltr'>adhibetur</span> <span class='ocrx_word' id='word_1_492' title='bbox 1048 3193 1127 3218; x_wconf 85' lang='lat' dir='ltr'>etiam</span> 
     </span>
     <span class='ocr_line' id='line_1_66' title="bbox 165 3236 1128 3270; baseline 0 -7"><span class='ocrx_word' id='word_1_493' title='bbox 165 3244 180 3263; x_wconf 87' lang='lat' dir='ltr'>a</span> <span class='ocrx_word' id='word_1_494' title='bbox 199 3237 292 3263; x_wconf 86' lang='lat' dir='ltr'>Basilio</span> <span class='ocrx_word' id='word_1_495' title='bbox 313 3236 459 3267; x_wconf 88' lang='lat' dir='ltr'>(Constitut.</span> <span class='ocrx_word' id='word_1_496' title='bbox 478 3236 613 3262; x_wconf 81' lang='lat' dir='ltr'>monastic.</span> <span class='ocrx_word' id='word_1_497' title='bbox 633 3243 656 3262; x_wconf 90' lang='lat' dir='ltr'>c.</span> <span class='ocrx_word' id='word_1_498' title='bbox 676 3237 718 3262; x_wconf 90' lang='lat'>20.</span> <span class='ocrx_word' id='word_1_499' title='bbox 737 3244 763 3262; x_wconf 93' lang='lat' dir='ltr'>n.</span> <span class='ocrx_word' id='word_1_500' title='bbox 782 3237 817 3270; x_wconf 88' lang='grc'>3.)</span> <span class='ocrx_word' id='word_1_501' title='bbox 838 3239 864 3263; x_wconf 86' lang='lat' dir='ltr'>et</span> <span class='ocrx_word' id='word_1_502' title='bbox 881 3237 1069 3270; x_wconf 83' lang='lat' dir='ltr'>Theophylact.</span> <span class='ocrx_word' id='word_1_503' title='bbox 1091 3237 1128 3270; x_wconf 93' lang='lat' dir='ltr'>(in</span> 
     </span>
     <span class='ocr_line' id='line_1_67' title="bbox 165 3275 1127 3312; baseline 0 -5"><span class='ocrx_word' id='word_1_504' title='bbox 165 3282 228 3308; x_wconf 85' lang='lat' dir='ltr'>Luc.</span> <span class='ocrx_word' id='word_1_505' title='bbox 246 3282 277 3312; x_wconf 82' lang='lat'>9,</span> <span class='ocrx_word' id='word_1_506' title='bbox 303 3281 359 3312; x_wconf 80' lang='grc'>61.,</span> <span class='ocrx_word' id='word_1_507' title='bbox 378 3280 424 3306; x_wconf 83' lang='grc'>11111</span> <span class='ocrx_word' id='word_1_508' title='bbox 443 3280 469 3306; x_wconf 87' lang='grc'>111</span> <span class='ocrx_word' id='word_1_509' title='bbox 490 3281 590 3307; x_wconf 91' lang='lat' dir='ltr'>Graeco</span> <span class='ocrx_word' id='word_1_510' title='bbox 609 3280 734 3307; x_wconf 84' lang='lat' dir='ltr'>habetur:</span> <span class='ocrx_word' id='word_1_511' title='bbox 755 3275 933 3310; x_wconf 74' lang='grc' dir='ltr'>ἀποτάξασθαι</span> <span class='ocrx_word' id='word_1_512' title='bbox 951 3281 1006 3311; x_wconf 83' lang='grc' dir='ltr'>τοῖς</span> <span class='ocrx_word' id='word_1_513' title='bbox 1026 3278 1060 3311; x_wconf 84' lang='grc' dir='ltr'>εἷς</span> <span class='ocrx_word' id='word_1_514' title='bbox 1083 3279 1127 3307; x_wconf 86' lang='grc' dir='ltr'>τὸν</span> 
     </span>
     <span class='ocr_line' id='line_1_68' title="bbox 166 3318 1129 3360; baseline 0.002 -10"><span class='ocrx_word' id='word_1_515' title='bbox 166 3318 237 3351; x_wconf 76' lang='grc' dir='ltr'><strong>οἶκόν</strong></span> <span class='ocrx_word' id='word_1_516' title='bbox 256 3325 328 3360; x_wconf 75' lang='grc' dir='ltr'>μου).</span> <span class='ocrx_word' id='word_1_517' title='bbox 341 3325 466 3358; x_wconf 60' lang='lat' dir='ltr'>August„</span> <span class='ocrx_word' id='word_1_518' title='bbox 479 3326 508 3351; x_wconf 89' lang='lat' dir='ltr'>ll.</span> <span class='ocrx_word' id='word_1_519' title='bbox 521 3325 555 3352; x_wconf 89' lang='lat' dir='ltr'>de</span> <span class='ocrx_word' id='word_1_520' title='bbox 571 3324 704 3352; x_wconf 84' lang='lat' dir='ltr'>Consensu</span> <span class='ocrx_word' id='word_1_521' title='bbox 720 3325 877 3357; x_wconf 85' lang='lat' dir='ltr'>Evangelist.</span> <span class='ocrx_word' id='word_1_522' title='bbox 896 3333 920 3351; x_wconf 87' lang='lat' dir='ltr'>c.</span> <span class='ocrx_word' id='word_1_523' title='bbox 940 3326 983 3352; x_wconf 87' lang='lat'>23.</span> <span class='ocrx_word' id='word_1_524' title='bbox 998 3333 1021 3351; x_wconf 91' lang='lat' dir='ltr'>n.</span> <span class='ocrx_word' id='word_1_525' title='bbox 1036 3326 1085 3359; x_wconf 71' lang='lat'>54,</span> <span class='ocrx_word' id='word_1_526' title='bbox 1103 3329 1129 3352; x_wconf 82' lang='lat' dir='ltr'>et</span> 
     </span>
     <span class='ocr_line' id='line_1_69' title="bbox 165 3369 1128 3405; baseline 0.001 -9"><span class='ocrx_word' id='word_1_527' title='bbox 165 3371 247 3402; x_wconf 81' lang='lat' dir='ltr'>Beda,</span> <span class='ocrx_word' id='word_1_528' title='bbox 261 3371 297 3396; x_wconf 90' lang='grc' dir='ltr'>ΙΙΙ.</span> <span class='ocrx_word' id='word_1_529' title='bbox 317 3370 342 3396; x_wconf 89' lang='grc'>111</span> <span class='ocrx_word' id='word_1_530' title='bbox 362 3371 423 3396; x_wconf 91' lang='lat' dir='ltr'>Luc.</span> <span class='ocrx_word' id='word_1_531' title='bbox 444 3370 468 3403; x_wconf 86' lang='grc'>9,</span> <span class='ocrx_word' id='word_1_532' title='bbox 483 3370 525 3396; x_wconf 86' lang='grc'>61.</span> <span class='ocrx_word' id='word_1_533' title='bbox 538 3371 628 3403; x_wconf 81' lang='lat' dir='ltr'>legunt</span> <span class='ocrx_word' id='word_1_534' title='bbox 640 3371 718 3396; x_wconf 86' lang='lat' dir='ltr'>etiam</span> <span class='ocrx_word' id='word_1_535' title='bbox 732 3370 780 3405; x_wconf 84' lang='lat' dir='ltr'>qui</span> <span class='ocrx_word' id='word_1_536' title='bbox 792 3369 866 3397; x_wconf 81' lang='lat' dir='ltr'>domi</span> <span class='ocrx_word' id='word_1_537' title='bbox 876 3372 949 3397; x_wconf 75' lang='lat' dir='ltr'>sunt.</span> <span class='ocrx_word' id='word_1_538' title='bbox 962 3384 997 3390; x_wconf 94' lang='lat'><em>—</em></span> <span class='ocrx_word' id='word_1_539' title='bbox 1010 3370 1128 3397; x_wconf 88' lang='lat' dir='ltr'>Subinde</span> 
     </span>
     <span class='ocr_line' id='line_1_70' title="bbox 166 3414 799 3448; baseline 0.002 -8"><span class='ocrx_word' id='word_1_540' title='bbox 166 3415 309 3447; x_wconf 78' lang='lat' dir='ltr'>allegantur</span> <span class='ocrx_word' id='word_1_541' title='bbox 327 3415 368 3441; x_wconf 79' lang='lat' dir='ltr'>Ps.</span> <span class='ocrx_word' id='word_1_542' title='bbox 388 3414 436 3446; x_wconf 72' lang='lat'>44,</span> <span class='ocrx_word' id='word_1_543' title='bbox 457 3415 504 3447; x_wconf 72' lang='grc' dir='ltr'>11ς</span> <span class='ocrx_word' id='word_1_544' title='bbox 524 3416 579 3441; x_wconf 89' lang='lat' dir='ltr'>Gal.</span> <span class='ocrx_word' id='word_1_545' title='bbox 600 3416 628 3448; x_wconf 79' lang='grc'>1,</span> <span class='ocrx_word' id='word_1_546' title='bbox 649 3415 690 3441; x_wconf 89' lang='grc'>15.</span> <span class='ocrx_word' id='word_1_547' title='bbox 711 3418 736 3441; x_wconf 90' lang='grc'>61</span> <span class='ocrx_word' id='word_1_548' title='bbox 756 3416 799 3442; x_wconf 90' lang='grc'>16.</span> 
     </span>
    </p>
   </div>
   <div class='ocr_carea' id='block_1_10' title="bbox 2101 240 2160 272">
    <p class='ocr_par' dir='ltr' id='par_1_15' title="bbox 2101 240 2160 272">
     <span class='ocr_line' id='line_1_71' title="bbox 2101 240 2160 272; baseline 0 0"><span class='ocrx_word' id='word_1_549' title='bbox 2101 240 2160 272; x_wconf 75' lang='lat'>251</span> 
     </span>
    </p>
   </div>
   <div class='ocr_carea' id='block_1_11' title="bbox 1187 320 2166 369">
    <p class='ocr_par' dir='ltr' id='par_1_16' title="bbox 1187 320 2166 369">
     <span class='ocr_line' id='line_1_72' title="bbox 1187 320 2166 369; baseline 0.007 -16"><span class='ocrx_word' id='word_1_550' title='bbox 1187 320 1272 364; x_wconf 69' lang='lat' dir='ltr'>vldeo</span> <span class='ocrx_word' id='word_1_551' title='bbox 1288 322 1433 355; x_wconf 89' lang='lat' dir='ltr'>Matthaei</span> <span class='ocrx_word' id='word_1_552' title='bbox 1457 323 1579 357; x_wconf 90' lang='lat' dir='ltr'>decimo</span> <span class='ocrx_word' id='word_1_553' title='bbox 1592 324 1604 344; x_wconf 83' lang='lat'><strong>⁶</strong></span> <span class='ocrx_word' id='word_1_554' title='bbox 1620 324 1751 358; x_wconf 88' lang='lat' dir='ltr'>dicitur:</span> <span class='ocrx_word' id='word_1_555' title='bbox 1775 339 1789 354; x_wconf 72' lang='grc' dir='ltr'>ιι</span> <span class='ocrx_word' id='word_1_556' title='bbox 1805 327 1869 359; x_wconf 89' lang='lat' dir='ltr'>Non</span> <span class='ocrx_word' id='word_1_557' title='bbox 1887 327 1956 359; x_wconf 91' lang='lat' dir='ltr'>veni</span> <span class='ocrx_word' id='word_1_558' title='bbox 1974 336 2082 369; x_wconf 88' lang='lat' dir='ltr'>pacem</span> <span class='ocrx_word' id='word_1_559' title='bbox 2098 328 2166 360; x_wconf 84' lang='lat' dir='ltr'>mit·</span> 
     </span>
    </p>
   </div>
   <div class='ocr_carea' id='block_1_12' title="bbox 1195 375 2165 2239">
    <p class='ocr_par' dir='ltr' id='par_1_17' title="bbox 1199 375 2165 1112">
     <span class='ocr_line' id='line_1_73' title="bbox 1202 375 2165 420; baseline 0.007 -14"><span class='ocrx_word' id='word_1_560' title='bbox 1202 377 1287 413; x_wconf 90' lang='lat' dir='ltr'>tere,</span> <span class='ocrx_word' id='word_1_561' title='bbox 1311 375 1366 407; x_wconf 90' lang='lat' dir='ltr'>sed</span> <span class='ocrx_word' id='word_1_562' title='bbox 1389 375 1536 417; x_wconf 85' lang='lat' dir='ltr'>gladium.</span> <span class='ocrx_word' id='word_1_563' title='bbox 1559 377 1635 409; x_wconf 91' lang='lat' dir='ltr'>Veni</span> <span class='ocrx_word' id='word_1_564' title='bbox 1659 386 1807 420; x_wconf 85' lang='lat' dir='ltr'>separare</span> <span class='ocrx_word' id='word_1_565' title='bbox 1832 380 1988 412; x_wconf 89' lang='lat' dir='ltr'>hominem</span> <span class='ocrx_word' id='word_1_566' title='bbox 2013 380 2165 413; x_wconf 83' lang='lat' dir='ltr'>adversus</span> 
     </span>
     <span class='ocr_line' id='line_1_74' title="bbox 1202 429 2165 469; baseline 0.007 -10"><span class='ocrx_word' id='word_1_567' title='bbox 1202 431 1323 469; x_wconf 90' lang='lat' dir='ltr'>patrem</span> <span class='ocrx_word' id='word_1_568' title='bbox 1342 440 1376 467; x_wconf 76' lang='lat'>¹³3</span> <span class='ocrx_word' id='word_1_569' title='bbox 1406 441 1421 456; x_wconf 73' lang='grc' dir='ltr'>«ι</span> <span class='ocrx_word' id='word_1_570' title='bbox 1444 433 1475 461; x_wconf 89' lang='grc'>61</span> <span class='ocrx_word' id='word_1_571' title='bbox 1499 429 1615 462; x_wconf 85' lang='grc'>1111111161</span> <span class='ocrx_word' id='word_1_572' title='bbox 1641 431 1776 464; x_wconf 87' lang='lat' dir='ltr'>hominis</span> <span class='ocrx_word' id='word_1_573' title='bbox 1800 431 1959 465; x_wconf 88' lang='lat' dir='ltr'>domestici</span> <span class='ocrx_word' id='word_1_574' title='bbox 1985 434 2054 466; x_wconf 84' lang='lat' dir='ltr'>cius</span> <span class='ocrx_word' id='word_1_575' title='bbox 2074 448 2103 465; x_wconf 74' lang='grc' dir='ltr'>ιι.</span> <span class='ocrx_word' id='word_1_576' title='bbox 2129 434 2165 466; x_wconf 88' lang='lat' dir='ltr'>Et</span> 
     </span>
     <span class='ocr_line' id='line_1_75' title="bbox 1202 479 2164 526; baseline 0.007 -14"><span class='ocrx_word' id='word_1_577' title='bbox 1202 479 1271 512; x_wconf 88' lang='lat' dir='ltr'>ideo</span> <span class='ocrx_word' id='word_1_578' title='bbox 1294 480 1410 513; x_wconf 89' lang='lat' dir='ltr'>dicitur</span> <span class='ocrx_word' id='word_1_579' title='bbox 1434 481 1465 514; x_wconf 91' lang='lat' dir='ltr'>in</span> <span class='ocrx_word' id='word_1_580' title='bbox 1490 491 1624 524; x_wconf 89' lang='lat' dir='ltr'>persona</span> <span class='ocrx_word' id='word_1_581' title='bbox 1647 483 1718 516; x_wconf 93' lang='lat' dir='ltr'>boni</span> <span class='ocrx_word' id='word_1_582' title='bbox 1752 484 1886 526; x_wconf 82' lang='lat' dir='ltr'>religiosi</span> <span class='ocrx_word' id='word_1_583' title='bbox 1913 486 2059 518; x_wconf 87' lang='lat' dir='ltr'>Ieremiae</span> <span class='ocrx_word' id='word_1_584' title='bbox 2087 486 2164 519; x_wconf 85' lang='lat' dir='ltr'>duo-</span> 
     </span>
     <span class='ocr_line' id='line_1_76' title="bbox 1201 533 2162 577; baseline 0.006 -11"><span class='ocrx_word' id='word_1_585' title='bbox 1201 533 1340 567; x_wconf 90' lang='lat' dir='ltr'>decimo:</span> <span class='ocrx_word' id='word_1_586' title='bbox 1370 547 1386 563; x_wconf 79' lang='lat'>«1</span> <span class='ocrx_word' id='word_1_587' title='bbox 1405 535 1524 577; x_wconf 85' lang='lat' dir='ltr'>Reliqui</span> <span class='ocrx_word' id='word_1_588' title='bbox 1541 535 1670 569; x_wconf 91' lang='lat' dir='ltr'>domum</span> <span class='ocrx_word' id='word_1_589' title='bbox 1696 546 1814 576; x_wconf 89' lang='lat' dir='ltr'>meam,</span> <span class='ocrx_word' id='word_1_590' title='bbox 1838 538 1939 571; x_wconf 88' lang='lat' dir='ltr'>dimisi</span> <span class='ocrx_word' id='word_1_591' title='bbox 1958 540 2162 572; x_wconf 86' lang='lat' dir='ltr'>hereditatem</span> 
     </span>
     <span class='ocr_line' id='line_1_77' title="bbox 1202 588 2164 632; baseline 0.005 -12"><span class='ocrx_word' id='word_1_592' title='bbox 1202 596 1304 621; x_wconf 91' lang='lat' dir='ltr'>meam</span> <span class='ocrx_word' id='word_1_593' title='bbox 1321 602 1352 620; x_wconf 74' lang='lat' dir='ltr'>n.</span> <span class='ocrx_word' id='word_1_594' title='bbox 1377 588 1443 621; x_wconf 93' lang='lat' dir='ltr'>Non</span> <span class='ocrx_word' id='word_1_595' title='bbox 1468 589 1537 621; x_wconf 93' lang='lat' dir='ltr'>talis</span> <span class='ocrx_word' id='word_1_596' title='bbox 1562 589 1636 628; x_wconf 88' lang='lat' dir='ltr'>iste,</span> <span class='ocrx_word' id='word_1_597' title='bbox 1661 590 1737 632; x_wconf 87' lang='lat' dir='ltr'>quia</span> <span class='ocrx_word' id='word_1_598' title='bbox 1752 591 1878 623; x_wconf 89' lang='lat' dir='ltr'>oculum</span> <span class='ocrx_word' id='word_1_599' title='bbox 1905 592 2039 624; x_wconf 87' lang='lat' dir='ltr'>habebat</span> <span class='ocrx_word' id='word_1_600' title='bbox 2055 592 2093 625; x_wconf 88' lang='lat' dir='ltr'>ad</span> <span class='ocrx_word' id='word_1_601' title='bbox 2110 593 2164 625; x_wconf 86' lang='lat' dir='ltr'>do-</span> 
     </span>
     <span class='ocr_line' id='line_1_78' title="bbox 1200 641 2165 686; baseline 0.006 -13"><span class='ocrx_word' id='word_1_602' title='bbox 1200 641 1356 674; x_wconf 90' lang='lat' dir='ltr'>mesticos.</span> <span class='ocrx_word' id='word_1_603' title='bbox 1381 642 1458 675; x_wconf 90' lang='lat' dir='ltr'>Huic</span> <span class='ocrx_word' id='word_1_604' title='bbox 1482 642 1600 676; x_wconf 89' lang='lat' dir='ltr'>similes</span> <span class='ocrx_word' id='word_1_605' title='bbox 1623 647 1697 676; x_wconf 90' lang='lat' dir='ltr'>sunt</span> <span class='ocrx_word' id='word_1_606' title='bbox 1714 644 1849 686; x_wconf 80' lang='lat' dir='ltr'>religiosi</span> <span class='ocrx_word' id='word_1_607' title='bbox 1874 645 1989 678; x_wconf 87' lang='lat' dir='ltr'>curiosi</span> <span class='ocrx_word' id='word_1_608' title='bbox 2015 646 2053 678; x_wconf 90' lang='lat' dir='ltr'>de</span> <span class='ocrx_word' id='word_1_609' title='bbox 2076 646 2165 679; x_wconf 85' lang='lat' dir='ltr'>sactis</span> 
     </span>
     <span class='ocr_line' id='line_1_79' title="bbox 1201 695 2163 739; baseline 0.005 -12"><span class='ocrx_word' id='word_1_610' title='bbox 1201 695 1524 737; x_wconf 81' lang='lat' dir='ltr'>consanguineorum;</span> <span class='ocrx_word' id='word_1_611' title='bbox 1542 700 1652 729; x_wconf 89' lang='lat' dir='ltr'>contra</span> <span class='ocrx_word' id='word_1_612' title='bbox 1675 697 1759 739; x_wconf 90' lang='lat' dir='ltr'>quod</span> <span class='ocrx_word' id='word_1_613' title='bbox 1776 698 1856 730; x_wconf 85' lang='lat' dir='ltr'>Beda</span> <span class='ocrx_word' id='word_1_614' title='bbox 1881 698 1910 730; x_wconf 91' lang='lat' dir='ltr'>in</span> <span class='ocrx_word' id='word_1_615' title='bbox 1928 698 2035 731; x_wconf 86' lang='lat' dir='ltr'>Glossa</span> <span class='ocrx_word' id='word_1_616' title='bbox 2047 699 2075 731; x_wconf 77' lang='lat'>⁰:</span> <span class='ocrx_word' id='word_1_617' title='bbox 2105 713 2120 728; x_wconf 75' lang='grc' dir='ltr'>α</span> <span class='ocrx_word' id='word_1_618' title='bbox 2135 700 2163 732; x_wconf 91' lang='lat' dir='ltr'>Si</span> 
     </span>
     <span class='ocr_line' id='line_1_80' title="bbox 1200 747 2165 794; baseline 0.006 -14"><span class='ocrx_word' id='word_1_619' title='bbox 1200 747 1375 789; x_wconf 89' lang='lat' dir='ltr'>discipulus</span> <span class='ocrx_word' id='word_1_620' title='bbox 1405 749 1574 782; x_wconf 90' lang='lat' dir='ltr'>Dominum</span> <span class='ocrx_word' id='word_1_621' title='bbox 1606 753 1775 783; x_wconf 88' lang='lat' dir='ltr'>secuturus</span> <span class='ocrx_word' id='word_1_622' title='bbox 1805 752 1967 793; x_wconf 84' lang='lat' dir='ltr'>arguitur,</span> <span class='ocrx_word' id='word_1_623' title='bbox 1999 753 2082 794; x_wconf 89' lang='lat' dir='ltr'>quod</span> <span class='ocrx_word' id='word_1_624' title='bbox 2111 753 2165 786; x_wconf 88' lang='lat' dir='ltr'>do-</span> 
     </span>
     <span class='ocr_line' id='line_1_81' title="bbox 1202 801 2165 847; baseline 0.006 -14"><span class='ocrx_word' id='word_1_625' title='bbox 1202 801 1267 833; x_wconf 92' lang='lat' dir='ltr'>mui</span> <span class='ocrx_word' id='word_1_626' title='bbox 1299 802 1482 835; x_wconf 88' lang='lat' dir='ltr'>renuntiare</span> <span class='ocrx_word' id='word_1_627' title='bbox 1511 803 1606 843; x_wconf 89' lang='lat' dir='ltr'>velit;</span> <span class='ocrx_word' id='word_1_628' title='bbox 1638 803 1714 845; x_wconf 91' lang='lat' dir='ltr'>quid</span> <span class='ocrx_word' id='word_1_629' title='bbox 1743 804 1797 837; x_wconf 85' lang='lat' dir='ltr'>fiet</span> <span class='ocrx_word' id='word_1_630' title='bbox 1828 804 1888 838; x_wconf 85' lang='lat' dir='ltr'>illis</span> <span class='ocrx_word' id='word_1_631' title='bbox 1914 806 1967 847; x_wconf 88' lang='lat' dir='ltr'>qui</span> <span class='ocrx_word' id='word_1_632' title='bbox 1994 807 2079 838; x_wconf 89' lang='lat' dir='ltr'>nulla</span> <span class='ocrx_word' id='word_1_633' title='bbox 2104 807 2165 839; x_wconf 91' lang='lat' dir='ltr'>uti-</span> 
     </span>
     <span class='ocr_line' id='line_1_82' title="bbox 1200 855 2164 901; baseline 0.006 -14"><span class='ocrx_word' id='word_1_634' title='bbox 1200 855 1286 888; x_wconf 90' lang='lat' dir='ltr'>litate</span> <span class='ocrx_word' id='word_1_635' title='bbox 1309 864 1401 898; x_wconf 89' lang='lat' dir='ltr'>saepe</span> <span class='ocrx_word' id='word_1_636' title='bbox 1426 856 1552 889; x_wconf 91' lang='lat' dir='ltr'>visitant</span> <span class='ocrx_word' id='word_1_637' title='bbox 1575 856 1702 897; x_wconf 87' lang='lat' dir='ltr'>domos,</span> <span class='ocrx_word' id='word_1_638' title='bbox 1726 867 1805 900; x_wconf 89' lang='lat' dir='ltr'>quas</span> <span class='ocrx_word' id='word_1_639' title='bbox 1829 859 2024 901; x_wconf 89' lang='lat' dir='ltr'>reliquerant</span> <span class='ocrx_word' id='word_1_640' title='bbox 2042 863 2079 892; x_wconf 65' lang='lat'>»2³</span> <span class='ocrx_word' id='word_1_641' title='bbox 2105 861 2164 893; x_wconf 87' lang='lat' dir='ltr'>Ta-</span> 
     </span>
     <span class='ocr_line' id='line_1_83' title="bbox 1200 908 2165 957; baseline 0.007 -17"><span class='ocrx_word' id='word_1_642' title='bbox 1200 908 1245 957; x_wconf 88' lang='lat' dir='ltr'>les</span> <span class='ocrx_word' id='word_1_643' title='bbox 1269 918 1331 941; x_wconf 93' lang='lat' dir='ltr'>non</span> <span class='ocrx_word' id='word_1_644' title='bbox 1355 909 1522 942; x_wconf 89' lang='lat' dir='ltr'>attendunt</span> <span class='ocrx_word' id='word_1_645' title='bbox 1545 910 1629 952; x_wconf 89' lang='lat' dir='ltr'>quod</span> <span class='ocrx_word' id='word_1_646' title='bbox 1653 910 1772 944; x_wconf 90' lang='lat' dir='ltr'>dictum</span> <span class='ocrx_word' id='word_1_647' title='bbox 1797 915 1844 944; x_wconf 89' lang='lat' dir='ltr'>est</span> <span class='ocrx_word' id='word_1_648' title='bbox 1868 912 2010 946; x_wconf 76' lang='lat' dir='ltr'>Abrahae</span> <span class='ocrx_word' id='word_1_649' title='bbox 2038 914 2165 947; x_wconf 87' lang='lat' dir='ltr'>Genesis</span> 
     </span>
     <span class='ocr_line' id='line_1_84' title="bbox 1199 961 2163 1010; baseline 0.007 -16"><span class='ocrx_word' id='word_1_650' title='bbox 1199 961 1428 995; x_wconf 86' lang='lat' dir='ltr'>duodecim0⁷:</span> <span class='ocrx_word' id='word_1_651' title='bbox 1457 976 1473 992; x_wconf 76' lang='grc' dir='ltr'>α</span> <span class='ocrx_word' id='word_1_652' title='bbox 1499 964 1654 1005; x_wconf 86' lang='lat' dir='ltr'>Egredere</span> <span class='ocrx_word' id='word_1_653' title='bbox 1685 964 1723 997; x_wconf 90' lang='lat' dir='ltr'>de</span> <span class='ocrx_word' id='word_1_654' title='bbox 1749 969 1835 998; x_wconf 89' lang='lat' dir='ltr'>terra</span> <span class='ocrx_word' id='word_1_655' title='bbox 1859 969 1913 998; x_wconf 88' lang='lat' dir='ltr'>tua</span> <span class='ocrx_word' id='word_1_656' title='bbox 1936 971 1966 999; x_wconf 91' lang='lat' dir='ltr'>et</span> <span class='ocrx_word' id='word_1_657' title='bbox 1990 967 2028 1000; x_wconf 89' lang='lat' dir='ltr'>de</span> <span class='ocrx_word' id='word_1_658' title='bbox 2052 977 2163 1010; x_wconf 82' lang='lat' dir='ltr'>cogna-</span> 
     </span>
     <span class='ocr_line' id='line_1_85' title="bbox 1200 1016 2162 1061; baseline 0.006 -13"><span class='ocrx_word' id='word_1_659' title='bbox 1200 1016 1283 1049; x_wconf 90' lang='lat' dir='ltr'>tione</span> <span class='ocrx_word' id='word_1_660' title='bbox 1307 1020 1362 1049; x_wconf 84' lang='lat' dir='ltr'>tua</span> <span class='ocrx_word' id='word_1_661' title='bbox 1385 1020 1416 1050; x_wconf 91' lang='lat' dir='ltr'>et</span> <span class='ocrx_word' id='word_1_662' title='bbox 1439 1017 1477 1050; x_wconf 91' lang='lat' dir='ltr'>de</span> <span class='ocrx_word' id='word_1_663' title='bbox 1500 1018 1593 1051; x_wconf 91' lang='lat' dir='ltr'>domo</span> <span class='ocrx_word' id='word_1_664' title='bbox 1617 1019 1715 1060; x_wconf 92' lang='lat' dir='ltr'>patris</span> <span class='ocrx_word' id='word_1_665' title='bbox 1740 1019 1784 1052; x_wconf 91' lang='lat' dir='ltr'>tui</span> <span class='ocrx_word' id='word_1_666' title='bbox 1818 1023 1849 1052; x_wconf 89' lang='lat' dir='ltr'>et</span> <span class='ocrx_word' id='word_1_667' title='bbox 1878 1021 1945 1053; x_wconf 89' lang='lat' dir='ltr'>veni</span> <span class='ocrx_word' id='word_1_668' title='bbox 1972 1021 2002 1053; x_wconf 92' lang='lat' dir='ltr'>in</span> <span class='ocrx_word' id='word_1_669' title='bbox 2029 1026 2162 1061; x_wconf 86' lang='lat' dir='ltr'>terram,</span> 
     </span>
     <span class='ocr_line' id='line_1_86' title="bbox 1199 1071 1665 1112; baseline 0.004 -10"><span class='ocrx_word' id='word_1_670' title='bbox 1199 1078 1295 1112; x_wconf 87' lang='lat' dir='ltr'>quam</span> <span class='ocrx_word' id='word_1_671' title='bbox 1320 1074 1538 1103; x_wconf 89' lang='lat' dir='ltr'>monstravero</span> <span class='ocrx_word' id='word_1_672' title='bbox 1562 1071 1616 1104; x_wconf 89' lang='lat' dir='ltr'>tibi</span> <span class='ocrx_word' id='word_1_673' title='bbox 1634 1085 1665 1104; x_wconf 90' lang='lat'>».</span> 
     </span>
    </p>

    <p class='ocr_par' dir='ltr' id='par_1_18' title="bbox 1195 1124 2163 2068">
     <span class='ocr_line' id='line_1_87' title="bbox 1291 1124 2163 1170; baseline 0.007 -14"><span class='ocrx_word' id='word_1_674' title='bbox 1291 1125 1364 1156; x_wconf 88' lang='grc'>110.</span> <span class='ocrx_word' id='word_1_675' title='bbox 1389 1124 1490 1166; x_wconf 87' lang='lat' dir='ltr'>(Vers.</span> <span class='ocrx_word' id='word_1_676' title='bbox 1510 1126 1586 1166; x_wconf 76' lang='grc'>62).</span> <span class='ocrx_word' id='word_1_677' title='bbox 1611 1126 1754 1159; x_wconf 89' lang='lat' dir='ltr'>Secundo</span> <span class='ocrx_word' id='word_1_678' title='bbox 1778 1136 1854 1160; x_wconf 90' lang='lat' dir='ltr'>vero</span> <span class='ocrx_word' id='word_1_679' title='bbox 1870 1132 2024 1170; x_wconf 87' lang='lat' dir='ltr'>quantum</span> <span class='ocrx_word' id='word_1_680' title='bbox 2050 1129 2088 1162; x_wconf 89' lang='lat' dir='ltr'>ad</span> <span class='ocrx_word' id='word_1_681' title='bbox 2112 1140 2163 1162; x_wconf 84' lang='lat' dir='ltr'>re-</span> 
     </span>
     <span class='ocr_line' id='line_1_88' title="bbox 1198 1177 2163 1223; baseline 0.008 -14"><span class='ocrx_word' id='word_1_682' title='bbox 1198 1177 1434 1221; x_wconf 62' lang='lat' dir='ltr'>dargutionem</span> <span class='ocrx_word' id='word_1_683' title='bbox 1449 1178 1641 1211; x_wconf 81' lang='lat' dir='ltr'>mobilitatis</span> <span class='ocrx_word' id='word_1_684' title='bbox 1661 1179 1817 1223; x_wconf 85' lang='lat' dir='ltr'>adiungit:</span> <span class='ocrx_word' id='word_1_685' title='bbox 1841 1181 1894 1213; x_wconf 83' lang='lat' dir='ltr'>Ait</span> <span class='ocrx_word' id='word_1_686' title='bbox 1908 1181 1920 1200; x_wconf 72' lang='lat'>⁸</span> <span class='ocrx_word' id='word_1_687' title='bbox 1937 1183 1984 1214; x_wconf 73' lang='lat' dir='ltr'>acl</span> <span class='ocrx_word' id='word_1_688' title='bbox 2007 1183 2101 1216; x_wconf 88' lang='lat' dir='ltr'>illum</span> <span class='ocrx_word' id='word_1_689' title='bbox 2118 1185 2163 1217; x_wconf 87' lang='lat' dir='ltr'>Je-</span> 
     </span>
     <span class='ocr_line' id='line_1_89' title="bbox 1197 1230 2160 1275; baseline 0.006 -12"><span class='ocrx_word' id='word_1_690' title='bbox 1197 1240 1273 1263; x_wconf 83' lang='lat' dir='ltr'>sus:</span> <span class='ocrx_word' id='word_1_691' title='bbox 1292 1230 1392 1264; x_wconf 86' lang='lat' dir='ltr'>Nemo</span> <span class='ocrx_word' id='word_1_692' title='bbox 1413 1232 1543 1264; x_wconf 73' lang='lat' dir='ltr'>mittens·</span> <span class='ocrx_word' id='word_1_693' title='bbox 1562 1242 1703 1265; x_wconf 77' lang='lat' dir='ltr'>manum</span> <span class='ocrx_word' id='word_1_694' title='bbox 1719 1243 1818 1266; x_wconf 80' lang='lat' dir='ltr'>suam</span> <span class='ocrx_word' id='word_1_695' title='bbox 1840 1235 1886 1267; x_wconf 85' lang='lat' dir='ltr'>ad</span> <span class='ocrx_word' id='word_1_696' title='bbox 1909 1239 2069 1268; x_wconf 78' lang='lat' dir='ltr'>aratrum</span> <span class='ocrx_word' id='word_1_697' title='bbox 2085 1241 2160 1275; x_wconf 75' lang='lat' dir='ltr'>etc,</span> 
     </span>
     <span class='ocr_line' id='line_1_90' title="bbox 1197 1284 2160 1329; baseline 0.005 -12"><span class='ocrx_word' id='word_1_698' title='bbox 1197 1284 1229 1317; x_wconf 89' lang='lat' dir='ltr'>id</span> <span class='ocrx_word' id='word_1_699' title='bbox 1252 1288 1300 1318; x_wconf 85' lang='lat' dir='ltr'>est</span> <span class='ocrx_word' id='word_1_700' title='bbox 1322 1285 1361 1317; x_wconf 86' lang='lat' dir='ltr'>ad</span> <span class='ocrx_word' id='word_1_701' title='bbox 1384 1285 1508 1318; x_wconf 88' lang='lat' dir='ltr'>divinae</span> <span class='ocrx_word' id='word_1_702' title='bbox 1532 1286 1731 1327; x_wconf 85' lang='lat' dir='ltr'>perfectionis</span> <span class='ocrx_word' id='word_1_703' title='bbox 1748 1290 1779 1320; x_wconf 91' lang='lat' dir='ltr'>et</span> <span class='ocrx_word' id='word_1_704' title='bbox 1803 1288 2044 1329; x_wconf 86' lang='lat' dir='ltr'>praedicationis</span> <span class='ocrx_word' id='word_1_705' title='bbox 2067 1299 2160 1322; x_wconf 82' lang='lat' dir='ltr'>exer-</span> 
     </span>
     <span class='ocr_line' id='line_1_91' title="bbox 1197 1338 2160 1385; baseline 0.006 -15"><span class='ocrx_word' id='word_1_706' title='bbox 1197 1338 1322 1377; x_wconf 89' lang='lat' dir='ltr'>citium,</span> <span class='ocrx_word' id='word_1_707' title='bbox 1347 1339 1431 1380; x_wconf 91' lang='lat' dir='ltr'>quod</span> <span class='ocrx_word' id='word_1_708' title='bbox 1453 1342 1618 1381; x_wconf 87' lang='lat' dir='ltr'>recte-per</span> <span class='ocrx_word' id='word_1_709' title='bbox 1642 1344 1802 1373; x_wconf 79' lang='lat' dir='ltr'>aratrum</span> <span class='ocrx_word' id='word_1_710' title='bbox 1825 1341 2007 1384; x_wconf 83' lang='lat' dir='ltr'>designatur</span> <span class='ocrx_word' id='word_1_711' title='bbox 2032 1346 2160 1385; x_wconf 88' lang='lat' dir='ltr'>propter</span> 
     </span>
     <span class='ocr_line' id='line_1_92' title="bbox 1197 1392 2161 1432; baseline 0.004 -8"><span class='ocrx_word' id='word_1_712' title='bbox 1197 1392 1355 1424; x_wconf 90' lang='lat' dir='ltr'>culturam</span> <span class='ocrx_word' id='word_1_713' title='bbox 1373 1395 1404 1425; x_wconf 90' lang='lat' dir='ltr'>et</span> <span class='ocrx_word' id='word_1_714' title='bbox 1420 1392 1577 1432; x_wconf 82' lang='lat' dir='ltr'>fructum,</span> <span class='ocrx_word' id='word_1_715' title='bbox 1595 1393 1686 1426; x_wconf 87' lang='lat' dir='ltr'>iuxta</span> <span class='ocrx_word' id='word_1_716' title='bbox 1702 1394 1779 1426; x_wconf 91' lang='lat' dir='ltr'>illud</span> <span class='ocrx_word' id='word_1_717' title='bbox 1796 1394 1875 1427; x_wconf 90' lang='lat' dir='ltr'>Osee</span> <span class='ocrx_word' id='word_1_718' title='bbox 1891 1395 2032 1428; x_wconf 88' lang='lat' dir='ltr'>decimo:</span> <span class='ocrx_word' id='word_1_719' title='bbox 2056 1409 2071 1424; x_wconf 77' lang='grc' dir='ltr'><em>α</em></span> <span class='ocrx_word' id='word_1_720' title='bbox 2087 1397 2161 1429; x_wconf 80' lang='lat' dir='ltr'>Ara-</span> 
     </span>
     <span class='ocr_line' id='line_1_93' title="bbox 1196 1445 2160 1489; baseline 0.003 -11"><span class='ocrx_word' id='word_1_721' title='bbox 1196 1445 1243 1478; x_wconf 91' lang='lat' dir='ltr'>bit</span> <span class='ocrx_word' id='word_1_722' title='bbox 1266 1445 1371 1485; x_wconf 88' lang='lat' dir='ltr'>ludas,</span> <span class='ocrx_word' id='word_1_723' title='bbox 1396 1449 1427 1478; x_wconf 93' lang='lat' dir='ltr'>et</span> <span class='ocrx_word' id='word_1_724' title='bbox 1458 1446 1632 1489; x_wconf 84' lang='lat' dir='ltr'>confringet</span> <span class='ocrx_word' id='word_1_725' title='bbox 1655 1447 1713 1480; x_wconf 91' lang='lat' dir='ltr'>sihi</span> <span class='ocrx_word' id='word_1_726' title='bbox 1738 1448 1843 1481; x_wconf 90' lang='lat' dir='ltr'>sulcos</span> <span class='ocrx_word' id='word_1_727' title='bbox 1874 1448 1963 1481; x_wconf 88' lang='lat' dir='ltr'>Iacob</span> <span class='ocrx_word' id='word_1_728' title='bbox 1979 1462 2009 1480; x_wconf 69' lang='grc' dir='ltr'>ι).</span> <span class='ocrx_word' id='word_1_729' title='bbox 2035 1467 2078 1472; x_wconf 89' lang='grc'>-</span> <span class='ocrx_word' id='word_1_730' title='bbox 2103 1449 2160 1482; x_wconf 84' lang='lat' dir='ltr'>Ne-</span> 
     </span>
     <span class='ocr_line' id='line_1_94' title="bbox 1196 1499 2159 1544; baseline 0.005 -13"><span class='ocrx_word' id='word_1_731' title='bbox 1196 1509 1266 1539; x_wconf 87' lang='lat' dir='ltr'>mo,</span> <span class='ocrx_word' id='word_1_732' title='bbox 1291 1499 1435 1542; x_wconf 90' lang='lat' dir='ltr'>inquam,</span> <span class='ocrx_word' id='word_1_733' title='bbox 1463 1500 1532 1533; x_wconf 88' lang='lat' dir='ltr'>talis</span> <span class='ocrx_word' id='word_1_734' title='bbox 1555 1501 1710 1540; x_wconf 87' lang='lat' dir='ltr'>existens,</span> <span class='ocrx_word' id='word_1_735' title='bbox 1727 1505 1757 1534; x_wconf 88' lang='lat' dir='ltr'>et</span> <span class='ocrx_word' id='word_1_736' title='bbox 1780 1502 1970 1544; x_wconf 74' lang='lat' dir='ltr'>aspicieas⁹</span> <span class='ocrx_word' id='word_1_737' title='bbox 1995 1507 2101 1542; x_wconf 82' lang='lat' dir='ltr'>retro,</span> <span class='ocrx_word' id='word_1_738' title='bbox 2129 1503 2159 1536; x_wconf 92' lang='lat' dir='ltr'>id</span> 
     </span>
     <span class='ocr_line' id='line_1_95' title="bbox 1197 1553 2159 1597; baseline 0.004 -12"><span class='ocrx_word' id='word_1_739' title='bbox 1197 1555 1245 1586; x_wconf 84' lang='lat' dir='ltr'>est</span> <span class='ocrx_word' id='word_1_740' title='bbox 1267 1553 1306 1585; x_wconf 88' lang='lat' dir='ltr'>ad</span> <span class='ocrx_word' id='word_1_741' title='bbox 1329 1553 1500 1592; x_wconf 88' lang='lat' dir='ltr'>mundum,</span> <span class='ocrx_word' id='word_1_742' title='bbox 1525 1557 1625 1596; x_wconf 84' lang='lat' dir='ltr'>aptus</span> <span class='ocrx_word' id='word_1_743' title='bbox 1641 1558 1687 1586; x_wconf 86' lang='lat' dir='ltr'>est</span> <span class='ocrx_word' id='word_1_744' title='bbox 1711 1564 1812 1597; x_wconf 75' lang='lat' dir='ltr'>reyno</span> <span class='ocrx_word' id='word_1_745' title='bbox 1839 1555 1912 1594; x_wconf 87' lang='lat' dir='ltr'>Dei,</span> <span class='ocrx_word' id='word_1_746' title='bbox 1936 1555 1966 1588; x_wconf 92' lang='lat' dir='ltr'>id</span> <span class='ocrx_word' id='word_1_747' title='bbox 1983 1559 2031 1588; x_wconf 86' lang='lat' dir='ltr'>est</span> <span class='ocrx_word' id='word_1_748' title='bbox 2053 1556 2092 1589; x_wconf 89' lang='lat' dir='ltr'>ad</span> <span class='ocrx_word' id='word_1_749' title='bbox 2110 1565 2159 1589; x_wconf 90' lang='grc'>16-</span> 
     </span>
     <span class='ocr_line' id='line_1_96' title="bbox 1196 1606 2160 1650; baseline 0.005 -12"><span class='ocrx_word' id='word_1_750' title='bbox 1196 1616 1293 1649; x_wconf 84' lang='lat' dir='ltr'>gnum</span> <span class='ocrx_word' id='word_1_751' title='bbox 1318 1606 1371 1639; x_wconf 90' lang='lat' dir='ltr'>Dei</span> <span class='ocrx_word' id='word_1_752' title='bbox 1390 1607 1627 1648; x_wconf 89' lang='lat' dir='ltr'>possidendum;</span> <span class='ocrx_word' id='word_1_753' title='bbox 1645 1608 1733 1650; x_wconf 91' lang='lat' dir='ltr'>quia,</span> <span class='ocrx_word' id='word_1_754' title='bbox 1759 1609 1933 1641; x_wconf 84' lang='lat' dir='ltr'>secundum</span> <span class='ocrx_word' id='word_1_755' title='bbox 1951 1609 2027 1642; x_wconf 91' lang='lat' dir='ltr'>illud</span> <span class='ocrx_word' id='word_1_756' title='bbox 2048 1619 2160 1643; x_wconf 87' lang='lat' dir='ltr'>secun-</span> 
     </span>
     <span class='ocr_line' id='line_1_97' title="bbox 1195 1660 2159 1701; baseline 0.004 -9"><span class='ocrx_word' id='word_1_757' title='bbox 1195 1660 1253 1693; x_wconf 89' lang='lat' dir='ltr'>dae</span> <span class='ocrx_word' id='word_1_758' title='bbox 1284 1660 1322 1693; x_wconf 86' lang='lat' dir='ltr'>ad</span> <span class='ocrx_word' id='word_1_759' title='bbox 1355 1660 1557 1693; x_wconf 90' lang='lat' dir='ltr'>Timotheum</span> <span class='ocrx_word' id='word_1_760' title='bbox 1588 1661 1740 1701; x_wconf 88' lang='lat' dir='ltr'>secundo,</span> <span class='ocrx_word' id='word_1_761' title='bbox 1771 1671 1895 1695; x_wconf 82' lang='lat' dir='ltr'>«nemo</span> <span class='ocrx_word' id='word_1_762' title='bbox 1927 1663 2064 1696; x_wconf 87' lang='lat' dir='ltr'>militans</span> <span class='ocrx_word' id='word_1_763' title='bbox 2096 1663 2159 1696; x_wconf 90' lang='lat' dir='ltr'>Deo</span> 
     </span>
     <span class='ocr_line' id='line_1_98' title="bbox 1196 1713 2158 1758; baseline 0.003 -12"><span class='ocrx_word' id='word_1_764' title='bbox 1196 1713 1335 1755; x_wconf 88' lang='lat' dir='ltr'>implicat</span> <span class='ocrx_word' id='word_1_765' title='bbox 1358 1722 1390 1746; x_wconf 88' lang='lat' dir='ltr'>se</span> <span class='ocrx_word' id='word_1_766' title='bbox 1415 1714 1547 1756; x_wconf 88' lang='lat' dir='ltr'>negotiis</span> <span class='ocrx_word' id='word_1_767' title='bbox 1571 1715 1804 1754; x_wconf 87' lang='lat' dir='ltr'>saecularibus,</span> <span class='ocrx_word' id='word_1_768' title='bbox 1830 1719 1866 1748; x_wconf 90' lang='lat' dir='ltr'>ut</span> <span class='ocrx_word' id='word_1_769' title='bbox 1893 1716 1921 1749; x_wconf 91' lang='lat' dir='ltr'>ei</span> <span class='ocrx_word' id='word_1_770' title='bbox 1946 1717 2083 1758; x_wconf 88' lang='lat' dir='ltr'>placeat,</span> <span class='ocrx_word' id='word_1_771' title='bbox 2108 1717 2158 1749; x_wconf 87' lang='lat' dir='ltr'>cui</span> 
     </span>
     <span class='ocr_line' id='line_1_99' title="bbox 1196 1767 2160 1812; baseline 0.003 -12"><span class='ocrx_word' id='word_1_772' title='bbox 1196 1776 1229 1800; x_wconf 89' lang='lat' dir='ltr'>se</span> <span class='ocrx_word' id='word_1_773' title='bbox 1253 1767 1399 1809; x_wconf 89' lang='lat' dir='ltr'>probavit</span> <span class='ocrx_word' id='word_1_774' title='bbox 1417 1781 1448 1800; x_wconf 86' lang='lat'>».</span> <span class='ocrx_word' id='word_1_775' title='bbox 1467 1786 1511 1791; x_wconf 88' lang='lat'>—-</span> <span class='ocrx_word' id='word_1_776' title='bbox 1526 1767 1624 1801; x_wconf 90' lang='lat' dir='ltr'>Cuius</span> <span class='ocrx_word' id='word_1_777' title='bbox 1641 1768 1684 1801; x_wconf 92' lang='lat' dir='ltr'>rei</span> <span class='ocrx_word' id='word_1_778' title='bbox 1703 1768 1806 1811; x_wconf 85' lang='lat' dir='ltr'>figura</span> <span class='ocrx_word' id='word_1_779' title='bbox 1821 1770 1992 1812; x_wconf 86' lang='lat' dir='ltr'>praecessit</span> <span class='ocrx_word' id='word_1_780' title='bbox 2008 1771 2039 1803; x_wconf 91' lang='lat' dir='ltr'>in</span> <span class='ocrx_word' id='word_1_781' title='bbox 2057 1780 2160 1803; x_wconf 85' lang='lat' dir='ltr'>uxore</span> 
     </span>
     <span class='ocr_line' id='line_1_100' title="bbox 1196 1821 2160 1863; baseline 0.003 -10"><span class='ocrx_word' id='word_1_782' title='bbox 1196 1821 1269 1860; x_wconf 91' lang='lat' dir='ltr'>Lot,</span> <span class='ocrx_word' id='word_1_783' title='bbox 1293 1830 1375 1863; x_wconf 86' lang='lat' dir='ltr'>quae</span> <span class='ocrx_word' id='word_1_784' title='bbox 1389 1821 1426 1860; x_wconf 86' lang='lat'>1⁰,</span> <span class='ocrx_word' id='word_1_785' title='bbox 1456 1834 1471 1849; x_wconf 76' lang='grc' dir='ltr'>α</span> <span class='ocrx_word' id='word_1_786' title='bbox 1488 1822 1659 1863; x_wconf 89' lang='lat' dir='ltr'>respiciens</span> <span class='ocrx_word' id='word_1_787' title='bbox 1683 1825 1752 1863; x_wconf 86' lang='lat' dir='ltr'>post</span> <span class='ocrx_word' id='word_1_788' title='bbox 1776 1831 1827 1862; x_wconf 83' lang='lat' dir='ltr'>se,</span> <span class='ocrx_word' id='word_1_789' title='bbox 1853 1831 1943 1856; x_wconf 85' lang='lat' dir='ltr'>versa</span> <span class='ocrx_word' id='word_1_790' title='bbox 1971 1827 2019 1856; x_wconf 87' lang='lat' dir='ltr'>est</span> <span class='ocrx_word' id='word_1_791' title='bbox 2043 1824 2073 1856; x_wconf 92' lang='lat' dir='ltr'>in</span> <span class='ocrx_word' id='word_1_792' title='bbox 2098 1828 2160 1856; x_wconf 86' lang='lat' dir='ltr'>sta-</span> 
     </span>
     <span class='ocr_line' id='line_1_101' title="bbox 1195 1874 2160 1916; baseline 0.003 -9"><span class='ocrx_word' id='word_1_793' title='bbox 1195 1878 1282 1907; x_wconf 90' lang='lat' dir='ltr'>tuam</span> <span class='ocrx_word' id='word_1_794' title='bbox 1306 1874 1380 1907; x_wconf 88' lang='lat' dir='ltr'>salis</span> <span class='ocrx_word' id='word_1_795' title='bbox 1392 1887 1426 1913; x_wconf 89' lang='lat'>»;</span> <span class='ocrx_word' id='word_1_796' title='bbox 1452 1875 1526 1916; x_wconf 88' lang='lat' dir='ltr'>quia</span> <span class='ocrx_word' id='word_1_797' title='bbox 1551 1875 1620 1907; x_wconf 87' lang='lat' dir='ltr'>talis</span> <span class='ocrx_word' id='word_1_798' title='bbox 1638 1875 1732 1908; x_wconf 90' lang='lat' dir='ltr'>homo</span> <span class='ocrx_word' id='word_1_799' title='bbox 1755 1875 1892 1908; x_wconf 86' lang='lat' dir='ltr'>efficitur</span> <span class='ocrx_word' id='word_1_800' title='bbox 1910 1877 2029 1909; x_wconf 89' lang='lat' dir='ltr'>inutilis</span> <span class='ocrx_word' id='word_1_801' title='bbox 2052 1881 2083 1910; x_wconf 91' lang='lat' dir='ltr'>et</span> <span class='ocrx_word' id='word_1_802' title='bbox 2099 1880 2160 1910; x_wconf 87' lang='lat' dir='ltr'>ste-</span> 
     </span>
     <span class='ocr_line' id='line_1_102' title="bbox 1195 1927 2158 1972; baseline 0.003 -12"><span class='ocrx_word' id='word_1_803' title='bbox 1195 1928 1272 1960; x_wconf 92' lang='lat' dir='ltr'>rilis.</span> <span class='ocrx_word' id='word_1_804' title='bbox 1306 1927 1341 1960; x_wconf 92' lang='lat' dir='ltr'>Et</span> <span class='ocrx_word' id='word_1_805' title='bbox 1372 1928 1442 1961; x_wconf 90' lang='lat' dir='ltr'>ideo</span> <span class='ocrx_word' id='word_1_806' title='bbox 1472 1927 1589 1960; x_wconf 89' lang='lat' dir='ltr'>dicitur</span> <span class='ocrx_word' id='word_1_807' title='bbox 1620 1928 1702 1960; x_wconf 84' lang='lat' dir='ltr'>infra</span> <span class='ocrx_word' id='word_1_808' title='bbox 1732 1928 1854 1961; x_wconf 87' lang='lat' dir='ltr'>decimo</span> <span class='ocrx_word' id='word_1_809' title='bbox 1886 1929 2036 1972; x_wconf 87' lang='lat' dir='ltr'>septimo:</span> <span class='ocrx_word' id='word_1_810' title='bbox 2066 1943 2082 1958; x_wconf 71' lang='grc' dir='ltr'><strong>α</strong></span> <span class='ocrx_word' id='word_1_811' title='bbox 2100 1931 2158 1972; x_wconf 90' lang='lat' dir='ltr'>Qui</span> 
     </span>
     <span class='ocr_line' id='line_1_103' title="bbox 1195 1981 2160 2024; baseline 0.002 -10"><span class='ocrx_word' id='word_1_812' title='bbox 1195 1982 1292 2015; x_wconf 82' lang='lat' dir='ltr'>suerit</span> <span class='ocrx_word' id='word_1_813' title='bbox 1311 1982 1344 2014; x_wconf 93' lang='lat' dir='ltr'>in</span> <span class='ocrx_word' id='word_1_814' title='bbox 1363 1990 1439 2024; x_wconf 82' lang='lat' dir='ltr'>agro</span> <span class='ocrx_word' id='word_1_815' title='bbox 1464 1990 1526 2014; x_wconf 89' lang='lat' dir='ltr'>uon</span> <span class='ocrx_word' id='word_1_816' title='bbox 1551 1981 1658 2015; x_wconf 90' lang='lat' dir='ltr'>redeat</span> <span class='ocrx_word' id='word_1_817' title='bbox 1679 1985 1774 2015; x_wconf 87' lang='lat' dir='ltr'>retro.</span> <span class='ocrx_word' id='word_1_818' title='bbox 1797 1983 1949 2016; x_wconf 89' lang='lat' dir='ltr'>Memores</span> <span class='ocrx_word' id='word_1_819' title='bbox 1965 1986 2065 2016; x_wconf 90' lang='lat' dir='ltr'>estote</span> <span class='ocrx_word' id='word_1_820' title='bbox 2081 1993 2160 2016; x_wconf 83' lang='lat' dir='ltr'>uxo-</span> 
     </span>
     <span class='ocr_line' id='line_1_104' title="bbox 1195 2035 1366 2068; baseline -0.006 0"><span class='ocrx_word' id='word_1_821' title='bbox 1195 2035 1240 2068; x_wconf 89' lang='lat' dir='ltr'>ris</span> <span class='ocrx_word' id='word_1_822' title='bbox 1264 2035 1319 2068; x_wconf 86' lang='lat' dir='ltr'>Lot</span> <span class='ocrx_word' id='word_1_823' title='bbox 1336 2049 1366 2067; x_wconf 72' lang='lat' dir='ltr'>n.</span> 
     </span>
    </p>

    <p class='ocr_par' dir='ltr' id='par_1_19' title="bbox 1196 2088 2158 2239">
     <span class='ocr_line' id='line_1_105' title="bbox 1288 2088 2158 2132; baseline 0.001 -11"><span class='ocrx_word' id='word_1_824' title='bbox 1288 2090 1361 2122; x_wconf 87' lang='lat'>111.</span> <span class='ocrx_word' id='word_1_825' title='bbox 1385 2088 1467 2121; x_wconf 89' lang='lat' dir='ltr'>Talis</span> <span class='ocrx_word' id='word_1_826' title='bbox 1491 2089 1586 2121; x_wconf 90' lang='lat' dir='ltr'>homo</span> <span class='ocrx_word' id='word_1_827' title='bbox 1609 2098 1671 2121; x_wconf 92' lang='lat' dir='ltr'>non</span> <span class='ocrx_word' id='word_1_828' title='bbox 1696 2092 1743 2122; x_wconf 90' lang='lat' dir='ltr'>est</span> <span class='ocrx_word' id='word_1_829' title='bbox 1766 2092 1859 2131; x_wconf 89' lang='lat' dir='ltr'>aptus</span> <span class='ocrx_word' id='word_1_830' title='bbox 1882 2089 1920 2122; x_wconf 90' lang='lat' dir='ltr'>ad</span> <span class='ocrx_word' id='word_1_831' title='bbox 1938 2099 2086 2132; x_wconf 86' lang='lat' dir='ltr'>regnum,</span> <span class='ocrx_word' id='word_1_832' title='bbox 2104 2090 2158 2122; x_wconf 89' lang='lat' dir='ltr'>sed</span> 
     </span>
     <span class='ocr_line' id='line_1_106' title="bbox 1196 2142 2158 2186; baseline 0 -10"><span class='ocrx_word' id='word_1_833' title='bbox 1196 2143 1301 2186; x_wconf 89' lang='lat' dir='ltr'>potius</span> <span class='ocrx_word' id='word_1_834' title='bbox 1332 2142 1378 2175; x_wconf 81' lang='lat' dir='ltr'>ad</span> <span class='ocrx_word' id='word_1_835' title='bbox 1408 2142 1646 2185; x_wconf 80' lang='lat' dir='ltr'>opprobrium,-</span> <span class='ocrx_word' id='word_1_836' title='bbox 1681 2142 1764 2176; x_wconf 87' lang='lat' dir='ltr'>unde</span> <span class='ocrx_word' id='word_1_837' title='bbox 1801 2143 1956 2176; x_wconf 86' lang='lat' dir='ltr'>secundae</span> <span class='ocrx_word' id='word_1_838' title='bbox 1992 2143 2073 2176; x_wconf 88' lang='lat' dir='ltr'>Petri</span> <span class='ocrx_word' id='word_1_839' title='bbox 2110 2152 2158 2176; x_wconf 88' lang='lat' dir='ltr'>se-</span> 
     </span>
     <span class='ocr_line' id='line_1_107' title="bbox 1196 2195 2156 2239; baseline 0.001 -10"><span class='ocrx_word' id='word_1_840' title='bbox 1196 2196 1300 2230; x_wconf 90' lang='lat' dir='ltr'>cundo</span> <span class='ocrx_word' id='word_1_841' title='bbox 1318 2197 1361 2228; x_wconf 90' lang='lat'>¹¹:</span> <span class='ocrx_word' id='word_1_842' title='bbox 1391 2209 1406 2224; x_wconf 70' lang='grc' dir='ltr'><em>α</em></span> <span class='ocrx_word' id='word_1_843' title='bbox 1423 2195 1533 2229; x_wconf 90' lang='lat' dir='ltr'>Melius</span> <span class='ocrx_word' id='word_1_844' title='bbox 1549 2200 1597 2229; x_wconf 91' lang='lat' dir='ltr'>est</span> <span class='ocrx_word' id='word_1_845' title='bbox 1612 2196 1695 2228; x_wconf 89' lang='lat' dir='ltr'>viam</span> <span class='ocrx_word' id='word_1_846' title='bbox 1718 2196 1859 2230; x_wconf 88' lang='lat' dir='ltr'>veritatis</span> <span class='ocrx_word' id='word_1_847' title='bbox 1875 2206 1937 2230; x_wconf 91' lang='lat' dir='ltr'>non</span> <span class='ocrx_word' id='word_1_848' title='bbox 1954 2206 2156 2239; x_wconf 76' lang='lat' dir='ltr'>cognoscere,</span> 
     </span>
    </p>
   </div>
   <div class='ocr_carea' id='block_1_13' title="bbox 1192 2385 2158 2687">
    <p class='ocr_par' dir='ltr' id='par_1_20' title="bbox 1192 2385 2158 2638">
     <span class='ocr_line' id='line_1_108' title="bbox 1264 2385 2157 2421; baseline 0.002 -9"><span class='ocrx_word' id='word_1_849' title='bbox 1264 2385 1275 2400; x_wconf 81' lang='lat'>⁶</span> <span class='ocrx_word' id='word_1_850' title='bbox 1296 2387 1370 2412; x_wconf 87' lang='lat' dir='ltr'>Vers.</span> <span class='ocrx_word' id='word_1_851' title='bbox 1390 2387 1479 2412; x_wconf 78' lang='lat'>34-36.</span> <span class='ocrx_word' id='word_1_852' title='bbox 1501 2387 1549 2412; x_wconf 84' lang='lat' dir='ltr'>Pro</span> <span class='ocrx_word' id='word_1_853' title='bbox 1573 2386 1638 2413; x_wconf 79' lang='lat' dir='ltr'>Veni</span> <span class='ocrx_word' id='word_1_854' title='bbox 1654 2393 1784 2420; x_wconf 81' lang='lat' dir='ltr'>separare</span> <span class='ocrx_word' id='word_1_855' title='bbox 1804 2386 1938 2413; x_wconf 82' lang='lat' dir='ltr'>homiuem</span> <span class='ocrx_word' id='word_1_856' title='bbox 1962 2387 2094 2414; x_wconf 75' lang='lat' dir='ltr'>aduersus</span> <span class='ocrx_word' id='word_1_857' title='bbox 2109 2395 2157 2421; x_wconf 86' lang='lat' dir='ltr'>pa·</span> 
     </span>
     <span class='ocr_line' id='line_1_109' title="bbox 1193 2430 2156 2466; baseline 0.001 -8"><span class='ocrx_word' id='word_1_858' title='bbox 1193 2433 1261 2458; x_wconf 84' lang='lat' dir='ltr'>trem</span> <span class='ocrx_word' id='word_1_859' title='bbox 1286 2431 1397 2458; x_wconf 86' lang='lat' dir='ltr'>ACEG</span> <span class='ocrx_word' id='word_1_860' title='bbox 1425 2430 1467 2457; x_wconf 88' lang='lat' dir='ltr'>vel</span> <span class='ocrx_word' id='word_1_861' title='bbox 1486 2430 1519 2464; x_wconf 88' lang='lat' dir='ltr'>[E</span> <span class='ocrx_word' id='word_1_862' title='bbox 1544 2430 1652 2465; x_wconf 84' lang='lat' dir='ltr'>scilicet]</span> <span class='ocrx_word' id='word_1_863' title='bbox 1672 2431 1873 2465; x_wconf 81' lang='lat' dir='ltr'>separationem</span> <span class='ocrx_word' id='word_1_864' title='bbox 1892 2431 2023 2459; x_wconf 73' lang='lat' dir='ltr'>adversus</span> <span class='ocrx_word' id='word_1_865' title='bbox 2040 2434 2156 2466; x_wconf 69' lang='lat' dir='ltr'>patrm.</span> 
     </span>
     <span class='ocr_line' id='line_1_110' title="bbox 1194 2475 2158 2509; baseline 0.002 -8"><span class='ocrx_word' id='word_1_866' title='bbox 1194 2491 1226 2495; x_wconf 97' lang='lat'><strong>—</strong></span> <span class='ocrx_word' id='word_1_867' title='bbox 1246 2476 1370 2509; x_wconf 85' lang='lat' dir='ltr'>Sequitur</span> <span class='ocrx_word' id='word_1_868' title='bbox 1395 2477 1441 2502; x_wconf 90' lang='lat' dir='ltr'>ler.</span> <span class='ocrx_word' id='word_1_869' title='bbox 1462 2476 1510 2507; x_wconf 84' lang='grc'>12,</span> <span class='ocrx_word' id='word_1_870' title='bbox 1529 2475 1555 2501; x_wconf 89' lang='grc'>7.</span> <span class='ocrx_word' id='word_1_871' title='bbox 1577 2489 1613 2495; x_wconf 91' lang='lat'>-—</span> <span class='ocrx_word' id='word_1_872' title='bbox 1632 2476 1759 2508; x_wconf 86' lang='lat' dir='ltr'>Superius</span> <span class='ocrx_word' id='word_1_873' title='bbox 1783 2476 1896 2502; x_wconf 89' lang='lat' dir='ltr'>vocibus</span> <span class='ocrx_word' id='word_1_874' title='bbox 1921 2476 2051 2503; x_wconf 74' lang='lat' dir='ltr'>Gamales</span> <span class='ocrx_word' id='word_1_875' title='bbox 2076 2477 2158 2504; x_wconf 82' lang='lat' dir='ltr'>amici</span> 
     </span>
     <span class='ocr_line' id='line_1_111' title="bbox 1194 2520 2155 2556; baseline 0.001 -9"><span class='ocrx_word' id='word_1_876' title='bbox 1194 2522 1250 2547; x_wconf 87' lang='lat' dir='ltr'>Vat.</span> <span class='ocrx_word' id='word_1_877' title='bbox 1269 2521 1391 2553; x_wconf 80' lang='lat' dir='ltr'>praefigit</span> <span class='ocrx_word' id='word_1_878' title='bbox 1410 2520 1470 2547; x_wconf 83' lang='lat' dir='ltr'>Ideo</span> <span class='ocrx_word' id='word_1_879' title='bbox 1496 2520 1538 2547; x_wconf 80' lang='lat' dir='ltr'>hic</span> <span class='ocrx_word' id='word_1_880' title='bbox 1556 2522 1596 2547; x_wconf 87' lang='lat' dir='ltr'>est</span> <span class='ocrx_word' id='word_1_881' title='bbox 1612 2520 1772 2554; x_wconf 82' lang='lat' dir='ltr'>parentibus</span> <span class='ocrx_word' id='word_1_882' title='bbox 1791 2521 2021 2554; x_wconf 69' lang='lat' dir='ltr'>renuntiandum,</span> <span class='ocrx_word' id='word_1_883' title='bbox 2042 2522 2114 2556; x_wconf 80' lang='lat' dir='ltr'>quia,</span> <span class='ocrx_word' id='word_1_884' title='bbox 2129 2527 2155 2548; x_wconf 89' lang='lat' dir='ltr'>et</span> 
     </span>
     <span class='ocr_line' id='line_1_112' title="bbox 1192 2565 2156 2600; baseline 0.001 -8"><span class='ocrx_word' id='word_1_885' title='bbox 1192 2566 1305 2593; x_wconf 87' lang='lat' dir='ltr'>subinde</span> <span class='ocrx_word' id='word_1_886' title='bbox 1324 2569 1383 2599; x_wconf 87' lang='lat' dir='ltr'>post</span> <span class='ocrx_word' id='word_1_887' title='bbox 1401 2568 1425 2593; x_wconf 78' lang='lat' dir='ltr'>et</span> <span class='ocrx_word' id='word_1_888' title='bbox 1445 2565 1502 2593; x_wconf 81' lang='lat' dir='ltr'>ideo</span> <span class='ocrx_word' id='word_1_889' title='bbox 1521 2566 1692 2599; x_wconf 88' lang='lat' dir='ltr'>prosequitur</span> <span class='ocrx_word' id='word_1_890' title='bbox 1712 2572 1777 2593; x_wconf 83' lang='lat' dir='ltr'>caro</span> <span class='ocrx_word' id='word_1_891' title='bbox 1790 2567 1815 2593; x_wconf 87' lang='lat' dir='ltr'>el</span> <span class='ocrx_word' id='word_1_892' title='bbox 1832 2566 1946 2600; x_wconf 69' lang='lat' dir='ltr'>sarz-quis</span> <span class='ocrx_word' id='word_1_893' title='bbox 1966 2568 2098 2600; x_wconf 77' lang='lat' dir='ltr'>tanquam</span> <span class='ocrx_word' id='word_1_894' title='bbox 2112 2566 2156 2593; x_wconf 80' lang='lat' dir='ltr'>ad-</span> 
     </span>
     <span class='ocr_line' id='line_1_113' title="bbox 1192 2609 1648 2638; baseline -0.004 0"><span class='ocrx_word' id='word_1_895' title='bbox 1192 2611 1310 2638; x_wconf 80' lang='lat' dir='ltr'>versarii</span> <span class='ocrx_word' id='word_1_896' title='bbox 1326 2618 1382 2637; x_wconf 76' lang='lat' dir='ltr'>non</span> <span class='ocrx_word' id='word_1_897' title='bbox 1399 2612 1464 2638; x_wconf 81' lang='lat' dir='ltr'>sunl</span> <span class='ocrx_word' id='word_1_898' title='bbox 1482 2609 1648 2637; x_wconf 82' lang='lat' dir='ltr'>admittendi.</span> 
     </span>
    </p>

    <p class='ocr_par' dir='ltr' id='par_1_21' title="bbox 1265 2654 2156 2687">
     <span class='ocr_line' id='line_1_114' title="bbox 1265 2654 2156 2687; baseline 0 -5"><span class='ocrx_word' id='word_1_899' title='bbox 1265 2654 1276 2670; x_wconf 80' lang='lat'>⁸</span> <span class='ocrx_word' id='word_1_900' title='bbox 1295 2656 1397 2682; x_wconf 86' lang='lat' dir='ltr'>Scilicet</span> <span class='ocrx_word' id='word_1_901' title='bbox 1415 2654 1572 2687; x_wconf 80' lang='lat' dir='ltr'>ordinaria,</span> <span class='ocrx_word' id='word_1_902' title='bbox 1594 2655 1618 2680; x_wconf 90' lang='lat' dir='ltr'>in</span> <span class='ocrx_word' id='word_1_903' title='bbox 1638 2654 1713 2680; x_wconf 88' lang='lat' dir='ltr'>cuius</span> <span class='ocrx_word' id='word_1_904' title='bbox 1732 2655 1783 2680; x_wconf 85' lang='lat' dir='ltr'>[ine</span> <span class='ocrx_word' id='word_1_905' title='bbox 1807 2657 1891 2680; x_wconf 80' lang='lat' dir='ltr'>textus</span> <span class='ocrx_word' id='word_1_906' title='bbox 1910 2655 2043 2687; x_wconf 88' lang='lat' dir='ltr'>originalis</span> <span class='ocrx_word' id='word_1_907' title='bbox 2062 2655 2156 2682; x_wconf 77' lang='lat' dir='ltr'>domos</span> 
     </span>
    </p>
   </div>
   <div class='ocr_carea' id='block_1_14' title="bbox 2185 653 2315 677">
    <p class='ocr_par' dir='ltr' id='par_1_22' title="bbox 2185 653 2315 677">
     <span class='ocr_line' id='line_1_115' title="bbox 2185 653 2315 677; baseline 0.015 -2"><span class='ocrx_word' id='word_1_908' title='bbox 2185 653 2315 677; x_wconf 75' lang='lat' dir='ltr'>Notandum.</span> 
     </span>
    </p>
   </div>
   <div class='ocr_carea' id='block_1_15' title="bbox 2184 1135 2312 1156">
    <p class='ocr_par' dir='ltr' id='par_1_23' title="bbox 2184 1135 2312 1156">
     <span class='ocr_line' id='line_1_116' title="bbox 2184 1135 2312 1156; baseline 0 0"><span class='ocrx_word' id='word_1_909' title='bbox 2184 1135 2312 1156; x_wconf 86' lang='lat' dir='ltr'>Secundum.</span> 
     </span>
    </p>
   </div>
   <div class='ocr_carea' id='block_1_16' title="bbox 2179 1776 2264 1803">
    <p class='ocr_par' dir='ltr' id='par_1_24' title="bbox 2179 1776 2264 1803">
     <span class='ocr_line' id='line_1_117' title="bbox 2179 1776 2264 1803; baseline 0 -6"><span class='ocrx_word' id='word_1_910' title='bbox 2179 1776 2264 1803; x_wconf 79' lang='lat' dir='ltr'>Figura.</span> 
     </span>
    </p>
   </div>
   <div class='ocr_carea' id='block_1_17' title="bbox 2171 2095 2324 2152">
    <p class='ocr_par' dir='ltr' id='par_1_25' title="bbox 2171 2095 2324 2152">
     <span class='ocr_line' id='line_1_118' title="bbox 2171 2095 2324 2123; baseline 0 -7"><span class='ocrx_word' id='word_1_911' title='bbox 2171 2096 2240 2122; x_wconf 77' lang='lat' dir='ltr'>Aptus</span> <span class='ocrx_word' id='word_1_912' title='bbox 2250 2095 2277 2116; x_wconf 81' lang='lat' dir='ltr'>ad</span> <span class='ocrx_word' id='word_1_913' title='bbox 2288 2102 2324 2123; x_wconf 85' lang='lat' dir='ltr'>op-</span> 
     </span>
     <span class='ocr_line' id='line_1_119' title="bbox 2186 2122 2305 2152; baseline -0.008 -8"><span class='ocrx_word' id='word_1_914' title='bbox 2186 2122 2305 2152; x_wconf 68' lang='grc' dir='ltr'>μηδι-111111.</span> 
     </span>
    </p>
   </div>
   <div class='ocr_carea' id='block_1_18' title="bbox 1192 2698 2203 2735">
    <p class='ocr_par' dir='ltr' id='par_1_26' title="bbox 1192 2698 2203 2735">
     <span class='ocr_line' id='line_1_120' title="bbox 1192 2698 2203 2735; baseline -0.001 -7"><span class='ocrx_word' id='word_1_915' title='bbox 1192 2708 1322 2733; x_wconf 83' lang='lat' dir='ltr'>suorum,</span> <span class='ocrx_word' id='word_1_916' title='bbox 1344 2707 1413 2735; x_wconf 81' lang='lat' dir='ltr'>quas</span> <span class='ocrx_word' id='word_1_917' title='bbox 1432 2699 1633 2734; x_wconf 82' lang='lat' dir='ltr'>dereliquerunt</span> <span class='ocrx_word' id='word_1_918' title='bbox 1653 2699 1704 2735; x_wconf 61' lang='lat' dir='ltr'>(Hi</span> <span class='ocrx_word' id='word_1_919' title='bbox 1731 2698 1827 2726; x_wconf 73' lang='lat' dir='ltr'>dantus</span> <span class='ocrx_word' id='word_1_920' title='bbox 1846 2706 1978 2732; x_wconf 81' lang='lat' dir='ltr'>snorum,</span> <span class='ocrx_word' id='word_1_921' title='bbox 2004 2707 2073 2734; x_wconf 82' lang='lat' dir='ltr'>quas</span> <span class='ocrx_word' id='word_1_922' title='bbox 2092 2701 2155 2727; x_wconf 83' lang='lat' dir='ltr'>reli·</span> <span class='ocrx_word' id='word_1_923' title='bbox 2199 2713 2203 2717; x_wconf 83' lang='lat'><em>-</em></span> 
     </span>
    </p>
   </div>
   <div class='ocr_carea' id='block_1_19' title="bbox 1190 2744 2156 3358">
    <p class='ocr_par' dir='ltr' id='par_1_27' title="bbox 1193 2744 2156 2907">
     <span class='ocr_line' id='line_1_121' title="bbox 1193 2744 2156 2781; baseline -0.002 -8"><span class='ocrx_word' id='word_1_924' title='bbox 1193 2748 1332 2781; x_wconf 78' lang='lat' dir='ltr'>querunt).</span> <span class='ocrx_word' id='word_1_925' title='bbox 1351 2746 1440 2771; x_wconf 83' lang='lat' dir='ltr'>Plures</span> <span class='ocrx_word' id='word_1_926' title='bbox 1453 2745 1544 2776; x_wconf 60' lang='lat' dir='ltr'>codd„</span> <span class='ocrx_word' id='word_1_927' title='bbox 1565 2748 1592 2771; x_wconf 89' lang='lat' dir='ltr'>ut</span> <span class='ocrx_word' id='word_1_928' title='bbox 1611 2744 1661 2770; x_wconf 82' lang='lat' dir='ltr'>AC</span> <span class='ocrx_word' id='word_1_929' title='bbox 1673 2745 1705 2776; x_wconf 85' lang='lat' dir='ltr'>D,</span> <span class='ocrx_word' id='word_1_930' title='bbox 1725 2744 1828 2770; x_wconf 89' lang='lat' dir='ltr'>initium</span> <span class='ocrx_word' id='word_1_931' title='bbox 1848 2744 1954 2770; x_wconf 86' lang='lat' dir='ltr'>Glossae</span> <span class='ocrx_word' id='word_1_932' title='bbox 1968 2745 2105 2777; x_wconf 86' lang='lat' dir='ltr'>omittunt,</span> <span class='ocrx_word' id='word_1_933' title='bbox 2124 2746 2156 2771; x_wconf 79' lang='lat' dir='ltr'>le-</span> 
     </span>
     <span class='ocr_line' id='line_1_122' title="bbox 1193 2788 2156 2824; baseline -0.003 -7"><span class='ocrx_word' id='word_1_934' title='bbox 1193 2793 1299 2823; x_wconf 85' lang='lat' dir='ltr'>gentes:</span> <span class='ocrx_word' id='word_1_935' title='bbox 1319 2789 1599 2824; x_wconf 71' lang='lat' dir='ltr'>cousanquineorum,</span> <span class='ocrx_word' id='word_1_936' title='bbox 1619 2796 1682 2816; x_wconf 81' lang='lat' dir='ltr'>cum</span> <span class='ocrx_word' id='word_1_937' title='bbox 1701 2788 1830 2822; x_wconf 73' lang='lat' dir='ltr'>arquitur</span> <span class='ocrx_word' id='word_1_938' title='bbox 1844 2788 1885 2815; x_wconf 79' lang='lat' dir='ltr'>vel</span> <span class='ocrx_word' id='word_1_939' title='bbox 1900 2788 1962 2822; x_wconf 80' lang='lat' dir='ltr'>quia</span> <span class='ocrx_word' id='word_1_940' title='bbox 1979 2788 2073 2815; x_wconf 80' lang='lat' dir='ltr'>domui</span> <span class='ocrx_word' id='word_1_941' title='bbox 2091 2788 2156 2823; x_wconf 90' lang='lat' dir='ltr'>[CD</span> 
     </span>
     <span class='ocr_line' id='line_1_123' title="bbox 1193 2832 2152 2869; baseline -0.002 -7"><span class='ocrx_word' id='word_1_942' title='bbox 1193 2834 1284 2869; x_wconf 86' lang='lat' dir='ltr'>domi]</span> <span class='ocrx_word' id='word_1_943' title='bbox 1303 2834 1462 2861; x_wconf 74' lang='lat' dir='ltr'>renuntiare</span> <span class='ocrx_word' id='word_1_944' title='bbox 1475 2838 1523 2860; x_wconf 88' lang='lat' dir='ltr'>etc.</span> <span class='ocrx_word' id='word_1_945' title='bbox 1537 2835 1586 2860; x_wconf 83' lang='lat' dir='ltr'>Pro</span> <span class='ocrx_word' id='word_1_946' title='bbox 1600 2836 1695 2860; x_wconf 71' lang='lat' dir='ltr'>contra</span> <span class='ocrx_word' id='word_1_947' title='bbox 1709 2833 1782 2868; x_wconf 83' lang='lat' dir='ltr'>quod</span> <span class='ocrx_word' id='word_1_948' title='bbox 1801 2834 1910 2867; x_wconf 66' lang='lat' dir='ltr'>[quos‘ll</span> <span class='ocrx_word' id='word_1_949' title='bbox 1930 2832 2002 2859; x_wconf 81' lang='lat' dir='ltr'>Beda</span> <span class='ocrx_word' id='word_1_950' title='bbox 2015 2833 2041 2859; x_wconf 81' lang='lat' dir='ltr'>in</span> <span class='ocrx_word' id='word_1_951' title='bbox 2057 2833 2152 2861; x_wconf 86' lang='lat' dir='ltr'>Glossa</span> 
     </span>
     <span class='ocr_line' id='line_1_124' title="bbox 1193 2879 1430 2907; baseline -0.004 0"><span class='ocrx_word' id='word_1_952' title='bbox 1193 2882 1215 2906; x_wconf 88' lang='lat' dir='ltr'>H</span> <span class='ocrx_word' id='word_1_953' title='bbox 1233 2879 1305 2907; x_wconf 75' lang='lat' dir='ltr'>unde</span> <span class='ocrx_word' id='word_1_954' title='bbox 1324 2879 1430 2907; x_wconf 85' lang='lat' dir='ltr'>Glossa.</span> 
     </span>
    </p>

    <p class='ocr_par' dir='ltr' id='par_1_28' title="bbox 1264 2922 1416 2949">
     <span class='ocr_line' id='line_1_125' title="bbox 1264 2922 1416 2949; baseline 0 0"><span class='ocrx_word' id='word_1_955' title='bbox 1264 2922 1274 2938; x_wconf 90' lang='lat'>⁷</span> <span class='ocrx_word' id='word_1_956' title='bbox 1294 2924 1369 2949; x_wconf 87' lang='lat' dir='ltr'>Vers.</span> <span class='ocrx_word' id='word_1_957' title='bbox 1391 2924 1416 2949; x_wconf 88' lang='grc'>1.</span> 
     </span>
    </p>

    <p class='ocr_par' dir='ltr' id='par_1_29' title="bbox 1192 2967 2155 3045">
     <span class='ocr_line' id='line_1_126' title="bbox 1264 2967 2155 3000; baseline -0.001 -6"><span class='ocrx_word' id='word_1_958' title='bbox 1264 2967 1275 2982; x_wconf 84' lang='lat'>⁸</span> <span class='ocrx_word' id='word_1_959' title='bbox 1293 2968 1377 2995; x_wconf 87' lang='lat' dir='ltr'>Codd.</span> <span class='ocrx_word' id='word_1_960' title='bbox 1396 2967 1415 2994; x_wconf 93' lang='lat' dir='ltr'>C</span> <span class='ocrx_word' id='word_1_961' title='bbox 1431 2968 1451 2993; x_wconf 92' lang='lat' dir='ltr'>D</span> <span class='ocrx_word' id='word_1_962' title='bbox 1473 2967 1517 2994; x_wconf 82' lang='lat' dir='ltr'>Ait</span> <span class='ocrx_word' id='word_1_963' title='bbox 1534 2969 1644 3000; x_wconf 81' lang='lat' dir='ltr'>aulem,·</span> <span class='ocrx_word' id='word_1_964' title='bbox 1663 2968 1734 2993; x_wconf 83' lang='lat' dir='ltr'>Beda</span> <span class='ocrx_word' id='word_1_965' title='bbox 1755 2967 1788 2993; x_wconf 84' lang='lat' dir='ltr'>Et</span> <span class='ocrx_word' id='word_1_966' title='bbox 1806 2967 1853 2994; x_wconf 81' lang='lat' dir='ltr'>ait.</span> <span class='ocrx_word' id='word_1_967' title='bbox 1874 2982 1907 2986; x_wconf 89' lang='lat'><strong>—</strong></span> <span class='ocrx_word' id='word_1_968' title='bbox 1927 2967 2043 2994; x_wconf 88' lang='lat' dir='ltr'>Subinde</span> <span class='ocrx_word' id='word_1_969' title='bbox 2063 2968 2155 3000; x_wconf 80' lang='lat' dir='ltr'>allega-</span> 
     </span>
     <span class='ocr_line' id='line_1_127' title="bbox 1192 3012 1451 3045; baseline -0.004 -7"><span class='ocrx_word' id='word_1_970' title='bbox 1192 3016 1234 3038; x_wconf 90' lang='lat' dir='ltr'>tur</span> <span class='ocrx_word' id='word_1_971' title='bbox 1253 3012 1451 3045; x_wconf 79' lang='grc' dir='ltr'>Ο56610,11.</span> 
     </span>
    </p>

    <p class='ocr_par' dir='ltr' id='par_1_30' title="bbox 1191 3055 2155 3135">
     <span class='ocr_line' id='line_1_128' title="bbox 1263 3055 2155 3088; baseline -0.002 -5"><span class='ocrx_word' id='word_1_972' title='bbox 1263 3055 1275 3071; x_wconf 77' lang='lat'><strong>⁹</strong></span> <span class='ocrx_word' id='word_1_973' title='bbox 1294 3059 1328 3083; x_wconf 82' lang='lat' dir='ltr'>ltu</span> <span class='ocrx_word' id='word_1_974' title='bbox 1348 3058 1368 3083; x_wconf 84' lang='lat' dir='ltr'><strong>A</strong></span> <span class='ocrx_word' id='word_1_975' title='bbox 1382 3056 1465 3083; x_wconf 86' lang='lat' dir='ltr'>CDH</span> <span class='ocrx_word' id='word_1_976' title='bbox 1484 3059 1509 3082; x_wconf 84' lang='lat' dir='ltr'>et</span> <span class='ocrx_word' id='word_1_977' title='bbox 1527 3057 1605 3082; x_wconf 87' lang='lat' dir='ltr'>etiam</span> <span class='ocrx_word' id='word_1_978' title='bbox 1625 3057 1710 3087; x_wconf 85' lang='lat' dir='ltr'>Beda,</span> <span class='ocrx_word' id='word_1_979' title='bbox 1733 3056 1810 3082; x_wconf 83' lang='lat' dir='ltr'>Card.</span> <span class='ocrx_word' id='word_1_980' title='bbox 1836 3056 1928 3088; x_wconf 82' lang='lat' dir='ltr'>Hugo,</span> <span class='ocrx_word' id='word_1_981' title='bbox 1955 3056 1982 3081; x_wconf 86' lang='lat' dir='ltr'>B.</span> <span class='ocrx_word' id='word_1_982' title='bbox 2009 3056 2103 3082; x_wconf 81' lang='lat' dir='ltr'>Albert.</span> <span class='ocrx_word' id='word_1_983' title='bbox 2131 3060 2155 3081; x_wconf 84' lang='lat' dir='ltr'>et</span> 
     </span>
     <span class='ocr_line' id='line_1_129' title="bbox 1191 3101 2058 3135; baseline -0.003 -7"><span class='ocrx_word' id='word_1_984' title='bbox 1191 3103 1327 3135; x_wconf 85' lang='lat' dir='ltr'>Lyranus;</span> <span class='ocrx_word' id='word_1_985' title='bbox 1346 3102 1458 3134; x_wconf 81' lang='lat' dir='ltr'>Vulgata</span> <span class='ocrx_word' id='word_1_986' title='bbox 1478 3101 1631 3135; x_wconf 80' lang='lat' dir='ltr'>respiciens.</span> <span class='ocrx_word' id='word_1_987' title='bbox 1651 3115 1686 3120; x_wconf 96' lang='lat'><strong>—</strong></span> <span class='ocrx_word' id='word_1_988' title='bbox 1706 3101 1829 3134; x_wconf 87' lang='lat' dir='ltr'>Sequitur</span> <span class='ocrx_word' id='word_1_989' title='bbox 1847 3101 1873 3126; x_wconf 95' lang='lat' dir='ltr'>ll.</span> <span class='ocrx_word' id='word_1_990' title='bbox 1895 3101 1963 3126; x_wconf 91' lang='lat' dir='ltr'>Tim.</span> <span class='ocrx_word' id='word_1_991' title='bbox 1984 3101 2015 3131; x_wconf 84' lang='lat'>2,</span> <span class='ocrx_word' id='word_1_992' title='bbox 2036 3101 2058 3126; x_wconf 68' lang='lat'>4.</span> 
     </span>
    </p>

    <p class='ocr_par' dir='ltr' id='par_1_31' title="bbox 1193 3144 2154 3268">
     <span class='ocr_line' id='line_1_130' title="bbox 1264 3144 2153 3179; baseline -0.002 -7"><span class='ocrx_word' id='word_1_993' title='bbox 1264 3145 1286 3161; x_wconf 84' lang='lat'>¹⁰</span> <span class='ocrx_word' id='word_1_994' title='bbox 1305 3147 1337 3172; x_wconf 91' lang='lat' dir='ltr'>Ut</span> <span class='ocrx_word' id='word_1_995' title='bbox 1355 3147 1450 3172; x_wconf 86' lang='lat' dir='ltr'>dicitur</span> <span class='ocrx_word' id='word_1_996' title='bbox 1463 3147 1527 3172; x_wconf 90' lang='lat' dir='ltr'>Gen.</span> <span class='ocrx_word' id='word_1_997' title='bbox 1546 3147 1591 3178; x_wconf 80' lang='grc'>19,</span> <span class='ocrx_word' id='word_1_998' title='bbox 1611 3146 1654 3171; x_wconf 87' lang='grc'>26.</span> <span class='ocrx_word' id='word_1_999' title='bbox 1673 3145 1757 3172; x_wconf 89' lang='lat' dir='ltr'>Codd.</span> <span class='ocrx_word' id='word_1_1000' title='bbox 1777 3146 1796 3172; x_wconf 93' lang='lat' dir='ltr'>C</span> <span class='ocrx_word' id='word_1_1001' title='bbox 1808 3146 1891 3171; x_wconf 86' lang='lat' dir='ltr'>DGH</span> <span class='ocrx_word' id='word_1_1002' title='bbox 1916 3144 2061 3179; x_wconf 75' lang='lat' dir='ltr'>respiciens</span> <span class='ocrx_word' id='word_1_1003' title='bbox 2080 3147 2153 3172; x_wconf 82' lang='lat' dir='ltr'>retro</span> 
     </span>
     <span class='ocr_line' id='line_1_131' title="bbox 1193 3186 2154 3226; baseline -0.003 -9"><span class='ocrx_word' id='word_1_1004' title='bbox 1193 3191 1372 3226; x_wconf 83' lang='lat' dir='ltr'>[Septuaginta</span> <span class='ocrx_word' id='word_1_1005' title='bbox 1392 3189 1560 3223; x_wconf 79' lang='lat' dir='ltr'>retrorsum]</span> <span class='ocrx_word' id='word_1_1006' title='bbox 1580 3196 1710 3216; x_wconf 78' lang='lat' dir='ltr'>conversa</span> <span class='ocrx_word' id='word_1_1007' title='bbox 1723 3191 1763 3216; x_wconf 83' lang='lat' dir='ltr'>est</span> <span class='ocrx_word' id='word_1_1008' title='bbox 1781 3193 1829 3215; x_wconf 89' lang='lat' dir='ltr'>etc.</span> <span class='ocrx_word' id='word_1_1009' title='bbox 1842 3203 1878 3208; x_wconf 97' lang='lat'><strong>—</strong></span> <span class='ocrx_word' id='word_1_1010' title='bbox 1891 3186 2009 3215; x_wconf 83' lang='lat' dir='ltr'>Subinde</span> <span class='ocrx_word' id='word_1_1011' title='bbox 2028 3189 2154 3221; x_wconf 84' lang='lat' dir='ltr'>allegatur</span> 
     </span>
     <span class='ocr_line' id='line_1_132' title="bbox 1193 3235 1456 3268; baseline -0.008 -6"><span class='ocrx_word' id='word_1_1012' title='bbox 1193 3237 1254 3262; x_wconf 87' lang='lat' dir='ltr'>Luc.</span> <span class='ocrx_word' id='word_1_1013' title='bbox 1278 3235 1316 3261; x_wconf 80' lang='lat'>17.</span> <span class='ocrx_word' id='word_1_1014' title='bbox 1337 3236 1380 3260; x_wconf 87' lang='grc'>31.</span> <span class='ocrx_word' id='word_1_1015' title='bbox 1401 3242 1456 3268; x_wconf 82' lang='lat' dir='ltr'>seq.</span> 
     </span>
    </p>

    <p class='ocr_par' dir='ltr' id='par_1_32' title="bbox 1190 3278 2152 3358">
     <span class='ocr_line' id='line_1_133' title="bbox 1264 3278 2152 3312; baseline -0.003 -7"><span class='ocrx_word' id='word_1_1016' title='bbox 1264 3279 1285 3295; x_wconf 85' lang='lat'>¹¹</span> <span class='ocrx_word' id='word_1_1017' title='bbox 1307 3281 1381 3306; x_wconf 86' lang='lat' dir='ltr'>Vers.</span> <span class='ocrx_word' id='word_1_1018' title='bbox 1400 3280 1443 3305; x_wconf 88' lang='grc'>21.</span> <span class='ocrx_word' id='word_1_1019' title='bbox 1462 3282 1488 3304; x_wconf 82' lang='lat' dir='ltr'>et</span> <span class='ocrx_word' id='word_1_1020' title='bbox 1506 3280 1552 3310; x_wconf 82' lang='lat'>22,</span> <span class='ocrx_word' id='word_1_1021' title='bbox 1573 3279 1598 3304; x_wconf 92' lang='lat' dir='ltr'>in</span> <span class='ocrx_word' id='word_1_1022' title='bbox 1618 3286 1671 3312; x_wconf 89' lang='lat' dir='ltr'>quo</span> <span class='ocrx_word' id='word_1_1023' title='bbox 1690 3279 1830 3311; x_wconf 81' lang='lat' dir='ltr'>respicitur</span> <span class='ocrx_word' id='word_1_1024' title='bbox 1849 3279 1925 3304; x_wconf 72' lang='lat' dir='ltr'>Prov.</span> <span class='ocrx_word' id='word_1_1025' title='bbox 1945 3278 1993 3309; x_wconf 80' lang='lat'>26,</span> <span class='ocrx_word' id='word_1_1026' title='bbox 2016 3278 2061 3303; x_wconf 78' lang='lat' dir='ltr'>tl:</span> <span class='ocrx_word' id='word_1_1027' title='bbox 2081 3278 2152 3303; x_wconf 84' lang='lat' dir='ltr'>Sicut</span> 
     </span>
     <span class='ocr_line' id='line_1_134' title="bbox 1190 3322 2151 3358; baseline -0.005 -6"><span class='ocrx_word' id='word_1_1028' title='bbox 1190 3326 1278 3357; x_wconf 73' lang='lat' dir='ltr'>canis,</span> <span class='ocrx_word' id='word_1_1029' title='bbox 1297 3325 1342 3358; x_wconf 91' lang='lat' dir='ltr'>qui</span> <span class='ocrx_word' id='word_1_1030' title='bbox 1362 3324 1500 3350; x_wconf 85' lang='lat' dir='ltr'>revertitur</span> <span class='ocrx_word' id='word_1_1031' title='bbox 1519 3323 1552 3349; x_wconf 88' lang='lat' dir='ltr'>ad</span> <span class='ocrx_word' id='word_1_1032' title='bbox 1582 3324 1710 3349; x_wconf 90' lang='lat' dir='ltr'>vomitum</span> <span class='ocrx_word' id='word_1_1033' title='bbox 1742 3330 1834 3353; x_wconf 90' lang='lat' dir='ltr'>suum,</span> <span class='ocrx_word' id='word_1_1034' title='bbox 1855 3323 1891 3348; x_wconf 91' lang='lat' dir='ltr'>sic</span> <span class='ocrx_word' id='word_1_1035' title='bbox 1916 3322 2087 3354; x_wconf 87' lang='lat' dir='ltr'>imprudens,</span> <span class='ocrx_word' id='word_1_1036' title='bbox 2107 3323 2151 3355; x_wconf 88' lang='lat' dir='ltr'>qui</span> 
     </span>
    </p>
   </div>
   <div class='ocr_carea' id='block_1_20' title="bbox 1192 3369 1524 3397">
    <p class='ocr_par' dir='ltr' id='par_1_33' title="bbox 1192 3369 1524 3397">
     <span class='ocr_line' id='line_1_135' title="bbox 1192 3369 1524 3397; baseline -0.006 -1"><span class='ocrx_word' id='word_1_1037' title='bbox 1192 3371 1266 3397; x_wconf 88' lang='lat' dir='ltr'>iterat</span> <span class='ocrx_word' id='word_1_1038' title='bbox 1284 3369 1419 3396; x_wconf 87' lang='lat' dir='ltr'>stultitiam</span> <span class='ocrx_word' id='word_1_1039' title='bbox 1439 3375 1524 3394; x_wconf 88' lang='lat' dir='ltr'>suam.</span> 
     </span>
    </p>
   </div>
  </div>
 </body>
</html>
