2476 3921
21 531 65 566 Lux
79 536 158 563 signifi-

24 566 57 586 cat
70 563 156 585 Filium.

50 907 158 934 Significat

20 934 85 964 etiarn
103 933 157 955 caeli

19 963 157 989 apertionem.

775 224 968 257 COMMENT.
994 224 1031 256 ΙΝ
1056 223 1293 256 EVANGELIUM
1319 223 1434 256 LUCAE
1458 223 1490 256 C.
1517 224 1561 256 lll.
2120 226 2162 258 83

178 316 274 349 sancti
291 319 323 349 et
339 315 447 348 Patris.
465 314 557 347 Adest
572 314 654 347 enim
672 313 742 351 tux,
760 312 912 346 columba
928 316 959 345 et
976 321 1058 344 vom:
1077 311 1136 344 lua:

176 369 215 401 ad
238 368 424 411 signandum
448 376 614 409 personam
647 366 751 404 Fam,-
783 365 954 403 columba,
988 364 1137 406 Spiritus

175 423 302 460 sancci;
326 428 389 455 vox
414 430 490 455 vero
512 424 560 453 est
583 421 614 453 in
638 429 772 462 persona
797 416 923 452 Patris
939 418 1075 453 aeterni.

265 475 308 508 Ad
343 474 530 517 signandum
565 474 662 516 igitur
687 472 767 505 Filii
787 481 965 515 personam
998 471 1136 504 dicitur:

178 530 340 571 Apertum
363 531 409 560 est
432 527 579 565 caelum,
605 526 635 559 in
659 535 722 569 qua
745 526 863 559 scilicet
893 525 1054 567 apertione
1077 524 1139 556 ful—

176 591 233 624 gor
264 590 397 624 magnus
419 580 576 623 apparuit.
609 580 675 622 lpse
699 579 782 612 enim
807 579 902 611 Filius
938 578 1013 611 dicit
1043 578 1082 611 de
1106 586 1139 610 se

177 634 298 667 loannis
320 635 472 666 octavo¹:
503 646 518 661 ι
536 633 598 675 Ego
621 642 691 665 sum
717 633 775 665 lux
799 632 907 665 mundi
931 644 965 670 »;
990 634 1021 664 et
1054 631 1139 664 loan-

176 687 224 720 nis
240 687 358 729 primo:
388 700 403 715 «
421 687 494 718 Erat
511 686 568 718 lux
594 695 668 719 vera
680 698 715 725 »;
733 689 764 718 et
787 685 825 718 ad
842 685 998 718 Hebraeos
1021 684 1138 727 primo:

182 754 197 769 «
213 740 271 782 Qui
297 749 369 772 cum
394 740 434 772 sit
457 739 604 781 splendor
628 739 746 781 gloriae
770 742 801 771 et
824 739 928 781 figura
947 737 1139 771 substantiae

176 793 244 826 eius
260 807 290 824 ι».
316 793 397 825 Dum
423 800 498 834 ergo
522 792 597 825 caeli
622 792 722 834 aperti
746 791 822 824 dant
846 791 1062 833 splendorem,
1086 799 1139 823 ve-

176 846 319 879 rificatur
342 845 420 878 illud
438 845 566 878 Psalmi:
596 858 610 874 «
624 845 706 878 Caeli
723 848 874 877 enarrant
889 845 1020 887 gloriam
1037 844 1092 877 Dei
1106 858 1137 883 n,

175 899 204 932 id
222 902 269 932 est
285 899 368 938 Filii,
390 899 444 941 qui
461 902 508 932 est
524 899 681 941 splendor.
700 918 740 921 —
759 899 789 931 ln
808 899 866 931 boc
888 898 980 931 etiam
997 898 1139 940 designa-

177 956 245 986 tum
268 956 333 991 est,
357 953 441 994 quod
467 953 584 985 virtute
608 952 752 994 baptismi
782 952 896 984 Christi
929 951 1071 993 aperitur
1095 951 1138 984 ia-

177 1015 240 1038 nua
263 1006 338 1038 caeli
370 1005 408 1038 ad
433 1005 614 1038 intrandum
647 1005 830 1047 baptizatis,
855 1005 1027 1038 secundum
1060 1005 1137 1037 illud

177 1058 286 1091 Psalmi
305 1059 335 1091 2:
358 1072 373 1087 «
389 1059 483 1092 Notas
506 1058 582 1091 mihi
607 1058 705 1091 fecisti
731 1058 797 1090 vias
822 1058 902 1090 vitae
916 1072 931 1087 »
959 1061 1016 1091 etc.
1043 1058 1138 1100 Appa-

176 1112 242 1155 ruit
264 1112 357 1145 etiam
383 1112 448 1154 ipse
473 1112 567 1145 Filius
592 1112 622 1144 in
645 1116 759 1145 natura
782 1116 938 1150 assumta;
963 1111 1002 1144 ad
1031 1112 1136 1145 Titum

175 1165 267 1198 tertio
280 1166 310 1197 ³:
338 1178 353 1194 «
366 1165 517 1207 Apparuit
533 1165 708 1207 benignitas
724 1170 755 1198 et
771 1165 952 1202 humanitas
969 1165 1138 1198 Salvatoris

174 1219 227 1251 Dei
254 1219 372 1258 nostri,
398 1229 459 1252 non
483 1228 524 1252 ex
549 1219 699 1261 operibus
723 1219 876 1257 iustitiae,
902 1228 983 1261 quae
1006 1219 1137 1251 fecimus

174 1281 230 1305 nos
247 1286 262 1301 »
291 1275 348 1306 etc.
381 1281 502 1315 usque:
533 1272 699 1305 «Heredes
726 1273 824 1305 simus
847 1272 1021 1305 secundum
1050 1281 1137 1314 spem

173 1326 254 1360 vitae
278 1330 424 1359 aeternae
440 1340 470 1358 ιι.
496 1326 575 1367 Quia
598 1326 680 1359 enim
711 1335 835 1358 «nemo
858 1325 996 1358 ascendit
1013 1326 1044 1358 in
1068 1335 1137 1358 cae-

173 1379 258 1418 lum,
282 1379 340 1412 nisi
364 1379 418 1421 qui
443 1379 602 1412 descendit
625 1379 663 1411 de
688 1379 774 1411 caelo
789 1392 821 1417 »,
847 1378 875 1411 id
893 1382 957 1417 est,
976 1378 1079 1411 sinon
1097 1379 1138 1411 sit

172 1433 350 1465 membrum
369 1424 502 1471 Christi,
520 1432 573 1474 qui
590 1431 766 1470 descendit;
781 1432 840 1464 lioc
857 1432 939 1464 enim
956 1441 1018 1464 non
1035 1435 1138 1473 potest

173 1495 243 1519 esse
256 1486 314 1519 nisi
333 1495 389 1528 per
414 1487 653 1533 Sacramentum
669 1485 932 1527 regenerationis:
950 1485 1018 1518 ideo
1035 1486 1066 1518 in
1083 1485 1137 1518 ba-

171 1539 287 1584 ptismo
316 1552 331 1568 «
347 1539 445 1581 aperti
472 1542 546 1572 sunt
570 1539 693 1572 caeli».
720 1538 755 1571 Et
779 1538 861 1572 sicut
885 1548 940 1581 per
964 1538 1045 1571 Adae
1068 1547 1137 1571 car-

172 1592 275 1626 nalem
299 1592 531 1635 generationem
556 1591 714 1624 clauditur
738 1591 875 1630 caelum,
900 1592 943 1624 ita
967 1601 1023 1634 per
1048 1601 1136 1634 rege-

174 1646 366 1679 nerationem
402 1645 597 1687 spiritualem
634 1645 795 1687 aperitur;
832 1649 862 1678 et
894 1645 977 1678 sicut
1007 1649 1137 1687 propter

172 1699 442 1741 concupiscentiae
484 1698 629 1731 ardorem
676 1712 691 1727 a
720 1698 840 1740 positus
879 1702 927 1731 est
971 1698 1137 1731 flammeus

172 1751 294 1794 gladius
318 1751 356 1784 ad
379 1751 551 1784 custodiam
578 1751 651 1793 ligni
678 1751 758 1783 vitae
774 1764 810 1788 ι»,
835 1751 917 1783 sicut
939 1750 1054 1783 dicitur
1078 1750 1135 1783 Ge-

172 1805 255 1838 nesis
287 1805 379 1838 tertio
399 1805 431 1843 ⁴;
456 1804 500 1837 sic
529 1814 585 1846 per
618 1805 782 1836 humorem
815 1803 933 1845 gratiae
965 1803 1135 1844 mitigantis

172 1858 453 1900 concupiscentiam
473 1858 503 1890 in
528 1857 683 1899 baptismo
706 1860 870 1888 amovetur
895 1856 1079 1897 romphaea,
1104 1859 1135 1887 et

172 1911 314 1953 aperitur
349 1914 456 1952 porta;
492 1910 628 1942 Danielis
665 1909 774 1941 tertio:
804 1909 819 1936 'u
843 1908 977 1950 Angelus
1011 1908 1133 1940 Domini

171 1963 330 1996 descendit
354 1963 384 1995 in
404 1962 561 1995 fornacem
579 1965 610 1994 et
633 1961 705 1994 fecit
722 1961 859 1993 medium
886 1961 1020 1993 fornacis
1043 1960 1132 2003 quasi

172 2021 301 2050 ventum
326 2016 406 2049 roris
430 2016 556 2048 flantem
574 2027 604 2046 n.
632 2014 666 2046 Et
690 2014 741 2046 hic
762 2018 809 2047 est
832 2014 984 2056 Angelus,
1008 2014 1046 2047 de
1070 2023 1133 2056 quo
1170 2054 1172 2056 Ι

171 2069 293 2102 loannis
316 2069 440 2111 quinto:
471 2068 632 2110 «Angelus
656 2068 776 2100 Domini
799 2067 1006 2100 descendebat
1023 2076 1135 2100 secun-

1200 312 1276 345 dum
1302 315 1426 354 tempus
1443 313 1473 345 in
1500 313 1666 355 piscinam,
1691 319 1720 346 et
1738 314 1923 347 movebatur
1946 324 2043 356 aqua,
2060 319 2090 347 et
2115 324 2162 348 sa-

1201 365 1337 398 nabatur
1361 375 1445 398 unus
1461 380 1491 398 ι.

1293 418 1344 451 53.
1370 419 1471 460 (Vers.
1497 421 1573 460 22).
1601 421 1720 453 Rursus
1744 421 1781 452 ad
1805 420 2026 462 designandam
2057 422 2161 463 Spiri-
2183 426 2327 473 Cfflpflstgagi·

1203 475 1256 504 tus
1279 472 1391 504 sancti
1409 481 1589 514 personam
1621 472 1764 505 additur:
1791 473 1986 506 Deseemtz‘ffi
2017 474 2163 516 ¹Spiritus
2183 458 2327 500 ffiffi²55¹¹¹‘

1202 529 1340 558 sanctus
1363 525 1534 567 corporali
1555 526 1658 567 specie
1681 526 1767 558 sicut
1791 526 1942 559 columba
1967 527 2002 559 in
2028 528 2134 569 ipsimi
2153 541 2163 565 ;

1203 578 1324 611 Ioannis
1353 578 1472 620 primo:
1504 591 1519 606 α
1536 579 1636 620 Super
1667 588 1761 621 quem
1789 579 1902 612 videris
1935 580 2085 622 Spiritum
2111 581 2162 613 de-

1203 631 1402 664 scendentem
1426 635 1457 664 et
1481 635 1673 670 manentem,
1699 633 1749 665 nic
1774 636 1820 665 est
1845 633 1897 674 qui
1922 633 2056 674 baptizat
2074 649 2103 665 n.
2120 653 2164 657 -—

1205 684 1368 717 Descendit
1391 688 1495 717 autem
1521 685 1551 717 in
1576 686 1678 727 specie
1703 685 1871 718 colmnbae
1896 687 2014 719 ratione
2047 687 2163 726 signifi-
2181 693 2250 721 Quare
2265 698 2329 719 uva·

1203 737 1347 776 cationis,
1372 738 1463 780 quia,
1480 738 1561 771 sicut
1582 738 1656 770 dicit
1680 738 1922 779 Clirysostomus
1941 740 1964 777 ⁶,
1994 752 2009 766 α
2023 740 2089 772 avis
2107 722 2281 772 ἰςῐιιῖἒῖἱῖὗέ-υι
2296 726 2330 740 ⁶⁰⁴

1204 800 1279 833 prae
1301 791 1450 824 omnibus
1473 792 1592 825 cultrix
1616 796 1664 825 est
1688 793 1845 825 maximae
1869 793 2007 825 caritatis
2025 808 2053 824 ».
2081 794 2164 826 Unde

1203 844 1350 886 apparuit
1373 844 1498 877 Christo
1522 845 1552 877 in
1574 844 1720 888 perfecto
1737 846 1881 878 animali
1890 872 1899 884 ‚
1925 846 1978 879 sed
2003 846 2163 889 discipulis

1204 897 1234 930 in
1259 897 1404 940 linquis,
1429 902 1465 931 ut
1488 898 1694 940 significetur,
1719 898 1803 941 quod
1828 899 1857 931 in
1882 900 2006 932 Christo
2034 900 2091 932 fuit
2117 910 2163 933 se—

1203 951 1342 984 cundum
1367 952 1578 985 omnimodam
1604 953 1849 995 plenitudinem,
1875 954 1903 985 in
1929 954 1997 986 aliis
2021 963 2076 995 per
2094 964 2164 996 par-

1204 1008 1267 1044 tes;
1292 1005 1375 1038 unde
1399 1005 1515 1038 dicitur
1541 1006 1661 1038 loannis
1686 1006 1819 1039 terti‹›⁷:
1851 1020 1865 1034 «ι
1887 1007 1951 1039 Non
1976 1007 2014 1039 ad
2037 1005 2164 1040 mensu-

1204 1068 1270 1091 ram
1287 1058 1340 1091 dat
1364 1059 1448 1092 Deus
1465 1059 1612 1101 spiritum
1627 1074 1656 1092 ι».
1675 1060 1826 1102 Apparuit
1842 1060 1934 1093 etiam
1960 1069 2056 1102 super
2072 1061 2163 1093 disci-

1203 1112 1294 1154 pulos
1323 1112 1353 1144 in
1389 1112 1479 1154 ione,
1515 1112 1569 1145 sed
1605 1122 1701 1155 super
1733 1113 1893 1145 Christum
1930 1114 1959 1145 in
1993 1113 2162 1152 columba,

1201 1166 1290 1208 quia,
1307 1165 1389 1199 sicut
1404 1166 1479 1199 dicit
1496 1166 1667 1208 Gregorius
1682 1166 1705 1204 8,
1736 1180 1749 1194 a
1768 1167 1912 1199 Christus
1929 1177 1984 1200 nos
2009 1177 2064 1209 per
2082 1177 2163 1200 man-

1202 1218 1401 1252 suetudinem
1420 1220 1505 1252 venit
1529 1220 1674 1261 colligere
1688 1233 1722 1258 »3
1741 1223 1770 1252 et
1789 1220 1856 1253 ideo
1873 1230 1968 1262 super
1993 1221 2094 1262 ipsum
2113 1230 2164 1263 ap-

1202 1272 1309 1314 paruit
1334 1272 1364 1304 in
1390 1272 1550 1311 columba,
1576 1273 1629 1305 sed
1659 1286 1673 1300 «
1691 1282 1786 1314 super
1818 1272 1986 1315 discipulos
2011 1273 2040 1305 in
2075 1274 2160 1315 igne;

1203 1335 1283 1368 quos
1306 1325 1344 1358 ad
1369 1325 1612 1358 consumendam
1639 1326 1814 1368 rubiginem
1840 1327 1955 1367 peccati
1982 1331 2089 1358 contra
2114 1336 2161 1359 se-

1202 1378 1353 1420 metipsos
1370 1378 1514 1411 veniebat
1529 1378 1699 1411 accendere
1717 1392 1745 1410 ».
1764 1398 1807 1401 —
1825 1378 1859 1410 Et
1883 1379 1997 1420 optime
2015 1381 2161 1421 vompetit
2184 1385 2231 1405 Alia
2248 1385 2308 1405 ratio-

1202 1431 1357 1473 baptismo
1381 1431 1534 1473 apparitio
1559 1431 1694 1472 Spiritus
1722 1431 1818 1464 sancti
1851 1431 1882 1463 in
1915 1431 2065 1463 columba
2095 1442 2162 1473 pro-

1203 1489 1272 1527 pter
1298 1485 1520 1522 innocentiam,
1538 1494 1631 1527 quam
1650 1485 1824 1526 baptismus
1849 1485 1994 1516 restituit.
2017 1485 2045 1516 ln
2072 1486 2162 1517 cuius

1203 1538 1247 1570 rei
1274 1538 1397 1579 signum
1430 1537 1545 1569 dicitur
1569 1537 1696 1569 Genesis
1726 1541 1836 1569 octavo
1849 1537 1872 1574 ⁰,
1901 1537 1984 1578 quod
2017 1538 2158 1569 columba

1202 1594 1272 1633 post
1288 1591 1442 1623 diluvium
1468 1590 1572 1622 attulit
1589 1599 1711 1622 ramum
1739 1590 1868 1622 virentis
1884 1590 1992 1622 olivae.
2013 1591 2067 1623 Per
2086 1591 2160 1623 illud

1201 1643 1357 1676 diluvium
1378 1662 1421 1666 —-
1438 1643 1519 1675 sicut
1543 1642 1617 1675 dicit
1638 1643 1848 1675 Datnascenus
1875 1646 1904 1674 et
1930 1643 2048 1684 primae
2082 1644 2160 1676 Petri

1202 1696 1294 1729 tertio
1317 1696 1450 1728 dicitur:
1482 1709 1497 1723 «
1515 1695 1544 1727 In
1571 1705 1634 1737 quo
1664 1705 1798 1737 paucae,
1825 1695 1853 1727 id
1878 1700 1925 1728 est
1941 1700 2010 1728 octo
2026 1697 2161 1735 animae,

1201 1749 1304 1782 salvae
1328 1749 1426 1781 factae
1450 1752 1524 1780 sunt
1549 1758 1604 1789 pet·
1632 1757 1746 1790 aquam
1772 1762 1786 1776 »
1816 1752 1874 1781 etc.
1905 1767 1946 1772 —
1977 1749 2160 1791 intelligitur

1200 1802 1391 1843 baptismus;
1417 1801 1499 1834 unde
1524 1811 1580 1843 per
1604 1801 1787 1834 columbam
1815 1802 2017 1835 reducentem
2046 1803 2084 1835 ad
2112 1813 2162 1835 ar-

1200 1864 1268 1888 cam
1305 1863 1428 1887 ramum
1466 1854 1596 1887 virentis
1631 1855 1730 1887 olivae
1767 1856 1951 1897 intelligitur
1988 1856 2163 1889 innocentia

1199 1907 1449 1940 mansuetudinis
1473 1917 1544 1940 cum
1570 1908 1670 1950 gratia
1694 1909 1859 1941 unctionis.

1290 1960 1341 1993 54.
1368 1960 1402 1992 Et
1426 1964 1514 1999 nota,
1539 1961 1623 2003 quod
1647 1961 1783 2003 Spiritus
1808 1966 1936 1995 sanctus
1959 1963 2105 2005 apparuit
2131 1962 2160 1995 in
2175 1970 2328 2024 lgiffiggggaej

1200 2014 1313 2056 triplici
1339 2014 1459 2056 specie,
1485 2014 1602 2047 scilicet
1626 2015 1657 2047 in
1685 2015 1838 2047 colunum
1863 2016 1892 2048 in
1923 2016 2094 2058 baptismo:
2129 2026 2158 2048 in
2182 2024 2233 2044 run.

1199 2067 1284 2100 nube
1299 2068 1330 2100 in
1349 2068 1640 2110 transfiguratione,
1658 2069 1739 2102 infra
1755 2079 1837 2102 nono
1852 2070 1895 2108 ¹⁰;
1921 2070 1950 2102 in
1977 2070 2048 2111 ione
2065 2079 2160 2112 super

244 2243 252 2258 ¹
273 2244 349 2269 Vers.
372 2243 414 2268 ⁴2.
434 2257 467 2261 —-
487 2244 552 2268 Tres
571 2250 645 2276 seqq.
664 2244 713 2269 loci
733 2247 794 2269 sunt
807 2245 876 2270 loan.
892 2245 915 2275 l,
930 2245 959 2276 9;
973 2244 1052 2270 Hebr.
1067 2245 1090 2278 4,
1106 2245 1131 2270 3.

171 2292 196 2314 et
215 2289 256 2314 Ps.
280 2288 324 2318 ⁴8,
345 2288 370 2313 2.

240 2331 251 2347 ⁹
271 2332 366 2357 psalm.
386 2331 434 2362 45,
452 2332 496 2357 to.
517 2346 552 2351 —
571 2332 654 2365 Beda,
676 2333 691 2358 l.
710 2333 735 2358 in
756 2333 819 2358 Luc.
839 2334 869 2366 3,
890 2334 936 2359 2⁴:
958 2334 1026 2366 Quid
1046 2334 1131 2365 enim,

171 2376 291 2409 nunquid
310 2376 332 2401 ei
353 2375 439 2410 [lesu]
466 2379 528 2402 tunc
556 2377 656 2403 caelum
676 2381 797 2410 apertum
818 2382 871 2409 est,
892 2379 968 2404 cuius
986 2379 1054 2404 oculi
1074 2386 1132 2404 cae-

171 2422 256 2447 lorum
275 2421 397 2447 interiora
424 2421 588 2447 cernebant?
608 2422 659 2447 Sed
679 2422 763 2448 virtus
782 2422 816 2448 ibi
838 2422 1001 2455 baptismatis
1021 2424 1132 2449 ostendi-

171 2469 226 2496 tur,
246 2465 280 2491 de
299 2472 352 2498 quo
372 2466 484 2499 quisque
504 2473 564 2492 cum
584 2467 733 2499 egreditur,
761 2468 835 2500 regni
866 2468 982 2494 caelestis
1007 2468 1029 2494 ei
1055 2469 1130 2494 ianua

171 2509 325 2535 declaratur.

241 2553 252 2568 ⁸
273 2555 345 2581 Vers.
361 2555 414 2581 4-7.
426 2569 462 2574 —
476 2556 597 2588 Sequitur
611 2557 679 2582 loan.
693 2557 723 2587 3,
742 2557 790 2589 43,
805 2560 864 2589 post
876 2564 956 2590 quem
973 2558 1132 2591 Vah-prose-

171 2599 274 2633 quitur:
290 2599 316 2626 id
328 2602 374 2632 est,
391 2599 445 2626 nisi
456 2600 492 2627 sit
502 2600 654 2627 membrum
668 2600 779 2632 Christi,
797 2601 845 2635 qui
856 2601 989 2628 descendit
999 2601 1030 2627 de
1040 2601 1131 2634 caelo,-

170 2651 218 2671 nec
236 2644 286 2671 hoc
304 2644 365 2679 fieri
379 2646 466 2678 potest
473 2666 478 2675 ‚
498 2647 528 2671 ut
547 2644 582 2672 sit
599 2645 752 2672 membrum
772 2645 885 2677 Christi,
900 2645 954 2672 nisi
962 2653 1012 2679 per
1032 2646 1131 2673 Sacra-

170 2690 290 2716 mentum
308 2689 519 2723 reyenerationis
538 2693 587 2716 etc.
606 2690 676 2716 Haec
695 2689 777 2715 verba
803 2690 871 2715 iuxta
894 2690 987 2715 Bonelli
1007 2690 1132 2721 allegavi-

171 2741 230 2760 mus
243 2737 304 2759 tom.
319 2734 361 2759 Vl.
374 2741 434 2766 pag.
447 2735 508 2766 283,
518 2738 578 2760 nota
593 2736 617 2760 2.
628 2748 663 2754 —
674 2734 790 2761 Subinde
803 2735 929 2766 allegatur
942 2735 1029 2760 Mattli.
1043 2735 1072 2766 3,
1087 2735 1129 2759 46.

240 2777 252 2792 ⁴
271 2779 345 2804 Vers.
367 2779 416 2811 24,
436 2779 481 2805 ubi
501 2786 549 2811 pro
568 2778 605 2805 ad
623 2778 773 2805 custodiam
796 2779 907 2810 Vulgata
926 2778 963 2804 ad
982 2777 1128 2805 custodiem-

170 2822 233 2849 dam
253 2823 332 2849 viam.
351 2837 387 2843 —
407 2824 463 2849 Duo
483 2831 556 2856 seqq.
582 2824 631 2849 loci
657 2827 716 2848 sunt
741 2824 806 2848 Dan.
832 2824 861 2855 3,
882 2823 923 2848 49.
943 2830 998 2856 seq.
1018 2826 1043 2848 et
1062 2824 1128 2848 ioan.

170 2867 198 2900 5,
219 2867 243 2893 t.
264 2881 299 2887 —-
318 2868 404 2898 Beda,
424 2868 438 2892 Ι.
459 2867 483 2892 in
499 2868 560 2893 Luc..
575 2868 606 2898 3,
621 2867 666 2892 24:
682 2867 760 2899 Quia,
774 2867 839 2892 dum
853 2867 972 2898 corporis
985 2866 1129 2892 humilitate

171 2912 298 2937 Dominus
317 2911 401 2937 undas
421 2911 537 2937 iordanis
557 2910 651 2942 subiit,
679 2911 825 2937 Divinitaus
850 2918 913 2937 suae
933 2911 1046 2943 potentia
1067 2911 1129 2936 caeli

170 2955 246 2982 nobis
266 2956 356 2981 ianuas
375 2956 480 2987 pandit;
499 2956 619 2988 dumque
638 2963 698 2981 caro
718 2955 819 2980 innoxia
844 2955 999 2987 frigentibus
1025 2956 1131 2987 tingitur

170 3000 259 3033 aquis,
279 3000 398 3032 opposita
419 3000 552 3037 quondam
572 3000 655 3025 noxiis
673 3001 816 3031 romphaea
837 3000 1007 3032 restinguitur
1026 3000 1111 3032 ignea.

241 3043 251 3057 ⁵
271 3044 381 3075 Vulgata
403 3044 435 3070 Ec
453 3043 595 3070 descendit.
615 3044 738 3076 Sequitur
758 3045 825 3069 ioan.
847 3045 870 3074 l,
891 3045 933 3070 33.

240 3087 252 3102 ⁰
270 3089 363 3114 Homil.
384 3088 410 3114 4.
429 3089 502 3121 (alias
522 3088 557 3122 5.)
579 3089 605 3114 in
624 3089 711 3115 Mattli.
726 3088 785 3121 (Op.
805 3089 950 3121 imperfect.
964 3090 1029 3116 inter
1048 3098 1128 3122 opera

171 3133 334 3166 Cltrysost.):
363 3133 423 3159 ideo
452 3134 563 3165 Spiritus
585 3137 690 3160 sanctus
708 3135 822 3166 speciem
844 3134 982 3160 columbae
1001 3136 1129 3168 suscepit,

170 3178 293 3212 quoniam
315 3184 378 3209 prae
397 3177 520 3203 omnibus
539 3177 696 3203 animalibus
716 3180 779 3204 baec
799 3179 890 3204 cultrix
910 3182 949 3204 est
967 3179 1089 3205 caritatis.

240 3220 250 3235 ⁷
273 3222 344 3247 Vei-s.
366 3221 407 3247 34.
428 3235 461 3239 —
481 3223 535 3247 Act.
557 3223 585 3254 2,
606 3223 635 3248 3:
665 3223 698 3250 Et
713 3217 893 3255 apparuerunt
913 3223 960 3248 illis
979 3223 1130 3255 dispertitae

171 3266 280 3300 linquae
299 3270 423 3299 tanquam
443 3265 525 3300 iynis,
545 3267 665 3300 seditque
684 3274 762 3299 supra
783 3267 902 3299 singulos
921 3274 1023 3293 eorum.

241 3308 252 3324 ⁰
272 3310 340 3336 Libr.
361 3311 387 3336 ll.
407 3311 500 3337 Homil.
526 3311 551 3337 in
578 3312 677 3344 Evang.
697 3312 786 3337 homil.
808 3312 849 3337 30.
869 3319 894 3337 n.
915 3312 948 3337 6:
969 3312 1054 3338 Noluit
1072 3319 1131 3345 pec-

171 3359 271 3381 catores
292 3355 381 3386 ferire,
407 3355 452 3381 sed
479 3356 610 3388 colligere.
633 3357 706 3382 Prius
727 3357 809 3382 voluit
828 3360 963 3382 mansuete
983 3359 1130 3389 corripere,

172 3402 199 3424 ut
218 3399 326 3425 liabert't
343 3407 411 3432 quos
430 3400 599 3431 postmodum
630 3401 654 3425 in
680 3401 776 3426 iudicio
805 3401 925 3427 salvaret.
955 3402 982 3426 ln
1008 3400 1129 3427 columba

1197 2252 1261 2277 ergo
1285 2252 1365 2277 super
1393 2252 1453 2270 etun
1484 2252 1612 2277 apparere
1632 2245 1723 2271 debuit
1743 2245 1867 2277 Spiritus,
1888 2246 1932 2278 qui
1953 2253 2002 2271 non
2025 2246 2160 2276 veniebat,

1197 2293 1226 2315 ut
1244 2293 1351 2322 peccata
1371 2290 1422 2315 iam
1443 2297 1490 2322 per
1509 2291 1594 2316 zelum
1614 2293 1775 2322 percuteret,
1795 2291 1841 2316 sed
1862 2291 1948 2316 adbuc
1974 2298 2020 2322 per
2041 2298 2158 2316 mansue-

1197 2335 1315 2361 tudinem
1335 2335 1463 2361 toleraret.
1483 2335 1515 2360 Αι
1534 2338 1629 2361 contra,
1651 2342 1731 2367 super
1759 2335 1901 2366 discipulos
1930 2335 1954 2359 in
1985 2335 2043 2366 igne
2068 2335 2157 2360 debuit

1198 2379 1310 2412 Spiritus
1328 2383 1434 2405 sanctus
1454 2379 1642 2407 demonstrari.
1663 2383 1690 2404 ut
1711 2380 1734 2404 lii
1755 2380 1800 2412 qni
1821 2384 1892 2404 erant
1913 2380 2064 2411 sitnpliciter
2078 2380 2158 2405 nomi-

1197 2431 1244 2450 nes
1263 2427 1341 2457 atque
1362 2425 1420 2450 ideo
1440 2429 1605 2456 peccatores,
1619 2432 1664 2450 eos
1678 2428 1765 2449 contra
1781 2424 1936 2456 semctipsos
1949 2425 2089 2455 spiritualis
2110 2426 2158 2449 fet·-

1197 2475 1246 2494 vor
1265 2468 1433 2499 accenderet,
1453 2472 1478 2494 et
1497 2472 1616 2500 peccata,
1637 2467 1735 2500 quibus
1758 2468 1826 2493 Deus
1854 2475 1901 2500 per
1930 2468 2156 2493 mansuetudinem

1197 2517 1329 2543 parceret,
1349 2512 1398 2544 ipsi
1421 2512 1445 2537 in
1465 2519 1492 2537 so
1512 2519 1558 2543 per
1588 2512 1773 2543 poenitentiam
1804 2512 1922 2543 punirent
1946 2516 1993 2536 etv.
2013 2513 2037 2537 5.
2060 2512 2156 2536 Bonav.

1197 2557 1290 2588 allegat
1309 2557 1455 2582 secundum
1476 2557 1593 2582 Glossam
1614 2555 1783 2582 ordinariam
1805 2556 1829 2580 in
1850 2556 1934 2580 Alaun.
1955 2556 1984 2581 3.
2010 2556 2046 2581 to.
2068 2569 2102 2574 —
2122 2557 2157 2580 ln-

1196 2602 1275 2627 ferius
1295 2608 1343 2633 pro
1372 2608 1438 2634 quos
1468 2601 1573 2632 ponitur
1592 2608 1605 2625 a
1627 2601 1685 2625 Vat.
1704 2600 1740 2625 ad
1759 2606 1839 2633 quos,
1866 2603 1890 2624 ct
1919 2604 1976 2631 post
2006 2599 2155 2632 rubiginem

1196 2646 1288 2672 eadem
1309 2646 1493 2678 prosequitur:
1513 2652 1593 2678 quam
1615 2644 1641 2670 in
1661 2644 1809 2677 semetipsis
1823 2642 1961 2675 habebant,
1978 2646 2002 2669 rt
2017 2646 2045 2669 nl
2058 2651 2101 2669 cos
2114 2651 2157 2670 dc-

1196 2690 1317 2717 canderet
1337 2689 1464 2716 veniebat.

1266 2733 1278 2747 ⁹
1298 2735 1370 2759 Vei-s.
1390 2735 1433 2758 Η.
1453 2748 1488 2752 -
1507 2733 1811 2759 Sententia-Damasceni
1832 2732 1939 2758 inferius
1957 2733 2065 2764 allegata
2081 2732 2156 2758 habe-

1196 2782 1236 2804 tur
1255 2779 1296 2804 tv.
1316 2779 1350 2804 de
1369 2778 1430 2803 Fide
1450 2779 1552 2803 ortliod.
1573 2784 1596 2803 c.
1619 2779 1648 2807 9,
1668 2778 1700 2803 de
1720 2785 1770 2810 qttu
1786 2777 1846 2802 vide
1861 2779 1886 2802 S.
1902 2778 2013 2805 Bonav'..
2031 2778 2072 2803 lV.
2086 2779 2154 2803 Sent.

1195 2824 1221 2849 d.
1242 2823 1264 2848 t.
1285 2831 1311 2855 p.
1332 2824 1358 2848 ll.
1379 2830 1401 2847 a.
1427 2824 1447 2848 l.
1466 2831 1492 2855 q.
1513 2824 1537 2848 3.
1560 2823 1584 2847 in
1607 2823 1665 2847 tine.
1687 2822 1803 2848 Subinde
1823 2823 1942 2854 sequitur
1963 2823 1979 2847 l.
1994 2823 2058 2848 Pctr.
2075 2824 2098 2849 53.
2114 2824 2156 2847 20.

1195 2867 1279 2898 Beda,
1299 2868 1316 2892 l.
1337 2867 1360 2892 in
1381 2868 1442 2893 Luc.
1463 2868 1494 2897 3,
1514 2868 1565 2892 ‘222
1595 2867 1668 2893 l'ntle
1697 2875 1756 2892 etun
1779 2867 1869 2892 mundi
1889 2867 1995 2894 crimina
2023 2867 2154 2898 quondam

1195 2913 1219 2938 in
1240 2913 1351 2944 figuram
1367 2911 1489 2944 baptismi
1505 2912 1603 2938 diluvio
1623 2916 1813 2948 purgarentur,
1827 2919 1877 2937 non
1892 2912 1978 2941 corvi.
1998 2913 2043 2938 scd
2059 2913 2156 2937 colum-

1195 2956 1243 2982 bae
1263 2964 1308 2983 ore
1328 2957 1428 2982 delatus
1448 2957 1533 2982 olivae
1554 2964 1642 2981 ramus
1662 2963 1754 2987 pacem
1775 2956 1878 2981 saeculo
1903 2956 2030 2981 redditam
2058 2956 2156 2982 nuntia-

1194 3001 1248 3031 vit;
1268 3001 1377 3032 mystice
1396 3000 1507 3032 doeens,
1527 3001 1588 3026 solis
1607 3001 1659 3031 eis,
1679 3001 1723 3033 qui
1746 3001 1768 3025 in
1790 3001 1877 3027 cordis
1897 3001 2061 3032 simplicitate
2077 2999 2155 3031 bapti-

1194 3046 1241 3071 zati
1261 3049 1335 3075 sunt,
1355 3046 1502 3071 unctionem
1524 3046 1603 3071 sancti
1625 3045 1735 3076 Spiritus
1755 3045 1911 3070 adfuturam.
1931 3059 1965 3063 —
1987 3044 2044 3069 Vnt.
2063 3044 2156 3069 omittit

1194 3089 1378 3116 Damascenns
1398 3093 1441 3121 et,·
1461 3089 1479 3117 C
1491 3090 1511 3116 D
1530 3090 1649 3115 omittunt
1671 3089 1707 3115 ud
1724 3096 1827 3115 arcum.

1266 3133 1287 3148 ²⁰
1303 3135 1375 3160 Vers.
1390 3135 1434 3159 35.
1449 3149 1480 3152 —
1496 3134 1612 3159 subinde
1626 3134 1751 3163 allegatur
1766 3135 1817 3158 Act.
1831 3133 1890 3160 2.3.
1905 3133 1940 3157 Dr
1956 3136 2065 3164 utroque
2078 3132 2154 3163 signo

1195 3179 1279 3209 Beda,
1293 3180 1331 3205 lll.
1345 3179 1368 3205 in
1383 3180 1443 3205 Luc.
1459 3180 1490 3208 9,
1505 3179 1556 3204 35:
1577 3179 1602 3203 Et
1619 3182 1691 3204 nota.
1706 3178 1768 3203 sicut
1787 3177 1896 3202 Domino
1911 3177 1934 3200 in
1951 3177 2059 3201 iordane
2075 3176 2153 3207 bapti-

1194 3228 1259 3255 zato‚
1274 3224 1310 3249 sit·
1324 3224 1383 3249 etin
1398 3227 1487 3249 monte
1501 3223 1639 3248 clarificato
1660 3222 1736 3247 totius
1758 3222 1890 3246 'l'rinitatis
1902 3221 2054 3252 mysterium
2070 3221 2152 3245 decla-

1195 3268 1259 3299 rari,
1272 3269 1317 3301 qui
1338 3269 1447 3300 gloriam
1469 3268 1548 3298 illius,
1568 3274 1647 3299 quani
1669 3267 1692 3291 in
1714 3266 1868 3297 baptismate
1889 3266 2057 3292 confitemur.
2078 3265 2100 3289 in
2117 3272 2153 3288 re-

1195 3314 1356 3339 surrectione
1375 3312 1534 3338 videbimus.
1556 3311 1606 3336 Nec
1620 3313 1711 3336 frustra
1728 3311 1955 3342 Spiritus-sanctus
1970 3310 2010 3334 liic
2025 3310 2047 3334 in
2063 3308 2151 3335 lucida

1195 3356 1277 3388 nube,
1298 3357 1346 3382 illic
1365 3360 1475 3388 apparet
1494 3356 1519 3381 in
1540 3354 1677 3382 columba.
1698 3355 1757 3387 qnia
1778 3355 1824 3386 qui
1843 3362 1911 3379 nunc
1937 3354 2046 3384 simplici
2074 3353 2153 3379 corde

1196 3401 1290 3431 fldem,
1309 3408 1389 3433 quatu
1410 3400 1533 3432 percipit,
1553 3403 1653 3430 sert-at,
1674 3404 1735 3425 tunc
1754 3399 1809 3423 lucc
1829 3403 1933 3430 apertae
1954 3397 2062 3423 visionis
2081 3396 2151 3429 quod
