2476 3921
12 1091 68 1116 ltem,
82 1089 144 1111 Aria-

36 1122 116 1138 norum.

13 1568 86 1590 Preces
91 1560 148 1598 flae-

41 1600 115 1616 monis.

4 1944 6 1953 ⁴
13 1940 148 1988 P‘ssssffil'ssim

745 247 936 280 COMMENT.
964 247 999 278 lN
1025 244 1263 278 EVANGELIUM
1289 244 1406 277 LUCAE
1430 244 1467 276 C..
1488 244 1560 276 Vlll.

162 345 267 373 autem
292 340 404 373 clamat
427 342 458 372 et
481 338 565 370 dolet
587 337 626 370 de
649 337 717 369 eius
733 335 925 378 praesentia,
943 334 1017 376 quia
1034 332 1120 366 nulla

162 396 230 425 erat
253 392 291 424 ad
314 391 474 424 Christum
500 389 734 427 convenientia;
760 387 915 421 secundae
942 387 978 419 ad
1011 386 1120 418 Corin—

162 446 245 478 thios
268 445 405 478 sexto1:
436 444 554 485 «Quae
585 442 750 475 conventio
781 441 895 473 Christi
929 440 966 472 ad
1000 439 1119 472 Belial?

162 499 248 540 Quae
278 498 409 531 societas
438 497 516 529 lucis
546 496 584 529 ad
617 496 778 532 tenebras,
805 494 941 527 iustitiae
965 502 1038 526 cum
1063 493 1119 524 ini-

162 551 282 594 quitate
297 554 333 582 n?
357 554 387 583 et
411 549 614 583 Ecclesiastici
632 548 752 581 decimo
769 547 878 580 tertio:
901 560 916 575 «
934 545 1015 588 Quid
1036 554 1119 578 com-

162 604 333 637 municabit
358 602 453 645 lupus
476 612 547 636 cum
573 612 670 644 agn0;
695 605 750 634 aut
773 610 854 643 quae
879 598 1121 632 communicatio

162 657 280 691 homini
305 660 411 690 sancto
434 656 472 689 ad
497 665 604 689 canem
623 659 658 687 »t

251 711 302 743 50.
329 710 364 742 Et
387 713 477 748 nota,
501 708 585 751 quod
610 709 640 740 in
665 708 723 740 hac
748 707 940 740 consessione
963 705 1120 748 duplicem

11 771 144 821 fflirdfflagg'.
161 763 247 797 elidit
262 772 421 796 errorem:
438 771 537 795 unum
556 762 771 799 Iudaeorum,
789 760 842 802 qui
860 759 1014 797 dicebant,
1031 758 1121 791 Chri—

13 831 63 847 mm.

162 820 246 850 stum
279 816 395 849 habere
425 815 643 853 daemonium,
680 814 801 846 loannis
835 813 988 851 octavo²‚
1024 815 1055 844 et
1090 812 1120 844 in

161 869 334 903 Beelzebub
349 869 462 902 eiicere
474 868 638 901 daemonia
649 893 656 906 ,
669 867 812 899 Matthaei
827 866 1021 899 duodecimo.
1036 865 1121 898 Unde

158 923 261 959 Beda:
291 936 307 952 ιι
324 923 426 955 ludaei
450 921 622 959 dicunt,.-in
641 921 781 963 principe
804 919 1042 952 daemoniorum
1067 919 1122 952 eii-

161 985 233 1010 cere
256 985 329 1009 eum
352 976 536 1014 daemones,
561 983 655 1016 quem
680 973 841 1006 daemonia
868 975 981 1014 negant
1004 972 1122 1014 aliquid

161 1039 268 1064 secum
294 1029 410 1062 habere
437 1037 604 1062 commune
624 1042 654 1060 ».
680 1046 721 1052 —
746 1027 847 1059 Alium
872 1035 1013 1060 errorem
1037 1025 1123 1058 elidit

162 1082 385 1121 Arianorum,
402 1082 455 1124 qui
472 1081 582 1114 dicunt
597 1080 757 1113 Christum
774 1083 967 1112 creaturam
981 1088 1121 1121 puram,

162 1145 233 1170 cum
258 1136 389 1168 daemon
413 1135 495 1168 dicat
519 1143 590 1167 eum
619 1134 676 1166 Dei
699 1133 856 1166 altissimi
873 1133 1013 1171 Filium,
1033 1133 1123 1164 iuxta

161 1189 239 1222 illud
272 1188 474 1222 Ecclesiastici
509 1188 658 1230 vigesimo
689 1187 849 1229 quarto³z
879 1200 894 1214 «
913 1186 974 1228 Ego
1002 1195 1043 1219 ex
1067 1194 1122 1218 ore

162 1242 306 1276 Altissimi
340 1241 478 1284 prodivi,
511 1241 719 1283 primogenita
747 1243 818 1272 aute
842 1249 964 1272 omnem
999 1242 1122 1271 creatu-

162 1305 229 1329 ram
247 1309 276 1327 ».
310 1296 371 1328 Hoc
402 1298 506 1327 autem
542 1294 657 1326 fatetur
688 1294 818 1326 daemon
852 1302 914 1325 non
944 1292 1122 1325 venerando

161 1350 230 1383 eius
252 1348 444 1386 dominium,
470 1347 523 1380 sed
546 1346 794 1388 pertimescendo
818 1346 886 1378 eius
903 1348 1122 1387 praeceptum,

161 1403 252 1435 iuxta
283 1401 359 1434 illud
392 1400 490 1433 iacobi
516 1399 674 1432 secundo:
706 1399 910 1431 «Daemones
934 1398 1068 1430 credunt
1092 1402 1123 1430 et

161 1455 407 1490 contremiscunt
423 1467 453 1485 ».

155 1543 159 1546 ,
252 1509 303 1540 51.
322 1507 357 1540 Et
374 1507 442 1539 ideo
458 1506 602 1539 additur:
623 1505 761 1538 Obsecro
778 1509 816 1544 tc,
834 1515 872 1537 ize
888 1514 939 1538 me
956 1510 1122 1548 torqueas,

162 1563 214 1595 illa
237 1561 354 1594 scilicet
378 1560 513 1599 virtute,
537 1560 575 1592 de
607 1568 671 1601 qua
702 1559 876 1601 Sapientiae
908 1559 1122 1591 undecimo4:

167 1629 182 1645 «ι
195 1615 342 1648 Absentes
359 1617 390 1647 et
406 1617 587 1656 praesentes
603 1613 747 1646 similiter
761 1612 991 1655 torquebantur
1005 1626 1035 1644 ».
1054 1612 1123 1645 Ideo

162 1668 286 1702 volebat
308 1667 468 1700 Christum
486 1666 646 1706 confiteri,
663 1670 700 1699 ut
716 1667 825 1699 saltem
843 1666 1020 1699 confitendo
1037 1666 1123 1698 inve-

161 1722 244 1755 niret
260 1721 380 1763 copiam
405 1720 554 1753 evadendi
566 1732 578 1759 3-
591 1720 676 1762 quia,
693 1719 867 1761 Sapientiae
883 1719 1004 1752 decimo
1020 1723 1122 1758 sexto,

166 1788 182 1804 «
198 1779 348 1817 negantes
371 1778 401 1807 te
425 1783 516 1807 nosse
541 1773 647 1816 impii,
676 1782 732 1816 per
760 1773 975 1806 fortitudinem
1000 1772 1122 1805 brachii

162 1828 207 1862 tui
232 1828 377 1870 flagellati
403 1831 478 1861 sunt
495 1841 524 1860 ».

252 1883 303 1915 52.
329 1882 430 1923 (Vers.
456 1882 533 1922 29).
558 1881 615 1914 Sed
637 1881 714 1913 haec
731 1880 917 1922 supplicatio
934 1888 1046 1921 parum
1063 1879 1122 1911 sibi

161 1936 277 1975 valuit,
302 1945 364 1968 non
388 1938 456 1968 erat
479 1935 560 1968 enim
585 1934 780 1972 voluntaria,
813 1933 867 1966 sed
898 1935 1021 1971 coacta;
1054 1931 1122 1964 ideo

162 1989 385 2032 subiungitur:
412 1987 642 2030 Praecipicbat
664 1987 751 2019 enim
774 1986 914 2028 spiritui
936 1985 1120 2024 immundo,

161 2048 199 2077 ut
221 2043 323 2076 exiret
347 2042 389 2075 ab
421 2041 595 2079 bominc⁵;
627 2040 676 2073 cui
709 2042 876 2082 praecepto
909 2048 969 2072 non
999 2042 1122 2081 poterat

162 2097 325 2135 resistere,
350 2095 521 2129 secundum
551 2094 628 2126 illud
660 2094 834 2136 Sapientiae
865 2093 986 2125 decimo
1017 2102 1120 2125 nono:

167 2163 182 2180 «ι
206 2149 314 2182 Omnis
349 2151 496 2181 ereatura
529 2147 726 2180 deserviebat
762 2146 938 2189 praeceptis
973 2146 1054 2184 tuis,
1087 2148 1123 2178 ut

160 2203 251 2246 pueri
269 2202 314 2235 tui
339 2204 545 2235 servarentur
561 2200 659 2233 illaesi
677 2214 706 2232 n.
733 2200 802 2233 ldeo
825 2203 931 2233 autem
956 2200 1015 2232 hoc
1033 2209 1123 2242 prae-

161 2259 286 2298 ceptum
313 2255 461 2293 timebat,
486 2254 560 2297 quia
583 2254 730 2287 solatium
747 2257 794 2287 est
810 2253 973 2286 immundo
997 2253 1123 2296 spiritui

161 2309 305 2342 obsidere
328 2308 485 2341 hominem
510 2312 541 2341 et
565 2311 757 2341 tormentum
782 2307 953 2346 exhibere,
978 2307 1070 2339 iuxta
1087 2307 1123 2339 il-

161 2363 216 2395 lud
233 2362 314 2395 infra
329 2362 495 2395 undecimo
507 2362 537 2394 ⁶:
565 2375 581 2391 «
596 2361 674 2394 Cum
691 2361 874 2394 immundus
890 2360 1021 2403 spiritus
1037 2360 1124 2393 exie—

163 2416 205 2449 rit
227 2416 267 2449 ab
291 2416 434 2455 homine,
451 2416 592 2448 ambulat
617 2424 672 2457 per
697 2415 764 2448 loca
780 2415 949 2461 inaquosa,
967 2423 1124 2457 quaerens

163 2469 305 2512 requiem
322 2482 353 2509 »;
378 2473 409 2503 et
432 2469 514 2503 Beda
537 2469 568 2502 in
592 2469 716 2502 Glossa:
739 2481 755 2497 «
772 2469 976 2501 Tormentum
995 2472 1042 2501 est
1057 2468 1124 2500 dia-

2079 243 2143 275 203

1184 332 1245 365 boli
1277 333 1316 365 ab
1340 333 1475 364 hominis
1500 332 1633 364 laesione
1658 341 1797 370 cessare,
1826 336 1856 364 et
1880 336 1998 374 quanto
2027 331 2145 363 diutius

1184 386 1357 428 possideat,
1383 389 1468 418 tanto
1495 386 1653 418 difficilius
1677 386 1814 417 dimittit.
1841 385 1954 418 Caveat
1985 395 2060 427 ergo
2086 386 2146 418 lae—

1184 447 1239 471 sus
1255 448 1272 470 a
1295 439 1437 477 diabolo,
1462 442 1498 471 ut
1522 439 1583 470 cito
1600 439 1707 479 iugum
1732 439 1956 480 disrumpat».
1976 457 2017 461 —
2035 438 2092 471 Sed
2116 439 2144 470 in

1185 491 1243 523 hac
1267 491 1415 532 petitione
1441 500 1500 523 non
1521 491 1637 523 meruit
1652 490 1782 523 daemon
1808 491 1969 529 exaudiri,
1995 491 2068 532 quia
2086 500 2144 523 non

1184 548 1252 577 erat
1276 554 1317 577 ex
1342 544 1455 577 affectu
1471 543 1663 582 devotionis,
1681 544 1733 576 sed
1751 553 1791 576 ex
1811 544 2003 586 impatientia
2019 548 2050 577 et
2067 549 2144 577 stre-

1184 598 1251 640 pitu
1277 598 1443 636 clamoris;
1478 597 1664 630 Psalmu57:
1695 610 1709 625 α
1727 598 1967 636 Clamaverunt‚
2001 607 2057 630 nec
2081 603 2147 630 erat

1185 651 1238 692 qui
1264 651 1366 683 salvos
1390 650 1506 683 faceret
1522 664 1552 682 ».

1275 704 1326 736 53.
1353 705 1376 735 T
1379 704 1458 736 ertio
1483 707 1636 746 quantum
1655 703 1692 735 ad
1710 704 1867 745 impetum
1888 703 2099 746 fortitudinis
2117 706 2146 738 in
2162 709 2298 758 {gremiffim

1185 757 1334 790 daemone
1368 758 1532 790 resistente
1564 757 1721 789 humanae
1739 755 1889 799 [ligationi
1923 758 2146 800 subiungitur:

1186 810 1298 843 Multis
1329 811 1415 843 enim
1444 810 1646 852 temporibus
1669 810 1856 852 arripiebat
1880 811 2001 850 cumfl,
2031 812 2148 844 scilicet

1186 864 1305 906 impetu
1321 864 1530 902 fortitudinis,
1548 864 1598 896 cui
1613 873 1673 896 non
1688 867 1809 905 poterat
1825 864 1971 897 obsessus
1985 865 2146 903 resistere3

1186 918 1277 950 iuxta
1307 917 1390 959 quod
1422 917 1538 950 dicitur
1562 917 1600 950 de
1632 917 1724 950 Saule
1755 918 1846 959 primi
1882 919 1998 960 Regum
2028 918 2148 952 decimo

1185 976 1305 1009 octavo,
1319 971 1402 1012 quod
1422 984 1436 998 a
1450 971 1580 1012 spiritus
1594 971 1715 1003 Domini
1730 972 1832 1004 malus
1845 972 2016 1013 arripiebat
2029 973 2101 1005 Saul
2117 988 2146 1005 ».

1187 1025 1245 1057 Sed
1270 1025 1355 1057 hunc
1378 1025 1469 1057 aliter
1492 1034 1586 1066 quam
1612 1025 1703 1063 Saul,
1728 1025 1803 1067 quia
1827 1025 1877 1057 ille
1908 1025 2082 1058 leniebatur
2107 1027 2148 1059 ci-

1187 1079 1296 1117 thara,
1313 1078 1364 1110 hic
1380 1081 1484 1110 autem
1502 1087 1564 1110 non
1581 1081 1703 1119 poterat
1719 1078 1850 1111 detineri
1868 1082 1985 1111 catena.
2005 1098 2047 1102 —
2064 1079 2148 1112 Unde

1186 1132 1312 1164 additur
1328 1144 1334 1164 :
1354 1133 1393 1164 Et
1410 1131 1615 1164 vinciebatur
1632 1132 1774 1170 catenis,
1792 1136 1945 1174 quantum
1964 1133 2001 1165 ad
2018 1142 2147 1171 manus,

1186 1184 1395 1227 compedibus
1426 1185 1654 1223 custoditus⁹‚
1680 1189 1834 1227 quantum
1860 1185 1897 1218 ad
1924 1186 2034 1227 pedes,
2064 1187 2146 1228 quod

1186 1242 1254 1271 erat
1270 1238 1479 1271 retinaculum
1497 1238 1586 1271 valde
1603 1238 1701 1277 sorte,
1720 1239 1810 1271 iuxta
1826 1239 1902 1271 illud
1922 1240 2049 1271 Psalmi:
2073 1254 2088 1267 a
2106 1241 2146 1273 Ad

1186 1291 1357 1332 alligandos
1382 1300 1471 1333 reges
1492 1300 1601 1323 eorum
1620 1291 1650 1323 in
1673 1291 1876 1333 compedibus
1901 1295 1931 1324 et
1955 1292 2073 1325 nobiles
2097 1302 2148 1325 eo-

1187 1353 1258 1376 rum
1276 1344 1306 1376 in
1326 1344 1454 1376 manicis
1475 1344 1586 1376 ferreis
1603 1358 1632 1376 n.
1652 1363 1694 1367 —
1712 1344 1747 1376 Et
1765 1344 1835 1377 licet
1858 1348 1918 1377 tam
1943 1345 2023 1377 forte
2047 1350 2147 1384 esset,

1187 1405 1248 1428 non
1266 1400 1388 1438 poterat
1400 1396 1556 1429 sustinere
1575 1397 1725 1438 impetum
1744 1397 1936 1429 fortitudinis
1959 1397 2146 1436 dial)olicae;

1187 1453 1316 1491 propter
1333 1450 1416 1492 quod
1441 1449 1546 1482 addit:
1574 1451 1613 1482 Et
1629 1450 1739 1492 ruptis
1756 1450 1913 1489 vinculis,
1940 1451 2102 1493 ayebatztr
2126 1462 2146 1484 a

1187 1503 1360 1536 daemon-170
1386 1504 1420 1536 in
1444 1504 1569 1536 deserto
1584 1504 1618 1535 ¹⁰.
1654 1504 1684 1536 ln
1714 1513 1778 1546 quo
1801 1504 1977 1537 ostenditur
2001 1506 2149 1546 superbia

1187 1561 1218 1590 et
1234 1557 1363 1589 audacia
1386 1557 1518 1596 diaboli,
1536 1557 1589 1599 qui
1608 1557 1702 1590 nullis
1720 1558 1901 1591 retinaculis
1926 1562 2047 1600 poterat
2071 1559 2148 1591 deti-

1188 1611 1273 1650 neri,
1298 1611 1389 1643 iuxta
1414 1611 1489 1643 illud
1515 1611 1661 1643 leremiae
1686 1611 1840 1643 secundo:
1865 1625 1879 1639 «
1897 1613 1916 1643 A
1935 1612 2060 1644 saeculo
2077 1621 2149 1645 con-

1187 1665 1305 1707 fregisti
1331 1665 1439 1707 iugum
1465 1674 1588 1704 meum,
1621 1665 1733 1707 rupisti
1768 1665 1893 1698 vincula
1909 1679 1939 1697 ».
1966 1666 2014 1698 Sic
2038 1666 2148 1708 utique·

1187 1718 1305 1751 faciunt
1328 1718 1456 1760 superbi
1483 1718 1655 1751 imitatores
1678 1718 1802 1757 diaboli,
1828 1722 1937 1751 contra
1964 1729 2044 1761 quos
2070 1719 2149 1752 lere-

1186 1772 1282 1810 mias,
1315 1772 1425 1813 quinto
1440 1773 1475 1810 ¹²,
1507 1771 1639 1813 loquens
1671 1772 1709 1804 de
1740 1772 1956 1814 principibus:
1987 1786 2002 1801 α
2023 1773 2148 1806 Confre-

1186 1828 1301 1866 gerunt
1324 1825 1452 1867 iugum,
1484 1829 1641 1866 ruperunt
1674 1825 1799 1857 vincula
1823 1839 1854 1864 »‚
1880 1826 1998 1858 scilicet
2028 1826 2148 1859 divino-

1187 1887 1258 1910 rum
1283 1881 1545 1919 praeceptorum3
1571 1887 1642 1911 cum
1669 1882 1770 1911 tamen
1796 1879 1919 1912 dicatur
1944 1879 2145 1913 Ecclesiastici

1192 1936 1300 1965 sexto:
1331 1944 1347 1961 α
1373 1932 1464 1965 Iniice
1490 1932 1598 1974 pedem
1632 1937 1722 1966 tuum
1748 1934 1778 1965 in
1803 1933 1968 1974 compedes
1992 1934 2092 1973 illius,
2117 1940 2147 1968 et

1185 1995 1225 2019 ne
1248 1986 1399 2019 acedieris
1423 1986 1556 2019 vinculis
1578 1987 1646 2019 eius
1661 2000 1689 2017 ».
1716 1986 1774 2018 Sed
1791 1986 1985 2019 tolerabilius
2009 1990 2056 2019 est
2076 1996 2146 2028 pec-

1186 2040 1282 2073 catori
1316 2040 1442 2072 obsesso
1466 2049 1484 2072 a
1515 2039 1638 2072 diabolo
1670 2039 1780 2082 agitari
1813 2039 1844 2072 in
1877 2039 2018 2079 deserto,
2051 2049 2144 2082 quarn

1186 2093 1253 2126 istis
1277 2093 1411 2126 vinculis
1434 2092 1620 2134 coinpediri;
1638 2092 1690 2125 lob
1707 2093 1923 2135 trigesim012:
1954 2106 1969 2121 «
1985 2093 2016 2125 In
2042 2093 2146 2126 deser—

1187 2147 1227 2179 tis
1260 2147 1401 2179 habitant
1424 2146 1613 2179 torrentium
1646 2150 1676 2178 et
1709 2146 1738 2178 in
1767 2147 1910 2179 cavernis
1940 2151 2060 2185 terrae,
2093 2148 2145 2189 qui

1187 2201 1217 2233 in
1249 2200 1428 2233 huiusmodi
1462 2200 1659 2233 laetabantur
1683 2204 1714 2233 et
1737 2209 1805 2233 esse
1832 2201 1892 2233 sub
1924 2201 2066 2234 sentibus
2096 2201 2148 2234 de-

1187 2254 1273 2287 licias
1297 2254 1568 2295 computabant».

1278 2307 1328 2339 54.
1355 2307 1456 2348 (Vers.
1482 2307 1558 2347 30.).
1584 2307 1703 2348 Quarto
1732 2316 1808 2339 vero
1839 2311 1993 2349 quantum
2027 2307 2065 2340 ad
2097 2317 2148 2340 co-

1187 2361 1343 2394 mitatum.
1366 2360 1592 2392 multitudini-5
1617 2360 1646 2392 in
1670 2360 1821 2393 daemone
1853 2360 2061 2402 respondente
2093 2361 2147 2393 do-

1188 2414 1320 2447 minicae
1335 2413 1572 2456 interrogationi
1597 2414 1819 2456 subiungitur:
1843 2415 2064 2457 Interroyavic
2087 2425 2149 2447 au-

1189 2472 1251 2501 tem
1267 2467 1363 2500 illum
1379 2468 1473 2500 lesus
1488 2468 1619 2500 dicens.-
1639 2468 1733 2509 Quod
1753 2467 1812 2501 tibi
1830 2478 1948 2501 nomen
1963 2468 2031 2500 est?
2050 2469 2149 2510 ipsius

235 2672 243 2687 ¹
265 2674 340 2700 Vers.
355 2674 396 2699 15.
409 2675 436 2698 et
450 2672 491 2698 14.
504 2686 539 2691 -—
553 2671 670 2698 Subinde
683 2672 828 2704 allegantur
841 2671 916 2698 Eccli.
931 2673 971 2704 13,
985 2672 1027 2697 21.
1042 2674 1067 2697 et
1080 2672 1123 2697 22.

234 2716 244 2732 ²
265 2718 338 2744 Vers.
359 2717 407 2748 48,
432 2717 474 2743 cui
503 2716 672 2748 subiungitur
700 2717 786 2742 Matth.
810 2718 855 2748 12,
875 2716 918 2742 24.
937 2730 972 2736 -
992 2716 1123 2742 Sententia

163 2763 250 2789 Bedae
269 2762 381 2788 habetur
400 2762 437 2788 lll.
457 2762 484 2787 in
502 2762 564 2787 Luc.
586 2762 616 2793 8,
635 2762 683 2794 28,
713 2761 759 2787 ubi
788 2762 843 2787 istis
872 2761 961 2788 verbis
983 2761 1125 2794 praemitti-

164 2810 222 2833 tur:
242 2807 343 2839 Quanta
372 2806 426 2832 Arii
452 2806 557 2831 vesania
583 2806 666 2831 lesum
686 2808 833 2831 creaturam
853 2809 879 2832 et
897 2813 948 2831 nou
968 2806 1052 2831 Deum
1072 2811 1125 2830 cre-

164 2851 241 2882 dere,
260 2857 341 2884 quem
360 2850 452 2876 Filium
472 2850 517 2876 Dei
542 2850 660 2876 altissimi
684 2849 826 2876 daemones
846 2849 961 2876 credunt
978 2851 1002 2876 et
1021 2850 1126 2876 contre-

163 2895 282 2922 miscunt
301 2893 361 2928 [lac.
381 2895 410 2926 2,
435 2894 502 2928 19.]1

235 2938 246 2953 ⁸
266 2939 339 2965 Vers.
359 2940 384 2964 5.
403 2953 439 2958 -
457 2940 581 2972 Sequitur
601 2941 650 2965 lac.
670 2941 700 2971 2,
721 2941 762 2966 19.

235 2983 247 2997 ⁴
265 2984 340 3010 Vers.
361 2985 409 3014 -l2,
428 2987 488 3016 post
506 2991 587 3017 quem
608 2985 668 3016 Sap.
690 2985 738 3016 16,
759 2985 801 3010 16.
821 2998 855 3002 -·
874 2984 1002 3016 Superius
1014 2990 1063 3015 pro
1076 2982 1125 3009 illa

164 3028 265 3056 scilicet
281 3027 380 3054 virtute
400 3028 421 3053 D
439 3030 488 3054 tua
505 3028 617 3061 virtute,
637 3029 659 3054 Η
677 3028 777 3055 virtute
795 3028 896 3055 scilicet
905 3027 1039 3062 potentiae
1053 3029 1125 3054 tuae.

236 3071 247 3086 ¹⁵
266 3071 349 3098 Codd.
369 3071 419 3098 AC
431 3072 483 3098 DG
502 3072 663 3099 substituunt
691 3072 716 3099 ei
742 3080 791 3105 pro
812 3072 923 3106 spiritui
940 3070 1079 3098 immundo
1099 3074 1125 3097 et

165 3118 287 3144 omittunt
304 3116 338 3143 ab
356 3116 473 3143 homine.
491 3131 527 3137 —
546 3117 663 3143 Subinde
681 3117 807 3149 allegatur
826 3117 887 3150 Sap.
907 3117 955 3147 19,
975 3117 1001 3142 6.

236 3160 248 3176 ⁶
268 3162 342 3187 vers.
361 3161 404 3186 24.
423 3174 459 3180 -
477 3162 564 3188 Bedae
582 3162 709 3188 sententia
729 3161 840 3188 habetur
858 3162 886 3187 in
904 3162 994 3187 Glossa
1015 3159 1125 3187 ordina-

165 3206 211 3234 ria
229 3207 254 3233 in
273 3207 334 3233 Luc.
354 3207 385 3237 8,
404 3206 453 3237 28,
473 3205 498 3232 in
517 3206 593 3233 cuius
617 3207 669 3233 ssne
687 3207 710 3232 H
729 3213 791 3232 cum
819 3209 888 3232 textu
915 3206 1053 3238 originali:
1078 3204 1125 3232 Ga-

165 3253 227 3279 veat
243 3257 308 3286 erqo
335 3249 434 3285 aliquis
454 3249 571 3277 laesus...
589 3252 620 3278 ut
638 3250 690 3277 cito
709 3250 767 3277 eius
791 3250 888 3285 iugum
908 3250 1071 3284 disrumpat.
1091 3264 1125 3269 ——

168 3296 295 3329 Superius
313 3298 373 3328 post
391 3295 441 3322 hoc
455 3297 631 3329 praeceptum
649 3296 669 3321 B
688 3295 762 3321 addit
779 3294 907 3322 emeandi.

238 3339 248 3355 '
268 3341 362 3367 Psalm.
383 3341 430 3371 17,
450 3339 492 3366 42.
511 3353 547 3359 -—
566 3341 693 3372 Superius
711 3339 730 3366 C
741 3340 825 3366 DGH
843 3340 967 3366 omittunt
984 3335 1113 3366 daemon.-

238 3383 250 3399 θ
269 3386 381 3418 Vulgata
400 3387 425 3411 et
444 3385 501 3417 Vat.
521 3383 600 3411 illum
629 3384 729 3418 (plures
755 3384 833 3411 codd.
855 3384 1025 3419 arripiebant
1042 3383 1125 3417 eum).

168 3444 203 3450 —
222 3430 345 3463 Sequitur
364 3430 379 3456 l.
400 3430 464 3461 neg.
486 3429 533 3460 18,
554 3429 587 3454 10
598 3440 605 3461 ;
625 3429 689 3456 ibid.
708 3429 755 3462 16,
776 3430 827 3455 23:
847 3429 927 3461 lgitur
946 3430 1126 3462 quandocum-

1187 2679 1239 2704 que
1258 2671 1365 2704 spiritus
1385 2671 1488 2697 Domini
1509 2671 1593 2696 malus
1611 2669 1753 2702 arripiebat
1773 2671 1848 2702 Saul,
1875 2670 1959 2695 David
1985 2670 2090 2695 tollebat
2116 2670 2150 2695 ci-

1187 2717 1288 2741 tharam
1308 2719 1334 2741 et
1353 2715 1515 2748 percutiebat
1534 2722 1613 2741 manu
1633 2722 1689 2745 sua,
1702 2718 1728 2740 et
1741 2714 1934 2740 refocillabatur
1955 2715 2014 2741 Saul
2029 2718 2054 2739 et
2067 2715 2149 2740 levius

1188 2760 1316 2792 liabebat3
1336 2760 1477 2787 recedebat
1494 2761 1564 2786 enim
1584 2760 1618 2785 ab
1637 2767 1669 2785 eo
1688 2759 1796 2792 spiritus
1816 2760 1908 2785 malus.

1257 2803 1268 2818 ⁹
1290 2805 1414 2837 Vulgata,
1434 2812 1515 2838 quain
1534 2807 1680 2837 sequuntur
1699 2804 1721 2829 H
1741 2807 1766 2829 et
1787 2805 1859 2835 Vat..
1879 2805 1905 2830 et
1923 2803 2093 2838 compedibus
2107 2811 2151 2831 czt-

1187 2849 1301 2876 stodilas
1322 2850 1357 2883 (A
1370 2849 1389 2876 C
1401 2850 1421 2875 D
1432 2850 1452 2874 G
1472 2848 1644 2878 custoditur).
1654 2862 1689 2867 —
1701 2848 1819 2874 Subinde
1838 2848 1966 2880 allegatur
1990 2849 2029 2873 ΡΞ.
2045 2848 2110 2881 449,
2125 2849 2149 2874 8.

1261 2892 1282 2908 ¹⁰
1302 2895 1336 2920 lta
1356 2894 1434 2920 etiam
1454 2894 1537 2925 Beda,
1551 2894 1578 2918 B.
1598 2892 1693 2918 Albert.
1708 2896 1733 2917 et
1751 2893 1884 2924 Lyranus;
1906 2893 2018 2924 Vulgata
2038 2891 2151 2918 deserta.

1188 2946 1224 2958 -’
1243 2939 1366 2972 Sequitur
1385 2939 1432 2964 ier.
1453 2939 1483 2969 2,
1504 2938 1546 2963 20.
1570 2952 1603 2956 -
1623 2937 1751 2969 Superius
1770 2936 1882 2962 vocibus
1901 2943 1955 2963 nou
1973 2938 2079 2970 poterat
2093 2937 2150 2962 vat.
2179 2955 2183 2958 ,

1189 2984 1312 3016 praefigit
1330 2985 1420 3010 tamen
1438 2982 1528 3009 adhuc
1547 2982 1578 3015 (H
1598 2982 1661 3014 legit
1673 2988 1728 3007 uon
1737 2982 1847 3015 poterut
1859 2981 1976 3013 mmen),
1990 2988 2059 3014 quae
2072 2981 2150 3006 etiam

1189 3028 1296 3054 inferius
1315 3032 1375 3060 post
1394 3026 1442 3061 qui
1461 3026 1546 3053 nullis
1575 3026 1744 3058 prosequitur
1763 3024 1849 3052 obedit
1869 3032 1916 3051 uec
1935 3025 2093 3051 retinaculis
2119 3027 2150 3052 te-

1189 3072 1252 3100 neri
1264 3074 1353 3106 potest
1370 3075 1419 3098 etc.

1262 3116 1282 3131 ¹¹
1303 3117 1379 3143 Vers.
1398 3117 1428 3147 5,
1449 3119 1507 3148 post
1526 3122 1605 3148 quem
1627 3115 1703 3140 Eccli.
1723 3115 1753 3146 (3,
1774 3114 1815 3140 25.
1836 3121 1889 3147 seq.
1905 3114 1944 3139 Du
1959 3113 2061 3146 Cange,
2082 3114 2150 3139 Glos-

1189 3163 1288 3189 sarium
1308 3165 1371 3188 etc.:
1391 3160 1501 3193 Media,
1521 3159 1638 3191 accidia,
1657 3158 1789 3191 acicizari,
1808 3158 1954 3185 acidiosus.
1973 3157 2086 3190 Acedia,
2101 3162 2150 3184 tae-

1190 3207 1291 3233 dium...
1310 3205 1434 3237 Accidia‚
1454 3205 1581 3231 tristitia...
1601 3203 1740 3235 Acediari,
1768 3203 1926 3235 indignari...
1948 3203 2057 3234 Papias:
2079 3202 2150 3229 Acci-

1190 3251 1275 3283 ἀίω-ι’,
1295 3249 1470 3281 stomachari;
1490 3249 1560 3274 unde
1579 3247 1697 3280 accidia,
1717 3254 1786 3281 quae
1805 3250 1844 3273 est
1863 3247 1978 3273 taedium
2001 3247 2081 3272 animi
2101 3251 2149 3272 etc.

1261 3294 1283 3310 ¹⁹
1303 3296 1378 3321 Vers.
1398 3295 1422 3320 6.
1441 3297 1467 3320 et
1484 3293 1510 3319 7.
1531 3293 1643 3324 Vulgata
1662 3291 1820 3319 habitabant
1843 3299 1891 3324 pro
1915 3290 2051 3322 habitam,
2072 3291 2149 3317 codd.

1189 3340 1312 3368 omittunt
1339 3338 1434 3364 deinde
1458 3336 1621 3364 torrentium
1647 3337 1708 3370 (etr.
1733 3343 1814 3369 supra
1839 3343 1864 3361 n.
1892 3336 1933 3361 18.
1961 3336 1987 3361 111
2011 3335 2075 3367 flne,
2105 3334 2149 3360 ubi

1189 3383 1350 3410 substituunt
1368 3381 1512 3415 montium)
1519 3391 1530 3414 ‚·
1549 3380 1662 3408 subinde
1681 3388 1730 3413 pro
1745 3380 1794 3415 qui
1811 3380 1839 3413 in
1860 3379 2017 3407 huiusmodi
2037 3380 2149 3411 Vulgata

1189 3428 1238 3463 qui
1255 3427 1325 3455 inter
1344 3426 1539 3454 huiuscemodi.

2176 1508 2281 1535 Superbia

2169 1534 2287 1556 daemonis.

2167 2306 2197 2327 De
2211 2307 2314 2327 comitatu

2181 2333 2299 2354 multitudi-
