2427 3872
405 242 462 269 DlV

114 287 304 321 possidentium
323 286 477 313 confodiunt
503 285 566 312 ibid.
585 299 621 306 -
638 285 753 312 reddunt

114 331 252 359 sollicitum
281 337 461 364 possessorem
487 329 538 357 317
564 330 597 356 27
615 343 652 350 -
667 328 753 362 'spinis

113 378 301 409 comparantur
321 374 372 401 495
392 375 426 400 20
444 388 480 394 -
498 376 621 407 pungunt
643 373 678 400 ad
697 380 753 400 mo-

107 421 179 447 ·dum
198 420 333 453 spinarum
354 419 405 445 463
425 418 458 445 42

165 479 202 483 -
219 463 361 490 Laboriosa
374 462 521 489 sollicitudo
534 462 685 488 divitiarum
698 468 752 487 non

113 509 235 542 prodest,
254 508 336 534 immo
354 506 430 534 obest
449 507 482 533 vl
500 506 534 533 27
548 514 576 532 ν.
594 507 628 532 22
647 519 683 525 -
700 512 751 532 non

113 554 225 586 prosunt
253 551 304 578 207
324 559 351 577 ν.
371 552 404 577 42
423 565 459 570 -
476 558 528 577 non
547 552 670 583 prosunt,
689 550 751 582 quia

112 599 305 623 consumuntur
333 595 366 621 46
385 603 411 621 ν.
432 595 465 620 40
484 608 519 614 -
537 594 693 620 Divitiarum
718 593 752 618 ia-

113 641 209 669 etantia
228 639 317 672 impiis
335 639 399 665 nibil
418 639 528 671 prodest
547 638 598 664 440
616 645 643 663 ν.
663 639 678 663 8

164 698 201 704 -
219 685 318 711 Divites
345 684 383 710 sic
410 685 574 714 saturantur,
599 684 628 708 ut
645 688 751 714 semper

113 731 257 756 tumescant
269 729 313 755 Vll
327 728 378 754 224
398 728 432 754 27
451 741 486 747 -—
503 727 627 753 Amantes
645 726 751 753 divitias

113 776 227 802 trucium
246 780 298 799 non
317 773 421 805 capient
447 779 478 798 ex
504 772 544 798 eis
563 771 597 797 27
616 778 643 796 ν.
662 771 695 796 23
715 783 750 789 -

112 817 301 845 custodiendae
319 819 394 848 sunt,
407 819 436 843 ut
447 816 632 848 dispergantur
646 815 680 841 30
693 821 720 840 ν.
734 814 749 839 6

110 878 146 887 —
165 862 274 889 Divitiae
292 868 345 887 non
364 861 423 894 plus
441 863 552 893 prosunt
575 860 650 886 diviti
669 865 749 892 quam

112 907 170 933 aliis
190 906 223 933 47
236 914 262 933 v.
277 906 309 932 40
328 919 364 925 —-
382 905 462 931 Dives
479 912 511 931 ex
529 904 628 931 divitiis
640 911 692 930 non
705 905 751 929 lia-

111 951 157 978 bet
166 952 278 977 fructum
293 956 357 983 prae
368 950 438 982 aliis,
453 949 534 975 immo
547 949 674 975 damnum
688 947 749 975 ibid.

111 1010 147 1015 —
165 995 264 1022 Divites
282 1001 334 1020 non
352 995 459 1027 capiunt
481 995 609 1025 fructum,
628 993 676 1019 sed
695 999 751 1019 ma-

111 1040 153 1073 gis
171 1040 298 1066 damnum
319 1039 334 1065 4
354 1039 369 1064 9
642 1072 647 1075 Ι

164 1097 200 1103 -
218 1084 297 1110 Dives
316 1090 377 1109 cum
396 1083 487 1109 dolore
505 1082 610 1109 divitias
622 1083 751 1115 relinquet

112 1129 147 1154 Vl
173 1128 205 1154 48
225 1135 252 1154 v.
271 1128 304 1153 43
325 1141 358 1146 -
377 1134 431 1153 non
449 1130 549 1153 tantum
568 1127 750 1160 relinquuntur

111 1176 127 1198 a
146 1172 268 1203 domino,
288 1171 336 1198 sed
354 1171 508 1197 amittuntur
526 1178 541 1196 a
560 1171 612 1196 iilio
632 1170 694 1197 ibid.
715 1184 750 1190 —

110 1211 281 1245 conservatae
299 1222 353 1242 non
379 1216 564 1248 relinquuntur
587 1215 677 1241 heredi
702 1222 750 1241 nec

110 1260 241 1294 asportari
259 1267 275 1286 a
298 1267 451 1293 possessore
478 1262 590 1292 possunt
616 1258 650 1286 ib.
670 1267 696 1285 v.
717 1259 749 1285 14

109 1318 147 1325 -
165 1311 226 1331 cum
250 1307 441 1330 conservantur
468 1304 514 1330 diu
542 1311 557 1329 a
584 1307 673 1336 patre,
698 1311 750 1330 non

110 1351 248 1375 remanent
267 1349 318 1375 tilio
338 1348 371 1374 47
391 1355 417 1373 ν.
438 1349 470 1374 42
489 1362 524 1367 -
543 1355 595 1374 non
620 1348 750 1374 transmit-

109 1396 200 1420 tuntur
219 1392 368 1427 frequenter
386 1393 420 1418 ad
439 1396 560 1425 posteros
571 1391 634 1418 ibid.
647 1392 680 1418 50
694 1400 722 1418 v.
735 1394 744 1418 -1

112 1452 148 1457 —
175 1439 323 1470 trequenter
351 1437 527 1463 devolvuntur
554 1437 589 1462 ad
615 1439 750 1462 extraneos

111 1482 147 1508 50
166 1489 194 1508 v,
214 1482 223 1508 t
245 1495 282 1501 —
300 1482 407 1507 Vanitas
426 1484 478 1513 est,
506 1481 579 1514 quod
598 1481 664 1506 alius
683 1481 750 1506 divi-

111 1526 333 1560 tias⁰90nservat,
351 1529 377 1552 et
395 1526 462 1551 alius
486 1532 531 1550 eas
558 1525 669 1550 devorat
687 1523 750 1556 ibid.

111 1585 146 1589 -
165 1570 274 1596 Divitias
293 1570 386 1596 iniuste
399 1565 524 1595 acervahs
537 1571 682 1601 congregat
692 1568 750 1594 aliis

111 1614 145 1642 ib.
164 1622 190 1640 ν.
211 1615 226 1640 2
254 1629 290 1633 -
317 1614 428 1641 Divitias
453 1616 627 1646 congregatas
655 1613 749 1646 perdet

112 1660 192 1686 homo
212 1659 239 1685 in
257 1662 341 1685 morte
363 1659 397 1684 30
417 1666 442 1684 v.
462 1659 478 1684 6
497 1662 533 1676 '—
551 1659 704 1684 auferuntur
722 1658 749 1683 in

111 1703 163 1729 sine
181 1704 251 1729 vitae
269 1703 322 1729 6l7
340 1703 357 1729 7

164 1762 200 1766 -
218 1742 308 1774 Nullus
320 1750 428 1780 propter
440 1747 630 1773 abundantiam
649 1747 751 1773 divitia-

111 1799 170 1818 rum
192 1792 282 1818 vivere
301 1795 387 1824 potest
405 1792 503 1818 diutius
522 1792 566 1818 Vll
586 1792 637 1817 317
657 1792 691 1817 25

164 1850 200 1856 -
219 1837 324 1863 Pondus
342 1836 494 1862 divitiarum
524 1837 602 1862 trahit
624 1836 750 1862 deorsum

112 1881 157 1907 Vll
187 1880 237 1906 464
268 1881 299 1906 44
320 1895 355 1900 -
373 1888 427 1906 non
455 1883 566 1913 possunt
593 1880 751 1913 congregari

111 1924 167 1951 sine
187 1925 254 1951 malo
274 1932 374 1958 poenae
401 1928 427 1951 et
453 1925 546 1957 culpae
564 1925 598 1950 Vl
618 1925 651 1950 48
670 1932 696 1950 ν.
718 1925 750 1950 42

111 1982 147 1988 -
166 1969 238 1995 Multi
269 1976 284 1995 e
304 1969 387 1995 ditant
405 1975 452 2001 per
471 1968 622 1995 iniustitiam
641 1972 667 1994 et
685 1969 752 2001 rapi-

112 2020 173 2039 nam
194 2013 245 2039 174
264 2021 290 2039 v.
311 2014 344 2039 40
363 2028 398 2032 -
418 2015 567 2046 frequenter
584 2012 689 2051 ohabent
707 2013 752 2039 ini-

111 2058 239 2091 quitatem
257 2064 383 2083 annexam
406 2058 447 2084 Vll
467 2057 518 2083 408
540 2057 573 2083 14
588 2049 597 2054 “

165 2116 199 2121 -
227 2102 366 2128 Amantem
393 2102 498 2128 divitias
527 2101 689 2134 impossibiie
713 2105 753 2128 est

113 2147 223 2172 introire
250 2146 276 2172 in
304 2147 405 2173 caelum
434 2147 466 2173 Vl
496 2146 529 2172 47
553 2154 581 2180 q.
598 2161 634 2165 —
652 2146 751 2172 Divites

113 2191 182 2223 pleni
202 2191 300 2217 divitiis
317 2198 368 2217 non
389 2191 484 2217 intrant
502 2198 550 2223 per
568 2191 665 2217 ostium
682 2191 752 2218 Chri-

115 2238 186 2261 stum
205 2235 257 2261 385
278 2236 305 2261 44
323 2250 358 2255 -
370 2236 449 2262 Dives
462 2236 537 2261 facile
549 2235 639 2262 incidit
651 2235 678 2261 in
691 2235 752 2268 pec-

114 2282 202 2305 catum
222 2279 255 2305 47
274 2287 300 2305 ν.
321 2280 354 2305 40
373 2291 408 2299 -
426 2280 506 2307 Dives
523 2282 570 2310 aut
588 2283 627 2306 est
646 2280 752 2313 iniquus

114 2326 160 2349 aut
184 2325 260 2350 lieres
284 2324 366 2357 iniqui
397 2325 439 2350 vn
468 2324 519 2350 287
548 2324 582 2350 34
601 2338 637 2344 -
656 2324 753 2350 Divites

114 2374 207 2394 omnes
226 2368 250 2393 in
270 2368 387 2400 periculo
406 2368 580 2394 damnationis
592 2375 650 2405 esse
664 2368 754 2394 viden-

115 2414 158 2438 tur
176 2411 228 2438 464
248 2412 290 2438 44.
310 2412 361 2439 465
382 2412 415 2439 45
428 2426 463 2432 —
476 2412 610 2438 Difficilius
628 2415 667 2438 est
679 2411 754 2438 diviti

113 2456 210 2482 salvari
228 2464 309 2490 quam
328 2457 438 2489 pauperi
457 2457 490 2483 59
510 2464 536 2490 q.
557 2457 567 2482 4

169 2514 205 2521 -
223 2501 294 2527 Deus
313 2500 444 2535 aliquibus
463 2501 508 2527 dat
525 2501 643 2534 divitias,
656 2499 754 2534 quilius

116 2551 169 2570 non
189 2545 234 2570 dat
252 2545 361 2570 salutem
380 2552 430 2571 nec
448 2546 564 2579 quietem
586 2545 620 2571 Vl
640 2544 673 2570 49
693 2552 722 2578 q.
738 2544 753 2570 4

116 2602 151 2608 -
165 2589 227 2615 nihil
240 2591 351 2621 prosunt
363 2596 459 2621 avaro,
472 2590 532 2622 quia
547 2589 662 2615 animam
679 2596 753 2615 suam

115 2632 161 2659 dat
185 2640 234 2666 pro
262 2634 373 2666 pecunia
398 2633 430 2660 46
453 2641 480 2659 v.
499 2634 514 2659 9
533 2647 569 2653 -
587 2634 637 2667 Qui
657 2633 755 2659 divitiis

117 2678 319 2710 multiplicandis
331 2677 488 2704 incumbunt
500 2678 605 2704 alterius
614 2678 684 2704 vitae
694 2684 755 2709 gau-

117 2721 160 2747 dia
179 2724 349 2748 contemnunt
369 2722 411 2748 Vll
431 2721 482 2747 464
503 2721 535 2747 43

168 2780 203 2785 —
216 2766 284 2792 Vitia
297 2765 409 2792 divitum
422 2768 482 2792 sunt
494 2766 666 2798 negligentia,
680 2766 754 2797 gula,

117 2810 224 2842 crapula
238 2813 263 2836 ct
275 2810 381 2836 lascivia
394 2810 437 2836 Vll
452 2810 502 2836 318
516 2810 550 2835 29
564 2824 597 2828 -
611 2810 662 2842 Qui
675 2808 755 2835 abun-

117 2854 163 2881 dat
189 2854 288 2881 divitiis
316 2856 404 2880 horret
431 2846 569 2886 penuriam
593 2853 755 2886 paupertatis

118 2898 169 2924 463
190 2898 223 2924 42
241 2912 277 2918 -
295 2899 375 2925 Dives
392 2897 518 2930 indigenti
537 2904 590 2923 non
608 2897 674 2923 dans
692 2897 756 2923 elee-

117 2949 257 2975 mosynam
270 2950 396 2975 magnum
410 2942 470 2968 iacit
481 2944 618 2974 peccatum
638 2941 685 2967 251
704 2941 753 2967 408

116 3000 154 3006 -
174 2987 337 3020 iniquitatem
357 2987 474 3019 pariunt,
493 2985 544 3012 nisl
566 2985 755 3011 distribuantur

119 3030 169 3056 408
200 3030 232 3056 44
260 3044 295 3050 -
323 3032 372 3057 Eas
399 3030 532 3057 distribuit
554 3030 601 3063 qui
622 3029 756 3055 servitutis

118 3075 231 3102 excussit
249 3075 341 3107 iugum
361 3078 390 3101 ut
407 3075 530 3101 dominus
549 3073 595 3099 414
619 3073 653 3099 24

174 3132 208 3138 -—
226 3122 272 3145 aut
290 3119 334 3145 vix
347 3122 391 3146 aut
403 3123 541 3152 nunquam
553 3117 655 3150 absque
667 3124 758 3144 amore

120 3163 208 3189 valent
235 3163 365 3196 possideri
384 3163 418 3189 Vl
438 3163 472 3189 47
490 3170 519 3196 q.
537 3162 581 3188 Vll
601 3161 652 3188 464
671 3161 703 3188 43
722 3175 758 3182 --

121 3207 258 3233 difficulter
270 3209 472 3234 contemnuntur
482 3207 524 3233 Vll
535 3206 585 3233 464
601 3205 632 3232 43
646 3220 681 3225 -
694 3206 760 3232 Pau-

122 3251 219 3279 cissimi
244 3251 349 3278 divitias
376 3253 490 3284 perfecte
517 3253 689 3278 contemnunt
708 3249 759 3276 465

124 3295 158 3321 45
175 3309 211 3315 -
230 3295 310 3322 tutius
328 3298 367 3323 est
385 3295 490 3323 divitias
516 3302 565 3322 nec
588 3294 687 3322 habere
711 3301 760 3321 ncc

121 3345 211 3369 amare
230 3339 281 3366 464
301 3339 334 3366 43

780 197 818 230 IN
840 195 1132 230 COMMENTARiOS
1155 196 1184 229 S.
1210 196 1434 229 SCRlPTURAE

841 298 877 305 —·
895 285 1014 318 Quatuor
1031 287 1092 311 sunt
1111 284 1272 310 differentiae
1290 285 1425 310 nominum

789 336 852 361 erga
871 329 977 355 divitias
990 329 1032 355 Vll
1053 327 1104 354 464
1118 328 1151 354 43
1165 342 1200 347 -
1213 328 1354 361 Quomodo
1368 335 1427 354 san-

789 374 823 399 cti
842 373 1006 399 Patriarchae
1019 372 1158 398 habuerint
1177 372 1281 398 divitias
1299 372 1333 399 ib.
1348 372 1381 398 44
1392 386 1427 392 —-

789 418 846 444 Viri
856 417 915 444 iusti
928 421 954 443 et
966 417 1075 450 perfecti
1084 416 1222 443 Christiani
1233 417 1353 443 contrarii
1367 419 1427 443 sunt

789 462 886 489 divitiis
905 462 956 488 463
976 461 1009 487 42

841 520 878 526 -
897 505 1005 531 Divitias
1023 505 1155 531 dimittere
1183 508 1222 530 est
1249 505 1303 530 Deo
1328 505 1427 530 donare

790 551 822 577 Vl
843 550 876 576 47
894 557 922 583 q.
940 563 976 569 —
995 549 1071 575 utiles
1093 551 1154 575 sunt
1172 549 1206 575 ad
1226 548 1425 580 dimittendum,

788 595 822 621 ad
840 594 959 621 dandum
978 592 1155 626 pauperibus,
1174 593 1208 618 ad
1227 593 1370 618 emendum
1389 599 1427 618 re-

788 645 871 671 gnum
891 637 954 665 ibid.
971 651 1007 656 —
1026 637 1095 663 bene
1113 637 1195 663 utenti
1214 636 1288 662 utiles
1301 639 1376 668 sunt,
1389 643 1427 662 re-

787 682 902 709 servanti
929 681 1048 714 inutiles,
1077 681 1145 706 male
1172 680 1253 706 utenti
1281 680 1427 706 damnosae

789 726 851 753 ibid.
860 740 897 746 -—
906 726 1023 752 evadunt
1035 725 1112 751 valde
1126 725 1200 751 utiles
1210 731 1258 757 per
1270 724 1425 756 sapientiam

787 771 821 796 58
840 777 868 796 ν.
890 771 923 796 42
942 784 978 790 -
996 770 1052 796 sine
1071 769 1197 801 sapientia
1217 768 1335 794 tribuunt
1359 775 1426 794 mor-

788 818 840 841 tem
859 813 894 841 ib.
916 815 949 840 43
968 828 1003 833 -
1021 814 1078 840 sine
1096 813 1222 845 sapientia
1236 819 1288 838 non
1302 816 1425 845 prosunt,

787 859 835 885 sed
860 861 957 885 nocent
984 859 1017 884 59
1038 865 1065 891 q.
1088 858 1112 883 1.
1133 857 1183 883 153
1202 865 1229 883 ν.
1249 857 1264 882 9
1284 871 1319 875 --
1336 857 1426 883 Utilior

787 906 813 929 et
831 903 949 929 securior
968 909 1032 929 usus
1050 905 1089 928 cst
1107 902 1188 928 semel
1212 908 1304 927 omnes
1321 900 1426 927 divitias

787 948 918 974 dimittere
946 954 1026 981 quam
1055 946 1181 979 paulatim
1209 946 1273 972 dare
1293 945 1327 971 47
1346 952 1373 978 q.
1391 959 1426 964 —

787 996 848 1019 sunt
865 992 1013 1024 redemptio
1032 991 1134 1017 animae
1153 991 1185 1017 58
1206 997 1233 1016 ν.
1251 990 1285 1016 42
1306 1004 1339 1008 -
1359 989 1427 1015 bene

787 1044 916 1070 expensae
935 1039 1079 1069 protegunt
1097 1034 1160 1061 ibid.

840 1096 876 1101 ——
894 1082 949 1107 Non
967 1081 1047 1107 debet
1074 1081 1153 1106 liomo
1175 1086 1303 1113 quaerere
1321 1073 1426 1105 divitias

787 1127 923 1160 mortales,
943 1126 990 1152 sed
1009 1125 1102 1151 vitales
1122 1125 1153 1150 Vl
1173 1124 1224 1150 629
1245 1131 1272 1150 ν.
1285 1123 1319 1150 25
1332 1138 1367 1142 -
1380 1124 1425 1149 Βο-

787 1171 827 1197 nis
845 1170 971 1208 moribus-
983 1173 1010 1196 et
1034 1169 1141 1196 scientia
1168 1171 1193 1194 et
1212 1168 1295 1201 gratia
1314 1167 1426 1200 praediti

787 1218 848 1242 sunt
874 1215 970 1242 divites
998 1215 1024 1240 in
1048 1214 1130 1246 gratia
1151 1214 1179 1238 81
1202 1220 1229 1238 ν.
1248 1214 1263 1238 6
1283 1226 1318 1232 ·-—
1337 1212 1426 1238 salutis

787 1263 847 1287 sunt
865 1260 993 1293 sapientia
1011 1261 1037 1285 et
1064 1258 1171 1285 scientia
1194 1256 1255 1284 ibid.
1275 1272 1308 1276 --
1328 1256 1427 1282 Divites

787 1308 847 1331 sunt
866 1305 911 1337 qui
931 1303 1028 1330 habent
1046 1309 1122 1335 spem
1150 1302 1176 1328 in
1203 1302 1286 1327 Deum
1311 1301 1355 1327 Vll
1375 1301 1425 1326 348

788 1349 816 1374 34
841 1362 876 1368 --
895 1349 973 1374 Dives
992 1348 1017 1373 in
1038 1348 1120 1373 Deum
1140 1349 1180 1372 est
1198 1346 1243 1379 qui
1263 1344 1381 1371 abundat
1400 1345 1426 1370 in

788 1393 887 1419 meritis
905 1396 930 1418 et
948 1391 1074 1424 operibus
1093 1391 1195 1423 pietatis
1213 1389 1274 1416 ibid.

841 1451 876 1456 —
888 1443 940 1462 non
959 1436 1042 1462 ditant
1061 1442 1227 1467 possessores
1240 1441 1303 1460 suos
1315 1434 1350 1460 Vl
1365 1434 1398 1460 46
1412 1441 1426 1459 a

787 1494 822 1500 —
841 1481 984 1513 acquisitae
1002 1487 1032 1507 ex
1052 1480 1126 1505 iustis
1143 1477 1278 1505 laboribus
1291 1480 1428 1504 honestant

787 1528 812 1551 et
831 1525 995 1555 beatificant,
1015 1531 1068 1550 non
1088 1523 1231 1556 acquisitae
1256 1530 1303 1555 per
1328 1522 1428 1549 iniusti-

787 1570 848 1595 tiam
870 1572 895 1594 et
913 1569 1033 1600 rapinam
1064 1568 1115 1594 474
1143 1575 1169 1593 v.
1190 1568 1222 1593 40

839 1627 874 1632 -
894 1599 962 1639 Μῶιῑ
991 1613 1078 1638 colunt
1106 1619 1246 1644 personam
1274 1611 1364 1637 divitis
1393 1611 1426 1637 Vl

787 1657 820 1683 46
839 1665 865 1683 ν.
887 1657 919 1682 40
938 1670 973 1676 -
1000 1656 1170 1682 Consuetudo
1189 1657 1304 1681 liumana
1332 1655 1427 1682 divites

786 1702 851 1728 solet
863 1704 986 1733 reputare
1003 1702 1125 1726 honestas
1144 1695 1269 1732 personas
1282 1699 1333 1725 474
1347 1707 1373 1725 v.
1393 1700 1425 1725 40

785 1760 821 1766 -
840 1746 926 1772 Ditare
945 1749 983 1771 cst
1003 1746 1141 1770 honestare
1158 1743 1221 1770 ibid.
1365 1770 1368 1774 γ

838 1804 874 1810 -
893 1790 943 1823 Qui
963 1789 1041 1815 habet
1054 1789 1158 1815 divitias
1171 1787 1301 1814 obnoxius
1314 1790 1353 1814 est
1366 1787 1426 1813 Cae-

786 1836 839 1862 sari
857 1836 901 1862 Vll
920 1835 966 1861 541
991 1835 1024 1860 32

840 1894 875 1900 -
892 1880 964 1906 Licet
981 1878 1110 1905 Ecclesiae
1123 1877 1228 1903 divitias
1241 1876 1378 1909 possidere
1392 1876 1424 1902 Vl

788 1925 839 1951 4l3
860 1925 893 1950 42
913 1924 941 1950 4·

840 1983 875 1989 -
893 1968 972 1994 Dives
991 1966 1063 2002 epulo
1087 1974 1102 1992 a
1127 1965 1293 1992 tribulatione
1311 1965 1358 1991 suit
1377 1965 1426 1990 im—

787 2014 875 2039 munis
894 2013 927 2039 Vl
953 2013 987 2038 69
1012 2020 1039 2038 ν.
1058 2011 1092 2037 44
1111 2026 1145 2030 -
1164 2011 1239 2037 dives
1261 2010 1356 2036 dicitur
1375 2016 1427 2035 non

787 2058 873 2084 solum
905 2059 1013 2090 propter
1040 2056 1192 2082 divitiarum
1218 2054 1427 2087 possessionem,

787 2102 834 2128 sed
853 2105 961 2134 propter
979 2108 1071 2127 earum
1090 2100 1257 2126 dilectionem
1270 2099 1315 2125 Vll
1329 2098 1379 2124 446
1393 2098 1427 2124 36

788 2161 823 2165 -
841 2153 893 2172 non
912 2148 999 2178 potest
1016 2145 1155 2178 pervenire
1174 2144 1199 2170 in
1212 2144 1334 2170 sublimia
1347 2150 1427 2175 regna

788 2192 922 2218 caelorum
941 2189 1004 2216 ibid.

841 2249 878 2255 —
897 2234 1011 2260 habebat
1029 2234 1183 2260 vestimenta
1201 2233 1292 2266 pulcra
1320 2235 1346 2258 et
1372 2239 1429 2264 pre·

790 2279 853 2305 tiosa
879 2279 914 2305 ad
942 2285 1038 2304 vanam
1067 2278 1177 2310 gloriam
1206 2278 1250 2303 Vll
1270 2277 1320 2303 4i6
1342 2276 1375 2302 37
1394 2290 1430 2294 ——

790 2330 909 2356 purpura
928 2326 954 2349 et
973 2322 1053 2355 bysso
1072 2322 1179 2348 indutus
1198 2321 1270 2354 apud
1289 2321 1386 2346 interos
1398 2320 1430 2346 ir-

789 2367 992 2394 remediabiliter
1020 2369 1156 2399 torquetur
1178 2364 1213 2392 ib.
1233 2366 1264 2391 38
1285 2379 1321 2384 —
1348 2364 1430 2390 nomi-

791 2414 867 2438 natus
885 2414 924 2437 est
942 2410 1048 2437 nomine
1067 2410 1202 2436 communi
1217 2409 1269 2435 4l7
1289 2409 1322 2434 40

843 2470 878 2474 —
897 2456 957 2481 Eius
975 2454 1193 2480 immisericordia
1212 2455 1374 2485 aggravatur
1385 2459 1430 2478 sex

791 2499 992 2526 circumstantiis
1012 2499 1053 2524 Vll
1075 2498 1125 2523 447
1152 2497 1193 2527 44,
1215 2497 1248 2523 42
1267 2510 1303 2516 -
1321 2495 1430 2522 canibus

792 2545 839 2570 fuit.
851 2543 981 2569 liberalior
993 2550 1074 2576 quam
1088 2542 1199 2574 pauperi
1214 2541 1265 2567 418
1277 2541 1309 2567 43
1321 2555 1356 2559 —
1369 2547 1431 2573 pau-

791 2595 882 2621 perem
901 2587 1018 2619 negligit,
1037 2590 1128 2612 natura
1157 2588 1295 2612 accusante
1314 2584 1377 2611 ibid.
1395 2598 1431 2604 -

791 2632 879 2664 miser,
897 2631 944 2665 qui
964 2631 1058 2657 micam
1077 2630 1188 2662 pauperi
1207 2636 1261 2655 non
1279 2629 1352 2655 dedit
1369 2628 1430 2654 ibid.

791 2690 826 2696 —
844 2676 969 2702 immitior
997 2674 1106 2701 canibus
1131 2674 1178 2700 suit
1202 2677 1228 2699 et
1255 2673 1342 2699 mitior
1361 2673 1431 2698 cani-

792 2721 842 2747 bus
860 2727 940 2753 quam
961 2719 1071 2752 pauperi
1091 2718 1153 2745 ibid.

844 2779 880 2785 —
899 2769 1019 2790 mortuus
1037 2766 1076 2789 est
1102 2762 1194 2795 triplici
1213 2764 1297 2788 morte
1316 2762 1360 2787 Vll
1380 2761 1430 2787 419

793 2809 825 2835 47
853 2822 889 2828 —
916 2809 1035 2840 sepultus
1062 2810 1101 2833 est
1125 2807 1151 2832 in
1177 2807 1291 2837 interno,
1316 2812 1364 2838 per
1388 2805 1431 2830 de·

791 2853 928 2879 iectionem
948 2853 975 2878 in
994 2853 1081 2877 locum
1106 2850 1296 2883 suppliciorum
1322 2852 1430 2881 propter

791 2897 895 2929 culpam
915 2895 1069 2928 superbiae,
1097 2894 1219 2920 lasciviae
1242 2896 1267 2919 et
1294 2892 1429 2919 immiseri-

791 2941 896 2967 cordiae
924 2939 985 2967 ibid.
1013 2954 1049 2958 —
1075 2939 1148 2971 apud
1173 2938 1267 2964 interos
1292 2936 1430 2969 torqueba-

792 2989 842 3017 tur,
861 2985 923 3018 quia
942 2985 1068 3010 Lazarum
1087 2990 1139 3009 non
1159 2982 1218 3008 iecit
1236 2981 1285 3007 sibi
1314 2980 1428 3006 amicum

794 3029 844 3055 415
864 3029 897 3055 35

845 3087 881 3092 —-
899 3073 966 3099 vidit
983 3072 1115 3098 Abraham
1134 3078 1149 3096 a
1169 3071 1246 3102 longe
1258 3072 1283 3095 et
1301 3071 1429 3102 quantum

794 3118 827 3144 ad
845 3118 924 3144 situm
944 3120 970 3143 et
988 3119 1116 3150 quantum
1135 3115 1170 3141 ad
1192 3117 1303 3144 statum,
1323 3113 1384 3145 quia
1404 3112 1429 3137 in

794 3163 852 3188 loco
872 3161 962 3187 intimo
980 3164 1006 3187 et
1019 3160 1046 3186 in
1059 3159 1198 3186 afflictione
1210 3160 1236 3184 et
1248 3160 1364 3190 egestate
1376 3159 1431 3182 erat

795 3206 838 3232 Vll
858 3205 909 3232 420
929 3205 962 3231 48
981 3218 1016 3224 -
1035 3204 1101 3231 vidit
1119 3203 1251 3229 Abraham
1270 3208 1323 3227 non
1344 3201 1377 3227 ad
1390 3207 1432 3227 so-

795 3249 898 3281 latium,
918 3249 965 3275 sed
983 3249 1071 3281 potius
1088 3247 1123 3274 ad
1141 3247 1277 3273 cumulum
1291 3248 1433 3271 tormento-

796 3300 855 3320 rum
875 3292 937 3321 ibid.
955 3306 990 3313 —
1009 3293 1034 3319 in
1053 3291 1174 3325 pretiosis
1187 3290 1296 3317 excessit
1309 3290 1335 3315 in
1348 3289 1434 3322 culpa,

799 3337 923 3364 vilissima
942 3337 1006 3370 petit
1034 3337 1060 3362 in
1083 3342 1168 3369 poena
1187 3333 1221 3362 ib.
1241 3334 1273 3360 49
1293 3348 1328 3353 -
1352 3333 1377 3359 in
1396 3333 1435 3359 ln-

2039 198 2100 231 741

1751 241 1815 268 noc

1466 285 1539 310 terno
1560 285 1660 317 positus
1680 285 1788 311 minima
1808 286 1883 318 petiit
1902 284 1964 312 ibid.
1977 300 2012 304 —
2031 287 2106 312 Laza-

1465 335 1524 353 rum
1552 328 1642 354 videre
1670 335 1723 354 non
1752 329 1875 361 dignatus
1903 333 1972 361 erat,
1991 333 2016 355 et
2035 336 2106 355 nunc

1464 374 1610 398 extremum
1630 372 1687 398 eius
1706 373 1818 404 digitum
1839 373 1971 399 desiderat
1989 372 2051 400 ibid.
2070 387 2106 393 —

1517 429 1552 435 —-
1571 422 1601 442 cx
1620 417 1759 442 afflictione
1787 417 1843 443 elus
1870 417 1974 449 linguae
2000 418 2106 444 manite-

1464 462 1546 485 statur
1564 460 1692 486 rectitudo
1722 460 1828 486 divinae
1854 461 1964 487 iustitiae
1991 462 2032 486 Vll
2053 462 2104 487 420

1465 503 1498 528 49
1517 517 1553 522 -
1571 504 1672 536 Lingua
1691 504 1748 530 eius
1768 505 1791 530 in
1820 505 1920 530 interno
1940 508 1995 530 erat
2015 506 2104 537 imagi-

1464 547 1535 572 naria
1566 547 1611 573 421
1645 548 1678 572 50
1707 562 1742 566 -
1771 549 1881 574 Divitem
1912 556 1973 574 vera
1998 549 2104 574 flamma

1463 590 1601 621 adurebat,
1615 591 1703 622 lingua
1717 592 1794 617 etiarn
1810 592 1962 623 imaginaria
1977 593 2002 617 in
2016 593 2103 618 anima

1463 634 1520 660 eius
1538 634 1669 660 adustioni
1690 636 1835 661 fomentum
1855 636 1999 667 praebebat
2023 635 2084 662 ibid.

1516 692 1551 696 —-
1570 679 1667 711 ailquid
1687 678 1749 704 boni
1769 679 1860 705 habuit
1879 679 1904 704 in
1924 681 1972 705 hac
1991 680 2043 705 vita
2060 680 2103 706 vti

1464 721 1515 747 422
1535 722 1569 747 54
1587 736 1623 740 ——
1642 723 1756 754 perdidit
1775 723 1848 756 quod
1873 731 1887 748 a
1914 724 1995 755 gratia
2016 727 2041 749 et
2060 731 2105 749 na·

1464 768 1520 791 tura
1549 770 1686 798 acceperat
1713 766 1775 792 ibid.
1800 781 1834 785 —
1860 767 1954 793 dicitur
1974 768 2055 800 iilius,
2076 772 2104 794 ut

1463 810 1616 836 recordetur
1636 810 1765 836 bonorum
1786 818 1836 837 non
1857 812 1890 837 ad
1907 812 2037 844 solatium,
2056 813 2103 838 sed

1463 854 1551 886 potius
1579 855 1613 880 ad
1644 857 1802 880 tormentum
1831 854 1892 882 ibid.
1920 869 1955 875 —-
1984 857 2102 882 Meritum

1463 898 1520 924 eius
1539 899 1586 924 suit
1604 899 1782 925 transitorium
1802 903 1828 925 et
1846 899 2047 932 praeambulum
2067 900 2102 926 ad

1463 943 1622 975 supplicium
1642 942 1704 969 ibid.

1516 1001 1551 1007 —
1570 988 1627 1013 eius
1651 988 1740 1019 petitio
1760 988 1807 1013 suit
1831 989 1953 1019 carnalis,
1972 989 2034 1021 quia
2054 996 2103 1020 pro

1463 1031 1586 1057 iratribus
1603 1031 1751 1059 carnalibus
1779 1035 1804 1058 et
1829 1033 1976 1058 seeundum
1995 1039 2102 1058 carnem

1463 1076 1613 1102 viventibus
1633 1077 1675 1103 Vll
1696 1077 1746 1102 423
1767 1077 1800 1103 58
1820 1091 1855 1096 -
1874 1077 1930 1103 eius
1943 1078 2032 1109 petitio
2050 1084 2103 1103 non

1463 1120 1511 1146 suit
1530 1123 1636 1153 propter
1656 1121 1793 1147 vitandum
1806 1121 1965 1153 supplicium
1979 1122 2102 1152 alienum,

1463 1165 1510 1190 sed
1528 1172 1561 1191 ne
1579 1166 1720 1197 augeretur
1738 1172 1816 1191 suum
1840 1164 1902 1191 ibid.
1922 1179 1955 1184 -
1975 1166 2032 1191 eius
2057 1171 2104 1197 pe-

1464 1209 1518 1235 titio
1537 1213 1593 1235 erat
1611 1210 1724 1235 crudelis
1752 1213 1872 1242 respectu
1901 1209 2027 1242 proximi,
2047 1216 2101 1235 car-

1463 1253 1528 1279 nalis
1546 1256 1667 1286 respectu
1686 1254 1727 1280 sui
1747 1254 1850 1284 424758

1517 1312 1553 1316 —
1570 1301 1678 1330 propter
1698 1305 1815 1324 amorem
1835 1305 1942 1324 suorum
1964 1301 2101 1330 parentum

1464 1343 1607 1368 carnalium
1627 1342 1745 1375 volebat,
1769 1342 1843 1376 quod
1861 1343 1974 1368 Lazarus
1993 1343 2102 1374 egrede-

1464 1389 1535 1412 retur
1553 1387 1638 1412 sinum
1659 1387 1753 1419 quietis
1772 1390 1798 1412 et
1821 1387 1869 1412 iret
1887 1387 1911 1412 in
1931 1387 2017 1412 locum
2037 1387 2103 1418 peri-

1464 1432 1583 1464 culorum
1602 1431 1646 1457 Vll
1667 1430 1718 1456 424
1737 1431 1769 1457 58
1784 1446 1818 1449 -
1832 1430 1968 1461 credebat,
1989 1431 2047 1463 plus
2059 1437 2103 1456 va-

1464 1476 1517 1501 lere
1536 1475 1647 1501 verbum
1667 1475 1781 1501 hominis
1795 1475 1891 1501 mortui
1903 1482 1983 1508 quam
1997 1475 2103 1500 immor·

1465 1520 1521 1545 talis
1540 1520 1586 1545 Dei
1605 1518 1667 1545 ibid.

1518 1578 1552 1582 —
1571 1564 1611 1589 Ad
1630 1570 1742 1596 poenam
1763 1564 1819 1589 eius
1838 1566 1957 1589 servatur
1977 1566 2002 1589 et
2015 1564 2103 1595 cogni-

1464 1608 1499 1634 tio
1518 1608 1644 1640 pauperis
1662 1611 1687 1634 et
1706 1608 1833 1633 memoria
1853 1609 1961 1633 fratrum
1982 1608 2024 1632 Vll
2052 1607 2102 1633 424

1464 1652 1497 1678 58
1517 1666 1552 1671 -
1571 1659 1654 1684 parva
1674 1655 1816 1684 negaverat
1843 1655 1868 1678 et
1887 1652 1967 1678 modo
1991 1652 2104 1677 maxima

1464 1696 1612 1729 postulabat
1631 1696 1693 1723 ibid.

1516 1754 1552 1759 —
1570 1741 1684 1766 ostendit
1703 1742 1812 1766 fratrum
1836 1747 1946 1766 suorum
1971 1740 2104 1766 carnalita-

1464 1787 1530 1815 tem,
1543 1785 1588 1817 qui
1603 1785 1688 1816 magis
1707 1787 1876 1810 moverentur
1892 1784 1926 1810 ad
1939 1785 2104 1816 corporalem

1463 1828 1658 1854 suscitationem
1686 1835 1766 1861 quam
1786 1828 1820 1854 ad
1842 1828 2003 1860 spiritualem
2030 1835 2105 1853 reve-

1463 1873 1584 1898 lationem
1604 1872 1647 1898 Vll
1675 1872 1725 1898 424
1745 1873 1778 1897 60
1798 1886 1833 1892 -
1856 1872 1970 1898 ostendit
1995 1873 2104 1897 fratrum

1463 1923 1572 1942 suorum
1592 1916 1806 1948 perversitatem,
1826 1919 1854 1942 ut
1867 1916 2044 1942 testimonium
2058 1917 2104 1941 lio-

1464 1960 1541 1986 minis
1561 1960 1657 1986 mortui
1676 1962 1837 1992 praeferrent
1855 1959 1965 1986 testibus
1984 1960 2031 1985 Dei
2049 1960 2104 1985 vivi

1466 2005 1516 2031 425
1536 2005 1568 2030 60
1588 2019 1622 2024 —
1641 2004 1692 2036 ipsi
1705 2003 1739 2030 ab
1753 2003 1884 2030 Abrabam
1899 2007 1973 2036 patre
1986 2004 2104 2036 piissimo

1465 2049 1645 2075 misericordia
1663 2048 1792 2080 denegata
1811 2051 1851 2074 est
1868 2047 1902 2074 ib.
1921 2048 1950 2073 61

1518 2094 1646 2120 DochNA
1659 2106 1695 2112 —
1707 2093 1781 2118 Prius
1794 2095 1833 2118 est
1845 2092 1999 2118 discendum
2008 2111 2014 2122 ,
2033 2095 2105 2123 post-

1465 2146 1496 2165 ea
1525 2138 1674 2165 docendum
1703 2138 1736 2163 Vl
1765 2138 1799 2163 32
1827 2144 1853 2162 ν.
1884 2137 1898 2161 8
1924 2150 1960 2155 -
1988 2136 2104 2161 Exterius

1466 2184 1561 2210 docere
1580 2186 1666 2215 potest
1685 2183 1779 2213 homo,
1798 2181 1845 2207 sed
1859 2188 1909 2206 non
1924 2180 2032 2206 interius
2053 2180 2103 2205 156

1466 2236 1492 2254 v.
1512 2229 1540 2254 21
1565 2241 1599 2247 -
1623 2227 1728 2253 Doctori
1756 2227 1824 2252 circa
1851 2225 2005 2257 sapientiam
2034 2224 2105 2249 addi-

1466 2272 1592 2299 scendam
1611 2275 1670 2298 octo
1690 2271 1761 2297 utilia
1780 2274 1841 2296 sunt
1860 2269 1893 2296 ib.
1913 2276 1937 2294 ν.
1960 2269 1990 2294 :ts

1520 2331 1555 2336 —
1575 2317 1630 2342 Non
1649 2319 1736 2348 potest
1760 2316 1840 2341 borno
1868 2313 2033 2339 abundanter
2061 2313 2106 2338 do-

1466 2362 1575 2388 cuinam
1604 2360 1812 2390 communicare,
1841 2359 1891 2384 n1si
1915 2358 2029 2390 desuper
2058 2357 2106 2382 ini-

1467 2407 1568 2438 pleatur
1596 2405 1629 2431 Vl
1657 2405 1690 2430 90
1710 2412 1735 2430 ν.
1764 2404 1781 2429 7
1799 2417 1834 2423 -
1857 2404 1981 2429 Doctores
2008 2401 2105 2427 debent

1467 2457 1524 2476 esse
1543 2450 1592 2475 viri
1611 2448 1724 2481 angelici
1744 2449 1787 2474 Vll
1807 2449 1857 2474 588
1879 2448 1894 2472 6
1909 2462 1942 2466 -
1957 2447 2051 2473 Doctor
2065 2446 2107 2472 de-

1467 2494 1512 2520 bet
1530 2494 1563 2519 de
1592 2493 1663 2519 caelo
1688 2493 1848 2519 descendere
1876 2491 1938 2518 ibid.
1958 2506 1993 2510 —
2012 2491 2107 2517 Doctor

1467 2539 1489 2564 si
1508 2545 1559 2563 non
1584 2539 1670 2569 potest
1697 2544 1782 2570 usque
1807 2537 1841 2562 ad
1866 2536 1955 2562 intima
1982 2535 2028 2561 Dci
2049 2542 2107 2561 con-

1467 2582 1606 2612 scendere,
1627 2581 1717 2607 saltem
1738 2581 1864 2613 procedat
1892 2581 1916 2605 in
1942 2581 2011 2605 scala
2031 2578 2107 2605 iacob

1467 2626 1534 2652 sicut
1552 2625 1639 2651 bonus
1658 2625 1877 2657 contemplativus
1891 2624 1951 2651 ibid.
1964 2638 2000 2643 —
2013 2625 2107 2650 Doctor

1468 2673 1574 2696 amovet
1592 2670 1713 2695 velamen
1732 2670 1884 2701 scripturae
1903 2667 1965 2695 ibid.

1522 2728 1555 2733 -—-
1581 2715 1646 2739 Sunt
1670 2713 1798 2745 arguendi
1825 2713 1958 2744 doctores,
1978 2712 2023 2745 qui
2043 2712 2107 2737 alios

1468 2761 1567 2784 tantum
1581 2758 1690 2788 docent,
1703 2764 1731 2783 sc
1745 2757 1816 2789 ipsos
1829 2764 1882 2782 non
1901 2757 1997 2782 docent
2010 2756 2042 2781 Vl
2057 2756 2107 2781 463

1467 2810 1494 2829 ν.
1513 2803 1528 2828 9
1556 2816 1591 2821 -
1617 2803 1642 2827 ln
1672 2800 1824 2827 doctoribus
1851 2800 1917 2832 legis
1944 2799 2022 2826 debet
2050 2806 2107 2825 esse

1467 2847 1562 2873 veritas
1581 2846 1661 2876 vitam
1679 2845 1791 2871 iustitiae
1809 2847 1834 2870 et
1847 2844 1982 2870 doctrinae
1995 2845 2036 2869 Vll
2057 2844 2107 2869 306

1467 2892 1499 2916 89
1519 2905 1553 2909 -
1573 2891 1668 2916 Doctor
1691 2889 1803 2921 vigilans
1831 2889 1865 2915 ad
1893 2888 2055 2920 disciplinam
2080 2887 2109 2913 li-

1466 2934 1557 2961 benter
1575 2934 1680 2960 auditur
1699 2934 1750 2959 539
1773 2933 1807 2959 60
1827 2946 1860 2951 -
1880 2933 1962 2959 Nemo
1984 2932 2062 2958 debet
2080 2939 2109 2957 se

1466 2979 1590 3005 idoneum
1609 2981 1732 3010 reputare
1750 2977 1784 3003 ad
1803 2978 1918 3004 cilicium
1939 2976 2109 3009 praedicatio-

1466 3023 1506 3049 nis
1520 3023 1535 3048 3
1551 3022 1565 3048 4
1578 3036 1613 3042 —
1626 3022 1743 3049 Christus
1756 3022 1841 3054 magis
1854 3024 1971 3053 acceptat
1987 3021 2109 3046 affectum

1466 3067 1605 3093 doctorum
1633 3066 1668 3093 ad
1694 3066 1836 3098 discipulos
1864 3072 1944 3098 quam
1971 3067 2109 3097 parentum

1468 3111 1499 3137 ad
1529 3111 1595 3137 tilios
1624 3111 1674 3136 498
1703 3111 1732 3136 34
1764 3124 1800 3129 —-
1827 3110 1922 3135 Doctor
1948 3115 1999 3134 non
2029 3107 2108 3134 debet

1468 3158 1577 3188 propter
1595 3158 1734 3188 parentum
1753 3155 1874 3180 affectum
1894 3156 1919 3178 et
1938 3151 2108 3184 indigentiam

1469 3203 1495 3226 et
1512 3200 1710 3233 requisitionem
1738 3197 1908 3224 intermittere
1932 3195 2108 3222 eruditionem

1471 3244 1606 3271 doctrinae
1625 3242 1686 3270 ibid.

1525 3301 1560 3309 —
1570 3287 1761 3314 Nutrimentum
1775 3285 1910 3312 doctrinae
1920 3283 2111 3318 acquirendum

1473 3339 1520 3365 per
1539 3331 1695 3358 modestiam
1714 3329 1876 3364 paupertatis
1890 3332 1916 3355 et
1929 3329 2111 3360 eleemosynae
