2476 3921
155 1275 285 1297 Notandum.

142 2017 174 2039 De
185 2017 246 2038 modo
257 2022 291 2038 ve-

156 2044 229 2065 niendi
244 2044 283 2065 du-

152 2071 201 2098 plex
215 2071 291 2092 simile.

156 2389 191 2410 De
209 2388 288 2410 diluvio

165 2415 282 2445 inundante

198 2444 246 2463 tna.

173 2548 253 2570 Diluvii
268 2548 292 2569 fi-

199 2581 258 2601 gui-a.

303 277 368 309 liltO
883 271 1076 305 COMMENT.
1102 272 1138 304 ΙΝ
1163 271 1402 304 EVANGELIUM
1425 270 1542 304 LUCAE
1566 270 1598 302 C.
1623 269 1711 302 XVll.

302 365 506 402 Iudaeorum,
524 363 576 396 sed
593 362 734 395 omnium
758 362 967 404 reproborum
980 386 988 400 ,
1012 370 1030 393 a
1053 360 1170 402 quibus
1186 369 1265 402 quo-

303 418 377 451 tidie
395 417 512 459 patitur
528 416 673 449 Christus
689 416 720 448 in
745 424 803 448 suo
827 423 1005 457 corporezn
1031 416 1160 455 propter
1181 412 1265 455 quod

303 475 334 504 et
359 471 473 503 Paulus
495 470 533 502 ad
549 469 745 502 colossenses
762 468 881 511 primo:
904 480 919 496 «
936 467 1116 509 Adimplebo
1132 476 1168 499 ea
1184 475 1265 508 quae

302 524 416 557 desunt
439 523 618 565 passionum
642 522 776 560 Christi,
801 521 832 553 in
857 529 951 554 carne
976 529 1044 552 mea
1060 529 1118 561 pro
1134 527 1266 561 corpore

303 577 381 615 eius,
395 576 478 620 quod
490 579 537 608 est
550 575 684 608 Ecclesia
696 588 727 606 ».
743 593 783 598 —-
797 575 858 607 Hac
870 577 976 606 autem
990 572 1132 615 passione
1149 572 1180 604 in
1197 580 1266 604 cor-

303 639 380 672 pore
396 629 509 662 Christi
528 630 753 666 consummata,
771 636 833 660 non
850 629 947 659 restat
964 625 1022 658 nisi
1039 624 1223 667 glorificatio
1236 627 1267 656 et

304 682 471 715 retributio
487 682 594 723 plena;
613 685 741 722 propter
754 679 837 722 quod
852 679 1049 721 Apocalypsis
1062 680 1153 710 sexto
1166 678 1177 696 ¹
1191 676 1267 709 dici-

303 739 357 768 tur
381 735 500 767 Sanctis
523 733 774 767 desiderantibus
789 732 958 765 secundam
975 731 1104 764 stolam:
1127 742 1142 758 <t
1159 729 1267 762 Adhuc

304 788 456 822 sustinete
479 787 636 820 modicum
654 790 796 828 tempus,
813 785 911 818 donec
927 784 1096 826 impleatur
1113 791 1267 816 numerus

304 841 438 873 fratrum
456 843 633 873 vestrorum
650 851 682 878 »;
700 842 730 871 et
747 837 944 880 Apocalypsis
960 837 1091 878 septimo
1106 848 1112 867 :
1136 849 1151 864 «
1167 835 1267 868 Nolite

305 902 418 927 nocere
441 897 545 926 terrae
569 896 600 925 et
624 892 702 924 mari
728 891 830 933 neque
847 890 1032 928 arboribus,
1058 889 1266 931 quoadusque

305 947 466 989 signemus
497 955 604 978 servos
628 945 682 977 Dei
707 945 805 977 nostri
830 944 861 976 in
885 943 1043 975 frontibus
1067 942 1132 974 suis
1149 955 1179 973 n.
1204 942 1266 973 Hoc

305 1004 353 1033 est
376 1000 499 1042 signum
529 998 583 1031 Dei
614 998 695 1036 vivi,
721 997 805 1040 quod
830 999 877 1029 est
900 996 1024 1037 signum
1048 994 1170 1032 crucis,
1202 1003 1266 1036 quo

305 1062 413 1086 omnes
436 1053 551 1085 electos
575 1054 698 1093 oportet
723 1049 921 1092 consignari3
947 1048 1116 1081 Ezechielis
1139 1047 1264 1079 nono2:

311 1107 434 1148 «Signa
457 1106 535 1138 thau
560 1114 657 1146 supra
688 1104 807 1136 frontes
840 1103 980 1135 virorum
1011 1101 1203 1144 gementium
1235 1104 1266 1133 et

304 1159 477 1192 dolentium
493 1171 524 1197 »;
547 1161 577 1190 et
594 1161 663 1199 post
677 1170 684 1189 :
707 1170 721 1186 α
738 1156 881 1189 Transite
892 1182 899 1194 ,
915 1155 1037 1197 inquit,
1054 1163 1111 1196 per
1127 1154 1264 1186 medium

306 1213 440 1246 civitatis
464 1215 494 1244 et
518 1211 649 1244 occidite
665 1224 696 1242 ».
719 1223 734 1238 «
752 1210 885 1242 Omnem
902 1212 1026 1247 autem,
1052 1217 1148 1250 super
1172 1216 1265 1250 quem

306 1266 447 1299 videritis
471 1265 567 1303 thau,
592 1273 631 1297 ne
655 1263 802 1296 occidatis
819 1277 848 1294 ».
875 1281 916 1286 —
936 1263 970 1294 Et
987 1265 1076 1300 nota,
1094 1261 1178 1303 quod
1196 1269 1266 1302 pas-

305 1319 351 1352 sio
375 1319 532 1351 iustorum
564 1317 723 1359 praecedit
754 1316 1007 1358 reprobationem
1037 1315 1265 1356 reproborum,

306 1372 380 1414 quia
403 1372 562 1404 excitatur
587 1370 705 1402 iustitia
728 1369 767 1402 ad
791 1369 960 1401 vindictam
979 1371 1108 1410 propter
1125 1376 1266 1400 summae

305 1425 478 1467 iniquitatis
502 1423 686 1466 perfidiam3
720 1422 813 1455 Isaiae
845 1421 1106 1463 quinquagesimo
1137 1420 1265 1452 nono3:

310 1492 325 1507 «
339 1478 533 1510 Conversum
551 1480 598 1509 est
615 1479 791 1509 retrorsum
807 1474 958 1507 iudicium
969 1499 976 1512 ,
994 1477 1024 1505 et
1042 1473 1161 1505 iustitia
1178 1473 1267 1515 longe

305 1531 408 1569 stetit,
433 1530 508 1572 quia
532 1529 653 1562 corruit
670 1529 700 1561 in
719 1529 820 1570 platea
846 1527 977 1565 veritas,
995 1530 1026 1559 et
1042 1526 1184 1568 aequitas
1205 1535 1266 1558 non

305 1584 409 1626 potuit
432 1582 562 1625 ingredi.
589 1582 624 1614 Et
647 1582 728 1614 facta
752 1584 799 1614 est
816 1581 932 1613 veritas
956 1580 987 1611 in
1012 1579 1220 1617 oblivionem,
1237 1582 1268 1622 et

306 1638 361 1680 qui
386 1637 515 1670 recessit
538 1645 556 1668 a
579 1636 662 1667 malo
693 1634 828 1676 praedae
859 1633 982 1675 patuit;
1007 1636 1038 1665 et
1061 1632 1139 1664 vidit
1162 1624 1268 1678 Doryri‘-

305 1698 383 1728 nus,
408 1692 439 1722 et
463 1689 579 1721 malum
604 1687 751 1729 apparuit
774 1687 805 1718 in
830 1686 930 1719 oculis
946 1686 1033 1724 eius,
1050 1685 1125 1727 quia
1142 1694 1203 1717 non
1221 1689 1268 1717 est

305 1742 457 1774 iudicium
475 1755 504 1773 n.
528 1754 543 1769 «
557 1741 592 1773 Et
608 1740 737 1773 indutus
753 1743 800 1772 est
817 1739 936 1771 iustitia
952 1743 988 1770 ut
1005 1737 1117 1776 lorica,
1135 1740 1165 1770 et
1181 1738 1268 1779 galea

307 1794 416 1827 salutis
440 1794 470 1826 in
494 1794 594 1835 capite
618 1793 704 1831 eius,
730 1795 760 1825 et
784 1792 915 1824 indutus
938 1794 984 1824 est
1008 1790 1203 1823 vestimentis
1219 1790 1268 1822 ul-

305 1847 399 1879 tionis
422 1850 453 1879 et
475 1850 606 1888 opertus
629 1848 676 1878 est
700 1845 790 1887 quasi
815 1844 909 1887 pallio
933 1844 1008 1882 zeli,
1033 1844 1116 1876 sicut
1137 1843 1176 1875 ad
1200 1843 1268 1876 vin-

304 1899 418 1932 dictam
437 1912 452 1928 »
481 1903 539 1932 etc.

395 1953 447 1985 45.
473 1953 574 1993 (Vers.
600 1951 677 1991 26).
714 1952 751 1983 Et
781 1951 870 1983 sieut
899 1949 1029 1993 factum
1061 1954 1107 1982 est
1138 1950 1174 1982 in
1201 1950 1269 1982 die-

306 2006 367 2039 bus
391 2010 449 2039 etc.
476 2004 832 2047 Postquam=descripsit
855 2004 984 2036 modum
1009 2003 1199 2045 apparendi,
1216 2003 1268 2035 hic

307 2059 443 2093 secundo
456 2059 469 2078 4
492 2058 641 2091 describit
665 2057 802 2090 modum
822 2057 981 2089 venie-ndi.
1000 2056 1196 2088 Describitur
1212 2065 1269 2088 au-

306 2116 368 2146 tem
393 2112 578 2154 repentinus
601 2120 669 2144 esse
693 2110 808 2143 Christi
840 2109 995 2142 adventus
1026 2111 1173 2150 respectu
1196 2117 1268 2150 pec-

308 2168 450 2199 catorum
474 2173 531 2206 per
553 2164 673 2205 duplex
697 2163 797 2196 simile
813 2165 844 2195 et
860 2162 1053 2203 exemplum.
1079 2161 1182 2193 Primo
1198 2161 1268 2203 qui-

301 2218 377 2261 dem
400 2217 577 2250 ostenditur
600 2225 658 2258 per
681 2216 782 2249 simile
798 2224 839 2248 ex
856 2218 946 2257 parte
962 2214 1084 2247 diluvii
1098 2214 1267 2247 inundan-

307 2269 369 2308 tis;
393 2269 530 2302 secundo
554 2277 645 2307 ver0‚
670 2277 711 2300 ex
743 2271 833 2309 parte
856 2267 1002 2300 incendii
1025 2267 1266 2305 consumentis,

306 2322 348 2355 ibi
362 2323 396 2354 ⁵:
422 2322 600 2360 Similiter,
624 2321 711 2354 sicut
733 2319 864 2363 factum
887 2324 933 2353 est
956 2320 992 2353 in
1008 2320 1123 2353 diebus
1139 2320 1205 2352 Lot.
1225 2339 1266 2344 —-

307 2374 397 2407 Circa
420 2374 657 2407 similitudinem
681 2373 803 2405 ditavit
826 2373 1024 2405 inundantis
1048 2372 1109 2405 tria
1125 2372 1267 2405 introdu-

308 2430 444 2467 cuntur,
461 2427 579 2460 scilicet
595 2426 694 2469 ipsius
710 2426 819 2459 diluvii
837 2425 963 2469 fiyura,
981 2435 1088 2458 eausa
1104 2428 1135 2458 et
1149 2435 1265 2468 poena.

400 2480 502 2513 Primo
524 2480 620 2522 igitur
640 2482 796 2522 quantum
812 2479 851 2511 ad
868 2479 966 2521 ipsius
982 2478 1102 2511 diluvii
1116 2479 1266 2521 figuram

308 2532 403 2565 dicit:
428 2533 467 2565 Et
490 2532 577 2565 sieut
599 2531 729 2574 factum
752 2536 798 2564 est
822 2531 857 2563 in
880 2531 994 2563 diebus
1019 2530 1103 2569 Noe,
1129 2532 1178 2563 ita
1203 2531 1267 2563 erit

308 2589 338 2618 et
362 2586 397 2618 in
412 2585 526 2618 diebus
543 2585 623 2618 Filii
638 2584 789 2617 hominis.
808 2585 868 2617 Hoc
885 2585 968 2617 enim
985 2593 1161 2626 congruum
1177 2588 1263 2624 erat,

381 2763 391 2778 ¹
412 2764 487 2789 Vers.
507 2764 549 2794 ll,
568 2764 613 2795 qui
633 2764 758 2794 allegatur
779 2763 847 2788 iuxta
867 2763 982 2789 Breviar.
1009 2764 1118 2788 Roman.
1138 2770 1185 2794 pro
1206 2765 1269 2789 festo

311 2809 350 2834 Ss.
369 2809 499 2834 innocent.
518 2808 595 2839 Resp.
616 2808 632 2832 1.
652 2808 725 2832 Noct.
744 2808 800 2833 lect.
822 2808 851 2837 2;
871 2807 929 2832 Vat.
949 2808 1022 2832 affert
1034 2807 1115 2832 verba
1134 2808 1269 2839 Vulgatae.

311 2867 345 2871 —-
364 2852 487 2885 Sequitur
506 2852 588 2883 Apoc.
607 2851 633 2881 7,
653 2852 683 2882 3,
704 2852 728 2876 in
748 2852 823 2877 cuius
843 2852 894 2877 flne
908 2858 956 2883 pro
969 2850 1026 2877 suis
1041 2851 1152 2883 Vulgata
1166 2858 1271 2877 eorum.

382 2895 393 2910 ²
414 2896 486 2921 Vers.
508 2896 531 2921 h.
552 2896 576 2921 5.
596 2899 621 2921 et
640 2897 665 2921 6.

383 2937 393 2952 ⁸
413 2940 487 2965 Vers.
509 2940 549 2964 tt.
569 2946 625 2972 seq.
644 2942 669 2965 et
688 2939 748 2965 dein
768 2946 794 2964 v.
815 2940 856 2964 17.
875 2947 930 2972 seq.

382 2982 394 2997 ⁴
413 2983 463 3009 Csr.
483 2990 562 3015 supra
583 2991 607 3008 n.
629 2983 671 3008 41.

382 3026 393 3041 ³
415 3029 487 3053 Vers.
507 3028 548 3052 28.
569 3041 603 3046 —
622 3028 711 3053 Glossa
731 3027 874 3053 ordinaria
900 3028 940 3060 (ex
960 3027 1059 3059 Beda):
1079 3026 1201 3052 Subitum
1228 3027 1271 3052 ad-

311 3075 406 3098 ventus
423 3072 465 3098 sui
480 3064 552 3098 ‘diem
573 3071 693 3103 pluribus
711 3073 803 3097 astruit
822 3072 961 3103 exemplis,
979 3074 1005 3096 et
1017 3079 1097 3104 quem
1112 3071 1207 3102 fulguri
1220 3071 1271 3096 cito

312 3117 399 3142 omnia
419 3116 585 3142 transvolanti
606 3119 819 3148 comparaverat,
834 3115 928 3141 diebus
947 3116 1000 3141 Noe
1020 3116 1061 3140 vel
1081 3115 1128 3140 Lot
1147 3115 1272 3147 aequipa-

311 3164 365 3192 rat,
384 3161 491 3193 quando
509 3160 660 3192 repentinus
680 3159 834 3186 mortalibus
852 3160 1006 3192 supervenit
1026 3159 1153 3185 interitus.

383 3204 394 3219 ⁰
414 3206 487 3230 Vers.
508 3204 549 3230 lt.
568 3208 593 3230 et
613 3205 709 3230 deinde
729 3205 796 3230 loun.
817 3205 865 3235 116,
885 3205 927 3229 33.
948 3218 982 3222 ——
1001 3204 1118 3235 Hieron„
1136 3204 1170 3229 de
1184 3203 1271 3228 Nomi-

312 3248 367 3274 nib.
385 3248 504 3274 Hebraic.
524 3251 576 3274 vet.
597 3252 698 3274 testam.
717 3249 750 3274 de
770 3249 851 3273 Gen.:
872 3248 942 3279 Noe,
962 3248 1074 3280 requies.

385 3291 396 3306 ⁷
415 3292 485 3318 Libr.
504 3293 521 3318 l.
540 3292 657 3318 Confessi.
685 3300 707 3318 c.
729 3293 753 3318 l.
772 3300 797 3318 n.
818 3293 841 3323 l,
861 3292 906 3317 ubi
926 3299 974 3324 pro
994 3298 1041 3318 cor
1060 3298 1151 3317 meum
1170 3291 1191 3316 H
1210 3298 1272 3316 cum

312 3339 382 3363 textu
401 3336 520 3369 originali
540 3343 586 3363 cor
604 3338 738 3363 nostrum.
758 3350 793 3355 —
812 3336 935 3368 Sequitur
955 3336 1039 3361 Matth.
1061 3336 1103 3366 li,
1123 3335 1165 3360 29.

384 3378 395 3394 ¹³
414 3381 486 3406 Vers.
507 3381 530 3405 6.
550 3388 606 3414 seq.
626 3381 684 3413 (pro
704 3387 772 3414 quae
790 3379 809 3406 C
821 3380 842 3405 D
861 3381 887 3406 et
903 3381 984 3413 quae)
1004 3382 1030 3405 et
1048 3379 1110 3405 dein
1129 3386 1155 3404 v.
1176 3379 1200 3404 5.

384 3422 396 3438 ⁹
414 3424 488 3450 Vers.
509 3424 597 3450 1443.
617 3438 652 3443 -
671 3424 798 3456 Superius
815 3423 954 3456 respicitur
972 3424 1036 3449 Gen.
1056 3424 1086 3455 6,
1102 3423 1149 3448 44:
1163 3423 1212 3448 Fac
1227 3422 1273 3448 tibi

1329 359 1405 402 quia
1429 358 1496 391 Noe
1519 359 1654 401 figuram
1684 357 1813 399 gerebat
1836 355 1972 395 Christi,
1996 355 2051 398 qui
2075 364 2109 389 se
2132 358 2223 389 vocat
2244 355 2292 388 Fi-

1330 411 1407 444 lium
1433 411 1589 444 hominis:
1615 409 1682 443 Noe
1705 409 1788 442 enim
1804 409 2034 451 interpretatur
2051 409 2196 451 requies,
2212 412 2244 442 et
2259 408 2291 440 in
2305 404 2453 464 Νῗοεὲῑςηῑῆ-’ξ

1329 465 1395 498 solo
1418 464 1543 497 Christo
1567 467 1614 496 est
1637 462 1765 505 requies
1788 465 1820 495 et
1842 471 1916 504 pax.
1946 462 2040 501 Nam,
2072 461 2111 494 ad
2143 461 2292 504 Ephesios
2303 446 2453 506 “nom‘fflmj

1330 518 1511 557 secund0⁵‚
1541 517 1639 558 «ipse
1663 519 1710 549 est
1741 525 1805 557 pax
1829 518 1955 554 nostra,
1980 515 2035 557 qui
2058 514 2132 548 fecit
2155 518 2292 557 utraque

1331 579 1430 602 unum
1446 582 1477 609 »3
1503 573 1534 602 et
1557 569 1680 602 loannis
1702 568 1824 601 decimo
1847 570 1957 600 sexto:
1979 579 1994 595 τι
2013 567 2046 600 In
2070 566 2188 599 mundo
2204 575 2293 609 pres-

1332 632 1438 655 suram
1465 622 1638 660 habebitis,
1656 621 1685 653 in
1702 630 1754 654 me
1769 623 1876 653 autem
1898 629 2006 662 pacem
2023 633 2054 651 n.
2078 619 2165 653 Unde
2189 621 2295 663 Augu-

1332 676 1433 709 stinus
1446 676 1457 695 ⁷
1473 688 1479 707 :
1509 688 1524 704 «
1543 675 1721 717 Inquietum
1744 676 1792 707 est
1816 683 1871 706 cor
1887 682 2012 712 meum,
2029 673 2178 712 Domine,
2194 673 2294 706 donec

1332 729 1472 771 quiescat
1503 728 1534 760 in
1566 731 1597 760 te
1618 741 1647 759 ».
1681 727 1750 760 Ideo
1782 727 1848 769 ipse
1882 727 1978 759 dicit:
2009 726 2153 759 «Tollite
2183 727 2293 769 iugum

1332 791 1438 815 meum
1462 790 1559 824 super
1591 790 1664 820 vos,
1697 784 1727 813 et
1758 780 1924 813 invenietis
1955 780 2099 822 requiem
2130 780 2295 813 animabus

1332 835 1446 868 vestris
1463 849 1492 866 ».

1420 889 1473 920 46.
1500 888 1566 921 Non
1590 890 1713 920 tantum
1732 887 1863 919 nomine
1879 887 2040 919 Christum
2058 886 2230 929 significat,
2246 896 2297 920 ve·
2310 892 2370 919 nem,
2385 893 2447 916 facto-

1331 950 1403 974 rum
1427 941 1520 974 etiam
1544 940 1645 984 facto.
1671 940 1747 972 Nam
1771 940 1854 973 sicut
1877 940 1940 972 Noe
1964 939 2096 972 salvavit
2116 949 2222 973 semen
2239 940 2296 973 ho-

1331 995 1450 1027 minum
1476 1003 1533 1037 per
1564 994 1703 1036 lignum,
1728 993 1773 1026 sic
1796 993 1942 1026 Christus
1965 996 1997 1026 et
2024 1002 2082 1035 per
2113 993 2217 1026 crucis
2239 1002 2295 1035 pa-

1331 1049 1488 1087 tibulum;
1513 1047 1688 1090 Sapientiae
1720 1046 1842 1079 decimo
1873 1046 2035 1089 quartoss:
2069 1047 2178 1088 «Spes
2208 1046 2296 1079 orbis

1330 1105 1501 1139 terrarum,
1515 1101 1553 1133 ad
1571 1104 1670 1133 ratem
1690 1100 1891 1142 confugiens,
1909 1099 2031 1132 remisit
2047 1099 2173 1132 saeculo
2188 1107 2295 1132 semen

1330 1154 1519 1193 nativitatis,
1551 1163 1633 1196 quae
1656 1163 1754 1186 manu
1779 1156 1834 1185 tua
1858 1156 1927 1186 erat
1950 1152 2135 1195 gubernata.
2167 1152 2296 1185 Benedi-

1329 1211 1414 1240 ctum
1431 1210 1479 1240 est
1495 1207 1577 1239 enim
1596 1207 1733 1249 lignum,
1752 1215 1809 1248 per
1825 1206 1910 1248 quod
1924 1205 1960 1238 fit
1976 1205 2096 1238 iustitia
2112 1219 2142 1238 ».
2160 1205 2247 1238 Unde
2263 1208 2296 1238 et

1332 1261 1524 1303 praemittit:
1556 1273 1571 1288 «
1589 1260 1711 1302 Exiguo
1735 1260 1819 1301 ligno
1843 1259 2045 1292 committunt
2070 1259 2214 1292 homines
2228 1258 2297 1292 ani-

1331 1324 1398 1347 mas
1421 1324 1495 1347 suas
1512 1327 1527 1343 »
1556 1316 1614 1346 etc.
1645 1314 1681 1346 Et
1712 1313 1794 1346 sicut
1821 1313 1884 1345 Noe
1907 1312 2072 1345 fabricavit
2095 1321 2219 1351 arcam,
2251 1312 2296 1346 sic
2315 1317 2445 1340 Notandum·

1330 1372 1362 1401 et
1384 1367 1529 1400 Christus
1555 1367 1739 1405 Ecclesiam,
1764 1375 1846 1408 quae
1869 1366 1908 1399 ad
1932 1366 2059 1398 modum
2083 1375 2175 1399 arcae
2198 1366 2237 1399 de
2259 1366 2297 1399 li-

1331 1421 1399 1463 gnis
1418 1420 1558 1462 levigatis
1574 1420 1729 1452 bitumine
1746 1419 1886 1452 caritatis
1902 1421 2069 1451 contextae
2093 1419 2296 1458 aedificatur,

1332 1473 1450 1506 liabens
1474 1473 1643 1506 coenacula
1667 1475 1698 1505 et
1721 1472 1852 1514 tristega
1875 1475 2006 1514 propter
2029 1471 2227 1505 diversitates
2250 1472 2296 1505 of-

1331 1526 1493 1564 ficiorum,
1518 1525 1675 1567 graduum
1700 1529 1731 1558 et
1754 1525 1961 1567 dignitatum3
1978 1524 2017 1557 ad
2035 1524 2184 1567 Ephesios
2200 1534 2297 1567 quar-

1334 1579 1410 1612 t0⁹z
1442 1592 1457 1607 «
1474 1579 1541 1620 lpse
1564 1578 1648 1611 dedit
1672 1578 1825 1620 quosdam
1851 1578 2030 1620 Apostolos,
2055 1577 2208 1619 quosdam
2225 1577 2296 1620 qui-

1332 1631 1403 1664 dem
1423 1631 1610 1672 Prophetas,
1628 1630 1705 1663 alios
1722 1639 1798 1662 vero
1815 1630 2038 1672 Evangelistas‚
2055 1630 2132 1663 alios
2148 1639 2225 1663 vero
2240 1639 2295 1672 pa-

1332 1688 1433 1717 stores
1457 1687 1487 1716 et
1510 1684 1672 1722 doctores,
1697 1683 1735 1715 ad
1759 1683 2064 1716 consummationem
2088 1683 2296 1722 Sanctorum,

1331 1737 1369 1770 ad
1386 1737 1632 1770 aedificationem
1657 1736 1800 1778 corporis
1824 1736 1958 1774 Christi,
1975 1736 2075 1769 donec
2091 1745 2299 1769 occurramus

1332 1800 1441 1823 omnes
1464 1791 1493 1822 in
1520 1790 1624 1822 virum
1646 1790 1839 1831 perfectum,
1856 1789 1887 1822 in
1907 1798 2088 1822 mensuram
2105 1789 2216 1822 aetatis
2232 1790 2298 1832 ple-

1331 1844 1484 1876 nitudinis
1507 1843 1621 1882 Christi
1640 1855 1670 1881 »;
1695 1843 1726 1874 in
1752 1852 1815 1885 qua
1839 1842 1957 1875 scilicet
1973 1842 2034 1874 erit
2056 1841 2236 1884 longitudo,
2253 1841 2298 1874 la-

1333 1897 1434 1929 titudo
1461 1899 1493 1929 et
1523 1896 1656 1928 altitudo
1687 1904 1779 1928 arcae
1807 1895 1999 1927 nobilissime
2031 1897 2247 1927 consummata
2259 1894 2297 1926 ¹⁰.

1332 1950 1419 1983 Sicut
1441 1950 1534 1982 etiam
1559 1949 1613 1991 qui
1638 1949 1722 1981 intra
1737 1958 1844 1981 arcam
1860 1949 1992 1981 fuerunt
2016 1948 2126 1981 salvati
2144 1951 2236 1987 sunt,
2253 1948 2298 1981 sic

1332 2003 1387 2044 qui
1411 2002 1494 2034 intra
1530 2002 1698 2034 Ecclesiam
1729 2006 1804 2034 sunt
1835 2001 1999 2033 salvantur
2030 2009 2087 2042 per
2119 2009 2235 2042 aquam
2267 2003 2300 2032 et

1332 2055 1522 2096 baptismum
1537 2066 1544 2093 ;
1570 2054 1691 2096 primae
1709 2054 1790 2086 Petri
1807 2053 1901 2086 tertio
1914 2055 1939 2072 ¹¹
1956 2066 1963 2085 :
1993 2066 2008 2082 (ι
2026 2054 2058 2086 In
2083 2053 2195 2086 diebus
2215 2053 2297 2091 Noe,

1331 2116 1404 2139 cum
1436 2106 1648 2139 fabricaretur
1679 2115 1771 2145 arca,
1804 2106 1834 2138 in
1868 2115 1933 2148 qua
1956 2106 2069 2148 pauci,
2093 2106 2125 2138 id
2148 2108 2196 2139 est
2226 2109 2298 2139 octo

1332 2160 1454 2192 animae
1477 2160 1581 2192 salvae
1604 2159 1703 2192 factae
1727 2162 1802 2192 sunt
1825 2168 1882 2201 per
1906 2168 2031 2202 aquam.
2058 2159 2148 2201 Quod
2180 2161 2211 2191 et
2241 2168 2299 2192 vos

1332 2221 1416 2244 nunc
1440 2212 1550 2245 similis
1574 2211 1694 2244 formae
1711 2212 1814 2245 salvos
1830 2212 1904 2244 facit
1921 2212 2093 2253 baptisma,
2111 2220 2174 2243 non
2191 2211 2296 2244 carnis

1332 2266 1484 2308 depositio
1507 2266 1666 2305 sordium,
1692 2265 1746 2298 sed
1770 2266 1979 2299 conscientiae
2000 2265 2101 2298 bonae
2123 2265 2299 2307 interroga-

1332 2319 1375 2351 tio
1399 2319 1430 2352 in
1454 2320 1572 2358 Deum,
1597 2328 1654 2361 per
1679 2319 1945 2352 resurrectionem
1970 2318 2094 2351 Domini
2111 2318 2210 2351 nostri
2229 2318 2297 2351 lesu

1331 2373 1494 2406 Christi».
1520 2373 1555 2405 Et
1580 2373 1662 2406 sicut
1693 2373 1746 2415 qui
1780 2377 1874 2405 extra
1905 2381 2011 2405 arcam
2040 2372 2172 2405 fuerunt
2203 2371 2296 2405 deleti

1331 2429 1424 2465 sunt,
1449 2426 1493 2459 sic
1509 2435 1635 2464 omnes,
1654 2426 1707 2468 qui
1726 2429 1819 2459 extra
1836 2426 2004 2459 Ecclesiam
2022 2428 2114 2464 sunt,
2132 2434 2188 2467 per
2205 2424 2298 2457 finale

1331 2480 1482 2512 iudicium
1492 2479 1745 2519 damnabuntur3
1756 2480 1787 2512 in
1801 2480 1893 2512 cuius
1905 2479 2151 2523 designationem
2164 2479 2298 2511 Actuum

1330 2533 1481 2575 vigesimo
1505 2533 1638 2575 septimo
1652 2534 1678 2552 ¹²
1712 2546 1728 2562 «
1744 2533 1826 2566 dixit
1857 2534 1993 2567 Paulus:
2018 2532 2081 2565 Nisi
2106 2532 2138 2565 hi
2163 2532 2194 2565 in
2225 2531 2297 2564 navi

1331 2585 1520 2625 manserint,
1546 2594 1602 2618 vos
1625 2586 1702 2618 salvi
1727 2586 1796 2619 fieri
1820 2595 1882 2618 non
1905 2585 2035 2628 potestis
2051 2598 2082 2617 n.

1334 2771 1421 2790 arcam
1450 2766 1484 2791 dc
1512 2765 1589 2796 lignis
1617 2764 1763 2795 levigatis...
1790 2766 1815 2789 et
1844 2763 1972 2789 bitumine
1995 2763 2069 2789 linies
2096 2763 2249 2788 intrinsecus
2273 2766 2299 2789 ct

1334 2809 1510 2840 extrinsecus;
1531 2817 1556 2834 v.
1578 2810 1628 2834 46:
1649 2809 1776 2834 Deorsum
1797 2809 1939 2834 coenacula
1959 2812 1984 2833 et
2003 2808 2108 2839 tristega
2128 2807 2206 2833 facies
2220 2807 2244 2833 in
2258 2814 2297 2833 ea.

1334 2866 1369 2871 -
1389 2853 1437 2878 Pro
1456 2852 1583 2879 bitumine
1602 2852 1724 2879 caritatis
1744 2853 1884 2878 contextae
1899 2851 1943 2884 (ita
1963 2851 1982 2877 C
1994 2852 2025 2884 D)
2048 2852 2105 2876 Vat.
2115 2858 2165 2884 per
2179 2850 2298 2877 bitumen

1335 2894 1455 2921 caritatis
1475 2895 1612 2922 connexas.
1641 2896 1692 2921 Csr.
1721 2896 1846 2927 August,
1876 2895 1956 2926 Epist.
1975 2898 2066 2921 contra
2085 2895 2232 2921 Donatistas
2252 2894 2299 2928 (de
2354 2901 2362 2923 η

1335 2939 1433 2964 unitate
1452 2939 1606 2971 Ecclesiae),
1627 2945 1649 2964 c.
1670 2939 1694 2964 5.
1715 2946 1739 2964 n.
1761 2940 1786 2964 9.

1407 2981 1429 2995 ¹⁰
1448 2982 1500 3008 Csr.
1518 2984 1582 3008 Gen.
1603 2984 1633 3013 6,
1654 2983 1694 3007 45.
1715 2990 1788 3015 seq.;
1808 2983 1933 3014 August„
1954 2983 2011 3008 XV.
2025 2983 2059 3008 de
2072 2981 2126 3008 Civ.
2141 2982 2201 3013 Dei,
2214 2989 2237 3007 c.
2251 2982 2295 3007 26.

1334 3034 1360 3051 n.
1381 3027 1404 3051 l.
1424 3029 1449 3052 et
1469 3027 1520 3052 Xll.
1541 3030 1630 3053 contra
1650 3027 1789 3057 Faustum,
1814 3033 1837 3052 c.
1866 3027 1906 3052 14.
1926 3027 1994 3052 Vide
2012 3030 2075 3052 tom.
2096 3027 2128 3052 V.
2147 3033 2208 3058 pag.
2229 3025 2298 3056 258,

1335 3074 1423 3095 notam
1443 3072 1469 3095 2.

1407 3113 1427 3128 ¹¹
1448 3115 1523 3140 Vers.
1543 3115 1585 3140 20.
1604 3118 1629 3140 et
1649 3116 1692 3140 21.
1710 3115 1761 3141 Csr.
1781 3115 1900 3145 Ilieron.‚
1920 3114 2020 3146 Dialog.
2041 3116 2131 3140 contra
2157 3113 2298 3140 Luciferia-

1335 3165 1398 3189 nos,
1417 3165 1442 3183 n.
1462 3159 1510 3190 22;
1529 3158 1654 3190 August„
1682 3158 1707 3183 in
1733 3159 1802 3183 loan.
1828 3159 1928 3190 Evang.
1953 3161 1985 3183 tr.
2011 3158 2036 3183 6.
2062 3165 2086 3183 n.
2109 3158 2150 3183 19.
2169 3161 2194 3183 et
2214 3158 2244 3183 V.
2264 3157 2298 3183 de

1336 3202 1470 3233 Baptismo
1489 3205 1578 3227 contra
1599 3202 1759 3233 Donatistas,
1779 3208 1802 3227 c.
1822 3202 1865 3226 28.
1885 3209 1911 3227 n.
1931 3202 1974 3227 39.

1409 3244 1430 3259 ¹⁹
1450 3246 1523 3271 Vers.
1544 3246 1587 3276 31,
1606 3245 1653 3271 ubi
1672 3253 1720 3277 pro
1734 3245 1886 3271 manserint
1903 3245 1985 3271 ACD
2003 3244 2168 3271 manseritis.
2187 3258 2222 3264 —
2241 3244 2299 3270 Hie-

1336 3296 1407 3320 ron.,
1427 3289 1507 3320 Epist.
1529 3289 1568 3314 45.
1595 3290 1669 3322 (alias
1688 3289 1741 3322 57.)
1762 3296 1787 3314 n.
1810 3290 1843 3314 2:
1863 3291 1948 3321 Super
1967 3289 2036 3314 illam
2056 3292 2159 3321 petram
2178 3289 2298 3314 aedifica·

1337 3336 1390 3359 tam
1419 3333 1560 3358 Ecclesiam
1589 3334 1652 3359 scio.
1682 3333 1850 3365 Quicumque
1877 3336 1949 3359 extra
1977 3333 2044 3358 hanc
2069 3333 2179 3359 domum
2197 3339 2296 3365 agnum

1336 3377 1495 3407 comederit,
1514 3379 1639 3409 profanus
1658 3381 1705 3403 est.
1724 3377 1750 3402 Si
1770 3377 1830 3409 quis
1850 3377 1876 3402 in
1895 3377 1948 3403 Noe
1961 3384 2021 3403 arcu
2035 3384 2086 3403 non
2100 3377 2189 3409 ruerit,
2203 3376 2299 3409 peribit

1336 3425 1464 3454 regnante
1482 3421 1590 3447 diluvio.
