2427 3872
323 250 386 282 788

605 293 671 317 ΜΛΝ

376 338 514 363 mimicum
527 350 562 355 —
574 339 719 368 posuerunt
731 335 785 361 duo
799 334 923 367 principia
936 337 961 360 et

324 382 454 416 quaedam
474 381 586 413 produci
605 387 619 405 a
640 381 694 405 Deo
706 379 783 411 lucis,
802 379 932 411 quaedam
946 386 961 404 a

323 427 377 452 Deo
391 425 557 451 tenebrarum
568 425 600 450 Vl
616 424 667 449 248
683 424 715 449 10
730 437 761 441 -
775 423 894 449 tribuunt
908 423 961 448 Deo

323 470 420 496 auctori
435 470 555 501 spiritum
575 472 600 494 et
613 467 717 494 diabolo
737 475 833 500 corpus
853 467 894 493 Vll
909 467 960 492 303

323 515 351 539 81
376 528 410 532 —-
424 513 528 543 dicunt,
542 511 720 544 corruptibilia
734 519 785 537 non
805 518 862 537 esse
874 514 961 537 creata

323 565 338 584 a
358 558 427 583 bono
446 558 500 582 Deo
520 557 551 581 Vl
572 557 606 582 33
624 563 650 589 q.
664 570 700 575 —
718 556 869 581 Secundum
890 555 962 587 ipsos

323 602 438 628 mundus
456 602 503 627 iste
530 600 660 627 sensibilis
690 601 798 632 pertinet
826 600 860 625 ad
879 600 962 625 domi-

323 647 397 674 nium
416 645 513 672 diaboli
543 645 589 671 421
613 645 655 670 52.
685 644 735 670 489
756 645 790 670 67
809 658 844 663 -
863 644 962 675 dicunt,

322 691 394 724 quod
414 690 536 716 dominus
564 696 617 715 non
634 689 668 714 sit
696 690 776 714 factor
805 692 830 714 et
858 691 960 714 creator

323 736 457 761 hominum
468 735 596 760 malorum
611 734 661 759 368
679 734 711 758 69
727 747 759 752 —
773 733 873 764 dicunt,
886 733 959 766 quod

323 780 418 805 malitia
439 778 536 804 diaboli
555 785 606 804 non
625 777 704 803 habet
723 777 837 808 initium,
851 780 876 802 et
888 777 960 810 quod

324 825 356 849 sit
376 823 532 855 principium
553 823 614 848 mali
632 821 668 848 ib.
685 822 720 847 70
738 835 774 840 —
793 821 904 847 visibilia
923 821 962 846 di-

324 871 385 894 cunt
415 875 472 893 esse
500 868 566 892 mala
594 866 644 892 194
669 874 696 891 v.
720 866 736 890 7
761 879 796 885 —
821 865 961 896 dicebant,

322 912 455 938 Christum
479 911 592 936 attulisse
616 917 713 942 corpus
738 911 888 935 aethereum
919 909 960 934 Vll

325 956 375 981 297
395 955 423 980 61

378 1014 411 1019 -—
431 1001 507 1025 Error
521 999 729 1024 Manichaeorum
744 997 847 1023 eliditur
863 997 896 1022 Vl
910 996 961 1022 248

326 1046 358 1070 10
376 1058 412 1063 -
431 1044 595 1069 Manichaeus
613 1042 689 1073 dixit,
707 1049 735 1067 se
755 1049 813 1067 esse
835 1041 961 1073 Spiritum

324 1092 442 1114 sanetum
462 1088 505 1113 Vll
525 1087 577 1113 525
595 1086 627 1112 14

377 1133 560 1158 ΜΛΝιπεετΛτιο
586 1145 619 1149 -—
647 1133 795 1162 respectum
825 1129 904 1155 habet
928 1129 960 1154 ad

324 1184 370 1203 eos
389 1176 486 1209 quibus
515 1176 550 1206 fit,
569 1178 595 1201 et
613 1175 647 1200 ad
666 1181 736 1205 eum,
756 1174 789 1200 de
808 1181 862 1207 quo
881 1174 910 1199 fit
930 1173 961 1199 Vl

325 1222 377 1247 265
397 1221 430 1245 89
454 1219 516 1246 Vide
533 1227 559 1246 v.
577 1218 726 1253 Apparitio.

379 1267 467 1291 MANNA
487 1279 523 1284 —
541 1268 596 1290 erat
619 1264 694 1296 panis
721 1263 837 1289 caelestis
856 1263 888 1288 Vl
910 1263 960 1288 326

327 1311 359 1336 47
380 1325 412 1329 —
432 1317 483 1336 non
503 1316 577 1340 vere,
597 1309 642 1335 sed
663 1308 749 1340 typice
767 1311 822 1333 erat
841 1308 916 1339 panis
929 1307 963 1333 de

325 1356 396 1382 caelo
416 1355 492 1380 datus
511 1353 544 1380 ib.
565 1353 597 1379 48
617 1367 650 1371 -
670 1352 745 1379 cibus
758 1353 805 1378 fuit
823 1352 962 1378 materialis

326 1403 351 1425 et
369 1400 402 1426 de
421 1400 492 1425 caelo
516 1398 653 1429 materiali,
673 1404 767 1430 gerens
792 1400 878 1422 tamen
898 1397 962 1428 figu-

325 1451 382 1470 ram
402 1443 453 1469 cibi
473 1443 543 1474 veri,
562 1442 678 1468 caelestis
701 1445 726 1467 et
744 1441 885 1473 spiritualis
910 1441 961 1466 327

326 1489 359 1515 53
378 1503 413 1507 —
432 1491 471 1514 est
489 1488 573 1519 figura
593 1486 645 1513 cibi
658 1486 775 1512 caelestis
795 1486 836 1511 Vll
856 1486 907 1511 362
929 1486 962 1510 16

325 1548 360 1551 -
374 1531 567 1565 praefigurabat
580 1538 667 1557 escam
680 1531 841 1562 Angelorum
859 1530 890 1556 Vl
910 1530 961 1555 214

326 1585 351 1602 v.
366 1578 399 1603 20
415 1591 447 1595 -—
460 1575 623 1608 significabat
635 1582 751 1607 congrue
764 1574 896 1600 Christum
912 1573 962 1599 sub

326 1622 495 1647 §aeramento
508 1620 595 1646 altaris
609 1619 660 1645 215
674 1627 699 1644 v.
713 1619 741 1644 21
760 1633 794 1637 -
814 1618 860 1644 fuit
878 1618 962 1650 figura

328 1665 485 1691 sacramenti
505 1663 668 1689 eucharistici
688 1663 731 1688 Vll
752 1662 802 1688 546
823 1662 857 1687 25
876 1676 910 1680 -—
929 1661 964 1687 51-

328 1709 469 1742 gnificabat
487 1708 598 1740 gratiam
612 1708 753 1733 increatam
768 1707 799 1732 vt
813 1706 864 1731 216
884 1713 910 1731 v.
930 1706 964 1730 25

381 1768 413 1772 -
434 1760 481 1785 per
504 1752 618 1784 Angelos
642 1754 697 1776 erat
721 1752 905 1782 praeparatum
931 1749 964 1774 Vl

329 1797 380 1823 214
406 1805 432 1822 v.
458 1798 491 1822 20
513 1810 548 1815 —-
566 1796 600 1821 de
628 1795 699 1821 caelo
727 1795 803 1820 aereo
831 1793 966 1819 descendit

327 1841 390 1868 ibid.
408 1855 443 1859 —
461 1839 606 1873 apparebat
624 1842 652 1865 ut
675 1845 765 1864 semen
780 1838 911 1864 coriandri
930 1838 966 1863 al-

327 1886 391 1911 bum
411 1885 463 1911 215
482 1892 508 1910 v.
527 1885 556 1910 21

383 1943 415 1947 -
427 1936 478 1955 11011
492 1931 593 1961 poterat
606 1927 739 1953 vivificare
752 1926 799 1952 nisi
814 1933 862 1958 per
875 1925 965 1951 cibum

327 1974 497 2007 spiritualem,
516 1980 595 2006 quem
615 1971 737 2004 signabat
754 1972 785 1997 Vl
807 1970 859 1997 335
878 1970 912 1996 94
930 1984 965 1989 —

326 2017 499 2047 conservabat
517 2017 693 2049 temporaliter
718 2016 768 2042 333
789 2016 821 2041 88
841 2030 876 2034 —
895 2015 966 2041 ordi-

326 2063 438 2089 nabatur
457 2063 489 2089 ad
509 2061 734 2088 conservationem
749 2060 818 2086 vitae
837 2063 965 2092 tempora-

326 2108 356 2134 lis
375 2108 408 2134 ad
428 2111 533 2139 tempus
552 2106 603 2133 335
623 2105 657 2131 94

381 2166 415 2171 -
434 2151 576 2178 bonitatem
593 2149 771 2184 quorumlibet
788 2149 908 2175 ciborum
927 2156 964 2175 re-

327 2194 510 2228 praesentabat
528 2194 561 2219 Vl
585 2194 636 2219 232
662 2201 687 2219 v.
713 2194 746 2219 20
766 2208 800 2211 -
820 2193 854 2219 (10
872 2195 964 2219 natura

327 2247 373 2266 sua
390 2238 503 2265 habebat
515 2238 717 2264 determinatum
731 2244 852 2270 saporem
872 2237 965 2263 dulcis·

327 2284 437 2316 simum,
450 2283 547 2309 scilicet
565 2282 632 2308 sicut
644 2285 683 2308 est
695 2289 774 2314 sapor
792 2282 891 2307 similae
903 2288 964 2307 cum

328 2329 417 2359 melle;
441 2328 487 2354 sed
507 2334 554 2359 per
579 2327 689 2359 gratiam
715 2326 831 2352 divinam
851 2325 966 2351 habebat

327 2379 435 2405 sapores
460 2372 579 2398 diversos
602 2371 749 2397 secundum
773 2370 964 2395 desideriorum

327 2416 504 2443 diversitatem
518 2415 570 2441 214
589 2422 615 2440 ν.
630 2415 670 2440 20.
691 2415 742 2440 215
756 2422 783 2439 v.
802 2415 831 2439 21
854 2428 889 2431 -
902 2413 964 2439 Boni

327 2461 353 2485 in
373 2466 467 2486 manna
486 2466 607 2491 saporem
634 2458 763 2490 optimum
784 2457 964 2488 inveniebant,

327 2504 375 2530 sed
394 2503 453 2528 mali
472 2502 638 2528 fastidiebant
656 2501 707 2527 214
727 2509 752 2527 v.
772 2502 805 2527 20

380 2561 416 2566 -
434 2554 478 2572 sex
495 2546 590 2572 diebus
609 2549 634 2572 et
646 2553 700 2571 non
719 2546 744 2571 in
765 2545 879 2571 sabbato
900 2545 966 2570 colli-

328 2591 439 2624 gebatur
459 2591 491 2616 Vl
511 2590 562 2616 215
582 2598 608 2616 v.
627 2591 655 2615 21
680 2604 715 2608 -
733 2590 773 2615 Ad
788 2596 882 2614 manna
902 2589 967 2615 reci-

328 2636 455 2668 piendum
474 2638 500 2660 et
512 2634 688 2666 colligendum
701 2633 839 2665 oportebat
856 2640 967 2665 praeve-

328 2681 384 2706 nIre
403 2680 485 2705 solem
505 2679 556 2704 216
576 2686 603 2704 ν.
622 2679 654 2704 28
674 2691 709 2696 -
728 2677 761 2703 ad
781 2677 869 2709 ignem
889 2677 967 2703 dure-

328 2723 430 2754 sccbat,
458 2723 491 2749 ita
516 2723 587 2755 quod
622 2722 715 2748 exinde
740 2722 831 2747 flerent
858 2721 967 2747 tortulae

327 2767 362 2796 ib.
376 2775 402 2793 v.
415 2768 448 2793 27
460 2781 492 2785 ——-
503 2766 537 2792 ab
550 2766 643 2798 exiguo
657 2766 731 2792 radio
744 2766 806 2792 solis
815 2765 966 2791 calefactum

328 2811 477 2845 liquefiebat
496 2810 557 2837 ibid.
578 2811 628 2836 232
648 2818 673 2836 v.
693 2811 726 2836 20

383 2869 415 2873 -
434 2856 520 2882 ludaei
534 2855 759 2881 manducaverunt
773 2861 866 2880 manna
886 2854 911 2879 in
925 2854 967 2880 de-

329 2903 397 2926 serto
417 2907 464 2932 per
482 2899 653 2932 quadraginta
668 2906 749 2925 annos
763 2899 795 2924 Vl
810 2898 860 2924 215
879 2906 905 2924 ν.
925 2898 966 2923 21.

331 2944 382 2969 330
401 2944 444 2969 73.
463 2944 513 2969 333
534 2944 567 2969 88

383 2989 477 3014 1111111510
498 3002 530 3006 -
549 2989 576 3013 111
602 2988 683 3020 gloria
703 2992 763 3013 sunt
790 2988 878 3019 plures
898 2994 968 3012 man-

329 3032 415 3058 siones
433 3035 538 3063 paratae
558 3032 703 3058 secundum
717 3032 868 3058 electionem
888 3034 968 3056 aeter-

329 3083 404 3106 nam,
423 3076 469 3102 sed
489 3076 620 3108 parandae
639 3076 725 3102 adhuc
750 3076 895 3102 secundum
916 3082 967 3101 me-

328 3120 375 3146 rita
390 3120 423 3146 vt
438 3120 488 3146 436
503 3121 527 3151 1,
541 3121 556 3146 2
569 3134 604 3139 -
616 3120 733 3146 Christus
746 3123 884 3152 praeparat
896 3120 967 3146 viam

329 3164 362 3190 ad
383 3164 530 3190 mansiones
548 3163 582 3190 ib.
602 3164 616 3190 4

383 3209 551 3234 lllxnsueruno
575 3221 611 3227 —-
634 3208 737 3234 ordinat
760 3208 793 3234 ad
817 3209 966 3241 proximum

330 3252 363 3277 Vl
382 3252 433 3277 543
453 3253 477 3277 2.
498 3251 549 3277 595
570 3252 584 3278 4
609 3266 642 3270 -
668 3253 821 3285 Exemplum
846 3260 967 3279 mansue-

331 3296 398 3322 tlinis
418 3303 432 3321 a
451 3296 551 3322 Christo
571 3296 752 3329 accipiendum
773 3300 811 3323 est
826 3295 877 3323 595
898 3296 912 3323 4
932 3311 966 3316 -

332 3340 384 3366 Soli
403 3341 531 3366 mansueti
550 3344 618 3367 recte
637 3340 718 3366 verba
738 3341 828 3367 divina
847 3344 872 3367 et
890 3348 968 3367 eran-

330 3384 411 3415 gelica
431 3384 575 3417 intelligunt
593 3384 635 3410 Vll
656 3384 671 3410 4
692 3385 706 3409 6

1181 247 1294 279 INDEX
1319 246 1446 279 RERUM

1053 348 1088 353 —
1107 335 1182 360 decet
1201 334 1294 360 Christi
1308 341 1400 360 servos
1420 335 1461 360 Vll
1475 335 1525 360 248
1541 335 1587 360 101
1607 349 1640 353 —-

1000 378 1107 410 reperiri
1123 378 1202 404 debet
1217 379 1243 404 in
1263 379 1419 411 praepositis
1436 379 1565 405 Ecclesiae
1579 378 1640 405 ibid.

998 435 1034 441 —
1053 426 1092 448 est
1111 422 1249 448 fortissima
1269 426 1400 448 armatura
1421 422 1473 449 254
1493 423 1508 448 6

1053 467 1139 492 ΜΛΝυε
1159 480 1192 485 ——
1211 467 1259 492 Dei
1276 469 1316 492 est
1334 467 1412 492 Filius
1431 467 1464 492 Vl
1491 467 1535 492 181
1560 474 1586 492 v.
1607 467 1639 492 18

999 524 1035 529 -
1054 511 1125 536 ldem
1145 513 1185 536 est
1203 510 1321 537 Verbum
1340 514 1367 536 et
1385 518 1478 536 manus
1497 511 1578 536 Patris
1597 511 1639 536 Vll

1000 555 1034 580 26
1054 555 1088 580 69
1106 568 1143 574 -·
1161 555 1216 580 Una
1236 558 1275 580 est
1293 562 1387 580 manus
1402 554 1497 581 Christi
1516 559 1541 580 et
1559 555 1641 580 Patris

1000 599 1033 624 Vl
1054 599 1100 624 391
1127 599 1173 630 40,
1194 599 1222 625 41
1245 614 1280 617 -
1299 599 1345 624 Dei
1365 602 1404 625 est
1431 599 1488 624 eius
1512 599 1596 625 virtus
1614 602 1639 625 et

1000 643 1117 675 potentia
1130 642 1165 670 ib.
1178 643 1206 668 41
1224 657 1260 663 -
1273 643 1401 675 significat
1420 645 1574 675 potestatem
1595 644 1640 669 Dei

1001 688 1052 713 213
1067 695 1092 713 ν.
1108 688 1141 714 15
1151 702 1185 706 --
1195 687 1325 719 significat
1337 688 1479 719 potentiam
1495 688 1534 713 vel
1548 688 1640 713 Filium

1000 732 1046 757 Dei
1067 732 1118 757 229
1142 739 1169 757 ν.
1187 731 1219 764 7,
1239 733 1253 757 8
1273 746 1308 750 ——
1327 732 1457 764 significat
1480 731 1574 758 Christi
1593 739 1640 764 po-

1000 779 1118 802 testatem
1139 776 1181 801 Vll
1202 776 1235 800 80
1259 776 1288 801 40

1052 835 1087 838 —
1102 821 1149 846 Per
1164 823 1262 846 tactum
1281 819 1428 845 dominicae
1440 827 1534 845 manus
1553 820 1640 845 intelli-

1000 865 1070 896 gitur
1096 864 1179 896 gratia
1201 864 1241 889 Vll
1268 864 1319 889 122
1343 864 1376 889 37
1397 878 1429 882 -
1449 864 1538 889 divina
1558 864 1640 895 tangit

1000 915 1049 934 nos
1069 915 1116 940 per
1135 908 1267 933 Christum
1286 907 1348 933 ibid.

1053 965 1088 971 —-
1113 952 1186 978 arida
1211 951 1341 983 significat
1363 951 1508 976 ariditatem
1538 951 1640 977 virtutis

1001 996 1043 1021 Vll
1065 996 1115 1021 140
1136 997 1168 1021 22
1188 1009 1223 1015 --
1242 996 1315 1021 arida
1328 999 1435 1021 sanatur
1453 995 1545 1021 divino
1562 996 1641 1027 impe-

1000 1040 1040 1065 rio
1060 1038 1121 1065 ibid.

1053 1097 1089 1102 —
1107 1084 1197 1109 Manus
1215 1084 1330 1109 extensio
1348 1084 1477 1115 siguificat
1495 1084 1639 1115 largitatem

1001 1127 1186 1154 beneficentiae
1204 1128 1246 1154 Vll
1262 1128 1313 1154 140
1327 1129 1360 1153 22
1376 1142 1408 1146 -
1422 1128 1569 1159 significant
1580 1135 1640 1159 ope-

1000 1173 1127 1198 rationem
1147 1172 1180 1197 Vt
1200 1172 1250 1197 598
1270 1179 1298 1197 v.
1320 1171 1344 1197 4.
1364 1171 1416 1197 599
1437 1172 1446 1196 1
1465 1186 1500 1190 -—
1513 1172 1640 1204 operatio-

1001 1217 1042 1243 nis
1061 1217 1156 1249 ligatur
1175 1224 1221 1249 per
1246 1220 1398 1248 peccatum,
1417 1217 1459 1241 vel
1478 1223 1526 1248 per
1544 1216 1640 1242 inordi-

1000 1265 1090 1287 natum
1110 1264 1243 1293 torporem
1273 1261 1324 1287 593
1354 1269 1379 1286 v.
1408 1261 1441 1286 44
1460 1276 1495 1279 -
1514 1260 1639 1292 Ligamen

1001 1313 1127 1332 manuum
1147 1306 1210 1332 dicit
1234 1306 1410 1331 difficultatem
1437 1305 1462 1331 in
1489 1304 1555 1331 bene
1580 1312 1640 1337 ope-

1000 1351 1084 1377 rando
1104 1350 1154 1376 406
1179 1351 1211 1376 63
1232 1364 1267 1369 -
1286 1351 1415 1382 perforata
1442 1350 1536 1377 dicitur
1561 1351 1640 1375 homo

1000 1395 1033 1421 ad
1053 1402 1121 1427 opus
1140 1395 1239 1421 bonum
1253 1395 1358 1426 ineptus
1379 1394 1393 1420 4
1413 1395 1428 1420 6
1448 1408 1483 1413 -
1503 1393 1581 1420 habet
1594 1402 1641 1420 1111-

1001 1443 1097 1472 guenta
1121 1440 1145 1465 in
1171 1443 1272 1472 septem
1298 1439 1424 1471 operibus
1445 1439 1640 1465 misericordiae

1000 1485 1043 1510 Vll
1064 1485 1114 1510 587
1134 1484 1169 1509 72

1053 1542 1089 1548 -
1107 1528 1204 1554 diaboli
1223 1529 1328 1554 trahens
1346 1528 1374 1553 in
1392 1528 1513 1560 passione
1531 1531 1570 1554 051
1595 1527 1641 1553 ab-

1000 1573 1094 1604 scissa,
1114 1573 1250 1605 impellens
1269 1576 1308 1598 est
1320 1572 1466 1604 debilitata,
1485 1575 1572 1598 nostra
1587 1580 1640 1598 ma-

1001 1625 1050 1643 nus
1063 1617 1097 1643 ad
1110 1617 1283 1643 resistendum
1298 1616 1433 1642 fortificata
1449 1624 1496 1648 per
1514 1617 1593 1642 fidem
1610 1617 1640 1642 Vl

1003 1662 1049 1687 421
1074 1662 1107 1687 53

1057 1706 1128 1731 ΜΑΒΕ
1147 1718 1183 1724 -
1202 1705 1270 1730 iuxta
1290 1712 1390 1730 morem
1406 1705 1561 1730 ludaeorum
1582 1704 1642 1730 dici-

1003 1752 1045 1775 tur
1069 1756 1165 1781 magna
1189 1749 1360 1780 congregatio
1384 1755 1513 1781 aquarum
1539 1748 1569 1773 Vl
1591 1748 1637 1773 521

1005 1794 1047 1819 13.
1067 1794 1109 1819 Vll
1130 1793 1179 1818 113
1200 1793 1215 1818 3
1229 1793 1396 1818 ——estlocus
1415 1792 1550 1818 continens
1566 1799 1643 1825 aqua-

1003 1845 1062 1863 rum
1076 1837 1263 1863 abundantiam
1279 1837 1310 1863 Vl
1326 1837 1358 1862 15
1372 1844 1399 1870 q.
1412 1837 1428 1863 5
1438 1836 1577 1862 —dicitur
1591 1843 1643 1862 ma-

1004 1889 1072 1914 gnus
1091 1889 1206 1908 oceanus
1227 1882 1258 1907 13
1278 1889 1304 1906 v.
1324 1881 1340 1906 7

1056 1941 1091 1946 —
1109 1934 1163 1952 non
1182 1926 1304 1958 impletur
1317 1925 1469 1952 fluminibus
1488 1926 1521 1951 vl
1541 1926 1572 1951 13
1588 1933 1613 1951 v.
1627 1925 1643 1950 7

1003 1986 1038 1990 —
1056 1972 1075 1997 E
1088 1971 1154 1997 mari
1173 1971 1331 1997 incessanter
1344 1971 1372 1996 flt
1390 1970 1521 1996 emanatio
1542 1970 1573 1996 15
1587 1977 1613 2003 q.
1627 1970 1642 1995 5

1002 2030 1037 2042 —.
1055 2016 1172 2042 Flumina
1196 2015 1315 2041 oriuntur
1333 2022 1348 2041 a
1374 2015 1438 2041 mari
1467 2022 1518 2041 non
1543 2015 1643 2041 ratione

1003 2061 1169 2093 proprietatis
1178 2067 1271 2094 aquae,
1281 2060 1327 2086 sed
1338 2060 1439 2086 ratione
1449 2060 1568 2086 defluxus
1579 2058 1642 2086 ibid.

1059 2119 1095 2125 ·-
1114 2109 1153 2131 est
1171 2112 1291 2131 amarum
1308 2105 1341 2130 Vl
1357 2105 1389 2130 15
1402 2112 1428 2137 q.
1449 2105 1465 2130 5
1478 2118 1513 2123 —
1526 2104 1641 2135 exsurgit

1002 2150 1037 2176 ad
1055 2153 1164 2176 ventum
1185 2150 1235 2175 323
1256 2150 1289 2175 28
1308 2163 1343 2168 —-
1364 2150 1389 2174 ln
1409 2148 1474 2174 mari
1493 2151 1553 2174 sunt
1572 2148 1642 2174 inuu-

1003 2193 1138 2220 merabilia
1163 2193 1279 2226 pericula
1304 2193 1354 2218 197
1381 2200 1405 2218 ν.
1426 2192 1441 2218 5
1460 2207 1495 2210 —
1521 2192 1642 2218 transitur

1002 2239 1143 2271 aliquando
1163 2238 1292 2268 natando,
1317 2237 1459 2270 aliquando
1478 2236 1642 2268 navigando,

1002 2283 1142 2316 aliquando
1161 2282 1286 2308 calcando
1306 2281 1357 2307 625
1377 2289 1402 2307 ν.
1421 2281 1437 2306 7

1055 2341 1090 2346 -
1104 2330 1163 2353 ante
1175 2327 1245 2353 diem
1260 2326 1433 2352 novissimum
1448 2326 1492 2351 flet
1503 2325 1642 2356 fervidum,

1003 2370 1138 2397 turbidum
1159 2374 1184 2396 et
1208 2377 1364 2402 spumosum
1385 2369 1417 2395 Vl
1441 2369 1489 2395 143
1508 2376 1534 2394 v.
1555 2370 1587 2394 23
1607 2384 1642 2387 -

1003 2423 1031 2441 se
1059 2415 1141 2447 eriget
1169 2421 1249 2446 super
1273 2414 1435 2440 altitudinem
1464 2413 1591 2439 montium
1617 2413 1640 2438 in

1003 2462 1123 2491 tempore
1142 2459 1286 2484 novissimo
1305 2457 1366 2484 ibid.
1387 2458 1428 2483 Vll
1448 2458 1500 2484 535
1521 2457 1553 2483 47

1057 2517 1092 2522 ——
1111 2502 1221 2528 rubrum
1236 2502 1330 2528 dicitur
1348 2509 1362 2527 a
1383 2503 1482 2533 colore,
1501 2509 1580 2535 quem
1595 2505 1642 2527 tra-

1004 2547 1042 2573 hit
1060 2554 1090 2573 ex
1110 2550 1177 2572 terra
1196 2546 1276 2572 rubra
1293 2546 1427 2572 adiacente
1447 2547 1479 2572 Vl
1500 2546 1549 2572 176
1566 2554 1593 2572 ν.
1609 2547 1641 2572 17

1004 2606 1039 2610 -
1057 2591 1168 2617 rubrum
1195 2591 1314 2616 Israelitis
1332 2591 1357 2616 in
1377 2598 1425 2616 suo
1445 2591 1550 2617 transitu
1564 2598 1642 2624 appa·

1004 2635 1079 2661 rebat
1097 2639 1126 2661 ut
1144 2635 1186 2660 via
1206 2636 1282 2667 plana
1302 2638 1327 2660 et
1345 2634 1503 2661 delectabilis
1515 2636 1566 2661 229
1581 2643 1606 2661 v.
1625 2635 1641 2660 7

1056 2694 1091 2698 —
1106 2679 1253 2705 Tiberiadis
1266 2680 1340 2711 plura
1353 2679 1471 2705 sortitum
1484 2683 1522 2705 est
1535 2679 1640 2705 nomina

1005 2724 1048 2749 Vll
1063 2723 1113 2749 113
1133 2724 1148 2749 3
1161 2724 1236 2748 —ln
1256 2723 1298 2749 1110
1311 2724 1390 2749 111υ113
1410 2724 1533 2750 miracula
1552 2730 1642 2756 opera-

1004 2771 1046 2793 tus
1065 2770 1107 2793 est.
1122 2768 1192 2793 lesus
1211 2766 1272 2793 ibid.

1058 2826 1092 2830 —
1110 2812 1228 2844 Quatuor
1241 2811 1364 2837 miracula
1378 2812 1435 2838 fecit
1448 2813 1519 2838 lesus
1533 2813 1559 2837 in
1576 2813 1642 2838 mari

1006 2856 1037 2882 Vl
1058 2855 1109 2880 566
1131 2856 1139 2880 1
1164 2869 1199 2874 -
1217 2855 1343 2881 Dominus
1356 2863 1428 2881 mare
1443 2856 1550 2887 dividit,
1570 2863 1642 2882 mare

1005 2900 1116 2933 quietat,
1136 2906 1207 2925 mare
1232 2900 1325 2930 calcat,
1345 2900 1368 2925 in
1389 2900 1454 2925 mari
1478 2901 1563 2932 pisces
1581 2908 1642 2926 con-

1005 2946 1098 2975 gregat
1116 2942 1178 2969 ibid.
1191 2957 1226 2962 —
1245 2944 1371 2969 Dominus
1387 2944 1548 2970 ambulando
1562 2952 1640 2977 supra

1005 2995 1078 3013 mare
1096 2988 1143 3013 tria
1164 2987 1291 3013 mirabilia
1311 2988 1369 3014 fecit
1385 2989 1436 3014 569
1455 2996 1481 3013 ν.
1505 2989 1534 3014 19

1058 3045 1093 3051 -
1112 3033 1198 3064 Quare
1217 3039 1296 3064 super
1310 3040 1382 3058 mare
1400 3033 1498 3058 steterit
1517 3033 1586 3059 lesus
1599 3033 1640 3058 Vll

1006 3076 1056 3102 114
1076 3076 1091 3101 6
1112 3091 1146 3094 -
1160 3077 1271 3102 Procella
1290 3077 1317 3102 in
1331 3077 1397 3102 mari
1417 3078 1482 3102 facta
1501 3080 1540 3102 est
1552 3077 1641 3102 divina

1004 3121 1199 3153 dispensatione
1219 3121 1268 3147 199
1288 3121 1322 3147 37
1335 3121 1409 3146 —ln
1428 3121 1527 3153 impetu
1546 3122 1641 3153 procel-

1004 3165 1044 3191 lae
1062 3165 1089 3190 in
1102 3165 1168 3191 muri
1186 3165 1339 3197 designatur
1355 3165 1460 3191 tentatio
1480 3165 1576 3191 diaboli
1590 3166 1640 3191 200

1005 3208 1051 3241 43,
1072 3208 1104 3235 44
1122 3222 1158 3228 -
1172 3209 1197 3235 111
1210 3209 1345 3235 sedatione
1359 3209 1486 3235 maximae
1506 3212 1641 3241 tempesta-

1004 3253 1037 3279 tis
1060 3253 1087 3278 in
1106 3253 1173 3279 mari
1200 3253 1352 3285 designatur
1371 3253 1473 3279 animae
1500 3254 1641 3280 consolatio

1006 3296 1039 3324 ib.
1060 3296 1106 3328 43,
1127 3297 1159 3323 45

1058 3355 1093 3359 —
1102 3341 1231 3373 significat
1240 3341 1435 3367 tribulationum
1446 3342 1641 3373 amaritudines,

1005 3392 1053 3418 per
1071 3391 1138 3418 quas
1165 3385 1286 3412 transitur
1304 3385 1337 3411 ad
1365 3385 1501 3412 caelestem
1530 3386 1640 3418 patriam

1968 293 2035 318 MAR

1680 335 1712 361 Vl
1732 336 1782 361 323
1809 337 1842 361 32
1861 349 1897 355 -
1916 337 1963 362 Per
1986 344 2058 362 mare
2082 344 2207 369 praesens
2231 345 2319 364 saecu-

1678 380 1732 405 lum
1752 379 1914 411 significatur
1927 381 1973 406 521
2000 381 2032 406 15
2045 394 2080 400 -
2093 381 2218 407 Maritima
2239 382 2316 413 signi-

1679 424 1738 450 fieat
1751 424 1891 449 vanitatem
1905 427 1930 450 et
1942 424 2127 451 turbulentiam
2140 425 2315 457 superborum

1679 468 1722 493 Vll
1743 468 1793 493 147
1814 468 1846 493 48

1731 525 1767 531 -
1785 513 1810 537 111
1831 512 1896 537 mari
1916 513 2089 544 poenitentiae
2116 516 2226 545 apparet
2247 513 2318 540 Chri-

1678 559 1734 581 stus
1753 556 1912 587 patientibus
1932 557 1963 582 Vl
1983 557 2034 582 623
2048 565 2073 582 v.
2096 558 2105 582 1
2128 571 2163 576 -
2181 558 2230 583 Per
2243 565 2316 584 mare

1679 600 1840 626 contritionis
1859 604 1992 626 transeunt
2010 601 2163 633 incipientes
2182 601 2233 627 597
2254 603 2269 627 2

1732 659 1767 662 -
1785 647 1825 669 est
1843 645 2006 676 quadruplex
2026 645 2058 670 Vl
2079 645 2129 670 566
2150 646 2165 670 2
2185 659 2219 664 —-
2242 652 2317 672 voca-

1679 691 1720 714 tur
1740 688 1868 720 peccatrix
1893 689 2049 714 conscientia
2078 693 2185 721 propter
2213 690 2254 715 sui
2278 690 2317 715 in—

1678 732 1871 765 quietudinem,
1898 733 2048 765 temporalis
2076 734 2179 759 miseria
2208 737 2316 766 propter

1678 777 1718 802 sui
1737 777 1938 803 amaritudinem
1965 778 2007 803 vel
2031 778 2249 809 profunditatem,
2273 785 2316 804 ne·

1678 821 1785 852 gotiatio
1815 822 1946 847 mundana
1972 825 2080 854 propter
2102 822 2142 848 sui
2168 822 2317 854 periculosi-

1679 868 1770 897 tatem,
1792 866 1901 891 Ecclesia
1927 869 2035 897 propter
2060 866 2102 892 sui
2132 866 2315 892 fecunditatem

1678 913 1703 935 et
1722 909 1910 941 plenitudinem
1930 909 1992 936 ibid.

1731 967 1766 970 ——
1785 953 1929 984 spiritualis
1957 953 2081 979 transitus
2105 954 2184 979 maris
2212 954 2245 978 vt
2265 954 2315 979 626

1679 1003 1705 1022 v.
1722 996 1739 1022 7
1752 1011 1787 1014 —
1802 997 1899 1022 Divisio
1915 997 1993 1022 maris
2013 997 2187 1023 conscientiae
2206 1000 2244 1023 est
2257 997 2316 1023 scis-

1678 1041 1716 1066 sio
1735 1041 1822 1066 cordis
1842 1048 1888 1072 per
1906 1041 2088 1066 contritionem
2109 1041 2159 1066 566
2179 1041 2194 1066 3
2216 1055 2249 1059 —-
2268 1041 2316 1067 Do-

1678 1085 1764 1110 minus
1777 1085 1923 1118 tranquillat
1942 1091 2014 1110 mare
2027 1085 2177 1117 temporalis
2196 1085 2316 1111 miseriae

1678 1128 1873 1161 proficientibus
1902 1128 1936 1155 ib.
1966 1129 1980 1154 4
1999 1143 2034 1148 -
2053 1129 2129 1154 Maris
2147 1129 2259 1161 placatio
2279 1132 2318 1155 est

1678 1173 1805 1205 mitigatio
1836 1172 2009 1198 tribulationis
2040 1172 2099 1199 ibid.
2127 1187 2163 1192 —
2190 1173 2316 1199 Dominus

1679 1224 1751 1242 mare
1763 1217 1945 1249 negotiationis
1958 1217 2108 1243 mundanae
2122 1216 2244 1243 calcabile
2257 1218 2317 1243 facit

1678 1261 1741 1286 viris
1760 1261 1879 1293 perfectis
1898 1260 1932 1287 ib.
1945 1261 1961 1287 5

1731 1306 1813 1331 Mania
1832 1320 1867 1323 —
1886 1306 1986 1331 Nomen
2000 1305 2116 1338 Virginis
2128 1308 2173 1340 ,est
2192 1306 2316 1338 mysterio

1679 1350 1785 1382 plenum
1809 1350 1852 1375 Vll
1872 1351 1906 1375 22
1933 1349 1965 1376 45
1984 1364 2019 1369 -
2038 1350 2222 1382 interpretatur
2247 1351 2317 1376 stella

1678 1395 1771 1425 maris,
1791 1394 1847 1420 sive
1874 1401 1997 1420 amarum
2013 1402 2098 1426 mare,
2123 1401 2192 1427 quae
2219 1394 2318 1426 signifi-

1678 1442 1738 1465 cant
1756 1439 1844 1465 lumen
1863 1439 1932 1464 vitae
1945 1439 2176 1471 contemplativae,
2196 1439 2236 1464 vel
2249 1446 2317 1465 ama-

1679 1484 1820 1509 ritudinem
1841 1484 1909 1509 vitae
1927 1484 2028 1509 activae
2047 1484 2080 1510 57
2100 1483 2134 1509 55
2146 1497 2182 1503 -
2196 1483 2318 1516 interpre-

1680 1531 1747 1554 tatur
1767 1528 1923 1554 dominatrix
1942 1531 1968 1553 et
1987 1535 2059 1554 mare
2078 1535 2207 1559 amarum,
2227 1531 2253 1553 et
2271 1535 2317 1560 per

1679 1580 1738 1598 eam
1771 1573 1920 1604 intelligitur
1948 1572 2032 1598 virtus
2058 1572 2214 1598 fortitudinis
2238 1579 2319 1605 quan-

1680 1620 1735 1643 tum
1754 1617 1789 1642 ad
1814 1617 2054 1648 magnanimitatem
2077 1619 2103 1642 et
2121 1617 2264 1649 potentiam
2285 1616 2317 1642 64

1680 1661 1713 1686 89
1734 1675 1768 1678 ——
1788 1661 1971 1693 interpretatur
1984 1667 2069 1692 mare,
2089 1661 2158 1686 stella
2172 1663 2198 1686 et
2212 1660 2318 1686 domina

1681 1706 1714 1730 22
1736 1704 1768 1730 45
1788 1719 1821 1723 —-
1842 1705 2025 1736 interpretatur
2043 1705 2114 1730 stella
2133 1705 2212 1730 maris
2231 1705 2259 1730 21
2285 1705 2318 1730 44

1684 1763 1714 1767 —
1735 1753 1773 1774 est
1792 1749 1862 1774 stella
1888 1749 2016 1780 promissa
2035 1755 2082 1781 per
2096 1750 2251 1780 prophetam
2271 1749 2320 1775 Ba-

1680 1793 1747 1818 laam
1767 1792 1828 1819 ibid.

1735 1853 1768 1856 —
1788 1838 1834 1863 fuit
1857 1838 1986 1869 promissa
2009 1837 2093 1863 David
2116 1838 2159 1863 Vll
2179 1838 2208 1863 21
2234 1837 2266 1863 44
2284 1852 2320 1857 -

1681 1885 1736 1908 erat
1755 1882 1789 1908 de
1802 1882 1896 1908 familia
1910 1882 1993 1908 David
2013 1882 2047 1907 39
2068 1881 2118 1908 124
2133 1896 2166 1901 —
2180 1885 2219 1908 est
2237 1882 2319 1914 Virgo

1681 1930 1849 1960 praeparata,
1869 1927 2004 1959 praevisa,
2029 1927 2204 1959 praefigurata
2229 1928 2262 1953 22
2286 1927 2318 1953 45

1735 1986 1768 1990 —
1788 1972 1825 1997 De
1845 1971 1923 1997 Maria
1942 1978 2036 2003 parum
2053 1971 2082 1998 sit
2099 1978 2186 1997 sermo
2210 1971 2235 1997 in
2255 1971 2319 1997 Scri·

1681 2020 1757 2049 ptura
1777 2023 1850 2042 sacra
1870 2017 1912 2042 Vll
1933 2016 1966 2042 85
1986 2015 2019 2041 58
2038 2031 2073 2034 —
2093 2016 2147 2042 Non
2167 2016 2274 2048 ponitur
2293 2016 2318 2041 in

1680 2061 1832 2094 genealogia
1852 2061 1946 2087 Christi
1964 2060 2026 2087 ibid.

1732 2120 1767 2125 —
1786 2106 1883 2131 nullam
1903 2113 1997 2138 puram
2018 2108 2163 2131 creaturam
2183 2105 2262 2131 habet
2278 2112 2318 2131 511-

1680 2150 1810 2182 periorem
1830 2157 1879 2176 nec
1898 2150 1975 2175 etiam
1995 2150 2131 2183 aequalem
2152 2150 2194 2175 Vll
2214 2150 2265 2175 179
2283 2149 2317 2175 52

1681 2209 1714 2213 -
1733 2198 1840 2226 propter
1854 2193 2069 2220 inaestimabilem
2085 2194 2236 2226 dignitatem
2256 2194 2317 2220 dici·

1680 2241 1722 2264 tur
1741 2239 1831 2270 regina
1857 2239 1889 2264 23
1910 2238 1942 2264 48
1961 2252 1997 2257 -
2017 2239 2064 2264 fuit
2087 2239 2211 2264 excellens
2235 2237 2318 2270 digni-

1680 2285 1743 2313 tate,
1763 2283 1858 2308 virtute
1876 2285 1901 2308 et
1920 2282 2025 2308 caritate
2045 2283 2077 2308 22
2098 2282 2130 2308 46
2144 2283 2219 2308 —ln
2239 2282 2316 2308 Maria

1678 2327 1807 2358 reperitur
1821 2327 1954 2358 plenitudo
1967 2327 2131 2353 excellentiae
2145 2327 2176 2352 Vl
2189 2327 2239 2352 538
2255 2327 2270 2352 2
2283 2339 2317 2345 —

1678 2378 1739 2398 cum
1758 2374 1826 2397 esset
1845 2371 1923 2397 Mater
1942 2371 2001 2402 Dei,
2022 2371 2080 2397 fecit
2104 2378 2132 2397 se
2151 2371 2269 2396 ancillam
2290 2373 2316 2396 et

1680 2416 1824 2442 ministram
1850 2416 1891 2441 Vll
1912 2415 1962 2441 276
1986 2415 2019 2441 78
2039 2429 2075 2435 -
2093 2419 2133 2442 051
2154 2415 2244 2441 31101113
2270 2414 2317 2439 Dei

1681 2460 1712 2486 Vl
1733 2460 1783 2485 167
1803 2467 1828 2485 v.
1849 2460 1864 2485 5

1732 2519 1768 2524 —
1793 2505 1928 2535 designata
1948 2505 1994 2530 fuit
2012 2511 2059 2537 per
2086 2504 2188 2536 Abigail
2211 2506 2317 2536 propter

1679 2549 1787 2575 nimiam
1816 2549 1986 2575 humilitatem
2013 2549 2055 2574 Vll
2076 2549 2126 2574 276
2146 2549 2179 2574 78
2200 2562 2233 2566 -
2253 2547 2317 2574 desi-

1679 2597 1756 2626 gnata
1782 2594 1829 2619 fuit
1848 2601 1894 2626 per
1916 2594 2018 2625 Esther,
2038 2600 2106 2626 quae
2124 2596 2179 2618 erat
2203 2594 2317 2618 formosa

1680 2638 1756 2664 valde
1774 2641 1800 2664 et
1818 2637 1965 2664 incredibili
1984 2637 2159 2670 pulcritudine
2178 2638 2211 2662 22
2231 2636 2264 2662 47
2282 2649 2317 2656 —

1679 2697 1713 2700 —
1732 2682 1843 2714 figurata
1864 2682 1911 2707 fuit
1930 2689 1976 2714 per
1995 2682 2064 2707 Ruth
2084 2681 2116 2706 26
2136 2681 2169 2706 68

1731 2739 1767 2745 —-
1786 2726 1832 2751 fuit
1850 2726 1926 2758 virgo
1942 2725 2038 2757 pudica
2058 2725 2101 2750 Vll
2120 2725 2148 2750 21
2174 2724 2206 2749 44
2227 2737 2258 2742 -
2279 2727 2319 2749 051

1679 2770 1756 2802 virgo
1775 2772 1862 2795 mente
1881 2773 1906 2795 et
1926 2775 2004 2795 carne
2023 2772 2048 2794 ct
2066 2768 2202 2800 proposito
2227 2767 2259 2793 24
2282 2768 2311 2793 61

1679 2828 1714 2833 -
1732 2821 1784 2840 11011
1810 2813 1941 2846 cogitabat
1966 2819 2035 2845 quae
2056 2812 2141 2838 carnis
2166 2815 2250 2842 erant,
2270 2811 2316 2837 sed

1679 2865 1748 2891 quae
1767 2858 1869 2884 Domini
1890 2860 1950 2883 sunt
1969 2856 2002 2882 25
2023 2856 2050 2881 61
2077 2869 2109 2874 -
2128 2856 2190 2888 quia
2208 2855 2316 2881 omnino

1680 2902 1771 2928 habuit
1789 2902 1938 2928 exstinctam
1954 2900 2205 2932 concupiscentiam,
2222 2899 2316 2926 dicitur

1679 2950 1751 2979 petra
1771 2946 1867 2973 deserti
1887 2945 1938 2971 294
1954 2945 1987 2970 52
2006 2959 2041 2963 -
2061 2944 2117 2970 eius
2136 2944 2239 2970 castitas
2258 2951 2316 2976 pro·

1680 2990 1738 3017 bata
1758 2995 1797 3017 est
1816 2989 1962 3016 testimonio
1977 2989 2068 3020 loseph
2088 2989 2116 3014 21
2142 2987 2255 3014 44-111
2274 2989 2316 3013 113-

1680 3035 1802 3061 bitatione
1820 3042 1880 3061 cum
1909 3040 2006 3066 sponso
2026 3033 2070 3058 dat
2094 3033 2241 3064 exemplum
2271 3033 2316 3058 ho-

1679 3080 1785 3106 nestatis
1812 3078 1846 3104 34
1878 3078 1925 3103 103
1953 3092 1988 3096 --
2013 3076 2176 3109 dispositioni
2205 3076 2316 3108 Spiritus

1678 3124 1759 3150 sancti
1785 3130 1812 3149 se
1832 3122 2004 3155 committens,
2029 3121 2158 3147 consensit
2183 3120 2208 3146 in
2229 3120 2316 3146 matri-

1667 3166 1795 3205 (monium
1816 3165 1909 3191 V127t
1934 3164 1966 3190 15

1732 3225 1767 3229 -
1786 3209 1878 3235 mulier
1892 3212 2000 3235 vocatur
2015 3216 2067 3235 11011
2081 3216 2094 3234 3
2109 3208 2256 3241 fragilitate,
2268 3207 2315 3233 sed

1679 3262 1692 3280 a
1714 3258 1803 3280 natura
1823 3256 1848 3279 ct
1866 3260 1928 3279 sexu
1951 3253 1983 3278 vt
2004 3253 2054 3279 269
2075 3252 2090 3278 4
2109 3266 2144 3272 -
2162 3256 2201 3278 est
2223 3251 2315 3277 mulier

1680 3298 1752 3324 sortis
1770 3297 1832 3325 ibid.

1731 3355 1767 3361 —
1785 3343 1811 3368 ln
1831 3342 1907 3368 Maria
1928 3341 1975 3367 suit
1997 3340 2124 3367 mirabilis
2145 3339 2313 3373 adaequatio,

1677 3386 1785 3419 ,quando
1804 3389 1983 3412 convenerunt
2005 3385 2071 3412 fldes
2090 3388 2115 3411 et
2133 3385 2209 3417 ratio,
2232 3387 2315 3410 mater
