2476 3921
162 360 247 393 dotio
269 360 442 402 fungantur
459 359 535 392 mihi
549 373 580 398 υ,
597 363 628 392 et
648 373 665 388 «
683 359 862 392 ministrent
878 359 908 391 in
926 359 1123 398 sanctuario,

163 421 202 445 ne
225 412 399 454 iniquitatis
422 412 466 445 rei
491 412 669 445 moriantur
685 425 717 452 »;
744 413 862 455 primae
898 412 978 445 Petri
1003 412 1123 454 primo:

167 465 378 498 «Secundum
413 474 486 497 eum
518 465 571 506 qui
609 465 731 498 vocavit
763 474 817 497 vos
847 468 1010 503 sanctum,
1034 468 1125 497 utet

162 517 219 560 ipsi
244 517 275 550 in
299 517 383 550 omni
408 518 644 551 conversatione
668 518 765 551 sancti
781 518 864 557 sitis,
881 518 1028 560 quoniam
1047 518 1124 551 scri-

162 573 252 613 ptum
276 574 340 603 est:
365 571 466 603 Sancti
492 570 597 609 eritis,
622 571 770 613 quoniam
790 579 847 612 ego
864 574 992 603 sanctus
1008 579 1078 603 sum
1092 584 1121 603 n.

255 624 327 657 133.
354 624 483 666 Propter
507 624 671 656 iustitiam
695 624 798 666 quoad
825 624 1007 666 proximum
1030 624 1121 656 dicit:

79 686 142 707 iuste.
163 678 203 710 Et
219 676 349 709 iustitia
357 688 369 715 ;
393 676 431 709 ad
456 677 609 709 Romanos
632 679 723 709 sexto
738 678 766 708 ¹:
790 689 804 704 α
822 676 908 708 Sicut
931 676 1123 709 exhibuistis

161 730 303 763 membra
326 733 432 763 vestra
455 729 575 762 servire
598 729 754 771 iniquitati
780 730 819 762 ad
844 729 1056 771 iniquitatem,
1080 729 1123 761 ita

161 792 245 816 nunc
280 783 429 816 exhibete
464 783 606 816 membra
638 786 742 815 vestra
777 783 897 816 servire
929 783 1066 816 iustitiae
1091 783 1121 815 in

161 836 437 870 sanctificationem
450 848 480 875 »;
498 838 534 868 ut
550 835 595 868 sic
619 835 744 877 possitis
767 835 871 868 dicere
896 835 972 868 illud
990 835 1120 868 Psalmi:

165 902 180 918 «
199 889 259 931 Ego
282 891 387 921 autem
411 888 442 921 in
467 888 585 921 iustitia
608 888 765 930 apparebo
789 888 969 930 conspectui
996 892 1050 920 tuo
1067 902 1096 920 ».

252 941 324 974 134.
350 941 480 983 Propter
503 940 748 982 simplicitatem
772 941 863 973 dicit:
891 941 1012 973 Coram
1038 941 1120 983 ipso,

10 1003 140 1032 mpliciter.
160 994 276 1027 scilicet
307 994 388 1032 Deo;
420 993 504 1036 quod
541 994 575 1026 tit
607 1002 663 1035 per
695 993 869 1035 simplicem
898 994 1120 1033 intentionem„

160 1047 241 1080 sicut
265 1047 426 1086 Ezechias,
450 1046 554 1088 quarti
581 1046 697 1088 Regum
723 1046 917 1089 vigesimo2:
940 1060 954 1075 «
972 1047 1121 1086 Obsecr0,

159 1100 301 1139 Domine,
326 1103 497 1139 memento,
522 1099 679 1142 quomodo
707 1100 934 1133 ambulaverim
960 1110 1065 1133 eoram
1092 1105 1121 1134 te

159 1153 191 1186 in
214 1153 346 1186 veritate
369 1157 401 1186 et
424 1152 518 1186 corde
543 1153 697 1195 perfecto,
722 1157 753 1186 et
788 1154 872 1196 quod
897 1154 1048 1196 placitum
1074 1159 1121 1187 est

158 1215 264 1239 coram
289 1210 319 1239 te
341 1206 468 1239 fecerim
486 1220 516 1238 ».
534 1206 583 1239 Sic
605 1219 620 1234 «
634 1216 714 1248 puer
731 1207 856 1240 Samuel
874 1208 1072 1241 ministrabat
1089 1208 1120 1241 in

158 1264 328 1302 conspectu
362 1259 484 1292 Domini
509 1263 581 1292 ante
606 1260 716 1293 faciem
747 1261 858 1300 Heli»,
884 1261 976 1303 primi
1003 1262 1120 1303 Regum

158 1314 251 1347 tertio
282 1317 314 1346 et
345 1313 437 1355 primi
463 1313 718 1356 Paralipomenon
752 1315 880 1346 ultimo:
908 1328 923 1343 «
941 1315 1027 1353 Scio,
1060 1315 1120 1347 Do-

250 1419 321 1452 135.
348 1419 478 1461 Propter
498 1420 784 1461 perseverantiam
809 1420 932 1454 subdit:
960 1421 1121 1454 Omnibus

10 1482 144 1503 ῠεηενοτειι-
157 1472 271 1506 diebus
294 1473 433 1511 nostris,
458 1473 540 1506 sicut
563 1473 745 1515 Apostolus,
771 1475 903 1506 Actuum
928 1474 1120 1516 vigesimo³z

53 1510 91 1530 ιε’·
162 1539 178 1556 «
194 1527 256 1559 Vos
279 1526 378 1566 scitis,
403 1526 538 1569 qualiter
564 1536 619 1568 per
654 1536 747 1559 omne
780 1531 905 1569 tempus
928 1528 1042 1560 fuerim
1068 1538 1120 1561 vo-

157 1580 296 1619 biscum,
321 1580 462 1613 serviens
496 1580 628 1613 Domino
660 1589 732 1613 eum
762 1581 845 1614 omni
883 1582 1060 1615 humilitate
1091 1585 1122 1615 et

157 1634 303 1676 lacrymis
316 1639 347 1668 et
364 1634 588 1667 tentationibus
600 1646 631 1673 »;
649 1637 680 1667 et
697 1635 785 1668 losue
802 1635 951 1677 vigesimo
968 1635 1120 1669 secundo:

162 1699 178 1716 (ι
194 1686 395 1720 adhaereatis
419 1687 483 1720 Deo
514 1690 545 1720 et
580 1687 724 1720 serviatis
748 1687 775 1720 ei
809 1688 838 1720 in
863 1688 947 1721 omni
972 1688 1066 1721 corde
1091 1691 1122 1722 et

157 1739 189 1772 in
213 1739 298 1772 omni
323 1740 426 1772 anima
453 1743 555 1773 vestra
571 1753 602 1771 ».
1101 1754 1103 1756 v

250 1793 321 1826 136.
347 1794 448 1836 (Vers.
474 1794 550 1834 ·76.).
581 1794 618 1825 Et
642 1798 689 1832 ta,
712 1803 809 1835 puer,
831 1793 995 1836 propheta
1020 1795 1121 1828 Attis-

17 1854 38 1876 1n
55 1856 129 1881 quana
156 1846 235 1879 simi
256 1846 426 1879 vocaberis
449 1850 508 1879 etc.
533 1846 611 1879 Haec
636 1849 683 1879 est
706 1850 820 1888 quarta
843 1856 917 1889 pars
940 1848 1063 1887 cantici,
1089 1848 1119 1880 in

15 1883 141 1929 ffiffrffi'i.
156 1909 219 1942 qua
243 1900 352 1932 recolit
376 1899 562 1932 beneficium
587 1903 713 1932 nostrae
737 1900 979 1942 redemptionis,
1009 1910 1121 1934 secun-

156 1953 231 1986 dum
255 1953 339 1995 quod
356 1953 416 1985 iam
434 1951 589 1986 inchoata
613 1958 685 1986 erat
702 1953 737 1986 in
747 1964 992 1996 praecursore,·
1013 1959 1044 1988 et
1062 1955 1120 1988 hoc

153 2005 342 2049 prophetali
360 2007 560 2049 praeconio,
586 2007 670 2049 quod
705 2008 903 2041 commendat
938 2008 1119 2051 tripliciter,

157 2059 274 2093 scilicet
297 2060 336 2093 ab
361 2060 561 2093 auctoritate
591 2060 804 2103 propheciae,
830 2062 870 2095 ab
893 2061 1035 2095 utilitate
1063 2063 1120 2095 clo-

157 2113 285 2146 ctrinae
307 2116 338 2146 et
361 2122 379 2145 a
400 2113 619 2155 proximitate
642 2113 777 2146 divinae
796 2115 1016 2156 praesentiae.

245 2166 448 2199 Commendat
479 2166 575 2208 igitur
608 2166 729 2199 loannis
758 2168 962 2209 praeconium
993 2171 1120 2201 nostrae

15 2226 144 2249 :emmenda-
158 2219 364 2262 reparationis
387 2219 601 2252 inchoativum
626 2219 666 2252 ab
688 2220 887 2253 auctoritate
906 2219 1119 2262 prophetiae,

15 2257 144 2302 ii'timpziss‘gxis
158 2276 344 2306 convertens
367 2281 544 2305 sermonem
561 2272 600 2304 ad
616 2282 763 2314 puerum.
790 2274 830 2305 Et
853 2277 901 2312 tit,
922 2283 1026 2315 puer,
1040 2284 1120 2316 pro-

15 2308 256 2369 ²⁰1ii=¹2isse¹s‘⁰'pheta
280 2325 464 2363 Altissimi5
488 2329 524 2357 tit
543 2327 631 2367 puer
654 2329 686 2358 et
707 2328 808 2358 aetate
824 2329 855 2358 et
879 2326 1034 2368 puritate;
1053 2327 1117 2368 pri-

158 2388 227 2412 mae
251 2379 290 2412 ad
313 2379 491 2417 Corinthios
514 2379 636 2412 decimo
651 2383 766 2421 quarto
778 2380 808 2411 4;
832 2392 847 2408 α
864 2379 978 2412 Malitia
994 2380 1118 2422 parvuli

157 2434 274 2472 estote,
298 2432 442 2465 sensibus
465 2435 571 2465 autem
603 2432 733 2474 perfecti
764 2435 862 2466 estote
878 2446 908 2465 ».
948 2432 1119 2465 Vocaberis

154 2484 334 2528 propheta,-
358 2485 502 2518 Matthaei
539 2485 721 2518 undecimo:
752 2499 767 2514 «
786 2486 883 2519 Etiam
906 2486 976 2519 dico
1012 2486 1118 2525 vobis,

158 2542 189 2572 et
212 2539 284 2581 plus
318 2547 414 2581 quam
437 2539 623 2581 prophetam
641 2551 671 2578 »;
696 2542 727 2572 et
747 2539 910 2582 propheta
935 2539 1117 2579 Altissimi,

159 2591 190 2624 id
205 2595 252 2625 est
267 2591 399 2631 Christi,
423 2592 544 2625 ratione
572 2592 785 2631 Divinitatis;
811 2593 967 2626 Psalmus:
990 2606 1006 2622 «κ
1023 2593 1119 2626 Homo

158 2648 252 2678 natus
274 2649 321 2678 est
336 2645 368 2678 in
384 2654 439 2685 ea,
463 2649 494 2679 et
510 2645 576 2688 ipse
593 2645 735 2678 fundavit
750 2655 818 2679 eam
837 2647 1011 2680 Altissimus
1027 2660 1057 2679 ».
1075 2665 1119 2671 —

162 2698 313 2731 Praeibis
336 2699 423 2732 enim
447 2704 524 2733 ante
546 2699 668 2743 faciem
695 2700 846 2739 Domini,
863 2701 983 2734 ratione
1000 2700 1118 2734 liuma-

158 2750 273 2784 nitatis
281 2763 293 2790 ,·
317 2752 500 2785 Psalmus5:
530 2765 545 2782 α
562 2752 698 2786 Ostende
722 2752 830 2786 faciem
856 2756 961 2793 tuam,
986 2757 1017 2787 et
1041 2753 1118 2787 salvi

159 2803 278 2837 erimus
295 2816 325 2844 »;
361 2808 392 2838 et
425 2805 593 2842 Malachiae
628 2805 739 2838 tertio:
778 2806 901 2845 «Ecce,
933 2816 991 2849 ego
1027 2807 1118 2839 mitto

230 2995 238 3009 ¹
258 2995 334 3022 Vers.
353 2997 395 3022 49.
413 3010 449 3016 -
469 2996 587 3023 Subinde
605 2997 732 3030 allegatur
751 2999 792 3025 Ps.
816 2999 863 3031 46,
884 2999 926 3025 45.

229 3038 240 3053 ²
260 3040 333 3066 Vers.
353 3040 379 3067 3.
397 3055 431 3059 -
451 3041 509 3068 Duo
528 3042 577 3068 loci
596 3049 670 3075 seqq.
689 3046 750 3068 sunt
769 3044 787 3069 l.
805 3043 870 3075 neg.
891 3044 921 3076 3,
942 3044 966 3070 4.
984 3047 1010 3070 et
1029 3044 1046 3070 l.
1073 3045 1115 3070 Pa-

159 3084 203 3109 ral.
224 3084 270 3116 29,
292 3085 332 3111 47.
352 3085 411 3111 Vat.
430 3092 491 3111 curn
511 3093 563 3112 uno
590 3086 725 3120 alteroque
743 3086 802 3113 eod.
831 3087 918 3113 addit:
945 3088 978 3115 Et
1004 3087 1071 3122 Sap.
1091 3089 1118 3122 4,

161 3128 184 3154 4.
203 3135 273 3162 seq:
292 3128 328 3156 Et
344 3128 375 3156 in
391 3128 562 3163 simplicitate
580 3130 671 3157 cordis
690 3130 810 3165 quaerite
829 3130 909 3158 illum
928 3135 978 3158 etc.

232 3170 243 3186 ⁸
261 3173 334 3199 Vers.
354 3174 397 3200 48.
415 3180 472 3207 seq.
493 3187 529 3194 —
545 3174 670 3208 Sequitur
690 3176 764 3201 losne
782 3177 832 3208 22,
851 3175 876 3201 5.

229 3214 240 3231 ⁶
260 3217 333 3243 Vers.
352 3218 395 3244 20.
413 3231 448 3237 -—-
466 3218 524 3245 Duo
543 3225 617 3252 seqq.
637 3219 685 3245 loci
714 3222 775 3245 sunt
802 3220 889 3246 Matth.
914 3220 961 3252 tt,
981 3221 1006 3246 9.
1026 3225 1051 3247 et
1077 3222 1117 3247 Ps.

160 3261 207 3293 86,
226 3261 251 3287 5.
270 3274 313 3299 -Ι
324 3262 452 3294 Superius
470 3269 519 3295 pro
538 3263 720 3297 reparationis
740 3265 798 3290 vat.
816 3263 1016 3299 redemptionis,

228 3302 240 3319 ⁶
260 3305 351 3332 Psalm.
366 3306 419 3339 ⁴79,
438 3307 481 3333 20.
501 3320 536 3328 —
554 3307 673 3334 Subinde
690 3308 818 3342 allegatur
836 3309 943 3335 Malach.
964 3310 979 3335 3
991 3328 998 3341 ,
1015 3311 1040 3335 4.

226 3347 241 3364 ⁶
258 3350 333 3377 Vers.
352 3351 377 3377 9.
395 3365 429 3371 —-
449 3352 600 3386 Sequuntur
623 3354 702 3380 Rom.
733 3353 762 3387 t,
783 3354 831 3387 47;
855 3354 872 3380 Ι.
894 3354 961 3381 ·Cor.
990 3354 1039 3386 42,
1066 3354 1115 3387 31;

159 3394 221 3421 Luc.
240 3395 270 3426 3,
290 3394 313 3421 t.
333 3398 358 3422 et
376 3396 445 3422 toan.
464 3395 495 3428 5,
515 3396 557 3423 ³5.

265 3447 294 3475 S.
312 3448 415 3476 Bomw.
427 3463 462 3470 —
476 3450 553 3477 Tom.
572 3451 625 3477 Vll.

163 310 289 340 octavo:
319 319 335 336 «
348 306 561 340 sanctificabis
584 307 684 339 Aaron
709 310 740 339 et
764 306 844 338 filios
860 306 944 345 eius,
961 310 997 338 ut
1020 315 1124 339 sacer·
1156 307 1158 312 '

159 1366 256 1406 mine,
280 1366 364 1409 quod
389 1366 503 1408 probes
526 1366 621 1399 corda
644 1370 676 1399 et
707 1367 937 1409 simplicitatem
962 1368 1072 1409 diligas
1088 1361 1127 1401 ».'

776 218 969 251 COMMENT.
996 219 1031 251 ΙΝ
1057 217 1294 251 EVANGELIUM
1318 219 1435 251 LUCAE
1459 220 1491 251 C.
1518 220 1537 252 l.
2104 223 2139 254 lit

1190 306 1339 346 Angelum
1377 316 1497 345 meum,
1526 311 1557 340 et
1589 309 1789 349 praeparabit
1822 309 1901 341 viam
1935 314 2006 341 ante
2039 310 2146 342 faciem

1190 367 1290 390 meam
1309 372 1337 390 n.
1363 377 1406 381 -—
1434 360 1567 392 Parare
1590 361 1664 392 vias
1688 361 1775 399 eius,
1794 362 1956 402 pluraliter
1973 363 2047 394 ‹lit-it
2064 364 2148 401 vias,

1190 411 1219 443 id
1243 414 1291 444 est
1316 412 1395 444 viam
1428 413 1613 454 cognitionis
1645 414 1675 446 in
1699 414 1763 455 fida
1791 419 1821 447 et
1845 416 2015 447 affec-tionis
2041 417 2069 448 in
2095 426 2148 448 ca-

1189 464 1297 497 ritate.
1329 466 1372 497 De
1405 466 1521 506 prima
1547 466 1597 498 loli
1631 467 1753 499 decimo
1784 469 1958 509 septii‘noss:
1989 470 2150 501 u'l'eneliit

1191 517 1293 550 iustus
1317 518 1398 550 viani
1423 528 1512 550 suain
1537 522 1568 551 et
1593 520 1717 551 muralis
1742 521 1886 553 manibus
1910 522 2001 553 :uidet
2026 523 2148 554 tortitu-

1188 570 1291 603 dinem
1309 583 1340 610 »;
1365 571 1402 603 ad
1428 572 1580 604 Romanos
1606 573 1723 613 primo:
1754 586 1768 600 a
1785 574 1887 606 {ustus
1903 579 2006 606 autem
2025 585 2063 606 ex
2090 576 2148 607 tide

1188 624 1306 656 vivit».
1325 625 1368 657 De
1386 625 1434 656 via
1452 625 1626 663 caritatis,-
1644 626 1762 667 primae
1779 627 1815 658 ad
1834 628 2011 659 Corinthios
2032 629 2149 660 ‹luode-

1188 677 1292 709 cimo:
1329 677 1469 710 «Adhuc
1502 678 1756 711 excellentiorem
1793 680 1873 711 viam
1914 681 1998 712 vohis
2022 682 2149 713 ‹lc-men-

1187 733 1300 762 stro».
1329 730 1414 762 Viam
1447 730 1525 771 (idac
1561 732 1758 772 praeparavit
1796 733 1938 769 loaimes,
1975 734 2146 765 sec-iiinlnm

1187 783 1269 825 quod
1295 793 1376 821 vor,-
1400 784 1477 816 infra
1504 785 1610 816 tertio:
1640 798 1655 812 α
1675 785 1740 816 Vox
1767 786 1928 817 clamantis
1954 786 1982 817 in
2007 787 2146 818 deserto:

1188 836 1295 868 Parate
1332 836 1413 869 viam
1450 837 1571 869 Domini
1592 850 1620 875 »ς
1655 838 1735 869 viam
1772 838 1941 875 caritatis,
1974 839 2146 871 ses-undum

1186 889 1271 932 quod
1297 890 1455 928 lucerna,-
1489 891 1608 923 loannis
1644 891 1771 933 quinto:
1802 905 1817 919 «
1838 892 1887 923 llle
1920 897 1987 923 ‹ui-at
2021 894 2147 925 lues-rna

1186 943 1300 976 ardens
1324 947 1354 976 et
1380 944 1487 977 lucens
1500 958 1530 976 υ.

1279 997 1351 1030 137.
1377 998 1479 1036 (Vers.
1505 1000 1581 1037 77.).
1608 999 1811 1031 Commendat
1835 1000 1927 1032 etiam
1955 1001 2092 1032 set-undo
2108 1002 2222 1053 ''¹¹¹1'1i2‘2'2'
2234 1007 2313 1054 32:333

1186 1051 1327 1083 utilitato
1351 1052 1540 1090 doetrinae,
1566 1061 1637 1084 eum
1663 1053 1754 1085 dicit:
1782 1053 1835 1085 All
1866 1053 2013 1085 dandam
2045 1055 2146 1085 scim-
2162 1050 2218 1080 ms

1186 1105 1267 1137 tiam
1300 1105 1421 1138 salutis
1454 1105 1540 1147 plebi
1573 1106 1663 1143 etam
1700 1107 1865 1145 dandam,
1891 1108 2008 1139 seilicet
2033 1109 2145 1149 gratis:

1186 1159 1330 1191 Matthaei
1354 1159 1518 1191 deeimo⁷:
1548 1173 1562 1186 a
1580 1156 1682 1191 Gratis
1705 1160 1886 1201 accepistis,
1912 1161 2008 1203 gratis
2032 1162 2145 1198 ‹latv1›;

1185 1215 1216 1243 et
1242 1211 1482 1244 Proverbiorum
1507 1212 1658 1244 secundo:
1689 1226 1703 1240 «
1719 1213 1869 1245 Dominus
1884 1214 1936 1245 ilat
1953 1215 2145 1255 sapientiam,

1185 1268 1216 1297 et
1240 1273 1281 1297 ex
1304 1274 1359 1296 ore
1383 1265 1451 1297 eius
1475 1265 1641 1306 prudentia
1657 1269 1687 1298 et
1704 1266 1831 1298 scientia
1849 1280 1877 1298 ».
1900 1267 2073 1305 Dandum,
2102 1268 2146 1299 in-

1151 1345 1153 1355 ,
1185 1327 1298 1359 quam,
1323 1318 1514 1356 scientiam,
1544 1328 1605 1350 non
1641 1328 1888 1361 quamcumque,
1921 1321 1973 1352 sed
2006 1321 2145 1356 aulatis,-

1184 1370 1259 1412 quia
1282 1370 1348 1403 sine
1384 1371 1512 1403 scientia
1545 1381 1606 1403 non
1638 1375 1684 1403 est
1721 1372 1825 1410 salus;
1865 1373 1956 1405 lsaiae
1991 1374 2144 1415 quintob:

1191 1437 1206 1451 «
1223 1424 1388 1465 Propterea
1421 1423 1563 1465 captivus
1599 1424 1713 1457 ductus
1737 1429 1783 1457 est
1814 1417 1955 1466 'populus
1979 1436 2084 1463 meus,
2110 1437 2146 1458 ρο

1185 1476 1269 1517 quod
1305 1485 1366 1508 non
1404 1476 1514 1508 hahuit
1550 1476 1757 1509 scientiam».
1785 1478 1865 1509 llane
1901 1478 1994 1509 «lebet
2031 1479 2145 1511 habere

1185 1529 1288 1561 omnis
1313 1533 1416 1562 rector
1441 1530 1566 1571 populi;
1592 1530 1670 1562 Osee
1695 1535 1825 1572 quarto:
1856 1544 1870 1559 ι(
1889 1531 1966 1572 Quia
1992 1536 2026 1563 tu
2048 1532 2146 1563 seien-

1186 1582 1259 1614 tiam
1286 1582 1444 1624 repulisti,
1470 1583 1617 1624 repellam
1654 1592 1711 1624 ego
1737 1588 1783 1622 te,
1810 1594 1847 1617 ne
1878 1585 2051 1617 sacerdotio
2077 1586 2147 1617 l'nn-

1185 1636 1269 1678 garis
1293 1636 1368 1668 mihi
1387 1649 1417 1675 »;
1444 1637 1536 1669 Isaiae
1562 1637 1722 1679 trigesimo
1747 1637 1856 1670 tertio:
1881 1652 1895 1666 «
1912 1638 2043 1670 Divitiae
2065 1640 2147 1671 salu-

1186 1689 1243 1728 tis,
1275 1689 1426 1731 sapientia
1457 1694 1488 1722 et
1520 1690 1696 1728 seientia»,
1733 1690 1872 1729 scitatis,
1911 1691 2053 1733 inquam,
2086 1701 2146 1723 non

1186 1742 1435 1784 cuiuscumque,
1461 1743 1515 1775 sed
1538 1743 1750 1785 spiritualis:
1776 1749 1904 1786 propter
1922 1745 2005 1786 quod
2023 1745 2145 1777 subdit:

1187 1796 1226 1827 ln
1239 1795 1463 1828 remissionem
1482 1800 1692 1837 peecatorzmz
1711 1806 1835 1828 eorum.
1851 1797 1965 1830 Beda⁹:
1984 1812 1999 1825 a
2014 1798 2055 1830 Ne
2070 1802 2147 1830 teni-

1185 1849 1325 1891 poralem
1356 1849 1488 1882 salutem
1522 1850 1662 1891 promitti
1687 1855 1834 1891 putares,
1859 1851 1942 1883 addit
1978 1852 2007 1883 in
2038 1852 2146 1883 remis-

1185 1903 1303 1935 sionem
1328 1906 1528 1944 peccatorum
1554 1912 1664 1935 eorum
1682 1917 1712 1934 n.
1736 1904 1811 1935 Nam
1840 1904 1877 1936 de
1910 1905 2068 1937 salvatore
2101 1905 2146 1936 di-

1185 1956 1268 1988 citur
1292 1956 1436 1988 Matthaei
1466 1956 1586 1998 primo:
1618 1970 1632 1984 a
1649 1956 1715 1998 lpse
1740 1957 1862 1989 salvum
1887 1957 1977 1990 saciet
1994 1959 2145 2000 populum

1185 2017 1278 2042 suum
1311 2018 1330 2040 a
1362 2009 1496 2050 peccatis
1528 2018 1638 2041 eorum
1652 2021 1682 2047 »;
1715 2013 1746 2042 et
1778 2010 1869 2042 Marci
1897 2011 2014 2052 primo:
2045 2011 2145 2043 «Fuit

1185 2063 1313 2095 loannes
1342 2062 1525 2104 praedicans
1561 2062 1752 2104 baptismum
1790 2063 1995 2104 poenitentiae
2030 2064 2060 2095 in
2097 2073 2145 2096 re·

1184 2115 1365 2148 missionem
1389 2119 1590 2156 peccatorum
1606 2129 1636 2147 ».

1278 2168 1348 2201 138.
1375 2169 1477 2210 (Vers.
1497 2170 1573 2202 78).
1591 2169 1791 2202 Commendat
1808 2170 1900 2201 etiam
1921 2171 2039 2202 loannis
2056 2180 2145 2212 prae-
2160 2175 2219 2205 Men·-
2235 2181 2247 2196 a
2263 2182 2308 2202 ιπο·

1184 2222 1310 2255 conium
1330 2232 1348 2254 a
1368 2222 1586 2264 proximitate
1610 2223 1744 2255 divinae
1764 2225 1992 2265 praesentiae,
2010 2234 2082 2256 rum
2099 2225 2144 2256 di·
2167 2204 2310 2259 33ιέιῖἐῖ

1184 2275 1244 2308 cit:
1270 2275 1336 2307 Per
1360 2275 1490 2307 viscera
1514 2276 1765 2309 misericordiae
1792 2277 1849 2309 Dei
1873 2278 1986 2309 nostri.
2014 2278 2048 2309 Et
2066 2278 2143 2310 hane
2167 2258 2259 2307 ἷὶῗῗσῗιῖἷ.
2274 2259 2308 2276 ‘⁸'

1183 2327 1333 2360 describit
1357 2328 1539 2370 tripliciter:
1565 2329 1685 2370 primo,
1710 2333 1746 2361 ut
1772 2330 1957 2363 visitantem
1981 2331 2144 2363 [1416οΠ50-

1184 2380 1310 2413 landum
1336 2381 1500 2419 affectum3
1526 2382 1680 2420 seeundo,
1706 2387 1741 2414 ut
1766 2382 2006 2416 illuminantem
2028 2384 2064 2416 ad
2090 2384 2144 2416 do-

1184 2433 1317 2467 cendum
1331 2433 1540 2473 intellectum,
1558 2435 1598 2467 ibi
1616 2435 1657 2466 ¹⁰:
1675 2435 1872 2468 Illumiuure
1888 2435 1939 2468 lits
1952 2441 2021 2473 ete:
2041 2438 2142 2472 tertio,

1184 2491 1219 2520 ut
1243 2487 1437 2529 dirigentem
1468 2487 1506 2519 ad
1540 2487 1775 2520 rectificandum
1808 2489 1971 2528 effectum,
1998 2490 2056 2522 ibi:
2092 2491 2144 2522 Ad

1184 2540 1376 2582 dirigendos
1396 2541 1494 2582 pedes
1517 2544 1575 2573 ete.

1273 2593 1428 2626 Describit
1451 2594 1547 2636 igitur
1572 2594 1672 2636 primo
1688 2594 1823 2627 divinam
1842 2596 2048 2636 praesentiam
2070 2606 2143 2629 con-
2162 2599 2295 2647 320532131312

1183 2648 1322 2680 iunctam
1346 2647 1529 2689 prophetiae
1554 2648 1787 2689 praecursoris,
1805 2657 1876 2680 cum
1895 2648 1985 2681 dicit:
2012 2650 2078 2681 Per
2096 2650 2142 2682 υί-
2250 2640 2255 2646 “
2293 2644 2297 2646 ’

1181 2709 1278 2732 soera
1301 2700 1551 2733 misericordiae
1576 2699 1634 2732 Det
1657 2701 1781 2739 nostri,
1809 2701 1979 2744 inquibus
1997 2702 2141 2734 vtw'caw't

1183 2763 1242 2785 nos
1266 2753 1376 2785 oriens
1400 2763 1439 2785 er
1463 2753 1549 2791 alto,-
1572 2757 1603 2786 et
1626 2753 1718 2786 debet
1750 2754 1924 2787 continuari
1956 2755 1992 2787 ad
2019 2764 2142 2797 praeceae

1183 2806 1260 2839 dens
1283 2807 1344 2839 sic:
1370 2807 1507 2840 Praeibis
1530 2807 1567 2839 ad
1591 2807 1723 2840 dandam
1748 2808 1908 2841 scientiam
1932 2809 2042 2841 ¹salutis
2059 2809 2138 2851 plehi

1252 2998 1262 3013 ⁷
1284 3001 1357 3025 vers.
1378 3001 1406 3031 8,
1426 3004 1485 3032 post
1504 3007 1583 3034 quem
1604 3001 1680 3026 Prov.
1701 3002 1731 3031 2,
1751 3001 1777 3026 6.

1253 3043 1263 3058 ⁸
1284 3045 1357 3070 Vei-s.
1379 3045 1420 3070 43.
1439 3058 1473 3064 —-
1494 3045 1550 3071 Duo
1578 3052 1653 3078 seqq.
1684 3046 1731 3070 loci
1758 3049 1817 3070 sunt
1845 3045 1911 3071 Osee
1932 3046 1959 3077 t,
1980 3047 2004 3071 6.
2032 3051 2055 3071 et
2085 3047 2139 3072 lsai.

1182 3089 1229 3120 33,
1249 3089 1274 3114 6.
1293 3101 1328 3107 ——
1352 3088 1479 3120 Superius
1504 3096 1551 3121 pro
1581 3095 1634 3114 uon
1662 3095 1860 3122 quamcumque
1888 3089 1907 3113 G
1939 3096 1990 3114 non
2021 3089 2140 3122 qualem-

1182 3140 1305 3167 cumque.

1252 3176 1264 3192 ⁹
1283 3178 1308 3203 ln
1327 3178 1388 3203 Luc.
1409 3178 1437 3208 4,
1456 3177 1502 3209 77,
1523 3177 1567 3202 ubi
1588 3177 1666 3203 etiam
1692 3177 1780 3203 Glossa
1810 3176 1952 3203 ordinaria
1973 3178 2044 3210 apud
2065 3180 2140 3210 Lyra-

1181 3229 1259 3254 num,
1279 3222 1354 3247 cuins
1373 3222 1510 3247 lectionem
1536 3224 1681 3254 sequnntur
1703 3220 1795 3253 codd,
1815 3220 1896 3246 verba
1918 3221 2003 3247 Rosiae
2022 3222 2139 3252 exhibet,

1181 3267 1226 3300 qui
1247 3269 1306 3299 post
1331 3266 1371 3292 Ne
1398 3265 1572 3299 temporalem
1602 3264 1902 3299 addicent-ualeatque.
1929 3280 1964 3285 —
1990 3267 2140 3300 Sequuntur

1179 3311 1268 3336 Matth.
1289 3310 1313 3340 4,
1334 3310 1376 3335 24.
1395 3313 1421 3335 et
1440 3310 1516 3335 Marc.
1539 3310 1561 3340 l,
1583 3309 1607 3335 4.

1254 3353 1276 3368 ¹⁰
1295 3354 1370 3380 Vers.
1389 3354 1437 3385 79;
1458 3354 1561 3380 tertium
1582 3354 1691 3380 habetur
1711 3355 1805 3380 eodem
1825 3361 1914 3380 versu.
