2476 3921
204 489 210 510 l
214 496 225 509 n
241 489 303 509 facto.

161 1228 266 1253 Secundo,
278 1228 309 1248 in-

162 1255 259 1276 formatio
270 1259 310 1281 per

162 1283 238 1303 sactum
258 1281 309 1307 figu-

161 1309 204 1329 rale
211 1307 314 1329 describi-

178 1338 211 1355 tur
225 1334 297 1361 quoad

215 1361 265 1382 duo.

164 1706 195 1727 De
206 1706 273 1733 primo
283 1705 315 1727 di-

179 1734 254 1753 cuntur
264 1738 315 1759 qua-

179 1761 233 1780 tuor.

214 2077 312 2099 'tarditas

239 2104 290 2125 diei.

186 2556 234 2577 Loci
248 2555 314 2577 aridi-

228 2585 266 2604 tas.

322 234 385 265 222

323 320 428 352 tertio:
459 332 474 347 «
491 318 548 359 Qui
573 317 611 349 de
647 320 732 349 terra
764 318 810 348 est
833 315 872 347 de
895 318 981 347 terra
1004 314 1145 356 loquitur
1162 327 1192 352 n,
1222 313 1275 345 sed

322 373 466 404 Christus
488 371 526 403 de
557 370 658 407 caelo;
695 372 726 401 et
756 367 876 400 loannis
900 370 1007 400 sexto:
1037 381 1051 395 α
1069 367 1172 399 Verba
1196 366 1277 398 vitae

322 429 465 457 aeternae
490 423 586 456 habes
602 436 631 453 ».
651 440 689 444 -
715 422 776 453 Nec
799 423 920 453 tantum
945 420 1091 452 exhibuit
1115 428 1148 452 se
1171 419 1277 452 affabi—

322 478 383 510 lem
408 477 503 509 verbo
527 480 558 508 et
580 476 695 517 siquo,
720 474 772 507 sed
797 474 889 506 etiam
914 472 1024 515 facto.>
1039 472 1124 505 Unde
1148 475 1179 505 et
1202 472 1277 504 sub-

322 532 383 564 dit:
412 532 448 562 Et
472 539 523 562 eos
547 529 605 572 qui
628 537 714 560 cura
737 526 942 569 iruliyebant,
966 525 1126 563 canaba&
1154 526 1185 557 in
1214 535 1278 567 quo

322 583 497 617 ostenditur
522 580 670 623 perfectio
693 579 883 617 dilectionis,
906 579 944 611 de
960 588 1024 620 qua
1047 578 1167 620 primae
1192 578 1277 610 loan—

323 638 371 669 nis
395 636 486 668 tertio
501 636 528 665 l:
559 647 573 661 «
588 633 759 675 Diligamus
775 642 836 664 non
853 632 949 664 verbo
972 640 1075 673 neque
1092 631 1207 672 lingua,
1225 631 1279 663 sed

322 698 416 731 opere
439 692 470 721 et
493 687 624 719 veritate
641 698 671 724 »;
689 685 763 728 quia
783 698 797 713 «
815 685 869 727 qui
894 684 1020 723 viderit,
1037 684 1165 716 fratrem
1183 693 1277 716 suum

322 742 536 775 necessitatem
560 740 692 779 habere,
716 742 747 771 et
770 738 917 771 clauserit
940 738 1061 770 viscera
1088 746 1146 770 sua
1168 737 1208 769 ab
1231 746 1278 775 eo,

323 794 479 838 quomodo
503 793 616 826 caritas
639 793 692 824 Dei
712 795 815 824 manet
839 791 869 823 in
894 800 931 823 eo
943 794 979 822 »5²
995 791 1099 823 Talem
1117 790 1279 822 caritatem

323 848 433 881 habuit
449 846 609 884 Christus;
627 844 710 877 unde
727 845 858 876 Actuum
875 844 996 876 decimo
1008 844 1038 875 2:
1065 856 1080 872 «
1099 843 1281 875 pertransiit

323 899 543 934 benefaciendo
566 901 597 931 et
613 897 750 931 sanando
773 906 881 929 omnes
896 905 1062 938 oppressos
1078 906 1096 928 a
1111 896 1234 929 diabolo
1247 909 1262 924 »
1272 921 1279 935 ,

324 964 385 987 non
410 953 511 985 solum
530 952 615 987 ,bene
638 950 802 992 loquendo.
820 968 863 972 —
887 948 972 981 Unde
995 949 1026 981 in
1051 949 1110 982 hoc
1134 949 1280 981 eruditur

324 1006 519 1049 praedicator
543 1013 599 1037 seu
623 1003 792 1045 praelatus,
816 1006 853 1034 ut
881 1011 914 1035 se
938 1002 1106 1043 benignum
1132 1001 1281 1034 exhibeat

324 1060 446 1098 ovibus,
460 1059 578 1091 scilicet
591 1057 689 1099 signo,
708 1056 815 1094 verbo,
832 1056 922 1088 facto.
940 1056 972 1087 ln
988 1055 1079 1087 cuius
1096 1055 1140 1087 rei
1159 1055 1281 1096 signum

325 1117 355 1145 et
378 1112 495 1145 dictum
520 1114 567 1143 est
591 1114 639 1142 ter
663 1109 771 1142 Petro:
797 1108 920 1146 Pasce,
946 1108 1066 1140 loannis
1089 1107 1235 1139 1111111103.

414 1166 466 1200 20.
494 1164 568 1196 Dies
603 1166 714 1194 autem
745 1165 894 1203 coeperat
928 1160 1094 1193 declinare
1117 1164 1174 1193 etc.
1212 1160 1282 1193 Post

326 1218 575 1252 informationem
599 1215 826 1257 discipulorum
850 1223 906 1256 per
930 1214 1113 1255 exemplum
1130 1213 1282 1246 familiare

326 1272 473 1306 subditur
497 1269 674 1302 informatio
699 1277 754 1310 per
778 1267 908 1309 factum
930 1266 1089 1309 fiyurale,
1113 1270 1145 1299 et
1168 1267 1227 1299 hoc
1250 1267 1282 1299 in

326 1326 495 1358 turbarum
519 1323 696 1356 refectione.
733 1321 822 1354 Circa
846 1320 937 1353 cuius
960 1319 1196 1361 expressionem
1220 1319 1284 1352 duo

327 1378 573 1412 introducuntur
597 1376 636 1408 ab
663 1374 865 1416 Evangelista.
894 1373 1033 1405 Primum
1057 1376 1105 1405 est
1127 1376 1284 1414 opportu-

326 1433 414 1465 nitas
438 1441 479 1464 ex
500 1430 599 1472 ‘parte
635 1428 822 1470 indigentiae
857 1425 1084 1464 multitudinis;
1110 1425 1284 1458 secundum

326 1490 372 1519 est
396 1475 578 1517 liberalitas
601 1491 642 1515 ex
675 1485 764 1524 parte
787 1479 1019 1513 misericordiae
1043 1479 1229 1517 salvatoris,
1255 1483 1285 1511 et

326 1540 385 1572 hoc
402 1538 483 1571 ibi4:
503 1537 558 1569 Ait
574 1540 684 1568 autem
702 1535 747 1567 ad
762 1533 942 1576 discipulos
965 1542 1063 1565 suos:
1087 1532 1197 1565 Facite
1213 1532 1285 1565 illos

326 1590 530 1625 discumbere
553 1593 610 1623 etc.

419 1643 658 1686 Opportunitas
681 1645 785 1674 autem
810 1651 849 1673 ea:
869 1644 968 1682 parte
983 1639 1183 1682 indiyeritiae
1199 1638 1285 1671 mul-

330 1698 481 1732 titudinis
503 1696 694 1738 exprimitur
729 1698 882 1737 quantum
918 1693 956 1726 ad
987 1696 1143 1735 quatuor,
1168 1692 1285 1725 scilicet

327 1753 481 1794 quantum
506 1750 544 1782 ad
568 1749 757 1781 tarditatem
782 1747 862 1786 diei,
894 1750 1047 1789 quantum
1079 1746 1118 1778 ad
1136 1743 1286 1778 ‘aridita-

329 1809 390 1838 tem
414 1804 491 1842 loci,
515 1806 668 1845 quantum
693 1801 732 1834 ad
762 1800 964 1843 paucitatem
988 1799 1053 1832 cibi
1075 1803 1106 1832 et
1128 1803 1283 1841 quantum

329 1858 366 1890 ad
390 1856 659 1890 numerositatem
679 1853 804 1897 populi.
830 1853 866 1885 Et
889 1853 933 1886 sic
957 1852 1122 1885 conficitur
1146 1852 1206 1885 ista
1229 1861 1284 1894 op-

329 1910 505 1954 portunitas
521 1918 562 1942 ex
579 1907 814 1941 circumstantia
838 1906 986 1948 temporis
1010 1909 1040 1939 et
1064 1906 1137 1946 loci,
1161 1906 1286 1948 quanti-

329 1964 402 1997 tatis
424 1963 484 1996 cibi
509 1965 540 1995 et
563 1969 768 2003 personarum
782 1959 805 1991 ⁵.

419 2017 470 2048 21.
496 2015 597 2057 (Vers.
633 2013 706 2053 12).
740 2012 843 2044 Primo
872 2020 947 2053 ergo
981 2015 1135 2053 quantum
1159 2011 1198 2044 ad
1221 2011 1288 2044 (liei

331 2069 522 2102 tarditatem
544 2067 677 2100 dicitur:
705 2064 779 2098 Dies
803 2068 914 2097 autem
937 2068 1085 2106 coeperat
1101 2064 1266 2097 declinare
1274 2076 1286 2103 ;

331 2127 362 2156 et
385 2123 428 2155 ita
452 2125 575 2162 tempus
598 2123 665 2152 erat
689 2117 831 2151 sumendi
867 2117 1083 2156 refectionem,
1107 2117 1188 2150 sicut
1211 2117 1287 2150 dici-

331 2180 384 2209 tur
408 2175 488 2208 infra
511 2173 666 2207 ultimo‘⁵:
695 2171 880 2213 «Quoniam
908 2170 1154 2212 advesperascit,
1178 2173 1209 2203 et
1240 2170 1288 2203 in-

331 2229 444 2262 clinata
475 2231 522 2260 est
553 2227 612 2259 iam
643 2225 754 2258 dies».
788 2225 820 2257 In
849 2233 912 2266 quo
936 2224 1028 2256 etiam
1053 2227 1183 2266 apparet
1207 2224 1288 2256 mira

333 2282 497 2315 turbarum
521 2279 662 2317 devotio,
687 2281 722 2311 ut
757 2280 886 2319 propter
910 2277 1053 2309 auditum
1077 2277 1173 2309 divini
1199 2277 1287 2310 verbi

331 2335 444 2368 oblitae
467 2336 571 2367 essent
593 2331 765 2374 corporalis
788 2331 858 2364 cibi.
885 2330 990 2363 Simile
1015 2329 1129 2372 legitur
1153 2330 1287 2363 Actuum

331 2378 497 2431 vigesimo,
522 2385 605 2429 quod
634 2398 649 2414 «
667 2385 781 2418 Paulus
805 2383 963 2426 protraxit
987 2391 1162 2416 sermonem
1186 2391 1288 2425 usque

331 2441 369 2474 ad
393 2441 525 2474 mediam
550 2442 671 2472 noctem
689 2452 719 2470 n.

421 2494 563 2527 Secundo
586 2502 662 2526 vero
685 2495 839 2534 quantum
864 2490 902 2523 ad
927 2490 990 2523 loci
1004 2490 1197 2523 ariditatem
1214 2490 1288 2522 sub-

332 2548 431 2581 ditur:
459 2548 497 2580 Et
513 2546 696 2579 accedentes
712 2544 885 2577 duodecim
900 2543 1059 2576 ‹timer-unt
1075 2543 1124 2575 illi
1129 2554 1138 2575 :
1158 2543 1289 2575 Dimitte

334 2601 469 2639 turbam
486 2604 516 2633 et
532 2599 569 2632 ad
583 2600 642 2632 hoc
655 2597 907 2641 persuadendum
924 2597 1067 2629 movebat
1080 2596 1137 2629 loci
1150 2596 1288 2629 ariditas.

336 2673 377 2678 —
394 2654 479 2687 Unde
495 2656 526 2686 et
542 2652 664 2686 subdit:
688 2651 728 2683 Ut
742 2654 852 2683 euntes
865 2651 876 2669 ⁷
900 2650 936 2682 in
960 2649 1093 2682 castella
1116 2649 1287 2692 villasque,

922 226 1114 258 COMMENT.
1141 226 1176 258 IN
1203 225 1439 258 EVANGELIUM
1463 225 1579 258 LUCAE
1603 226 1635 257 C.
1662 226 1707 258 [x.

1341 323 1425 356 quae
1448 314 1540 346 eirea
1564 318 1660 352 sunt,
1685 314 1851 346 divertant
1877 318 1907 346 et
1929 314 2099 346 inveniant
2125 324 2236 353 escas,
2257 323 2296 346 ne

1342 365 1458 398 scilicet
1481 365 1562 398 fame
1586 370 1724 407 pereant.
1750 367 1785 399 Et
1813 367 1872 399 hoc
1896 370 1943 399 est
1973 366 2138 399 consilium
2167 375 2295 405 sanum,

1341 418 1425 460 quod
1448 418 1592 451 fecerunt
1614 418 1667 450 filii
1694 419 1804 458 Israel;
1829 419 1956 452 Genesis
1990 419 2229 461 quadragesimo
2253 428 2297 452 se-

1342 471 1461 504 cundo:
1492 484 1507 499 «
1523 471 1759 504 Descenderunt
1792 472 1847 504 filii
1877 472 1969 504 iacob
1992 472 2022 504 in
2048 474 2237 514 Aegyptum,
2263 476 2297 508 ut

1342 527 1482 557 emerent
1505 532 1591 557 escas
1608 536 1637 562 »;
1663 524 1744 556 sicut
1773 527 1804 557 et
1839 525 1991 566 Apostoli,
2017 525 2137 557 loannis
2165 528 2296 566 quarto:

1348 577 1529 619 «Discipuli
1565 580 1670 609 autem
1706 577 1848 609 abierant
1878 577 1909 609 in
1941 577 2114 615 civitatem,
2144 580 2180 609 ut
2214 576 2299 609 cibos

1343 633 1530 663 emerent».
1560 648 1600 653 —
1624 630 1672 662 Sic
1695 630 1787 662 etiam
1813 630 1862 662 isti
1891 630 2096 662 consulebant
2118 638 2203 662 nunc
2227 638 2299 671 pro-

1343 686 1412 725 pter
1438 682 1493 715 loci
1520 683 1703 724 penuriam3
1729 682 1812 715 unde
1836 686 1866 715 et
1890 682 2047 715 subdunt:
2075 683 2163 723 Quia
2187 681 2239 715 liic
2262 682 2297 715 in

1343 736 1410 768 loeo
1434 736 1558 768 deserto
1580 745 1718 774 sumus,
1736 735 1789 768 ubi
1806 739 1854 768 est
1868 735 2008 768 defectus
2031 735 2109 774 cibi,
2126 735 2298 768 secundum

1343 789 1427 831 quod
1453 788 1549 821 Exodi
1581 789 1700 821 decimo
1732 788 1865 821 sext08:
1896 801 1910 816 α
1927 788 1990 821 Cur
2015 788 2165 821 induxisti
2189 797 2246 821 nos
2269 788 2299 820 in

1343 843 1521 880 desertum,
1546 845 1581 874 ut
1615 841 1773 874 occideres
1805 850 1928 874 omnem
1964 841 2197 875 multitudinem
2220 842 2300 873 hanc

1344 895 1474 928 fame»?
1499 895 1534 927 Et
1558 895 1632 937 quia
1655 894 1780 927 difficile
1803 897 1850 927 est
1881 894 2022 927 invenire
2046 894 2244 927 refectionem
2269 894 2299 926 in

1344 948 1486 987 deserto,
1510 947 1580 980 ideo
1603 947 1747 980 dicebant
1770 947 1847 980 illud
1872 947 2001 979 Psalmi:
2031 959 2046 975 «
2063 946 2210 988 Nunquid
2234 950 2301 988 pot-

1344 1001 1405 1033 erit
1428 1001 1513 1034 Deus
1536 1010 1649 1043 parare
1673 1010 1813 1034 mensam
1830 1002 1860 1034 in
1878 1001 2003 1034 deserto
2016 1004 2053 1033 n?
2070 1001 2131 1033 Hoc
2157 1000 2302 1033 dicebant

1345 1054 1513 1092 increduli,
1537 1054 1738 1087 detrahentes
1760 1054 1883 1086 divinae
1907 1053 2082 1096 potentiae:
2098 1053 2151 1086 sed
2169 1052 2300 1095 Apostoli

1345 1105 1489 1138 dicebant
1512 1105 1702 1139 consulendo
1726 1107 1882 1139 humanae
1906 1106 2111 1148 indigentiae,
2128 1105 2203 1148 quia
2218 1105 2303 1138 nole-

1346 1158 1421 1190 bant
1444 1159 1614 1191 Dominum
1632 1163 1763 1192 tentare.

1436 1213 1487 1243 22.
1514 1212 1614 1253 (Vers.
1647 1212 1721 1249 133.
1751 1213 1856 1245 Tertio
1887 1221 1963 1245 vero
1994 1211 2152 1255 quantum
2178 1212 2215 1245 ad
2240 1211 2305 1244 eibi
2318 1217 2448 1265 Cibigodio

1347 1264 1568 1297 modicitatem
1603 1265 1767 1298 subditur:
1805 1266 1862 1298 Ait
1892 1270 2003 1298 autem
2034 1266 2079 1298 acl
2110 1265 2205 1298 illos:
2245 1266 2304 1298 Vos

1347 1317 1421 1350 date
1444 1318 1509 1350 illis
1531 1318 1756 1357 manducare,·
1776 1328 1851 1358 vos,
1869 1321 2017 1361 tanquam
2034 1328 2144 1351 eorum
2163 1318 2303 1361 praelati,

1348 1371 1520 1403 secundum
1546 1371 1623 1403 illud
1659 1372 1778 1413 primae
1811 1372 1891 1404 Petri
1922 1370 2077 1414 quint0⁹:
2114 1372 2304 1410 «Seniores‚

1349 1423 1466 1465 pascite
1489 1424 1543 1466 qui
1562 1424 1593 1456 in
1616 1424 1703 1457 vobis
1727 1428 1774 1457 est
1796 1434 1922 1467 gregem
1941 1439 1970 1455 ».
1996 1425 2057 1458 Hoc
2084 1428 2190 1458 autem
2213 1425 2305 1464 dicit,

1349 1480 1385 1509 ut
1408 1486 1448 1509 ex
1473 1486 1583 1509 eorum
1612 1478 1814 1519 responsione
1831 1481 2036 1520 cognoscatur
2053 1478 2113 1511 cibi
2134 1478 2304 1511 modicitas.

1351 1548 1392 1553 --
1410 1529 1539 1571 Propter
1556 1530 1638 1572 quod
1656 1530 1796 1563 additur:
1819 1533 1862 1562 At
1885 1531 1934 1563 illi
1949 1531 2122 1563 dixerunt:
2141 1530 2214 1563 Non
2229 1535 2308 1563 suut

1349 1583 1443 1615 uobis
1451 1583 1530 1625 ptus
1542 1592 1645 1626 quam
1657 1583 1801 1626 quinque
1812 1593 1915 1625 panes
1930 1587 1958 1616 et
1974 1584 2040 1615 duo
2053 1583 2170 1625 pisces.
2185 1584 2230 1616 Ex
2243 1593 2307 1626 quo

1349 1639 1479 1678 apparet
1496 1636 1713 1678 Apostolorum
1729 1636 1833 1677 inopia
1848 1645 1909 1668 non
1933 1636 2034 1668 solum
2052 1636 2090 1668 ad
2108 1636 2306 1670 reficiendam

1350 1690 1494 1729 turbam,
1518 1689 1572 1722 sed
1589 1689 1680 1722 etiam
1705 1688 1744 1721 ad
1768 1688 1927 1730 propriam
1952 1688 2063 1721 famem
2087 1689 2306 1731 mitigandam;

1350 1746 1381 1776 et
1397 1746 1432 1776 ut
1444 1752 1556 1785 magna
1572 1742 1755 1775 ostendatur
1772 1742 1886 1784 inopia,
1902 1742 2030 1775 Ioannes
2043 1741 2193 1783 exprimit
2208 1751 2308 1784 genus

1350 1806 1477 1839 panum.
1502 1796 1624 1829 Dicitur
1641 1796 1724 1829 enim
1742 1796 1863 1828 loannis
1879 1798 1970 1829 sexto
1984 1795 2024 1827 ¹⁰:
2046 1808 2061 1823 α
2080 1795 2131 1827 Est
2153 1795 2205 1828 hic
2228 1804 2307 1837 puer

1350 1859 1451 1889 unus,
1475 1850 1529 1892 qui
1554 1849 1649 1882 habet
1671 1849 1812 1892 quinque
1840 1857 1936 1891 panes
1963 1847 2153 1881 hordeaceos
2176 1851 2207 1880 et
2229 1847 2308 1881 duos

1350 1904 1468 1946 pisces;
1492 1903 1546 1936 sed
1571 1903 1647 1936 haec
1671 1903 1746 1945 quid
1782 1899 1857 1936 sunt
1887 1902 1968 1934 inter
2001 1904 2103 1934 tantos
2122 1904 2157 1933 n?
2188 1901 2309 1934 Similes

1350 1960 1440 1990 erant
1461 1958 1491 1990 in
1517 1957 1576 1990 hoc
1600 1956 1643 1989 illi
1668 1956 1799 1995 viduae,
1823 1955 1915 1989 cuius
1938 1955 2070 1988 farinam
2090 1954 2309 1996 multiplicavit

1352 2011 1447 2049 Elias3
1472 2010 1556 2043 tertii
1581 2010 1698 2052 Regum
1722 2009 1842 2042 decimo
1858 2008 2007 2051 septimo:
2030 2008 2141 2040 «Vivit
2158 2007 2309 2041 Dominus

1351 2064 1449 2103 Deus,
1474 2062 1549 2105 quia
1571 2072 1633 2095 non
1657 2063 1758 2095 habeo
1782 2071 1892 2104 panem
1918 2061 1977 2095 nisi
2001 2063 2154 2104 quantum
2171 2060 2309 2103 pugillus

1352 2125 1463 2159 capere
1486 2118 1588 2158 potest
1610 2116 1728 2153 farinae
1745 2128 1775 2154 »;
1800 2118 1830 2149 et
1853 2115 1958 2158 quarti
1983 2115 2101 2157 Regum
2125 2116 2240 2156 quarto
2262 2112 2308 2146 di-

1352 2170 1400 2202 xit
1434 2178 1514 2212 puer
1550 2169 1667 2202 Eliseo:
1696 2182 1712 2198 «
1729 2169 1887 2210 Quantum
1919 2171 1965 2201 est
1993 2168 2070 2207 hoc,
2095 2170 2131 2200 ut
2154 2159 2307 2209 apponam

1351 2226 1477 2256 centum
1502 2222 1579 2255 viris
1594 2226 1631 2254 »t
1655 2222 1803 2255 Similiter
1827 2221 2058 2264 responderunt
2081 2220 2132 2253 hic
2155 2220 2308 2263 Apostoli,

1351 2276 1400 2308 vel
1423 2275 1560 2308 Andreas
1583 2275 1766 2317 inpersona
1780 2275 1939 2313 omnium,
1957 2274 2039 2307 sicut
2054 2273 2170 2307 dicitur
2187 2272 2309 2306 Ioannis

1352 2332 1443 2362 sexto
1456 2330 1499 2368 ¹¹3
1524 2329 1573 2361 vel
1597 2328 1664 2370 ipse
1695 2328 1785 2370 prius
1815 2331 1846 2360 et
1877 2331 1946 2370 post
1976 2327 2045 2366 alii;
2077 2326 2149 2360 inde
2177 2336 2238 2359 non
2262 2329 2310 2359 est

1352 2382 1565 2415 contrarietas
1590 2382 1868 2424 Qualitercumque
1891 2381 1974 2414 dicta
1997 2380 2059 2414 sint
2082 2380 2160 2413 haec
2193 2379 2308 2418 verba,

1351 2435 1520 2469 ostendunt
1543 2435 1756 2477 impotentiam
1780 2434 2007 2476 discipulorum
2042 2433 2081 2466 ad
2110 2432 2310 2474 reficiendam

1353 2488 1488 2520 turbam.
1506 2506 1550 2511 -
1566 2488 1609 2521 Ne
1625 2490 1728 2520 tamen
1741 2487 1946 2520 crederentur
1963 2487 2022 2519 hoc
2038 2486 2142 2519 dicere
2159 2495 2220 2519 non
2236 2494 2309 2528 pro-

1353 2544 1422 2583 pter
1438 2541 1666 2583 impotentiam,
1684 2541 1737 2574 sed
1753 2543 1882 2583 propter
1894 2540 2052 2582 pigritiam
2063 2539 2156 2581 :ideo
2172 2538 2310 2571 offerunt

1353 2594 1539 2636 obsequium
1563 2594 1601 2627 ad
1626 2594 1814 2636 emptionem
1831 2593 1991 2631 ciborum,
2016 2601 2088 2625 cum
2116 2592 2308 2633 adiungunt:

1356 2648 1430 2681 Nisi
1440 2647 1526 2691 forte
1537 2657 1597 2680 uos
1611 2647 1636 2667 ¹²
1653 2657 1769 2680 eamus
1784 2651 1812 2680 et
1824 2656 1973 2679 emamus
1986 2646 2021 2678 in
2033 2654 2161 2678 omnem
2175 2643 2308 2677 turbam

408 2822 415 2836 ¹
437 2823 511 2847 Vers.
535 2822 577 2852 ¹8,
596 2821 638 2846 cui
657 2820 826 2852 subiungitur
847 2827 871 2845 v.
897 2820 935 2845 l7.

406 2865 416 2880 ¹²
439 2867 510 2891 Vers.
530 2866 571 2890 38.
592 2879 626 2883 —
646 2864 771 2896 Superius
791 2871 838 2895 pro
861 2864 950 2890 Talem
964 2864 1104 2890 caritatem
1118 2864 1174 2889 Vat.
1199 2863 1290 2890 Talem

337 2910 408 2936 enim
427 2909 653 2936 consuetudinem.

408 2952 418 2968 ¹¹
433 2955 506 2979 Vers.
530 2953 569 2978 17.
591 2954 655 2978 Ante
675 2952 752 2978 Petro
772 2951 881 2978 ACDG
901 2952 1023 2977 omittunt
1042 2953 1090 2977 ter.
1112 2966 1145 2969 —
1165 2952 1292 2983 Superius

339 3006 386 3031 pro
414 2998 505 3025 ovibus
528 2997 600 3031 [Vat.
628 2996 701 3022 addit
728 2995 811 3029 suis],
834 2994 933 3022 scilicet
950 2995 1028 3029 siyno
1048 2996 1069 3020 D
1088 2994 1221 3021 substituit
1240 3002 1292 3021 11011

339 3043 404 3067 male
424 3040 546 3067 omnibus
565 3040 697 3073 irtsssiqrto.
1124 3037 1135 3052 ⁴
1155 3039 1229 3063 Vers.
1251 3037 1291 3063 14.

408 3087 418 3102 ⁵
439 3079 601 3111 lic-tinuimus
620 3091 680 3110 cum
700 3084 721 3109 H
741 3083 878 3109 lectionem
904 3083 971 3113 Vat,
999 3082 1039 3107 alii
1066 3082 1145 3108 codd.
1164 3085 1223 3114 post
1243 3081 1295 3108 Ioci

339 3134 533 3163 prosequuntur
552 3128 689 3163 qualitatis
708 3130 733 3154 et
751 3127 907 3162 quantitatis
927 3126 1007 3153 etiam
1023 3133 1215 3160 personarum.

403 3173 420 3211 ξ
441 3175 512 3200 Vrrs.
533 3174 575 3200 29.
600 3188 631 3192 —
659 3173 775 3199 Subinde
794 3173 920 3204 allegatur
940 3172 992 3197 Act.
1014 3171 1060 3203 20,
1080 3170 1105 3195 7.
1125 3173 1160 3189 —'-
1186 3171 1294 3196 lnferius

340 3226 388 3250 pro
411 3218 505 3244 oblitae
525 3217 636 3244 Acon
657 3217 739 3243 obliti.

411 3260 420 3275 ⁷
440 3261 522 3288 Codd.
541 3261 590 3288 AC
602 3262 622 3287 D
640 3263 775 3288 ea'eimtes.
795 3275 828 3280 —
849 3261 905 3286 Duo
924 3267 999 3293 seqq.
1021 3260 1068 3285 loci
1088 3262 1148 3285 sunt
1167 3260 1230 3285 Gen.
1252 3259 1294 3291 42,

343 3307 367 3331 3.
388 3306 442 3339 (cfr.
472 3305 518 3336 11,
546 3306 599 3338 57.)
626 3309 651 3330 et
680 3305 747 3331 loun.
773 3305 801 3337 4,
822 3306 857 3336 8,
883 3304 927 3330 ubi
956 3311 1004 3336 pro
1032 3303 1155 3330 abierant
1178 3302 1293 3329 CDGH

343 3350 437 3376 ierant.

413 3391 423 3406 Β
444 3394 517 3418 vers.
539 3393 568 3418 3:
589 3392 644 3419 Cur
663 3392 819 3419 eduxistis...
840 3394 871 3418 ut
887 3392 1038 3419 occideretis
1058 3395 1105 3417 etc.
1125 3406 1159 3410 —-
1173 3391 1296 3424 Sequitur

1356 2820 1396 2845 Ps.
1414 2819 1463 2850 77,
1485 2819 1527 2844 19.
1544 2832 1579 2838 -
1599 2818 1725 2850 Superius
1744 2816 1856 2843 vocibus
1875 2815 1927 2843 loci
1941 2815 2089 2850 penuriam
2110 2815 2166 2841 Vat.
2182 2814 2310 2840 interserit

1355 2863 1523 2890 sterilitatem
1542 2863 1574 2888 et.
2086 2857 2096 2872 ⁹
2118 2859 2190 2884 Vers.
2215 2859 2236 2884 1.
2254 2865 2308 2890 seq.

1427 2906 1449 2921 ¹⁰
1469 2908 1542 2932 Vers.
1563 2907 1588 2932 9.
1602 2921 1634 2924 —
1650 2907 1706 2931 Duo
1726 2912 1800 2938 seqq.
1819 2905 1866 2930 loci
1886 2907 1946 2930 sunt
1964 2904 2000 2930 lll.
2021 2905 2084 2935 neg.
2106 2903 2147 2934 17,
2169 2904 2209 2929 t2.
2228 2906 2254 2929 et
2267 2903 2309 2928 lV.

1356 2952 1420 2983 Reg.
1442 2951 1471 2983 4,
1500 2951 1541 2976 43.
1561 2964 1596 2969 -
1616 2950 1724 2976 luserius
1748 2956 1796 2981 pro
1821 2947 2010 2982 multiplicavit
2029 2947 2079 2973 AC
2092 2948 2112 2973 D
2140 2947 2269 2979 instituit,
2289 2947 2309 2972 G

1356 2994 1464 3021 miscuit
1483 2994 1539 3027 (cfr.
1559 2994 1596 3019 111.
1616 2994 1680 3025 Reg.
1702 2993 1749 3025 17,
1769 2993 1816 3017 16;
1841 3001 1853 3015 α
1866 2992 1962 3024 Hydria
1983 2992 2080 3017 farinae
2109 2999 2160 3017 non
2186 2991 2310 3017 defecit...

1357 3038 1424 3064 iuxta
1445 3037 1558 3063 verbum
1588 3037 1706 3067 Domini,
1725 3036 1798 3069 quod
1825 3036 1927 3061 locutus
1955 3036 2037 3060 fuerat
2056 3035 2081 3060 in
2101 3042 2179 3061 manu
2205 3034 2273 3060 Eliae
2287 3044 2311 3065 ¹3

1357 3082 1399 3107 lV.
1420 3083 1483 3113 neg.
1504 3081 1533 3112 t,
1554 3081 1601 3106 41:
1622 3081 1730 3111 Asserto,
1749 3080 1833 3112 inquit
1853 3078 1982 3113 [Eliseus],
2004 3079 2122 3105 farinam.
2142 3078 2261 3112 Cumque
2276 3082 2311 3104 tu-

1357 3126 1453 3156 lissent,
1472 3125 1542 3151 misit
1561 3125 1584 3150 in
1605 3125 1681 3150 ollam
1702 3124 1770 3156 ete).

1429 3168 1449 3183 ¹¹
1470 3170 1543 3195 Vers.
1570 3170 1592 3194 8.
1614 3169 1680 3195 Vide
1693 3169 1720 3194 S.
1732 3169 1839 3201 Douma,
1858 3167 2003 3194 Comment.
2026 3168 2049 3194 in
2064 3169 2132 3194 ioan.
2148 3175 2170 3194 c.
2184 3168 2208 3193 6.
2225 3175 2251 3194 11.
2273 3168 2311 3193 12.

1358 3214 1382 3238 in
1404 3213 1467 3244 fine,
1489 3212 1533 3238 ubi
1554 3213 1637 3244 prima
1658 3213 1785 3244 expositio
1806 3213 1845 3244 (ex
1866 3212 1985 3245 August.)
2007 3213 2126 3243 affertur,
2145 3219 2214 3245 quae
2233 3211 2310 3237 ctiam

1358 3257 1494 3283 exhibetur
1512 3264 1525 3281 a
1546 3257 1635 3282 Glossa
1655 3255 1797 3283 ordinaria
1817 3255 1899 3288 (apud
1913 3256 2054 3289 Lyn-anum)
2070 3256 2095 3281 in
2111 3256 2197 3289 lllatth.
2216 3255 2253 3286 14,
2270 3255 2311 3281 15.

1430 3299 1451 3315 ¹²
1471 3300 1553 3327 Codd.
1579 3300 1660 3327 ACD
1680 3300 1741 3328 Nisi
1765 3301 1834 3334 sorte
1858 3301 1883 3327 et
1909 3306 1967 3327 uos.
1988 3314 2023 3320 —
2042 3300 2159 3326 Subinde
2187 3300 2312 3331 allegatur

1359 3345 1435 3370 Marc.
1456 3346 1485 3377 6,
1506 3345 1553 3378 37,
1574 3344 1618 3370 ubi
1638 3352 1686 3376 pro
1705 3343 1829 3371 (labimus
1847 3344 1925 3370 codd.
1944 3343 2047 3370 demus.
2062 3357 2098 3362 -
2117 3343 2243 3375 Superius
2264 3349 2311 3374 pro

1359 3389 1405 3416 sed
1419 3390 1531 3423 propter
1551 3389 1572 3414 D
1591 3395 1638 3415 uec
1653 3389 1779 3422 propter,
1799 3388 1820 3413 H
1840 3388 1881 3414 vel
1896 3389 2015 3421 propter.
