2427 3872
320 269 387 301 742

604 310 677 338 0013,

322 356 488 388 largitionem
516 355 550 381 Vl
575 354 628 381 554
646 355 663 380 7
681 369 717 372 -
735 353 900 386 multiplicari
919 353 961 379 de-

321 400 368 426 bet
386 407 434 432 per
452 399 637 431 devotionem,
655 398 868 429 meditationem,
887 404 962 430 prae-

321 444 479 470 dicationem
499 443 542 469 Vll
562 442 614 469 224
634 443 667 468 28
686 442 865 468 -“(11ν1111135
882 442 962 474 1115ρί-

320 491 376 514 rata
396 488 456 514 facit
474 487 607 513 hominem
627 486 723 512 iustum
743 486 776 512 Vl
797 486 826 512 21
850 493 876 511 v.
897 486 913 512 3
926 499 962 505 -

321 532 418 558 devota
437 534 564 564 quantum
583 530 617 556 ad
634 531 755 556 affectum
775 529 913 562 suspendit
930 536 961 556 ex

321 574 467 602 devotione
490 578 516 600 et
537 575 621 600 elevat
646 575 679 600 ad
698 575 828 606 lacrymas
848 574 889 599 Vll
909 573 960 599 444

322 619 357 645 37
375 633 411 639 —
429 618 570 651 spiritualis
593 621 633 644 est
657 618 733 651 quasi
757 618 874 650 irrigatio
893 620 962 643 exte-

322 664 377 689 rior
393 663 427 689 Vl
446 663 497 689 205
517 670 543 688 ν.
563 663 578 688 3
597 676 633 682 -
651 662 826 688 instructionis
844 662 962 688 illumnat

322 708 480 734 intellectum
500 707 551 733 539
572 707 587 733 6
600 721 636 726 -
648 706 731 732 reficit
744 706 896 738 ignorantes
909 706 961 732 565

323 753 339 777 2
358 765 394 771 -
413 751 554 783 spiritualis
577 751 661 776 reiicit
687 753 801 776 mentem
829 749 862 776 ib.
892 750 908 775 4
927 763 962 769 --

324 796 466 828 spIritualis
487 794 567 820 habet
588 795 614 820 in
635 795 774 820 refectione
795 794 961 826 asperitatem

323 839 385 866 ibid.
399 853 434 859 —
447 839 563 865 veritatis
580 839 672 865 odiosa
685 841 724 865 est
736 839 811 864 malis
823 839 867 864 Vll
880 838 926 863 501
945 839 961 864 2

321 897 360 903 -
377 883 473 915 Moysis
491 886 546 909 erat
563 881 656 915 aspera
674 886 700 908 et
718 883 785 908 dura
804 883 837 908 Vl
856 882 908 907 322
928 882 956 907 21

376 942 412 946 -
431 927 697 955 catholicasumenda
711 929 751 952 est
763 926 797 952 de
809 932 883 951 sacra
896 925 962 951 Scri·

325 977 402 1003 ptura
421 978 469 1003 per
487 971 625 997 lectionem
640 971 681 996 vll
696 969 748 995 224
762 970 795 995 28
808 984 843 987 -
861 969 962 994 Nullam

324 1015 405 1041 habet
416 1015 609 1041 excusationem
620 1014 666 1047 qui
677 1013 758 1039 verba
771 1013 904 1039 doctrinae
916 1013 964 1038 Le-

324 1059 365 1091 gis
377 1062 403 1085 et
415 1058 576 1090 Prophetalis
594 1057 687 1083 audire
700 1059 803 1082 recusat
817 1056 868 1082 424
882 1056 916 1081 59
928 1069 964 1075 —

323 1104 431 1128 Sacram
449 1101 597 1127 doctrinam
616 1101 683 1126 sicut
700 1107 767 1131 puer
783 1099 903 1132 accipere
921 1099 964 1125 de·

324 1145 420 1171 bemus
439 1145 491 1171 460
509 1145 543 1170 32
562 1158 598 1163 —
617 1144 693 1176 Legis
706 1143 838 1170 audienda
857 1146 896 1169 est
915 1150 963 1175 pro

324 1189 506 1221 magnitudine
533 1187 693 1214 auctoritatis
722 1187 773 1213 424
798 1187 832 1213 59
851 1202 887 1206 -—
905 1188 964 1213 Pro-

324 1234 463 1265 phetarum
482 1232 613 1258 audienda
632 1235 670 1257 est
683 1239 732 1264 pro
745 1231 900 1257 certitudine
918 1238 964 1257 ve-

325 1277 408 1302 ritatis
435 1275 497 1302 ibid.
521 1290 555 1294 -—
574 1275 663 1313 divina
690 1282 744 1301 non
768 1279 807 1302 est
832 1275 962 1302 audienda

325 1320 498 1353 negligenter,
521 1320 569 1346 sed
587 1320 732 1352 diligenter,
757 1323 785 1346 ut
807 1320 891 1352 possit
907 1320 964 1346 aliis

326 1364 407 1391 tribui
427 1364 477 1390 497
497 1364 530 1390 27

378 1422 414 1428 —-
433 1409 495 1434 solis
519 1408 745 1435 contemnentibus
767 1408 837 1435 bona
863 1413 964 1441 tempo-

325 1453 390 1479 ralia
416 1453 503 1480 danda
531 1456 569 1479 est
587 1453 621 1479 Vl
641 1454 674 1479 90
702 1460 727 1479 v.
747 1453 764 1479 7
783 1467 819 1473 -
843 1453 961 1480 Verbum

324 1497 479 1524 eruditionis
497 1497 563 1523 tradi
582 1504 633 1523 non
653 1496 731 1523 debet
743 1498 793 1523 nisi
806 1498 862 1524 auri
881 1501 964 1524 atten-

325 1542 395 1568 denti
415 1542 465 1567 278
495 1542 504 1567 4
535 1556 569 1560 —-
588 1549 639 1568 non
668 1541 746 1568 debet
773 1542 963 1568 communicari

324 1586 440 1618 indignis
457 1588 483 1611 ct
501 1586 653 1618 fastidiosis,
673 1586 720 1612 sed
747 1586 849 1612 idoneis
868 1590 894 1612 et
912 1590 963 1613 stu-

324 1630 406 1656 diosis
424 1631 466 1656 vll
488 1630 537 1656 140
557 1630 591 1656 24
610 1645 646 1648 -
663 1631 720 1656 51113
738 1631 791 1657 vita
812 1631 907 1657 inutilis
925 1634 964 1657 est

324 1675 357 1701 Vi
377 1676 406 1700 21
431 1682 456 1700 v.
476 1675 491 1700 3

377 1733 413 1737 —
433 1719 531 1745 Docere
550 1722 589 1745 est
607 1726 675 1751 opus
687 1720 800 1750 salutare
814 1719 846 1744 Vl
860 1719 911 1744 346
930 1720 963 1745 33

324 1777 360 1782 —
373 1770 465 1789 carens
478 1763 591 1789 caritatis
609 1763 769 1795 perfectione
782 1766 821 1789 est
838 1763 914 1796 quasi
927 1770 965 1789 ra-

325 1814 384 1833 mus
403 1807 628 1833 inconsummatus
652 1808 703 1832 433
729 1814 756 1832 v.
775 1807 791 1832 5
810 1821 845 1825 ——
864 1810 902 1833 est
921 1814 965 1839 pa=

324 1851 383 1882 nis,
401 1851 446 1884 qui
465 1851 525 1876 facit
542 1851 574 1877 ad
599 1851 774 1883 cognitionem
793 1851 909 1877 veritatis
931 1851 964 1877 90

327 1903 353 1921 v.
372 1895 397 1920 7.
417 1895 469 1921 565
489 1895 504 1920 4
524 1908 559 1914 -
577 1898 615 1920 351
635 1895 677 1920 via
697 1895 869 1926 perveniendi
882 1895 916 1921 ad
929 1895 965 1921 vi-

327 1943 380 1965 tam
401 1939 451 1965 563
472 1946 499 1964 v.
520 1939 554 1964 28
568 1952 603 1957 -
615 1938 731 1964 veritatis
749 1942 788 1964 cst
807 1939 910 1970 gladius
923 1947 965 1965 ex-

328 1990 452 2015 pugnans
471 1982 607 2008 diabolum
636 1982 836 2014 impugnantem
856 1990 903 2015 per
923 1984 965 2009 fal-

323 2027 416 2053 laciam
435 2027 487 2052 612
506 2033 532 2052 v.
554 2026 580 2051 44

379 2084 414 2088 -
432 2070 532 2096 Docere
551 2073 591 2096 est
608 2073 682 2096 actus
699 2071 842 2103 sapientiae
861 2072 894 2098 Vl
913 2071 963 2098 460

326 2113 360 2140 25
379 2121 436 2146 arg.
457 2114 466 2139 4
490 2128 525 2132 —-—
544 2114 644 2140 Docere
663 2115 741 2141 totius
760 2116 892 2142 Trinitatis
911 2119 964 2148 est,

326 2161 414 2184 tamen
433 2157 555 2184 tribuitur
579 2159 642 2185 Filio
669 2163 790 2192 respectu
810 2160 965 2192 cognitionis

325 2202 524 2234 speculationis,
545 2203 651 2235 Spiritui
670 2208 761 2230 sancto
780 2208 901 2237 respectu
924 2212 965 2231 co-

327 2246 451 2278 gnitionis
470 2246 642 2279 experientiae
660 2250 685 2273 et
704 2248 849 2274 devotionis
868 2248 930 2275 ibid.

381 2305 416 2309 —
436 2291 583 2323 Sapientiae
601 2291 723 2318 doctores
741 2295 802 2318 sunt
821 2299 899 2319 canes
916 2293 966 2325 spi-

327 2335 434 2361 rituales
462 2338 487 2361 et
505 2335 603 2361 habent
621 2336 723 2368 linguas
747 2336 914 2363 medicinales
933 2337 965 2362 Vl

327 2379 372 2404 471
397 2387 422 2405 v.
443 2379 475 2405 49
495 2392 530 2398 -
548 2380 644 2406 Doctor
663 2380 792 2406 Ecclesiae
811 2384 850 2406 est
873 2388 966 2407 servus

325 2430 404 2449 arans
423 2426 448 2449 et
467 2430 579 2455 pascens
599 2424 639 2449 Vll
662 2424 707 2449 431
734 2425 765 2449 48

378 2482 413 2486 -
432 2468 532 2493 Docere
550 2470 575 2493 ct
588 2474 721 2499 exponere
734 2469 905 2500 Evangelium
920 2469 966 2494 Dei

326 2514 366 2537 est
384 2510 496 2537 verbum
521 2511 641 2537 divinum
670 2512 824 2543 praedicare
852 2513 894 2539 Vll
915 2513 930 2539 4
950 2513 966 2539 5

326 2568 362 2574 -
374 2555 480 2586 respicit
501 2555 620 2581 auditum
642 2555 675 2581 Vi
690 2555 723 2580 47
745 2563 772 2588 q.
785 2557 801 2581 2
814 2570 849 2575 -
862 2557 968 2589 respicit

326 2599 509 2631 cognoscenda
531 2599 562 2624 49
581 2606 608 2624 ν.
629 2598 661 2624 47
675 2613 710 2617 -
727 2600 833 2632 respicit
851 2601 966 2627 animam

328 2642 362 2668 76
383 2649 409 2668 v.
430 2643 458 2667 41

382 2700 416 2704 -
436 2685 521 2711 imber
539 2685 668 2717 significat
687 2686 770 2713 divini
783 2687 857 2714 verbi
871 2689 967 2715 doctri—

330 2736 390 2755 nam
410 2729 442 2755 Vl
472 2730 506 2755 90
526 2737 550 2755 ν.
571 2730 587 2755 7
610 2743 646 2750 -·
669 2731 788 2758 salutaris
806 2732 967 2765 significatur

330 2780 377 2806 pcr
405 2780 501 2806 aquam
530 2774 581 2799 415
607 2782 632 2799 v.
661 2775 677 2800 7
698 2789 731 2793 —
756 2776 966 2808 praedicatorum

330 2817 458 2849 ssguratur
477 2817 502 2843 in
530 2817 601 2843 nube
621 2819 654 2844 93
673 2826 699 2844 v.
720 2820 735 2844 2
754 2834 788 2838 --
807 2820 967 2852 significatur

329 2864 406 2887 cantu
426 2861 486 2893 galli
515 2861 565 2887 614
594 2869 620 2888 v.
640 2863 673 2888 47
692 2876 727 2882 -
750 2863 844 2890 Christi
873 2865 968 2890 veteris

331 2906 477 2931 testamenti
500 2906 651 2938 intelligitur
679 2914 726 2939 per
754 2911 854 2940 septem
880 2912 968 2940 partes

329 2949 364 2975 90
383 2957 409 2975 v.
428 2949 444 2975 7
819 2973 823 2979 ,

382 3008 418 3012 —
448 2994 551 3020 Donum
579 2994 764 3027 intelligentiae
791 2996 907 3028 disponit
934 2997 968 3022 ad

330 3038 504 3064 excellentiam
532 3038 666 3065 doctrinae
694 3039 728 3065 vl
756 3040 806 3065 239
829 3042 838 3066 4
863 3054 898 3059 -
921 3041 969 3066 Do-

331 3082 410 3108 ctoris
428 3081 574 3108 sublimitas
603 3083 782 3110 manifestatur
809 3084 835 3110 in
854 3084 969 3111 sublimi-

331 3129 383 3152 tate
401 3126 537 3152 doctrinae
555 3126 601 3152 241
627 3127 642 3152 4
661 3141 696 3145 -
715 3127 810 3154 dicitur
835 3128 968 3161 sublimis,

330 3177 400 3203 quae
427 3170 461 3196 de
488 3169 644 3197 sublimibus
663 3171 730 3203 agit,
754 3175 799 3198 aut
823 3172 969 3199 sublimiter

332 3214 466 3246 procedit,
485 3217 530 3240 aut
549 3214 582 3240 ad
601 3214 723 3241 sublimia
742 3216 863 3248 perducit
881 3215 914 3243 ib.
934 3217 950 3243 5

384 3272 420 3277 —
438 3258 556 3285 Doctoris
568 3259 683 3285 olllcium
698 3261 842 3291 perfectum
855 3261 969 3287 reddunt

333 3301 475 3341 limpiditas
493 3302 518 3328 in
537 3303 720 3334 cognoscendo
739 3307 765 3329 et
783 3305 924 3331 auctoritas
943 3305 968 3330 in

331 3345 452 3372 docendo
471 3346 514 3372 Vll
541 3347 591 3372 178
616 3347 650 3373 50
674 3360 710 3367 --
733 3348 858 3374 Doctores
877 3349 968 3381 Legis,

325 3389 360 3414 in
379 3393 505 3422 quantum
525 3390 654 3418 instruunt
672 3398 699 3417 m
718 3392 771 3418 ilde
788 3396 849 3418 sunt
867 3396 967 3425 patres,

1186 265 1299 297 INDEX
1324 264 1452 298 RERUM

998 353 1027 379 in
1056 356 1183 386 quantum
1215 354 1304 379 fovent
1334 353 1360 378 in
1391 351 1509 378 moribus
1539 354 1636 378 matres

999 397 1051 423 214
1071 397 1099 423 94
1460 431 1462 433 ¹
1505 392 1506 395 ’

1052 455 1087 460 -
1105 440 1176 467 Libri
1194 441 1332 467 doctorum
1351 440 1490 467 traduntur
1502 446 1550 471 per
1562 439 1638 464 ratio-

998 485 1153 516 cinationes,
1171 485 1233 518 quia
1247 487 1307 510 sunt
1324 484 1357 510 ad
1371 483 1548 516 generandam
1567 483 1637 508 intel-

999 529 1134 561 ligentiam
1156 529 1188 554 Vl
1212 529 1262 554 243
1287 529 1319 554 40
1345 528 1371 553 l·

1051 586 1087 593 —
1106 574 1201 599 Doctor
1220 572 1359 606 aliquando
1372 572 1449 598 docet
1461 571 1533 605 quod
1553 572 1637 597 facere

998 624 1049 643 non
1069 620 1154 650 potest
1172 617 1216 643 Vll
1235 617 1286 642 306
1305 617 1339 642 92
1354 630 1388 634 --
1400 616 1456 642 Non
1467 618 1507 641 est
1519 615 1636 641 doctrina

999 662 1114 687 doctoris
1138 660 1341 693 contemnenda,
1362 660 1384 686 si
1398 661 1482 685 facere
1498 660 1562 690 vult,
1575 659 1637 692 quia

1000 707 1120 732 voluntas
1138 706 1161 730 ei
1175 707 1342 737 computatur
1361 711 1409 736 pro
1424 705 1490 729 facto
1502 702 1536 730 ib.
1550 703 1579 728 91
1602 717 1637 722 -

1000 751 1095 776 Doctor
1122 752 1161 776 est
1178 748 1402 781 reprehensibilis,
1419 748 1442 774 si
1461 747 1522 774 nihil
1541 746 1638 773 laboris

999 795 1056 820 vult
1073 794 1202 820 sustinere
1219 792 1282 819 ibid.

1053 851 1088 857 --
1108 837 1198 863 Nullus
1216 836 1243 862 in
1262 836 1395 868 Scriptura
1408 835 1500 862 doctor
1512 835 1592 861 debet
1604 835 1638 860 de

999 888 1028 907 se
1047 886 1076 907 ut
1093 881 1127 907 de
1146 888 1175 906 se
1202 881 1289 913 loqui,
1308 880 1356 905 sed
1380 882 1488 912 propter
1512 879 1639 905 humilita-

1000 929 1053 951 tem
1072 924 1148 958 quasi
1167 924 1201 950 de
1219 924 1269 949 alio
1290 924 1322 949 Vl
1343 924 1369 948 41
1394 924 1456 948 ν.·2
1474 937 1509 941 ———
1522 922 1639 948 veritatis

1000 968 1080 995 debet
1107 975 1121 993 a
1150 968 1272 1000 praelatis
1300 967 1440 999 pervenire
1465 967 1500 992 ad
1518 966 1639 992 subditos

1000 1013 1044 1038 Vll
1065 1012 1097 1037 49
1118 1013 1152 1037 22

1054 1070 1089 1075 -
1102 1055 1234 1087 tripliciter
1246 1055 1437 1080 authenticatur
1456 1054 1499 1080 Vll
1518 1054 1551 1079 89
1567 1054 1591 1079 4.
1604 1053 1638 1079 95

1001 1100 1035 1125 26
1054 1114 1088 1118 —-
1108 1099 1197 1125 debito
1217 1099 1297 1125 modo
1316 1098 1549 1129 communicanda,
1566 1102 1595 1123 ut
1607 1098 1640 1123 sit

1001 1146 1108 1176 accepta
1128 1144 1174 1169 444
1198 1143 1232 1168 92
1251 1157 1287 1162 -
1305 1143 1391 1168 omnis
1403 1142 1471 1168 intus
1483 1141 1581 1168 habere
1594 1142 1640 1168 de-

1001 1188 1046 1214 bet
1064 1188 1200 1214 veritatem
1219 1187 1253 1213 Vl
1271 1187 1305 1212 98
1325 1194 1352 1212 v.
1372 1187 1404 1212 40
1430 1201 1465 1205 -
1484 1186 1564 1212 debet
1581 1193 1639 1212 esse

1001 1231 1177 1258 aedificatoria
1197 1231 1230 1257 ad
1249 1231 1415 1263 operandum
1434 1231 1477 1256 Vll
1493 1230 1543 1256 l44
1557 1231 1590 1256 38
1603 1244 1639 1250 -

1000 1276 1079 1303 debet
1098 1283 1156 1302 esse
1183 1275 1331 1302 secundum
1359 1275 1516 1307 exigentiam
1539 1275 1638 1301 audito-

1000 1328 1060 1347 rum
1081 1321 1131 1346 490
1150 1321 1167 1346 7
1179 1334 1214 1340 -
1228 1319 1417 1346 manifestanda
1431 1326 1480 1351 pro
1494 1319 1636 1352 capacitate

1001 1365 1164 1391 audientium
1184 1364 1235 1390 224
1256 1364 1298 1390 28.
1317 1364 1368 1389 239
1389 1364 1432 1389 69.
1451 1363 1503 1389 327
1522 1363 1556 1388 62

1052 1422 1089 1429 -
1108 1409 1202 1435 Ductor
1219 1408 1369 1440 scripturae
1381 1408 1549 1439 evangelicae
1561 1406 1640 1433 debet

1001 1460 1058 1479 esse
1078 1454 1200 1479 inunctus
1212 1452 1301 1478 divina
1315 1452 1408 1484 gratia,
1421 1451 1554 1477 institutus
1568 1457 1639 1476 mera

1000 1498 1164 1529 obedientia,
1188 1497 1367 1523 inflammatus
1391 1495 1573 1522 benevolentia
1593 1496 1640 1520 fra-

1001 1546 1073 1569 terna
1093 1543 1136 1568 Vll
1156 1542 1171 1567 3
1192 1541 1207 1566 3
1227 1554 1262 1560 -
1281 1541 1376 1566 Doctor
1404 1539 1492 1566 educit
1510 1539 1639 1571 populum

1002 1586 1104 1613 Domini
1132 1586 1166 1611 de
1194 1583 1308 1611 tenebris
1336 1584 1498 1616 ignorantiae
1517 1582 1551 1610 ib.
1571 1582 1586 1608 4
1604 1596 1641 1602 -

1001 1631 1041 1657 Ad
1059 1630 1174 1656 officium
1193 1629 1309 1655 doctoris
1320 1635 1398 1654 nemo
1411 1627 1490 1654 debet
1502 1627 1641 1658 accedere,

1001 1675 1050 1701 nisi
1078 1674 1194 1700 mittatur
1222 1672 1283 1699 ibid.
1303 1687 1339 1691 —
1366 1673 1461 1698 Doctor
1489 1679 1538 1704 pro
1561 1675 1639 1704 captu

1002 1718 1163 1745 audientium
1177 1718 1330 1749 dispensare
1342 1716 1421 1743 debet
1434 1716 1545 1742 verbum
1559 1716 1592 1741 99
1608 1715 1640 1742 43

1055 1777 1089 1781 -
1108 1763 1208 1788 Docere
1227 1762 1251 1787 in
1279 1761 1392 1787 Ecclesia
1411 1767 1463 1786 non
1488 1763 1527 1786 est
1553 1760 1641 1786 mulie-

1002 1814 1075 1838 rum,
1094 1807 1140 1833 sed
1160 1806 1277 1832 virorum
1303 1807 1344 1832 Vll
1374 1805 1408 1831 64
1434 1806 1468 1832 87
1487 1819 1522 1825 -
1542 1806 1641 1832 Docere

1002 1858 1080 1877 nemo
1099 1850 1178 1877 debet
1196 1851 1230 1876 de
1253 1851 1311 1883 lege
1338 1850 1472 1876 communi
1492 1853 1550 1876 ante
1575 1854 1642 1876 aeta-

1003 1899 1054 1921 tem
1073 1895 1196 1925 adultam,
1215 1899 1460 1930 quantumcumque
1485 1894 1580 1920 habeat
1603 1902 1641 1922 sa-

1002 1940 1142 1972 pientiam,
1170 1942 1257 1964 tamen
1284 1939 1426 1972 aliquando
1453 1938 1526 1965 aliter
1551 1939 1580 1964 sst
1607 1939 1641 1965 de

1002 1984 1140 2016 privilegio
1159 1983 1265 2016 speciali
1284 1983 1318 2008 85
1338 1983 1372 2008 57
1391 1997 1425 2002 —
1446 1983 1545 2009 Docere
1563 1982 1641 2009 debe·

1002 2036 1062 2054 mus
1079 2028 1233 2061 sapientiam
1254 2028 1305 2053 405
1325 2027 1358 2053 66
1378 2041 1413 2045 -
1432 2027 1481 2060 Qui
1501 2028 1558 2053 vult
1576 2027 1641 2053 alios

1002 2073 1097 2099 docere
1110 2071 1189 2098 debet
1208 2071 1323 2097 interiori
1342 2072 1436 2098 affectu
1459 2074 1561 2097 terrena
1581 2078 1641 2097 con-

1002 2119 1117 2143 temnere
1126 2119 1152 2142 et
1161 2115 1333 2142 exterioribus
1343 2115 1462 2142 moribus
1471 2115 1562 2141 turbas
1569 2122 1642 2148 prae-

1002 2161 1093 2187 cellere
1113 2160 1164 2186 444
1185 2160 1200 2185 5

1054 2218 1090 2224 -
1118 2204 1168 2237 Qui
1196 2204 1339 2236 neglexerit
1362 2204 1426 2241 alios
1452 2204 1549 2230 docere
1573 2210 1642 2237 quos

1002 2249 1095 2282 potuit,
1114 2256 1206 2274 eorum
1225 2248 1398 2281 negligentiae
1416 2249 1451 2274 illi
1473 2247 1643 2280 imputabun-

1003 2297 1045 2320 tur
1065 2293 1109 2319 Vll
1130 2293 1181 2319 485
1200 2293 1234 2318 36
1253 2307 1287 2312 —--
1308 2293 1464 2319 incessanter
1483 2296 1522 2318 cst
1540 2292 1643 2324 dispen-

1003 2338 1084 2364 sanda
1104 2337 1137 2364 Vl
1167 2337 1200 2362 90
1226 2344 1252 2363 v.
1271 2337 1287 2362 7
1306 2350 1342 2356 —
1360 2336 1522 2368 exhibenda,
1551 2339 1579 2362 ut
1605 2343 1643 2362 sa-

1003 2382 1099 2414 pientia
1117 2382 1150 2408 sit
1168 2381 1237 2408 utilis
1255 2382 1283 2407 21
1307 2389 1333 2407 v.
1353 2381 1368 2407 3
1387 2395 1423 2400 —
1441 2382 1481 2406 est
1499 2380 1643 2407 communi-

1003 2426 1086 2452 canda
1102 2426 1157 2452 sine
1176 2425 1274 2452 invidia
1293 2426 1412 2457 exemplo
1431 2424 1524 2451 Christi
1544 2425 1595 2450 302
1609 2425 1642 2450 83

1003 2483 1038 2489 -—
1057 2477 1118 2496 cum
1148 2469 1255 2502 prodest
1273 2469 1362 2502 bonis,
1390 2476 1443 2495 non
1467 2471 1507 2506 est
1534 2468 1642 2494 tacenda

1004 2518 1111 2546 propter
1129 2513 1282 2540 scandalum
1296 2514 1425 2539 malorum
1440 2513 1472 2539 Vl
1489 2513 1535 2538 331
1559 2512 1594 2538 77
1609 2527 1642 2532 —

1003 2557 1109 2584 Habens
1128 2558 1229 2584 donum
1248 2557 1391 2590 sapIentiae
1409 2556 1580 2583 commissum
1600 2557 1643 2582 de-

1004 2602 1049 2628 bet
1066 2602 1162 2628 docere
1181 2603 1310 2634 populum
1337 2601 1441 2627 Domini
1466 2604 1492 2627 et
1516 2600 1598 2627 verbo
1617 2604 1642 2627 et

1003 2647 1100 2678 scripto
1120 2647 1135 2671 8
1155 2653 1182 2679 q.
1201 2646 1216 2672 4
1236 2659 1272 2665 -
1291 2647 1401 2671 Necesse
1429 2648 1468 2671 est
1495 2645 1641 2671 doctrinam

1004 2694 1139 2722 acceptam
1159 2690 1216 2716 aliis
1234 2690 1337 2721 aperire
1356 2689 1399 2715 Vll
1420 2689 1429 2714 1¹
1437 2689 1470 2714 96
1490 2690 1523 2714 26
1537 2702 1572 2708 -
1585 2690 1641 2715 Nul-

1004 2734 1044 2760 lus
1062 2736 1147 2766 potest
1165 2733 1305 2765 pervenire
1323 2733 1357 2758 ad
1370 2732 1559 2764 plenitudinem
1578 2733 1642 2758 divi-

1003 2784 1053 2803 nae
1077 2777 1234 2808 sapientiae,
1262 2776 1311 2802 nisi
1339 2775 1434 2802 habeat
1458 2777 1642 2808 promptitudi-

1003 2828 1065 2847 nem
1085 2820 1219 2846 doctrinae
1236 2820 1471 2846 communicandae
1490 2821 1540 2846 497
1561 2821 1594 2846 28
1608 2835 1641 2840 -

1004 2864 1118 2890 Docendi
1147 2864 1294 2889 facultatem
1317 2867 1343 2890 et
1370 2864 1512 2890 intellectus
1536 2864 1642 2891 dabitur

1004 2909 1029 2934 ei
1047 2908 1094 2941 qui
1113 2907 1192 2934 habet
1210 2908 1330 2934 ali'ectum
1351 2911 1376 2934 et
1403 2909 1564 2934 voluntatem
1583 2916 1641 2941 pro-

1006 2952 1108 2978 liciendi
1127 2951 1160 2978 ib.
1180 2951 1212 2977 27
1233 2965 1266 2970 -
1286 2952 1311 2977 Si
1331 2952 1390 2985 quis
1408 2953 1478 2984 vult,
1504 2953 1577 2986 quod
1596 2954 1641 2980 de-

1005 2999 1047 3022 tur
1074 2995 1124 3022 sihi
1151 2995 1323 3028 abundanter,
1342 2996 1421 3022 debet
1444 3000 1470 3022 et
1494 2997 1550 3029 ipse
1578 2997 1641 3023 dare

1005 3040 1039 3066 de
1057 3047 1089 3066 eo
1108 3040 1182 3073 quod
1200 3039 1278 3066 habet
1297 3039 1406 3067 libenter
1425 3040 1488 3067 ibid.

1058 3097 1093 3103 —
1113 3084 1220 3116 mystica
1240 3085 1434 3117 Scripturarum
1448 3084 1531 3111 turbis
1544 3084 1641 3118 prepo-

1006 3129 1074 3155 nitur
1094 3128 1119 3154 in
1138 3128 1270 3161 parabolis
1289 3132 1314 3155 et
1333 3129 1449 3161 aperitur
1462 3129 1598 3161 discipulis
1616 3133 1642 3156 et

1006 3172 1175 3199 confirmatur
1189 3173 1321 3199 miraculis
1333 3173 1376 3199 Vll
1391 3174 1440 3199 488
1457 3173 1466 3198 4
1483 3187 1519 3193 -
1532 3174 1594 3200 110νί
1609 3177 1641 3200 te-

1006 3217 1125 3243 stamenti
1144 3217 1292 3250 intelligitur
1306 3224 1352 3249 per
1365 3220 1423 3243 octo
1438 3217 1470 3243 Vl
1484 3217 1517 3243 90
1530 3225 1558 3243 ν.
1576 3217 1593 3243 7
1606 3230 1642 3237 —

1007 3260 1155 3293 parabolica
1173 3261 1348 3287 communiter
1361 3261 1432 3287 omni
1451 3262 1542 3294 generi
1561 3262 1642 3288 homi·

1006 3311 1069 3331 num
1083 3306 1238 3338 proponitur
1247 3305 1377 3332 audienda
1388 3308 1413 3331 et
1428 3306 1558 3337 Apostolis
1572 3306 1641 3332 intei-

1006 3349 1109 3381 ligenda
1130 3349 1173 3375 Vll
1193 3350 1244 3375 488
1264 3350 1274 3375 4
1299 3363 1332 3368 -
1352 3349 1402 3382 Qui
1414 3357 1467 3375 non
1486 3349 1565 3376 habet
1582 3351 1641 3376 3113-

1006 3396 1077 3419 ctum
1097 3393 1203 3420 divinae
1222 3393 1355 3420 doctrinae
1374 3393 1400 3430 in
1423 3394 1504 3420 corde
1522 3393 1641 3426 privatur

1959 307 2027 333 DOM

1675 358 1706 377 ea
1725 358 1772 383 per
1790 351 1907 383 rigorem
1925 351 2032 378 divinae
2050 351 2193 377 sententiae
2212 351 2262 377 497
2276 352 2310 378 28

1674 408 1709 414 -
1727 395 1859 421 sufficiens
1879 395 1921 421 ad
1948 394 2141 421 defendendam
2169 395 2310 421 Ecclesiam

1676 436 1848 466 universalem
1862 439 2009 473 continetur
2021 439 2047 464 in
2059 439 2200 471 Scripturis
2213 439 2265 465 555
2275 439 2309 464 50

1727 496 1763 502 -
1781 483 1884 509 Veritas
1897 482 2030 508 doctrinae
2043 483 2189 508 necessaria
2201 485 2241 509 est
2252 490 2312 509 con-

1675 527 1833 559 templativis
1853 526 1885 551 Vl
1905 527 1956 552 606
1985 533 2011 553 v.
2040 526 2072 552 43
2098 540 2132 545 -
2161 527 2312 552 Doctrinam

1675 571 1854 603 evangelicam
1874 571 2011 602 despicere
2033 574 2072 597 est
2099 577 2227 602 magnum
2251 570 2313 597 deli-

1674 618 1746 641 ctum
1764 615 1808 640 Vll
1819 615 1869 640 249
1890 615 1906 640 9
1924 628 1960 634 -
1978 614 2168 640 haereticorum
2187 618 2311 647 suspecta

1675 659 1785 685 traditur
1805 659 1830 684 in
1849 658 2003 685 abscondito
2023 659 2056 684 96
2076 659 2109 684 29

1728 717 1763 721 -
1781 703 1822 729 Ad
1840 703 1987 729 doctrinam
2015 702 2109 729 Christi
2133 704 2189 728 erat
2207 708 2314 728 concur·
2339 712 2341 714 ·

1675 754 1720 773 sus
1738 747 1913 773 multitudinis
1931 753 1961 773 ex
1986 753 2065 772 causa
2084 746 2250 779 quadruplici
2269 746 2313 772 Vll

1677 791 1726 816 488
1747 791 1757 816 4
1781 804 1816 810 —-
1835 790 1928 817 Christi
1947 794 2044 823 quanta
2064 790 2111 816 fuit
2129 793 2258 823 quantum
2276 790 2312 816 ad

1675 834 1835 860 latitudinem
1855 835 1941 860 famae
1960 834 1994 859 96
2013 835 2046 860 28
2062 848 2095 852 -
2108 833 2203 860 Christi
2215 836 2312 867 quanta

1676 878 1722 904 fuit
1740 880 1868 911 quantum
1896 878 1931 903 ad
1958 878 2140 904 certitudinem
2168 877 2202 904 ib.
2225 878 2259 903 29
2278 891 2314 897 -

1675 921 1769 947 Christi
1794 925 1923 955 quantum
1948 922 1982 948 ad
2010 922 2154 948 efficaciam
2173 921 2207 948 ib.
2226 922 2260 948 30
2278 937 2314 941 -

1676 965 1770 991 Christi
1789 965 1836 992 fuit
1854 966 1973 998 humilis,
2001 965 2124 998 celebris,
2152 966 2315 992 admirabilis

1676 1012 1702 1034 et
1719 1008 1840 1035 sublimis
1859 1009 1910 1035 404
1930 1010 1964 1035 65
1988 1024 2025 1028 -
2051 1010 2191 1036 Doctrinae
2218 1009 2313 1037 Christi

1677 1056 1732 1078 erat
1758 1053 1842 1079 virtus
1861 1053 1999 1080 coniuncta
2028 1054 2079 1079 405
2108 1054 2141 1079 68
2159 1068 2196 1073 -
2222 1054 2316 1081 Christi

1677 1097 1825 1123 authentica
1845 1098 1893 1123 fuit
1918 1105 1966 1130 per
1989 1098 2112 1124 virtutem
2141 1098 2316 1124 multitudinis

1677 1142 1861 1168 miraculorum
1881 1141 1914 1168 ib.
1935 1142 1968 1167 69
1987 1156 2023 1160 —
2042 1141 2136 1169 Christi
2151 1142 2200 1168 fuit
2217 1142 2244 1168 in
2262 1142 2315 1169 vir-

1676 1190 1730 1212 tute
1749 1186 1860 1218 Spiritus
1879 1186 1913 1212 96
1932 1186 1965 1212 27

1731 1245 1763 1249 -
1795 1231 1832 1256 De
1859 1230 2021 1263 plenitudine
2053 1230 2196 1263 sapientiae
2222 1230 2317 1257 Christi

1676 1275 1828 1307 accepimus
1846 1275 1991 1301 doctrinam
2015 1275 2191 1301 instructionis
2212 1275 2243 1301 Vl
2263 1274 2315 1301 539

1677 1319 1692 1344 6
1711 1332 1747 1338 -
1765 1318 1884 1345 Christus
1897 1318 2048 1345 ‚doctrinam
2068 1326 2143 1345 suam
2162 1318 2236 1345 dedit
2248 1319 2315 1351 Apo-

1675 1363 1748 1389 stolis
1766 1362 1896 1395 docendo,
1909 1366 1935 1389 et
1947 1362 1998 1394 ipsi
2011 1365 2170 1394 acceperunt
2182 1362 2316 1389 credendo

1677 1407 1728 1432 470
1749 1407 1792 1432 43.
1811 1407 1863 1432 539
1883 1407 1898 1432 6
1917 1420 1953 1426 -
1971 1407 1999 1432 111
2027 1407 2146 1433 doctrina
2174 1406 2268 1433 Christi
2290 1409 2317 1433 et

1676 1451 1861 1482 Apostolorum
1882 1450 1929 1476 fuit
1946 1450 2046 1483 aliquid
2065 1457 2191 1482 magnum
2210 1454 2236 1477 et
2249 1451 2317 1477 inso-

1677 1494 1750 1520 litum
1771 1494 1815 1520 Vll
1830 1494 1881 1520 405
1899 1494 1933 1520 67
1952 1507 1988 1514 -
2006 1493 2100 1520 Christi
2120 1498 2228 1528 propter
2240 1502 2316 1521 suam

1677 1539 1845 1564 veracitatem
1864 1545 1942 1565 exosa
1955 1539 2002 1564 fuit
2014 1538 2155 1566 incredulis
2168 1539 2219 1565 500
2232 1538 2267 1565 74
2280 1554 2317 1558 -

1678 1582 1770 1609 Christi
1790 1586 1898 1615 propter
1916 1590 1992 1609 suam
2012 1583 2198 1615 gratiositatem
2223 1583 2316 1616 placita

1678 1630 1733 1653 erat
1750 1627 1853 1653 devotis
1872 1626 1905 1654 ib.
1924 1627 1959 1654 75

1731 1672 1832 1698 Domni:
1850 1686 1886 1690 -
1904 1675 1943 1698 est
1965 1679 2117 1704 supponere
2143 1671 2317 1699 aedificationi

1677 1716 1822 1748 praelatum
1841 1716 1959 1742 inutilem
1980 1717 2011 1743 vl
2032 1717 2065 1742 83
2085 1724 2111 1742 v.
2131 1717 2147 1741 9

1731 1761 1815 1788 Doton
1834 1774 1869 1780 --
1887 1761 1974 1787 Primo
1993 1764 2033 1787 est
2050 1760 2192 1787 dolendum
2212 1763 2238 1786 et
2255 1763 2318 1786 tunc

1678 1805 1818 1830 ridendum
1847 1805 1881 1831 Vl
1908 1805 1941 1831 30
1960 1812 1987 1831 v.
2008 1805 2023 1830 4
2043 1819 2077 1823 —
2096 1805 2130 1831 de
2158 1805 2226 1830 malo
2245 1804 2316 1830 illato

1678 1849 1704 1875 in
1723 1849 1891 1881 possessione
1909 1850 2052 1875 extrinseca
2078 1851 2117 1875 est
2135 1855 2243 1880 saevus,
2264 1855 2318 1874 sae-

1679 1893 1736 1919 vior
1755 1893 1781 1919 in
1800 1900 1912 1926 persona
1931 1893 2083 1924 coniuncta,
2102 1893 2273 1922 saevissimus
2292 1892 2318 1918 in

1678 1938 1786 1970 propria
1805 1944 1916 1970 persona
1936 1938 1983 1963 234
2014 1945 2041 1963 v,
2064 1938 2096 1964 45
2121 1952 2155 1956 —
2173 1937 2212 1963 De
2234 1937 2318 1969 gratia

1678 1982 1774 2008 amissa
1794 1985 1832 2008 est
1850 1982 1994 2008 dolendum
2014 1982 2065 2008 560
2085 1989 2113 2008 v.
2132 1983 2147 2007 2

1731 2041 1767 2045 -
1785 2029 1824 2052 351
1841 2026 1869 2052 in
1887 2026 2041 2052 contritione
2061 2026 2093 2052 Vl
2112 2026 2141 2051 34
2159 2024 2177 2051 b
2195 2039 2232 2045 —
2249 2032 2319 2051 com-

1678 2071 1828 2103 punctionis
1851 2070 2006 2103 producitur
2030 2077 2062 2096 ex
2093 2070 2220 2096 memoria
2251 2077 2319 2096 mor·

1679 2115 1711 2140 tis
1729 2118 1755 2140 et
1773 2114 1926 2146 designatur
1954 2121 2002 2147 per
2029 2113 2129 2140 nubem
2149 2114 2193 2140 Vll
2213 2113 2264 2140 334
2284 2114 2317 2140 83

1678 2173 1713 2177 -
1731 2158 1940 2191 compunctionis
1967 2159 2028 2185 facit
2050 2158 2254 2191 circumspicere
2281 2159 2319 2184 in-

1678 2206 1779 2228 ternam
1809 2203 1994 2229 conscientiam
2022 2206 2047 2229 et
2075 2203 2222 2229 felicitatem
2242 2203 2318 2229 amis-

1679 2254 1736 2273 sam
1755 2247 1806 2273 393
1826 2247 1859 2272 29
1878 2261 1913 2266 -
1932 2247 1992 2273 facit
2018 2247 2172 2279 conspicere
2189 2247 2318 2273 calamita-

1679 2294 1732 2317 tem
1751 2291 1885 2324 propriam
1905 2290 1967 2318 ibid.
1985 2306 2021 2310 -
2034 2292 2069 2317 Ex
2081 2292 2172 2318 dolore
2191 2298 2318 2324 compun-

1680 2336 1772 2362 ctionis
1802 2335 1909 2368 spiritus
1944 2340 2104 2368 provocatur
2136 2339 2161 2362 et
2192 2335 2317 2362 excitatur

1680 2379 1743 2407 ibid.

1732 2438 1768 2444 —
1786 2425 1813 2450 ln
1833 2425 1933 2451 inferno
1951 2425 2001 2451 erit
2019 2425 2094 2451 dolor
2106 2425 2141 2451 de
2154 2424 2229 2451 bonis
2242 2424 2318 2450 amis·

1680 2468 1716 2494 sis
1735 2469 1767 2494 Vl
1788 2468 1838 2495 443
1858 2476 1883 2495 v.
1904 2469 1936 2495 23
2232 2498 2238 2503 ,
2332 2503 2334 2505 ,

1717 2513 1798 2539 θοι-35
1810 2527 1845 2532 —-
1857 2516 1896 2539 est
1905 2513 1976 2540 aliud
1986 2520 2066 2546 agere
2079 2516 2105 2539 et
2117 2513 2187 2539 aliud
2197 2515 2318 2545 praeten-

1679 2557 1742 2583 dere
1761 2557 1795 2583 Vl
1814 2558 1865 2583 202
1885 2565 1911 2584 v.
1931 2558 1964 2583 25
1984 2572 2018 2576 -
2030 2557 2178 2584 Dolositatis
2190 2557 2265 2589 origo
2278 2560 2319 2583 est

1679 2607 1693 2626 a
1713 2601 1805 2633 spiritu
1825 2601 1940 2633 maligno
1959 2601 2002 2627 Vll
2023 2600 2073 2627 294
2094 2601 2127 2626 52

1732 2645 1846 2671 Donamus
1863 2658 1898 2664 —
1916 2645 2011 2671 dicitur
2039 2648 2147 2677 propter
2172 2644 2316 2677 potentiam

1681 2690 1711 2716 Vl
1731 2690 1783 2715 395
1803 2689 1827 2715 4.
1846 2689 1897 2715 520
1914 2690 1929 2714 9
1942 2702 1978 2708 -
1997 2689 2092 2715 dicitur
2111 2688 2241 2720 Christus,
2254 2689 2316 2722 quia

1680 2740 1727 2759 nos
1745 2734 1908 2765 comparavit
1926 2737 1954 2759 ut
1972 2740 2063 2759 servos
2081 2732 2132 2758 516
2152 2733 2186 2759 59

1732 2792 1766 2796 -
1779 2785 1831 2804 non
1844 2777 1923 2804 debet
1936 2778 2033 2810 gratias
2045 2784 2125 2809 agere
2137 2784 2224 2808 servo,
2237 2777 2316 2803 etiam

1679 2822 1700 2848 si
1719 2824 1837 2854 acceptat
1854 2828 1933 2853 opera
1953 2822 2010 2847 eius
2030 2821 2073 2848 Vll
2093 2821 2143 2847 432
2163 2822 2196 2847 20
2215 2835 2251 2841 -
2266 2822 2317 2847 Do·

1680 2866 1756 2892 minis
1781 2865 1952 2891 serviendum
1971 2868 2080 2892 estnon
2102 2866 2186 2892 solum
2209 2868 2316 2898 propter

1679 2911 1815 2941 timorem,
1831 2909 1879 2935 sed
1902 2909 1979 2935 etiam
2003 2913 2109 2942 propter
2131 2906 2315 2936 conscientiam

1679 2955 1712 2980 Vl
1732 2955 1765 2980 68
1784 2961 1811 2987 q.
1832 2954 1841 2979 4
2310 2977 2313 2981 .

1732 3011 1767 3017 -
1785 2998 1839 3024 duo
1858 2997 1892 3023 ab
1910 2998 2023 3024 invicem
2040 2997 2132 3029 divisi,
2155 2997 2252 3031 quibus
2265 3004 2316 3024 non

1679 3045 1764 3074 potest
1782 3041 1859 3067 simul
1887 3042 1994 3073 serviri,
2013 3045 2073 3068 sunt
2098 3042 2123 3067 in
2150 3041 2316 3075 quadruplici

1679 3086 1822 3113 differentia
1842 3086 1883 3112 Vll
1905 3086 1956 3112 410
1976 3087 2004 3112 24

1732 3144 1766 3148 -
1785 3130 1935 3156 Dominium
1947 3129 2015 3156 13513
2025 3136 2080 3156 11011
2093 3129 2170 3156 datur
2183 3129 2232 3162 nisi
2245 3130 2314 3156 iusto

1679 3175 1712 3200 Vl
1733 3175 1766 3200 82
1785 3181 1811 3207 q.
1824 3188 1859 3193 —
1872 3175 1939 3200 iuste
1952 3177 2037 3207 potest
2049 3180 2108 3199 esse
2120 3173 2267 3199 dominium
2287 3173 2314 3199 in

1679 3217 1830 3244 hominibus
1848 3222 1955 3251 propter
1980 3217 2165 3244 cohibitionem
2185 3217 2315 3243 maiorum

1679 3262 1713 3288 69
1732 3269 1758 3295 q.
1781 3262 1788 3288 1
1812 3276 1847 3281 -
1866 3262 1916 3295 Qui
1936 3262 1993 3288 vult
2010 3261 2140 3288 dominari
2159 3260 2271 3287 Domino
2286 3267 2316 3287 se

1679 3306 1818 3338 praeponit
1836 3306 1878 3332 Vll
1898 3307 1931 3332 68
1952 3306 2002 3331 408
2059 3336 2063 3339 ,

1732 3350 1818 3376 nouus
1836 3364 1871 3368 —
1889 3349 2042 3382 Amplitudo
2061 3349 2157 3375 domus
2184 3351 2210 3375 et
2227 3348 2315 3374 aedifi-

1678 3393 1779 3420 ciorum
1798 3394 1938 3420 damnatur
1957 3394 1999 3420 vll
2019 3393 2051 3419 47
2073 3393 2104 3419 44
2124 3406 2157 3412 -
2170 3392 2315 3419 Aedificare
