2476 3921
157 1174 207 1195 Tres
224 1173 300 1200 gradus

165 1200 288 1227 sapientiae.

153 1544 184 1570 Qu
173 1543 208 1564 uid
219 1543 259 1564 duo
270 1543 302 1564 di-

154 1571 229 1600 scipuli
239 1570 283 1596 sign
272 1570 302 1590 ni-

194 1596 263 1617 li.cent

315 286 380 319 488

315 375 495 407 unctionem
518 373 593 411 olei,
617 381 698 415 quae
722 372 859 404 insinuat
886 370 1088 403 eminentiam
1112 368 1269 401 unctionis

316 432 347 461 et
362 427 540 469 sapientiae.
559 427 594 458 Et
610 435 666 468 per
683 426 759 458 haec
777 425 836 457 tria
853 424 1003 456 Dominus
1020 422 1269 465 appropinquat

317 480 425 520 nobis,
450 480 479 512 id
503 483 566 518 est,
591 479 663 511 iacit
686 478 940 520 appropinquare
972 476 1048 514 sibi,
1073 475 1189 507 scilicet
1214 482 1269 514 per

313 533 566 576 poenitentiam;
590 541 687 574 supra
710 531 829 564 decimo
845 530 956 572 quinto
970 531 995 560 ¹:
1018 542 1033 557 ιι
1047 528 1141 560 Erant
1156 535 1270 568 appro-

317 588 504 629 pinquantes
527 586 563 618 ad
597 586 697 618 lesum
729 584 915 626 publicani»
943 586 1019 620 etc.;
1045 589 1101 623 per
1124 579 1270 612 obedien-

318 641 420 676 tiam,-
455 638 657 672 Ecclesiastici
688 637 814 670 ultimo:
844 635 1127 677 «Appropinquate
1158 632 1196 664 ad
1220 640 1270 663 me

318 693 432 725 indocti
467 696 497 725 et
531 690 761 733 congregamini
794 690 824 721 in
862 688 989 721 domum
1033 684 1214 726 disciplinae
1237 696 1268 715 ιο.

318 746 396 777 Haec
420 747 467 777 est
498 744 609 776 domus
640 741 831 774 obedientiae
856 749 910 773 seu
936 738 1106 780 religionis3
1132 745 1187 778 per
1214 744 1271 767 sa-

315 797 497 840 pientiam;
521 794 752 828 Deuteronomii
779 793 935 835 trigesimo
959 791 1065 824 tertio:
1095 803 1110 818 «
1127 789 1186 831 Qui
1216 797 1271 830 ap-

320 850 530 892 propinquant
546 848 676 890 pedibus
692 848 760 880 eius
775 846 927 887 accipient
942 844 979 877 de
995 843 1138 876 doctrina
1158 842 1226 874 eius
1239 855 1270 873 ι».

320 921 361 925 -
387 903 480 935 Pedes
502 905 607 934 antem
633 900 753 932 Domini
779 898 947 936 venientis,
964 895 1159 929 ascendentis
1175 898 1206 927 et
1222 895 1272 927 iu-

320 956 450 988 dicantis
473 957 627 987 steterunt
643 962 738 994 super
754 955 893 984 montem
912 950 1106 987 Olivmam,
1124 948 1199 990 quia
1215 947 1269 990 qui

311 1009 387 1040 *vult
410 1008 475 1040 vias
498 1007 565 1039 eins
588 1006 710 1043 videre,
734 1013 814 1046 quae
837 1006 911 1036 sunt
934 1001 1149 1035 misericordia
1172 1004 1203 1033 et
1218 1009 1272 1033 ve-

321 1061 396 1092 ritas
409 1060 431 1099 2,
456 1060 571 1101 indiget
605 1058 774 1095 unctione,
800 1065 854 1098 per
878 1064 971 1097 quam
1004 1055 1034 1087 in
1067 1053 1270 1086 eminentiam

320 1113 486 1155 sapientiae
509 1112 665 1149 elevetur,
683 1114 718 1142 ut
734 1119 790 1152 per
806 1108 1099 1150 contemplationem
1127 1115 1272 1139 conscen-

318 1167 370 1199 dat
394 1167 423 1198 in
448 1166 567 1198 caelum
599 1173 655 1206 per
686 1167 751 1196 tres
786 1162 961 1205 praedictos
991 1160 1117 1203 gradus.
1147 1160 1272 1192 Primus

317 1219 433 1261 gradus
464 1221 511 1251 est
541 1216 785 1259 incipientium,
815 1214 972 1248 secundus
1003 1212 1270 1256 proficientium,

317 1272 428 1304 tertius
449 1269 688 1313 perfectorum,-
711 1272 742 1302 et
764 1268 802 1301 ad
839 1269 897 1301 hoc
932 1267 1034 1300 omnis
1057 1266 1172 1299 Christi
1197 1274 1272 1308 ope-

316 1325 395 1357 ratio
418 1328 449 1357 et
472 1323 649 1366 evangelica
673 1322 862 1365 praedicatio
885 1321 1069 1359 ordinatur,
1093 1319 1212 1352 scilicet
1234 1322 1272 1352 ut

316 1379 359 1411 sic
383 1378 546 1420 tripliciter
570 1377 694 1409 Christo
710 1375 1010 1420 appropinquemus.

403 1431 454 1463 45.
480 1431 580 1473 (Vers.
605 1431 657 1462 29.
683 1420 759 1470 aa).
787 1429 821 1461 Et
842 1424 914 1461 'ideo
938 1427 1062 1460 subdit:
1080 1425 1169 1459 Misit
1186 1426 1271 1458 (tuos

315 1485 494 1527 discipulos
526 1493 624 1522 suos,
660 1483 790 1516 dicen-5:
824 1482 870 1514 Ite
892 1481 928 1514 in
959 1480 1146 1519 castellum,
1183 1479 1272 1524 quod

315 1542 431 1570 contra
453 1547 510 1570 vos
523 1537 535 1557 ³
559 1542 613 1569 cst.
632 1537 688 1569 Per
705 1536 788 1568 duos
811 1535 992 1577 discipulos
1013 1534 1133 1567 misso-§²
1157 1533 1271 1566 intelli-

316 1592 400 1633 gitur
424 1591 611 1624 universitas
634 1590 861 1632 discipulorum
885 1589 1053 1621 missorum
1077 1588 1115 1620 ad
1140 1596 1271 1620 conver-

317 1644 443 1676 tendum
467 1643 619 1675 mundum
644 1646 674 1675 et
694 1642 831 1675 maxime
847 1641 999 1683 populum
1016 1640 1166 1683 gentium.
1184 1640 1271 1673 Unde

317 1696 582 1737 Chrysostomus⁴
604 1695 695 1734 dicit,
712 1695 796 1737 quod
820 1695 869 1727 isti
894 1695 957 1727 duo
973 1694 1117 1736 discipuli
1140 1694 1271 1726 fuerunt

319 1748 428 1780 Petrus
450 1752 481 1780 et
505 1748 682 1789 Philippus,
702 1748 760 1789 iqui
784 1748 848 1780 duo
878 1748 981 1789 primo
1009 1747 1272 1788 praedicaverunt

319 1800 479 1841 gentibus:
506 1800 664 1841 Phiiippus
688 1800 718 1831 in
743 1800 899 1838 Samaria,
931 1801 1063 1832 Actuum
1088 1803 1215 1838 octav0;
1240 1803 1272 1832 et

319 1853 428 1884 Petrus
448 1852 482 1884 in
506 1852 668 1891 Caesarea,
686 1853 817 1884 Δ1010001
842 1852 971 1884 decimo.
990 1852 1059 1884 Ideo
1075 1855 1180 1885 autem
1198 1856 1273 1885 sunt

318 1905 401 1944 (luo,
426 1904 463 1937 ad
488 1904 766 1937 commendandum
791 1913 909 1937 nexum
939 1905 1093 1944 caritatis,
1118 1914 1174 1938 seu
1199 1915 1272 1947 pro-

317 1960 386 1999 pter
420 1957 576 1999 duplicem
611 1957 753 1989 ordinem
793 1957 1061 1999 praedicantium,
1097 1957 1271 1990 secundum

316 2010 495 2043 dualitatem
510 2010 698 2052 populorum
716 2010 1010 2043 convertendorum.
1025 2010 1111 2043 Unde
1127 2010 1271 2043 Glossa⁶:

319 2077 334 2093 «
350 2065 435 2097 Duos
458 2064 553 2097 mittit
576 2067 706 2106 propter
729 2064 890 2098 scientiam
923 2063 1064 2097 veritatis
1088 2067 1119 2096 et
1146 2063 1272 2096 mundi-

314 2118 386 2150 tiam
418 2118 538 2161 operis,
574 2118 622 2151 vei
654 2118 796 2160 geminae
827 2118 1002 2151 dilectionis
1037 2120 1270 2151 sacramentum

313 2175 377 2204 toto
407 2172 483 2205 orbe
511 2171 769 2214 praedicandum,
802 2172 851 2205 vel
882 2175 1013 2215 propter
1041 2171 1122 2205 duos
1145 2171 1271 2205 ordines

312 2225 581 2268 praedicatorum,
605 2235 705 2259 unum
730 2226 760 2258 in
786 2226 1025 2259 circumcisione
1042 2229 1074 2259 et
1089 2226 1269 2259 alterumin

312 2279 456 2321 gentibus
474 2292 503 2311 ι).
518 2279 548 2311 10
562 2279 653 2312 cuius
669 2279 761 2312 etiam
776 2279 1022 2322 designationem
1038 2279 1156 2313 dicitur
1172 2288 1271 2322 supra

383 2467 391 2485 ¹
413 2468 487 2493 Vcrs.
514 2468 533 2492 Ι.
554 2481 586 2486 --
607 2468 663 2494 Duo
683 2475 757 2501 seqq.
777 2469 826 2494 ioci
845 2472 905 2494 sunt
925 2469 999 2495 Eccli.
1019 2470 1067 2502 51,
1087 2471 1129 2495 31.
1150 2473 1175 2496 et
1194 2470 1268 2497 Deut.

315 2511 361 2540 23,
382 2511 406 2535 3.
427 2525 458 2529 ——
480 2512 605 2543 Superius
625 2516 684 2544 post
702 2514 727 2538 et
745 2519 822 2539 mons
842 2512 940 2539 oliveti
958 2514 1017 2539 Vat.
1030 2515 1198 2547 prosequitur
1208 2521 1270 2548 pro-

310 2555 371 2586 pter
390 2554 547 2581 minionem
575 2555 627 2582 olei
653 2556 774 2582 insinuat
803 2557 954 2583 unctionem
983 2559 1007 2584 et
1038 2557 1211 2585 eminentiam
1230 2565 1270 2585 sa-

311 2598 425 2631 pientiae
444 2602 492 2624 ctc.

385 2641 394 2656 ²
414 2643 507 2668 Psatm.
526 2643 639 2674 24,10:
659 2644 802 2670 Universae
830 2645 889 2670 viae
914 2646 1017 2671 Domini
1047 2646 1226 2672 misericordia
1245 2649 1270 2672 et

314 2686 409 2712 vetitas
427 2690 474 2712 etc.
495 2701 529 2706 —
548 2687 599 2713 Cir.
626 2696 705 2720 supra
732 2696 792 2721 pag.
819 2689 884 2720 ⁴38,
904 2693 963 2715 nota
993 2691 1023 2723 3,
1043 2691 1068 2716 in
1088 2698 1140 2723 qua
1159 2691 1194 2716 de
1212 2691 1269 2716 1000

314 2730 401 2755 indicii
422 2731 635 2757 11111νο115055.-
655 2733 761 2758 interius
789 2740 838 2765 pro
866 2733 894 2759 in
922 2733 1095 2760 eminentiam
1122 2733 1270 2775 sapientiae

314 2774 372 2799 V.at
392 2773 419 2799 in
437 2774 607 2801 eminentiam
625 2776 740 2809 sapiens.

385 2817 524 2850 ”Vulgata
544 2820 638 2845 omittit
663 2827 721 2852 vos,
742 2821 813 2853 quod
842 2822 919 2847 etiam
939 2822 1061 2848 exhibent
1089 2822 1173 2855 Beda,
1192 2802 1270 2848 Card.

315 2863 403 2894 lingo,
425 2863 453 2888 B.
472 2863 577 2894 Aibcrt,
598 2865 625 2889 B.
655 2865 747 2890 Tiiom
779 2865 841 2898 (Cat.
862 2873 940 2892 aurea
970 2867 994 2892 in
1024 2868 1087 2893 luc.
1112 2867 1153 2892 19.
1179 2874 1204 2892 0.
1224 2866 1270 2899 3.)

314 2907 445 2932 Gorranus
464 2911 489 2933 et
508 2908 638 2940 Lyranus;
658 2910 705 2934 cir.
724 2909 810 2935 Matth.
834 2911 862 2935 21
875 2930 882 2942 ,
903 2912 928 2936 2,
954 2914 979 2937 01
1004 2912 1080 2937 Marc.
1107 2911 1153 2942 11,
1175 2912 1204 2942 2,
1223 2910 1269 2936 ubi

315 2950 386 2983 quod
403 2953 497 2977 contra
517 2959 561 2978 cos
581 2954 626 2979 est.

384 2995 395 3009 ⁴
414 2996 506 3022 liomii.
526 2997 568 3022 37.
588 2997 611 3022 in
632 2998 716 3026 Matth.
738 2999 766 3024 21
780 3018 786 3029 ,
806 3000 830 3024 2.
850 2999 910 3032 (Op.
935 3000 1104 3033 impcrsect.):
1127 3010 1140 3023 α
1154 3000 1267 3033 Quidam

313 3044 400 3065 autem
420 3041 481 3067 istos
500 3041 567 3067 duos
587 3042 689 3068 Petrum
710 3045 735 3068 et
753 3043 900 3075 Philippum
920 3045 1058 3076 Apostolos
1077 3044 1182 3076 exponit
1199 3044 1268 3071 intei-

313 3085 356 3115 iigi
376 3088 497 3117 oportere
507 3105 513 3116 ,
533 3086 656 3118 quoniam
671 3087 696 3112 iii
710 3087 825 3118 primum
839 3088 1058 3120 transgredientes
1072 3089 1190 3115 iudaicae
1204 3089 1268 3115 fines

314 3133 403 3159 gentes
421 3130 584 3156 adduxerunt
602 3130 636 3156 ad
655 3130 803 3165 Christum,
823 3132 956 3164 Phiiippus
983 3133 1092 3166 quidem
1122 3133 1267 3158 Samariam

314 3172 379 3206 [Act.
398 3174 428 3204 8,
448 3173 494 3207 5.],
512 3181 592 3207 quam
613 3175 694 3207 ipsam
716 3176 859 3203 Samariam
874 3177 972 3202 asinam
992 3184 1049 3203 esse
1069 3177 1267 3209 interpretatum

313 3217 403 3243 Petrus
421 3221 508 3244 autem
522 3222 622 3250 gentes,
635 3219 767 3252 accipiens
784 3219 932 3246 Cornelium
952 3228 982 3246 ex
1003 3220 1125 3252 gentibus
1138 3220 1203 3254 [Act.
1225 3221 1268 3253 io,

313 3261 355 3287 24.
377 3261 461 3296 seqq]
480 3263 554 3295 quusi
575 3263 707 3289 Samariae
730 3265 828 3296 pullum
843 3274 866 3290 1».
881 3265 915 3290 lta
929 3265 1007 3291 etiam
1021 3265 1109 3296 nitar,
1121 3265 1268 3293 comment.

314 3305 336 3330 in
357 3306 443 3331 Matth.
461 3313 484 3331 0.
503 3307 545 3333 21.
570 3314 596 3332 n.
625 3308 648 3333 1,
667 3308 795 3340 Origenes
823 3312 910 3334 tamen
939 3308 1097 3341 (Comment.
1125 3308 1152 3334 in
1180 3309 1267 3334 Matth.

312 3352 374 3374 torn.
396 3350 437 3374 16.
455 3357 481 3375 0.
502 3351 554 3383 17.)
574 3354 599 3377 et
627 3352 824 3384 Theopnytaet„
852 3352 876 3378 in
897 3353 984 3378 Mutth.
1004 3353 1032 3378 21
1046 3373 1052 3385 ,
1077 3354 1097 3378 t.
1116 3360 1191 3386 seqq.
1210 3359 1268 3378 cen-

312 3396 383 3424 sent,
401 3400 448 3424 per
467 3394 514 3419 hos
533 3394 600 3419 duos
619 3395 762 3427 discipulos
780 3396 932 3428 designatos
952 3396 1030 3422 {uisse
1045 3397 1147 3422 Petrum
1167 3400 1195 3424 et
1205 3397 1267 3422 Pau-

312 3436 365 3461 lum
386 3435 443 3468 (cir.
462 3437 515 3462 Gal.
534 3438 563 3468 2,
583 3438 627 3471 8.),

894 281 1087 314 COMMENT.
1113 281 1148 313 IN
1174 279 1411 313 EVANGELtUM
1435 277 1552 310 LUCAE
1576 276 1608 308 C.
1634 275 1709 308 XIX.

1332 367 1452 399 decimo
1465 365 1499 397 ⁸:
1530 378 1545 393 «
1562 364 1643 397 Misit
1665 372 1719 396 eos
1735 363 1826 395 binos
1841 365 1914 395 ante
1930 362 2040 395 taciem
2058 371 2148 396 suam
2165 375 2195 402 »;
2212 363 2296 397 unde

1332 422 1363 451 et
1387 391 1589 450 Ecclesiastae
1612 419 1745 458 quarto:
1775 428 1791 448 a
1803 415 1913 448 Melius
1930 419 1995 455 est,
2019 415 2100 448 duos
2116 424 2185 449 esse
2201 416 2296 449 simul

1332 480 1427 513 quam
1441 479 1542 503 unum
1557 483 1586 501 ι».
1600 487 1644 492 -
1657 469 1715 502 Per
1727 468 1898 501 castellum
1915 468 2004 508 iilud,
2021 468 2106 511 quod
2123 472 2171 502 est
2186 472 2297 502 contra
2314 479 2452 529 0111111151ιο

1332 523 1446 556 Christi
1463 522 1651 564 discipulos,
1676 522 1865 564 intelligitur
1887 522 2042 561 mundus,
2065 522 2105 555 de
2129 523 2296 565 0001000-

1332 577 1381 609 nis
1403 576 1524 608 decimo
1547 575 1701 618 quinto⁷:
1731 588 1747 604 «
1764 575 1795 608 Si
1819 575 1959 609 mundus
1981 584 2037 608 vos
2060 576 2143 616 odit,
2168 576 2296 616 scitote,

1333 629 1408 672 quia
1431 638 1481 662 me
1505 629 1643 671 priorem
1668 628 1757 661 vobis
1780 628 1852 661 odio
1875 629 1987 662 habuit
2010 641 2046 668 »;
2071 632 2102 662 et
2130 632 2233 662 tamen
2265 629 2296 662 in

1334 683 1419 715 hunc
1443 682 1527 715 misit
1546 682 1717 725 discipulos
1733 682 1772 715 ad
1792 682 2047 725 praedicandum.
2065 682 2152 716 Unde
2174 682 2296 716 Glossa:

1338 735 1462 767 «Mittit
1488 735 1658 777 discipulos
1691 735 1730 768 ad
1765 735 2009 778 praedicandum
2045 735 2076 768 in
2108 735 2296 775 castellum,

1334 788 1419 831 quod
1450 791 1497 821 est
1519 792 1638 821 contra
1661 799 1732 827 eos,
1765 793 1802 822 ut
1832 798 1889 831 per
1920 798 1974 822 eos
2003 789 2099 822 totius
2131 792 2241 822 contra
2264 797 2298 822 se

1334 842 1426 884 positi
1461 842 1547 874 orbis
1581 842 1771 875 munitiones
1802 845 2000 886 penetret».
2037 842 2070 875 ln
2105 842 2165 875 hoc
2196 842 2294 884 igitur

1334 895 1553 937 praesignatur
1584 894 1811 936 discipulorum
1844 895 1951 928 missio
1977 895 2017 928 ad
2048 885 2298 937 convertendum

1335 948 1507 987 mundum,
1532 956 1614 989 quae
1637 948 1717 980 facta
1740 952 1788 981 est
1811 952 1881 990 post
1900 948 2077 990 passionem
2102 952 2133 981 et
2154 957 2298 981 resurre-

1335 1002 1485 1040 ctionem,
1509 1000 1683 1034 secundum
1708 1000 1786 1034 illud
1811 1002 1904 1034 Marci
1922 1002 2074 1034 ultimo³z
2096 1015 2112 1030 «
2129 1001 2217 1039 Dixit
2236 1002 2297 1035 eis:

1336 1055 1452 1087 Euntes
1476 1054 1507 1087 in
1541 1054 1695 1087 mundum
1719 1055 1923 1094 universum,
1955 1055 2132 1097 praedicate
2160 1055 2298 1098 Evange-

1334 1107 1412 1141 lium
1428 1107 1513 1140 omni
1537 1111 1703 1140 creaturae
1719 1121 1749 1140 2».
1775 1127 1817 1132 —
1842 1109 1903 1141 Hoc
1927 1108 2023 1150 igitur
2047 1108 2106 1141 fuit
2129 1108 2299 1151 imperium

1335 1161 1441 1204 pium,
1466 1164 1497 1194 et
1528 1160 1588 1193 hoc
1618 1160 1760 1203 designat
1791 1161 2054 1204 appropinquatio
2085 1161 2124 1194 ad
2159 1164 2299 1195 montem

1335 1215 1462 1254 Oliveti,
1487 1214 1525 1247 de
1549 1223 1613 1257 000
1636 1214 1781 1247 Christus
1804 1215 1943 1248 ascendit
1966 1214 1999 1247 in
2023 1215 2155 1248 caelum.

1424 1268 1477 1300 46.
1502 1267 1645 1300 Secundo
1669 1267 1772 1309 quoad
1796 1267 1995 1300 mandatum
2027 1267 2208 1309 providam
2236 1276 2298 1310 per

1333 1320 1493 1363 spiritum
1514 1319 1708 1363 prophetiae
1738 1320 1864 1353 subdit:
1891 1321 1931 1353 In
1958 1321 2047 1364 quod
2077 1320 2298 1360 introeuntes,

1335 1374 1505 1407 invenietis
1525 1373 1658 1416 pullum
1685 1374 1804 1406 asinae
1827 1374 2023 1417 alligatum,
2055 1373 2138 1416 quod
2171 1373 2299 1416 quidem

1334 1428 1439 1461 dicere
1463 1437 1524 1460 000
1550 1430 1673 1469 poterat
1689 1427 1965 1466 certitudinaiiter,
1990 1427 2049 1460 nisi
2073 1427 2149 1469 quia
2165 1426 2300 1460 habebat

1335 1479 1573 1523 praescientiam
1597 1480 1799 1519 futurorum3
1821 1483 2041 1513 verumtamen
2065 1482 2096 1512 et
2111 1479 2171 1512 hoc
2195 1479 2300 1521 ipsum

1335 1534 1401 1567 sine
1418 1533 1569 1575 mysterio
1591 1538 1660 1566 esse
1676 1542 1739 1566 non
1764 1536 1883 1576 potest,
1908 1533 1993 1575 quod
2010 1533 2076 1566 Rex
2093 1532 2170 1565 caeli
2187 1535 2218 1565 et
2234 1536 2298 1565 ter-

1335 1596 1389 1621 rae
1413 1587 1538 1630 quaerit
1559 1587 1690 1630 pullum
1719 1591 1750 1619 et
1774 1596 1836 1619 non
1865 1595 2109 1629 quemcumque,
2134 1586 2188 1619 sed
2211 1586 2300 1619 indo-

1335 1641 1458 1674 mitum.
1477 1659 1519 1665 -
1536 1640 1623 1674 Unde
1646 1640 1768 1673 subdit:
1794 1641 1834 1673 1η
1851 1650 1914 1684 quo
1928 1640 1941 1659 ⁰
1964 1649 2059 1673 nemo
2076 1649 2228 1684 unquam
2244 1638 2299 1672 lio-

1334 1695 1465 1727 minam
1488 1694 1591 1732 seclit,·
1615 1703 1672 1727 nec
1697 1694 1989 1736 qualitercumque,
2019 1693 2072 1726 sed
2097 1693 2299 1736 alligatum,-

1337 1751 1467 1790 propter
1491 1748 1576 1790 quod
1599 1747 1701 1780 addit:
1728 1747 1846 1780 Solvite
1863 1747 1958 1779 illum
1981 1751 2009 1779 et
2033 1746 2188 1779 adducite
2203 1745 2296 1779 mihi.

1336 1802 1382 1833 Ex
1405 1811 1469 1843 quo
1493 1800 1655 1833 manifeste
1678 1803 1826 1843 apparet,
1859 1800 1943 1842 quod
1968 1801 2027 1833 hoc
2051 1800 2117 1833 sine
2149 1799 2299 1841 mysterio

1335 1863 1403 1887 esse
1426 1863 1489 1886 non
1521 1857 1633 1896 potest.
1657 1854 1788 1895 Propter
1812 1854 1897 1896 qnod
1928 1853 2181 1896 intelligendum,
2214 1853 2299 1896 quod

1336 1907 1417 1939 sicut
1440 1915 1496 1948 per
1521 1906 1655 1939 asinam
1678 1906 1864 1949 intelligitur
1888 1915 2061 1948 synagoga,
2087 1906 2130 1938 ita
2153 1915 2210 1948 per
2223 1906 2298 1948 pul-

1336 1958 1405 1990 lam
1441 1959 1597 2000 gentilitas
1632 1958 1824 2000 designatur.
1857 1959 1946 1991 Unde
1981 1958 2148 1991 Glossa10:
2183 1972 2198 1988 α
2222 1960 2299 1993 Tres

1336 2011 1565 2054 Evangeiistae,
1583 2012 1637 2054 qui
1662 2012 1778 2045 Graece
1794 2012 2004 2054 scripserunt,
2027 2012 2159 2055 pullum
2176 2016 2297 2046 tantum

1336 2067 1600 2104 commemorant;
1625 2065 1817 2105 Matthaeus,
1847 2065 1901 2107 qui
1927 2065 2075 2099 Hebraice
2099 2065 2243 2108 scripsit,
2268 2069 2300 2100 et

1336 2118 1472 2151 asinam
1504 2118 1639 2151 solutam
1671 2121 1702 2151 et
1725 2118 1891 2157 adductam
1924 2118 2041 2158 refert,
2070 2122 2107 2152 ut
2130 2119 2298 2152 Hebraicae

1335 2180 1462 2215 quoque
1497 2171 1597 2214 gentis
1611 2197 1619 2211 ,
1659 2171 1684 2205 si
1724 2172 1935 2214 poenituerit,
1971 2181 2033 2204 non
2072 2172 2298 2215 desperandam

1335 2228 1488 2259 monstret
1519 2234 1587 2258 esse
1622 2225 1755 2258 salutem
1783 2238 1813 2258 n.
1847 2225 1933 2258 Unde
1968 2225 2114 2259 Matthaei
2149 2225 2298 2268 vigesimo

1335 2279 1437 2322 primo
1450 2280 1492 2311 ¹¹:
1515 2291 1531 2307 -x
1547 2278 1713 2312 Invenietis
1729 2278 1847 2312 asinam
1864 2279 2021 2321 alligatam
2038 2282 2069 2312 et
2086 2278 2209 2322 pullum
2225 2287 2298 2312 cum

1407 2469 1417 2484 ⁵
1437 2470 1539 2496 Scilicet
1557 2469 1739 2496 interlinearis
1759 2469 1799 2502 (ex
1820 2469 1898 2500 Beda,
1920 2469 1951 2494 V.
1971 2469 1995 2494 in
2015 2469 2077 2498 Luc.
2104 2469 2147 2500 19,
2161 2469 2202 2494 29.
2217 2471 2242 2494 et
2255 2469 2299 2499 30,

1335 2514 1380 2540 ubi
1400 2515 1518 2540 ultimam
1539 2514 1727 2546 expositionem
1747 2513 1873 2546 exhibet).
1893 2514 1929 2538 Dc
1949 2513 2035 2545 prima
2055 2512 2218 2545 expositione
2236 2512 2298 2537 vide

1335 2558 1447 2589 Hieron„
1469 2559 1505 2584 lli.
1526 2558 1551 2584 in
1576 2559 1663 2584 Matth.
1691 2559 1720 2583 21
1734 2578 1740 2589 ,
1762 2558 1786 2584 1.
1805 2565 1894 2591 seqq:
1925 2567 1937 2581 ‹
1951 2556 2024 2584 Misit
2052 2556 2120 2583 ditos
2149 2555 2296 2590 discipulos

1333 2608 1413 2633 suos,
1434 2599 1586 2635 Θεωρητικὸν
1606 2602 1648 2626 καὶ
1669 2598 1831 2636 ἐργαστικὸν,
1846 2602 1873 2627 id
1886 2603 1925 2627 est
1937 2600 2078 2627 scientiam
2091 2602 2115 2627 et
2129 2606 2254 2634 operam,
2269 2603 2298 2625 ut

1333 2645 1536 2677 ingrederentur
1554 2647 1689 2672 castelium
1704 2655 1728 2678 ›³;
1742 2646 1776 2671 de
1789 2645 1904 2672 secunda
1924 2646 1971 2670 cfr.
1985 2651 2065 2677 supra
2080 2651 2141 2676 pag.
2162 2644 2222 2674 253,
2236 2647 2296 2669 nota

1335 2690 1365 2720 5;
1385 2690 1419 2715 de
1438 2690 1512 2715 tertia
1531 2691 1576 2715 cir.
1596 2690 1710 2721 Hieron„
1729 2690 1778 2716 loc.
1798 2690 1842 2715 cit.
1860 2696 1886 2715 v.
1907 2689 1931 2714 4.
1950 2692 1976 2714 et
1995 2689 2019 2714 5.
2037 2689 2062 2713 10
2082 2688 2142 2714 nne.
2160 2701 2196 2707 —
2215 2688 2298 2720 Supe-

1334 2733 1391 2758 rius
1408 2740 1457 2764 pro
1477 2732 1635 2759 dualitatem
1652 2732 1820 2766 populorum
1840 2733 1899 2758 Vat.
1919 2731 2077 2766 qualitatem
2093 2731 2271 2766 populorum.

1405 2775 1416 2791 ‘³
1437 2776 1511 2802 Vers.
1532 2777 1557 2802 1.
1580 2779 1605 2802 et
1624 2777 1720 2802 deinde
1740 2777 1823 2802 Eccie.
1843 2776 1874 2807 4,
1894 2777 1919 2802 9.

1404 2818 1417 2834 ²
1435 2821 1509 2846 Vers.
1531 2821 1572 2846 18.
1592 2834 1627 2839 ——
1645 2821 1734 2846 Glossa
1760 2827 1814 2853 seq.
1834 2823 1873 2846 est
1897 2819 2039 2846 ordinaria
2059 2820 2099 2852 (ex
2125 2820 2215 2853 Beda).
2239 2821 2298 2847 Vat.

1334 2872 1386 2890 non
1406 2864 1487 2890 verba
1508 2865 1627 2897 Giossae,
1647 2865 1695 2891 sed
1714 2865 1798 2897 ipsius
1817 2865 1904 2890 Bedae
1923 2865 2004 2895 affert.
2024 2865 2144 2898 llieron.‚
2160 2866 2199 2891 iil.
2223 2865 2297 2891 Com-

1334 2912 1413 2935 ment.
1433 2909 1458 2934 in
1485 2909 1572 2934 Matth.
1598 2909 1646 2941 21,
1674 2909 1697 2934 i.
1717 2915 1806 2942 seqq:
1829 2908 1948 2941 Dixitque
1966 2908 2017 2934 cis:
2037 2909 2074 2935 lte
2093 2908 2121 2935 in
2140 2909 2296 2942 castellum,

1334 2953 1406 2987 quod
1425 2955 1521 2980 eontra
1539 2960 1586 2980 eos
1605 2954 1661 2988 est,-
1680 2956 1771 2979 contra
1796 2953 1935 2985 Apostolos
1954 2953 2024 2979 enim
2051 2957 2106 2979 erat
2130 2960 2178 2979 nec
2204 2954 2296 2986 iugum

1332 2999 1510 3025 doctrinarum
1531 2997 1636 3024 volebat
1654 2998 1784 3030 accipere.

1403 3042 1414 3057 Β
1435 3043 1508 3068 Vers.
1530 3042 1571 3068 -15,
1590 3056 1625 3062 -
1645 3042 1682 3068 De
1701 3049 1757 3075 seq.
1779 3042 1958 3075 propositione
1976 3044 2024 3068 cir.
2046 3042 2101 3068 Act.
2122 3043 2152 3074 1,
2172 3043 2215 3068 12.

1403 3085 1415 3100 ⁹
1434 3087 1493 3112 Vnt.
1512 3093 1572 3112 cum
1593 3086 1705 3118 Vulgata
1726 3089 1751 3112 et
1770 3086 1791 3111 ii
1812 3085 1879 3118 Cui,·
1898 3086 1944 3112 sed
1957 3086 2036 3112 etiam
2050 3085 2188 3118 Ambros.‚
2208 3086 2251 3112 ix.
2270 3086 2295 3112 in

1332 3131 1395 3157 Luc.
1407 3138 1429 3157 c.
1454 3132 1493 3156 te.
1512 3138 1538 3156 n.
1558 3130 1582 3156 1.
1602 3121 1627 3156 et
1641 3131 1665 3156 5.
1685 3130 1713 3157 in
1731 3137 1794 3164 quo.
1809 3131 1888 3157 Paulo
1902 3130 2008 3157 inferius
2020 3134 2080 3163 post
2096 3130 2221 3158 adducite
2237 3131 2295 3157 Vat.

1332 3182 1393 3201 cum
1413 3175 1525 3208 Vulgata
1545 3175 1639 3201 omittit
1657 3173 1739 3208 7111711,-
1759 3176 1806 3201 cir.
1826 3175 1912 3201 Matth.
1932 3175 1975 3207 21,
1995 3176 2020 3201 2.

1404 3218 1426 3233 ¹⁰
1445 3220 1547 3245 Scilicet
1563 3218 1708 3246 ordinaria
1728 3219 1768 3253 (ex
1788 3219 1868 3252 Beda)
1882 3220 1953 3252 apud
1967 3219 2099 3251 Lyramun
2118 3218 2144 3244 in
2160 3218 2224 3245 Luc.
2249 3218 2294 3249 19,

1331 3263 1376 3289 30.
1393 3263 1447 3290 Cir.
1465 3264 1553 3289 Giossa
1574 3263 1715 3290 ordinaria
1736 3264 1760 3290 in
1781 3264 1867 3290 Matth.
1888 3264 1934 3296 21,
1955 3265 1979 3290 2.

1402 3307 1423 3322 ¹¹
1445 3308 1519 3335 Vers.
1539 3309 1563 3334 2.
1578 3322 1611 3327 --
1625 3308 1743 3339 Hieron„
1758 3309 1795 3334 lli.
1808 3307 1955 3334 Cominent.
1968 3306 1993 3332 in
2007 3307 2093 3333 Matth.
2108 3307 2150 3333 21.
2170 3307 2191 3332 1.
2204 3313 2292 3339 seqq.:

1331 3352 1439 3384 Alligatn
1458 3352 1604 3379 «ει-01115100
1629 3352 1716 3378 multis
1734 3352 1845 3378 vinculis
1869 3354 2048 3388 peccatorum.
2074 3351 2160 3377 Pullus
2185 3357 2293 3383 quoque

1330 3396 1444 3423 lascivus
1462 3400 1488 3423 et
1516 3398 1648 3423 frenorum
1668 3397 1808 3429 impatiens
1827 3403 1888 3422 cum
1909 3399 1992 3422 matre
2017 3398 2065 3422 etc.
2085 3395 2151 3421 ibid.
2170 3395 2197 3420 in
2221 3401 2247 3420 v.
2267 3393 2291 3420 t.

1330 3447 1400 3474 sequ
1419 3441 1496 3467 Asina
1517 3441 1578 3474 ista,
1597 3447 1665 3475 quae
1684 3440 1829 3472 subiugatis
1848 3440 1894 3466 init
1913 3442 1938 3466 et
1956 3440 2071 3466 edomita
2091 3442 2117 3465 et
2136 3438 2227 3471 iugum
2246 3439 2292 3464 be-

2319 1118 2382 1140 Nota.

2317 1278 2431 1309 imperium

2317 1305 2434 1333 providum.

2321 1812 2340 1833 Μ
2343 1812 2444 1840 ystermm

2318 1839 2388 1866 quoad
2405 1839 2447 1866 pul·
