2476 3921
732 241 927 276 COMMENT.
953 242 989 275 IN
1014 243 1253 277 EVANGELIUM
1278 245 1395 278 LUCAE
1419 247 1452 278 C.
1477 248 1551 279 XIX.

143 331 301 374 lupinam;
327 330 449 367 [canals
472 329 593 365 decimo
607 331 633 363 ¹:
655 342 671 358 «
688 330 792 362 Bonus
809 333 926 372 pastor,
943 338 1016 364 cum
1034 339 1107 372 pro-

143 385 231 427 prias
252 392 327 417 oves
351 383 509 423 emiserit,
544 386 617 416 ante
651 391 705 416 eas
738 382 839 421 vadit,
863 386 895 416 et
919 388 996 415 oves
1017 382 1107 415 illum

38 446 124 476 Figura·
144 441 342 481 sequuntur,
374 437 450 480 quia
480 439 640 470 noverunt
670 445 783 471 vocem,
810 436 880 469 eius
896 449 927 468 n.
953 435 986 468 In
1011 435 1108 469 huius

143 492 287 535 figuram.
302 490 419 524 dicitur
443 490 483 527 de
505 489 580 523 luda
596 489 690 532 primi
708 489 968 522 Machabaeorum
985 488 1107 531 quinto,

144 545 239 588 quod,
260 558 275 574 α
290 554 362 578 cum
388 544 509 577 videret
532 543 684 586 populum
711 542 918 585 trepidantem
942 542 981 575 ad
1005 545 1108 575 trans-

143 598 323 633 fretandum
347 600 539 636 torrentem,
565 596 779 630 transfretavit
806 596 937 639 >primus
954 609 983 627 n.
1010 595 1108 628 Huius

144 651 258 685 nobilis
281 651 419 684 imitator
443 649 502 683 fuit
527 650 660 690 Paulus,
685 649 759 692 qui,
784 649 856 682 licet
884 649 998 688 sciret,
1021 648 1108 690 quod

143 705 245 743 multa
267 714 286 738 a
309 704 430 737 Iudaeis
452 704 582 738 deberet
616 703 680 746 pati
713 703 744 736 in
780 702 970 742 Ierusalem,
995 710 1107 736 secure

143 758 282 792 ascendit
306 757 345 790 ad
369 757 569 791 subditorum
593 757 746 796 salutem;
764 757 898 789 Actuum
914 755 1066 798 vigesimo
1079 755 1106 787 ²:

149 824 164 840 u
182 811 318 854 Spiritus
351 815 480 845 sanctus
512 811 569 853 per
600 819 711 843 omnes
746 809 888 843 civitates
913 812 1107 852 protestatur

143 865 240 905 mihi,
264 864 349 908 quod
372 860 498 898 vincula
521 867 553 897 et
576 863 797 898 tribulationes
832 863 1029 905 ierosolymis
1057 871 1108 895 me

143 922 280 952 manent.
306 917 363 951 Sed
388 927 450 951 non
475 917 554 951 facio
585 917 722 950 animam
754 925 857 950 meam
889 916 1106 959 pretiosiorem

145 980 240 1015 quam
264 980 333 1011 me,
356 971 528 1007 dummodo
552 978 768 1004 consummem
786 979 919 1005 cursum
942 979 1048 1003 meum
1076 973 1109 1003 et

145 1026 358 1059 ministerium
395 1026 502 1065 verbi,
534 1025 619 1068 quod
651 1025 804 1067 accepi».
830 1025 880 1058 Sic
904 1028 935 1058 et
962 1024 1108 1057 Christus

144 1079 294 1119 faciebat3
318 1079 402 1113 unde
426 1079 560 1112 licet'ad
589 1079 877 1121 tempusludaeam
903 1078 1107 1117 declinasset,

144 1133 220 1176 quia
243 1132 382 1166 nondum
408 1136 538 1166 venerat
562 1133 641 1166 hora
673 1133 759 1173 eius;
784 1141 870 1166 nunc
894 1133 959 1166 ibat
983 1132 1108 1165 tradere

144 1186 280 1220 animam
306 1195 396 1219 suam
433 1189 563 1229 propter
598 1195 656 1219 nos
687 1186 718 1219 in
750 1195 864 1219 manus
888 1186 1107 1225 inimicorum,

144 1239 321 1280 secundum
345 1239 424 1272 illud
460 1239 609 1273 Ieremiae
640 1239 870 1272 duodecimo³³2
899 1252 914 1268 «
931 1238 1007 1273 Dedi
1032 1238 1109 1271 dile-

146 1296 227 1327 ctam
252 1294 387 1327 animam
412 1302 515 1327 meam
550 1293 584 1326 in
617 1302 731 1326 manus
767 1293 968 1326 inimicorum
991 1293 1061 1326 eius
1077 1306 1107 1324 n.

145 1346 216 1380 ldeo
239 1347 337 1389 igitur
360 1346 549 1380 ascendebat
572 1346 762 1385 Ierusalem,
786 1359 802 1375 α
818 1346 892 1388 quia
910 1360 941 1385 »‚
958 1346 1041 1379 sicut
1056 1354 1109 1378 su-

145 1411 204 1444 pra
226 1400 347 1434 decimo
370 1400 463 1434 tertio
478 1400 598 1433 dictum
614 1403 672 1439 est,
693 1413 711 1430 s<
727 1409 788 1432 non
806 1400 903 1442 capit,
922 1399 1109 1441 Prophetam

54 1460 126 1483 Ratio·
145 1454 251 1497 perire
274 1457 368 1487 extra
393 1453 561 1486 Ierusalem
579 1466 609 1485 n.
627 1471 670 1477 —-
694 1453 800 1494 Quare
823 1456 929 1485 autem
955 1452 1110 1485 11οαῖΒᾶ-

147 1508 191 1541 tio
214 1508 337 1550 supra4
360 1506 480 1540 reddita
505 1510 570 1546 est,
594 1506 677 1548 quia>
701 1506 761 1539 hoc
793 1506 893 1548 exigit
924 1505 1112 1538 excellentia

147 1560 353 1604 pontificalis,
385 1559 575 1602 magistralis
606 1564 637 1592 et
672 1559 777 1601 regiae
817 1558 987 1601 dignitatis.
1027 1557 1111 1591 Unde

147 1614 271 1647 Glossa:
293 1613 415 1646 «Finita
431 1612 590 1655 parabola,
608 1612 693 1645 vadit
710 1612 942 1654 lerosolymam,
958 1615 995 1644 ut
1007 1614 1111 1644 osten-

147 1668 217 1707 dat,
241 1667 280 1701 de
303 1667 443 1700 eiusdem
467 1666 607 1700 maxime
630 1666 765 1699 civitatis
789 1669 905 1699 eventu
930 1664 1111 1707 parabolam

147 1721 245 1755 fuisse
268 1721 472 1764 praemissam
490 1734 522 1754 ».

175 1827 385 1871 Incredulitas
407 1827 592 1862 Iudaeorum
616 1817 802 1862 confutatur
824 1825 896 1860 tum
918 1833 975 1869 per
998 1823 1087 1858 facta
1122 1865 1125 1867 ,

357 1880 428 1916 tum
451 1889 507 1925 per
530 1879 626 1915 verba
649 1879 683 1914 et
705 1877 904 1914 documenta.

238 1988 294 2025 43.
319 1989 360 2021 Et
380 1986 511 2030 factum
534 1991 600 2027 est,
624 1997 701 2020 eum
737 1986 1043 2030 appropinquasset
1066 1985 1115 2018 Je-

149 2042 234 2075 sus⁵
259 2045 317 2075 etc.
343 2042 511 2084 Postquam
547 2036 721 2075 confutavit
756 2040 944 2073 ludaeorum
968 2039 1114 2072 dolosita-

150 2099 214 2129 tem
225 2121 235 2139 ,
257 2095 451 2137 impietatem
468 2098 500 2128 et
515 2095 729 2128 curiositatem
741 2120 749 2134 ‚
766 2094 817 2127 hic
833 2093 980 2135 sequitur
997 2095 1113 2135 quarta

149 2157 224 2191 pars
247 2148 445 2191 principalis,
470 2148 500 2181 in
526 2157 590 2191 qua
620 2146 772 2190 confutat
808 2145 1075 2179 incredulitatem
1088 2145 1113 2184 ⁶,

150 2210 231 2244 quae
266 2202 298 2235 in
330 2201 480 2235 cordibus
510 2201 698 2234 Iudaeorum
733 2200 794 2233 fuit
829 2208 924 2232 causa
958 2202 989 2231 et
1010 2197 1114 2231 'radix

149 2255 291 2289 omnium
316 2254 562 2297 praedictorum.
588 2254 746 2287 Dividitur
769 2255 874 2286 autem
893 2252 971 2286 haec
987 2260 1062 2293 pars
1083 2251 1114 2284 in

149 2309 247 2348 duas,
271 2308 303 2341 in
327 2317 465 2351 quarum
490 2308 592 2350 prima
615 2307 757 2340 confutat
788 2304 1040 2339 incredulitatem
1065 2304 1115 2336 lu-

150 2362 301 2396 daeorum
323 2371 384 2405 per
408 2360 522 2404 factm
546 2361 578 2394 in
602 2359 740 2394 secunda
764 2368 854 2398 vero,
876 2368 938 2401 per
960 2357 1063 2396 verba
1087 2361 1116 2390 et

150 2415 368 2453 documenta,
392 2414 474 2449 infra
498 2414 691 2457 vigesim0⁷:
719 2414 759 2446 Et
773 2411 904 2456 factum
920 2415 967 2444 est
991 2410 1027 2443 in
1043 2419 1115 2443 una

151 2468 283 2501 dierum
307 2471 366 2501 etc.

224 2620 233 2636 ²
254 2621 329 2647 Vers.
350 2620 373 2647 4.
394 2635 428 2639 -
447 2620 572 2653 Sequitur
598 2621 615 2646 l.
635 2620 717 2646 Maca.
737 2619 768 2651 5,
788 2619 831 2646 43.
860 2618 944 2646 Codd.
963 2619 1077 2651 allegant
1094 2618 1117 2644 1.

152 2665 240 2693 Mach.
259 2665 371 2697 ultimo,
393 2665 438 2691 ubi
459 2672 516 2693 non
529 2665 564 2691 de
582 2664 654 2696 luda,
674 2664 721 2690 sed
741 2664 774 2690 de
803 2664 898 2696 Ioanne
926 2664 1010 2692 simile
1028 2669 1117 2689 natu-ia

152 2713 208 2743 tui-3
228 2711 274 2736 cfr.
292 2717 373 2743 supra
392 2716 454 2742 pag
474 2710 536 2741 201,
555 2712 616 2735 nota
636 2709 662 2735 l.

224 2754 234 2769 ²
255 2755 329 2781 Vers.
350 2755 393 2780 23.
412 2757 437 2780 et
457 2754 500 2780 24.
519 2768 554 2772 —
573 2753 700 2786 Superius
728 2760 776 2786 pro
806 2753 866 2781 licet
883 2753 938 2784 seli
940 2755 966 2780 et
983 2753 1035 2779 CD
1054 2760 1117 2784 cum

147 2798 208 2827 ..scir
210 2801 241 2831 et,
262 2803 287 2825 et
306 2798 419 2825 subinde
438 2806 487 2831 pro
505 2805 600 2825 secute
618 2797 738 2825 ascendit
758 2798 817 2824 V.at
835 2800 935 2824 secrete
953 2797 1082 2825 ascendit

204 2849 208 2855 “
224 2843 235 2857 ³
256 2844 329 2870 Vers.
349 2842 381 2876 7,
394 2844 436 2869 cui
455 2843 624 2875 subiungitur
643 2844 703 2869 Luc.
725 2843 773 2874 43,
794 2843 837 2872 33.

224 2887 235 2902 ⁴
254 2887 319 2920 Cap.
339 2888 382 2914 18.
400 2895 426 2914 n.
445 2888 488 2914 53.
507 2895 562 2921 seq.
581 2902 616 2907 —
635 2888 726 2921 Glossa
751 2895 808 2920 seq.
839 2890 879 2913 cst
904 2886 1048 2914 ordinaria
1077 2888 1118 2917 (ex

154 2932 234 2964 Beda)
254 2932 280 2958 in
299 2932 361 2958 Luc.
383 2933 430 2963 -19,
450 2933 492 2958 28.
511 2945 547 2951 —
566 2931 675 2957 Inferius
694 2934 754 2964 post
775 2930 873 2965 reqiae
900 2930 1038 2965 dimittatis
1059 2931 1119 2957 Xat.

154 2976 227 3002 addit
245 2978 271 3003 et
288 2976 411 3003 iudaicae
426 2975 558 3011 perfidiae
576 2975 776 3008 eoecaecandae,
799 2976 826 3001 in
845 2976 866 3001 D
886 2977 981 3001 manus
1002 2975 1118 3001 secunda

154 3021 268 3053 spatium
288 3028 347 3053 pro
356 3020 478 3053 pluribus
497 3020 609 3047 vocibus
628 3027 742 3046 vacuum
762 3020 883 3046 relictum
903 3020 985 3051 (idem
1005 3008 1119 3045 occurrit

155 3065 181 3090 in
201 3064 233 3097 C)
251 3065 363 3097 replexit
381 3065 483 3091 addens
502 3072 571 3099 quae
589 3067 669 3092 erant
696 3064 724 3091 in
745 3063 952 3096 Jerusatt.m;11
971 3064 1034 3096 legit
1054 3063 1118 3098 quia

155 3108 205 3136 hoc
224 3108 309 3143 eoeiqit
327 3108 445 3143 dignitas
463 3109 519 3136 sive
546 3109 707 3136 eoeceltentm
731 3108 909 3144 pontificali-3,
939 3108 1055 3142 reqatts,
1075 3115 1118 3134 sa-

156 3152 299 3180 cerdotalis
318 3155 343 3180 et
361 3153 512 3186 iudicialt's;
532 3155 558 3180 et
574 3153 623 3180 iste
640 3154 695 3188 fuit
712 3149 828 3181 ultimus
846 3153 986 3180 adrentus.

227 3197 238 3212 ⁶
257 3197 308 3223 Cl'r.
328 3205 412 3242 supra
427 3205 490 3230 pag.
509 3198 577 3229 288,
597 3202 656 3224 nota
670 3199 696 3225 6.
715 3199 741 3224 iu
760 3199 820 3225 fine.

226 3241 238 3257 ⁶
258 3242 326 3268 Vide
343 3249 423 3274 supra
442 3249 465 3268 e.
487 3241 528 3267 it.
548 3249 573 3268 n
594 3243 637 3268 36.
968 3241 977 3257 '¹
998 3242 1074 3272 Vers.
1095 3242 1118 3267 l.

227 3285 237 3300 ⁸
254 3286 333 3313 Vers.
354 3286 401 3318 4I;
420 3286 526 3313 tertium
546 3286 658 3312 habetur
676 3294 703 3313 v.
723 3287 765 3313 ⁴5.
785 3290 811 3313 et
829 3291 953 3321 quartum
973 3295 1003 3319 v.
1020 3286 1063 3312 47.

227 3329 238 3344 ⁰
258 3330 333 3357 Vers.
353 3331 400 3363 32,
419 3330 466 3358 ubi
485 3330 545 3356 Vat.
572 3337 634 3357 cum
663 3331 777 3363 Vulgata
805 3335 831 3357 et
850 3332 871 3356 ΙΙ
890 3332 969 3358 erant
993 3338 1042 3363 pro
1066 3330 1120 3364 sne-

156 3376 235 3407 rant,
255 3375 328 3408 quod
348 3374 446 3401 liabent
464 3375 542 3401 etiam
563 3376 589 3402 B.
609 3375 715 3408 Albert„
743 3376 878 3405 Gorranus
902 3379 927 3402 et
946 3376 1064 3408 Lyranus
1082 3375 1120 3407 (in

155 3418 302 3451 margine);
321 3418 393 3447 idern
411 3419 522 3445 recurrit
540 3419 605 3445 ina-a
624 3426 649 3445 n.
670 3419 717 3452 48;
736 3419 841 3447 tertium
861 3418 972 3449 liabetur
991 3426 1018 3445 v.
1037 3419 1080 3451 36,
1094 3418 1120 3444 in

2065 255 2127 285 487

1201 329 1287 357 Primo
1305 339 1350 366 per
1369 331 1443 358 faeta
1461 333 1581 361 confutat
1600 333 1690 361 horum
1708 334 1920 362 incredulitatem
1938 337 2105 372 ostendendo,

1333 383 1360 401 ιο
1379 375 1472 403 habore
1491 377 1602 411 quatuor
1621 377 1686 404 donn.
1704 377 1732 405 in
1751 378 1817 412 Lego
1836 380 1970 414 promissa.

1264 489 1422 533 Confutat
1445 500 1520 533 ergo
1539 487 1810 526 ‘incredulitatem
1846 495 2051 528 ludaeorum
2071 506 2133 538 per

1170 541 1281 585 facta,
1307 552 1363 585 per
1386 553 1468 586 quae
1498 544 1634 577 ostendit
1665 554 1697 578 se
1721 546 1881 579 Christum
1907 548 2073 581 Dominum
2100 550 2129 581 in

1172 596 1252 639 Lege
1275 597 1464 639 promissum
1490 598 1592 640 primo
1623 599 1726 641 quoad
1754 604 1944 641 potestatem
1968 602 2131 644 requiem,-

1172 650 1328 689 secundo,
1353 650 1454 692 quoad
1478 651 1633 693 pietatem
1653 652 1895 694 pontificalem,
1920 654 2006 686 ibi8:
2027 655 2065 686 Et
2096 660 2131 686 ut

1172 704 1476 747 appropinquavit,
1500 704 1614 737 videns
1638 705 1804 738 civitatem
1820 711 1878 739 etc.
1886 719 1894 745 ;
1913 708 2004 740 tertio
2028 708 2131 750 quoad

1172 757 1370 801 aequitatem
1405 758 1614 798 iudicialem,
1639 759 1700 792 ibi:
1728 760 1766 792 Et
1801 760 1972 802 inqressus
1996 761 2032 793 in
2056 766 2132 793 tem-

1168 811 1265 854 plum
1288 816 1367 851 etc.;
1392 816 1507 854 quarto
1524 812 1625 854 quoad
1644 814 1876 846 auctoritatem
1891 815 2131 857 maylan-alem,

1172 865 1233 898 ibi:
1260 866 1299 898 Et
1323 870 1396 898 erat
1412 866 1530 899 docens
1554 866 1699 910 quotidie
1722 867 1757 899 in
1782 868 1898 910 templo
1922 872 1980 901 etc.

1200 981 1361 1009 Potestatom
1379 982 1492 1016 regalem
1510 982 1663 1017 promissam
1682 991 1709 1010 so
1728 983 1831 1019 habere,
1850 984 1965 1012 ostendit
1983 993 2027 1020 por
2046 986 2109 1013 tria.

1262 1081 1459 1113 Potestatem
1482 1084 1588 1114 autem
1613 1082 1757 1124 reqalem
1781 1083 1917 1116 ostendit
1940 1093 1973 1117 se
1989 1084 2133 1117 Christus

1172 1134 1291 1168 habere
1315 1134 1495 1176 tripliciter:
1522 1135 1625 1176 primo
1649 1144 1705 1177 per
1728 1136 1950 1169 exceltentiam
1975 1137 2010 1169 in
2034 1137 2134 1180 impe-

1172 1187 1300 1226 ranam
1324 1187 1480 1226 secund0,
1505 1196 1561 1230 per
1586 1188 1831 1230 discipulorum
1856 1183 2072 1222 obedientiam
2098 1191 2133 1223 in

1173 1240 1395 1284 obsequendo,
1421 1240 1505 1273 ibi9:
1532 1240 1694 1274 Abierant
1718 1246 1829 1274 autem
1864 1243 1923 1286 qui
1944 1243 2041 1276 missi
2062 1242 2134 1285 fue-

1173 1298 1253 1327 rant
1261 1306 1273 1332 ;
1297 1294 1406 1333 tertio,
1427 1303 1489 1336 per
1521 1294 1726 1336 populorum
1760 1296 1977 1328 reuerentiam
2002 1297 2037 1329 in
2061 1297 2134 1329 lau-

1173 1347 1305 1386 dando,
1330 1347 1391 1380 ibi:
1418 1348 1563 1380 Exeunte
1586 1352 1699 1380 autem
1722 1348 1778 1380 illo
1802 1350 1860 1381 etc.

1265 1401 1464 1433 Excellentia
1488 1401 1584 1443 igitur
1609 1402 1713 1444 regiae
1745 1402 1908 1444 potestatis
1944 1403 1975 1435 in
2009 1403 2134 1436 Christo
2154 1409 2188 1430 rr
2184 1415 2232 1433 mo
2248 1415 2286 1435 ner

1174 1454 1352 1491 ostenditur
1374 1464 1434 1496 per
1457 1454 1638 1496 imperium
1662 1455 1761 1496 ipsius
1781 1455 1894 1497 pium,
1908 1456 2088 1497 providum
2105 1460 2136 1489 et
2147 1437 2293 1489 essffigfflffl

1172 1508 1416 1555 potestativum.
1441 1507 1514 1540 Tale
1545 1517 1682 1550 namque
1714 1508 1881 1550 imperium
1917 1509 2005 1542 decet
2029 1518 2133 1551 regem
2163 1490 2277 1516 ‘'i'phcem

1175 1560 1473 1599 clementissimum,
1506 1561 1772 1602 sapientissimum
1807 1565 1838 1594 et
1873 1562 2133 1603 potentissimum.

1175 1613 1360 1647 Ostenditur
1376 1616 1482 1646 autem
1495 1613 1666 1655 imperium
1684 1614 1753 1647 eius
1766 1614 1863 1656 pium
1879 1614 2052 1647 secundum
2070 1624 2135 1656 my-

1176 1666 1308 1700 sterium
1333 1666 1451 1709 gratiae
1465 1666 1491 1685 ¹⁰
1522 1669 1554 1699 et
1579 1666 1762 1708 providum
1790 1667 1964 1700 secundum
1990 1667 2136 1709 spiritum

1176 1719 1361 1762 prophetiae
1389 1722 1420 1752 et
1450 1719 1684 1762 potestativum
1707 1729 1764 1762 per
1788 1720 1912 1753 culmen
1941 1721 2137 1753 auctoritatis

1177 1773 1366 1816 praecelsae.

1267 1826 1321 1858 44.
1346 1826 1448 1868 (Vers.
1474 1825 1551 1866 29..)
1577 1826 1680 1858 Primo
1704 1826 1801 1868 igitur
1832 1830 1988 1869 quantum
2013 1827 2052 1859 ad
2076 1827 2136 1859 im-
2156 1834 2270 1861 imperium

1174 1879 1308 1922 perium
1339 1879 1439 1922 pium
1466 1888 1528 1921 per
1559 1879 1753 1923 mysterium
1778 1889 1821 1922 9)
1823 1880 1912 1912 attae
1939 1879 2072 1912 dicitur:
2097 1880 2138 1912 Et
2183 1867 2249 1888 ”¹⁰⁰³

1178 1932 1309 1976 factam
1333 1936 1397 1971 est,
1415 1941 1493 1964 cum
1510 1932 1810 1975 appropinquasset
1834 1933 1927 1965 Iesus
1943 1933 1988 1965 act
1999 1934 2024 1952 ¹²
2042 1931 2136 1965 Beth-

1176 1983 1285 2028 pliaqe
1308 1989 1338 2017 et
1361 1983 1579 2023 Bethaniam,
1604 1985 1650 2017 ad
1673 1989 1813 2018 montem
1828 1985 1888 2029 qui
1902 1990 2045 2018 vocatur
2071 1985 2136 2017 Oli-

1178 2038 1243 2071 veti
1249 2050 1262 2077 ‚·
1285 2038 1370 2080 quod
1393 2038 1451 2071 etsi
1476 2047 1588 2071 verum
1612 2038 1709 2072 fuerit
1724 2039 1771 2071 ad
1787 2038 1947 2077 litteram,
1973 2039 2032 2071 hoc
2051 2038 2136 2083 aliud

1179 2094 1283 2124 tamen
1306 2090 1531 2133 praetendebat
1549 2101 1612 2134 per
1634 2091 1785 2134 fiyuram
1801 2095 1832 2125 et
1847 2092 2022 2135 mysticam
2047 2092 2137 2124 intel-

1179 2144 1359 2187 liqentiam.
1392 2144 1478 2177 Unde
1509 2144 1692 2178 Ambrosius
1706 2145 1751 2178 ¹²:
1788 2158 1803 2174 α
1821 2145 1912 2178 Venit
1939 2145 1977 2178 ad
2002 2149 2137 2178 montem

1178 2197 1352 2236 olivarum,
1376 2201 1413 2230 ut
1436 2198 1575 2231 novellas
1597 2198 1695 2231 olivas
1719 2198 1749 2231 in
1767 2198 1893 2231 sublimi
1911 2199 2028 2231 virtute
2052 2199 2138 2240 plan-

1179 2254 1307 2284 taret».
1335 2250 1370 2283 Et
1393 2254 1483 2290 nota,
1508 2250 1593 2293 quod
1618 2251 1679 2284 tria
1694 2251 1787 2291 dicit,
1805 2251 1922 2285 scilicet
1939 2250 2136 2294 Betkplaeaye,
2160 2259 2287 2281 Notandum.

1179 2313 1261 2346 quae
1284 2307 1332 2337 est
1355 2303 1386 2336 in
1411 2307 1517 2337 monte
1541 2303 1653 2337 Oliveti
1677 2307 1708 2337 et
1725 2304 1848 2337 viculus
1865 2304 2080 2343 sacerdotum,
2102 2308 2138 2337 ut

1178 2357 1254 2390 dicit
1277 2357 1485 2399 Hieronymus
1499 2357 1535 2396 ¹⁸,
1559 2360 1591 2390 et
1614 2357 1841 2400 interpretatur
1857 2358 1975 2390 <lomus
1999 2357 2136 2395 buccae,

1180 2419 1237 2453 per
1260 2419 1355 2453 quam
1379 2410 1531 2443 confessio
1554 2414 1586 2443 et
1606 2410 1796 2453 poenitentia
1819 2411 2053 2453 significantur3
2079 2411 2137 2443 Be·

1181 2462 1318 2503 thania,
1343 2464 1456 2497 domus
1478 2463 1689 2503 obedientiae;
1713 2467 1745 2497 et
1768 2473 1861 2496 mons
1880 2463 1995 2496 Oliveti
2010 2467 2138 2506 propter

1180 2625 1234 2652 quo
1254 2626 1302 2651 pro
1322 2618 1446 2646 Emeunte
1465 2617 1512 2650 (ita
1530 2617 1608 2644 etiam
1628 2618 1656 2643 B.
1675 2616 1773 2644 Albert.
1792 2620 1818 2642 et
1836 2618 1861 2642 S.
1876 2616 1981 2647 Tliom„
1994 2616 2047 2643 Cat.
2061 2622 2138 2642 aurea

1180 2663 1207 2689 in
1226 2663 1350 2689 Luc-49.
1364 2671 1389 2689 n.
1405 2663 1440 2696 3.)
1456 2663 1514 2688 Vat.
1526 2665 1552 2688 et
1565 2662 1677 2694 Vulgata
1691 2661 1794 2694 Emite,·
1813 2663 1860 2687 ctr.
1880 2661 1944 2686 intra
1962 2668 1988 2686 n.
2004 2660 2084 2686 53..et
2098 2660 2140 2686 54.

1253 2707 1275 2723 ¹⁰
1294 2707 1379 2734 Codd.
1400 2708 1442 2733 liic
1460 2710 1486 2733 et
1505 2706 1583 2739 paulo
1604 2706 1710 2732 inferius
1729 2705 1909 2732 ministerium
1928 2705 2043 2739 qratiae.

1253 2751 1274 2766 ¹¹
1295 2751 1379 2779 Codd.
1398 2752 1417 2778 C
1429 2752 1539 2777 DFGII
1558 2751 1680 2776 omittunt
1699 2750 1743 2777 ad.

1254 2796 1275 2811 ¹²
1296 2797 1365 2822 I2il)r.
1385 2797 1430 2824 IX.
1449 2797 1473 2822 in
1493 2797 1555 2822 Luc.
1574 2803 1596 2822 c.
1619 2796 1660 2820 49.
1680 2803 1704 2821 n.
1724 2796 1754 2825 2,
1768 2802 1797 2820 ex
1811 2802 1866 2828 quo
1880 2795 1987 2820 formata
2001 2798 2038 2820 est
2051 2794 2140 2820 Glossa

1181 2841 1366 2869 interlinearis
1386 2841 1410 2866 iu
1431 2842 1493 2868 Luc.
1519 2841 1564 2871 19,
1584 2841 1626 2865 29.

1254 2886 1276 2901 ¹⁸
1296 2885 1364 2912 Libr.
1385 2886 1419 2911 lll.
1439 2885 1585 2919 Commeat.
1606 2885 1631 2910 in
1647 2885 1732 2909 Manli.
1753 2884 1799 2915 21,
1824 2884 1844 2908 1.
1863 2890 1934 2915 saw:
1953 2882 2072 2916 Cumque
2095 2890 2142 2914 ap-

1182 2931 1372 2963 propinquaret
1391 2928 1554 2961 ierosolymis
1572 2933 1597 2954 et
1617 2929 1730 2954 venisset
1749 2928 1901 2959 Betnpliagc
1914 2927 1947 2952 ad
1960 2926 2071 2953 domum
2085 2934 2142 2952 ma-

1182 2975 1333 3006 millarum,
1354 2975 1399 3008 qui
1424 2974 1590 3000 sacerdotum
1620 2973 1722 2998 viculus
1750 2976 1805 2998 erat
1824 2976 1849 2997 ct
1867 2964 2037 2997 contexionis
2056 2975 2140 3002 porta-

1182 3019 1227 3045 bat
1246 3023 1338 3052 typum
1359 3022 1384 3044 et
1402 3022 1457 3044 erat
1477 3019 1540 3044 situs
1560 3018 1584 3043 in
1605 3021 1693 3043 monte
1712 3017 1820 3048 Oliveti,
1840 3016 1884 3041 ubi
1904 3017 1991 3041 lumen
2011 3015 2141 3043 scientiae.

1183 3064 1229 3090 ubi
1248 3064 1368 3095 laborum
1387 3067 1413 3089 ct
1435 3064 1557 3088 dolorum
1587 3062 1703 3095 requIes,
1732 3062 1802 3086 misit
1829 3061 1897 3086 duos
1924 3060 2066 3091 discipulos
2093 3064 2141 3084 etc.

1182 3108 1235 3135 Ct'r.
1255 3109 1334 3140 Epist.
1357 3109 1415 3133 ¹08.
1436 3108 1509 3139 (alias
1528 3107 1581 3138 27.)
1602 3106 1688 3137 inti.
1709 3109 1734 3131 et
1755 3105 1797 3130 tib.
1818 3105 1850 3130 de
1876 3103 2004 3130 Nominib.
2024 3102 2141 3128 Ilebraic.

1183 3160 1246 3179 nov.
1267 3155 1370 3178 testam.
1389 3152 1423 3177 de
1442 3152 1582 3177 Matthaeo:
1604 3160 1616 3174 ι
1632 3149 1799 3183 mumanae,
1828 3149 1923 3174 domus
1951 3148 2004 3173 oris
2023 3148 2142 3175 vallium.

1184 3198 1225 3223 vel
1245 3197 1341 3222 domus
1361 3196 1468 3222 buccae.
1488 3196 1583 3227 Syrum
1603 3198 1653 3225 est,
1673 3201 1724 3219 non
1743 3193 1900 3219 Hebraeum.
1920 3192 2031 3224 Quidam
2052 3196 2143 3223 putant

1183 3241 1293 3267 domum
1314 3240 1475 3267 maxillarum
1495 3238 1584 3264 vocari
1599 3249 1622 3263 n.
1642 3237 1758 3269 Origen„
1786 3237 1880 3262 Ilomil.
1899 3236 1941 3261 37.
1962 3236 1986 3261 iu
2006 3237 2068 3261 Luc.
2091 3236 2144 3266 (lia-

1183 3285 1260 3310 betur
1288 3285 1367 3310 etiam
1392 3285 1418 3309 in
1445 3290 1490 3315 op.
1518 3283 1653 3314 Ilieron.):
1679 3280 1808 3308 Bethania
1836 3281 2020 3312 interpretatur
2048 3280 2143 3306 domus

1183 3328 1364 3360 obedientiae,
1384 3327 1535 3361 Bellepliaqe
1559 3333 1623 3352 vero
1652 3326 1747 3352 domus
1771 3325 1947 3355 maxillarunn
1976 3324 2144 3350 sacerdotalis

1183 3373 1291 3408 quidam
1313 3373 1398 3403 locus;
1419 3372 1535 3398 maxillae
1563 3370 1635 3396 enim
1662 3369 1842 3396 sacerdotibus
1870 3368 2013 3400 dabantur,
2033 3369 2099 3394 sicut
2119 3369 2143 3394 in

1184 3418 1254 3449 Lege
1274 3416 1442 3451 praecipitur.
1462 3414 1514 3441 Cir.
1534 3414 1618 3446 Beda,
1639 3414 1671 3439 V.
1690 3413 1715 3439 in
1734 3413 1796 3439 Luc.
1817 3413 1863 3444 19,
1883 3413 1926 3438 29.
