2427 3872
469 227 519 252 SlD

229 274 305 298 Sinon
325 286 358 291 —-
379 272 562 304 interpretatur
574 273 678 298 venatio
698 272 741 297 Vll
763 271 813 296 147

176 317 209 343 48
222 330 258 336 -
271 316 400 349 significat
412 316 572 342 desiderium
592 319 618 342 et
631 316 814 348 concupiscen-

173 362 237 387 tiam
257 361 401 386 carnalium
415 360 478 387 ibid.
491 375 526 380 —
539 361 709 393 poenituisset
721 363 747 386 et
759 367 813 385 non

174 408 243 431 esset
269 405 412 435 subversa,
441 405 462 431 si
488 405 597 431 vidisset
616 405 741 430 miracula
761 404 812 429 259

174 451 208 476 22
228 465 262 469 —-
281 453 320 476 est
340 450 423 481 figura
443 449 601 482 poenitentis
618 448 681 475 ibid.

228 496 323 520 Stcxuu
342 509 377 513 —-
397 501 448 520 non
467 497 553 526 potest
580 500 637 519 esse
655 493 729 525 quod
747 499 813 518 sem·

173 546 222 571 per
241 539 289 564 suit
307 539 333 564 in
353 546 402 564 usu
423 539 464 564 Vll
485 538 536 564 526
557 537 590 562 15

226 597 261 604 -—
279 586 319 609 est
338 582 492 608 miraculum
512 582 599 607 minus
617 581 650 607 Vl
666 581 716 606 176
729 588 756 606 v.
770 581 812 607 16.

172 629 219 654 301
243 627 278 654 75
297 641 334 647 -
352 628 454 653 minora
482 629 586 658 praeter
605 628 726 651 naturam
746 625 813 650 flunt

173 673 224 698 162
242 680 268 698 V.
288 673 302 697 8

226 731 260 734 -
279 716 359 748 Signa
379 722 431 741 non
451 715 539 740 valent
557 714 607 740 nisi
626 711 742 740 credenti
769 714 811 739 Vll

172 761 223 787 298
244 760 278 786 64
296 774 331 778 -—
351 760 459 792 dantur,
480 763 507 785 nt
526 765 574 791 per
593 765 622 784 ea
643 758 764 784 veniatur
777 758 810 783 ad

171 805 251 831 fidem
271 804 305 830 Vl
325 804 376 829 325
398 803 430 828 42

224 862 259 868 -
278 848 303 873 in
324 847 423 873 bonum
443 847 586 880 petendum
607 850 646 873 est
666 847 708 873 Vll
728 847 761 873 50
776 847 810 872 26

171 907 205 912 —
225 893 338 926 Quidam
358 892 432 924 signa
451 895 583 925 quaerunt
601 895 710 924 propter
729 891 810 924 publi-

170 938 300 963 cationem
320 937 403 963 divini
426 937 550 969 promissi
574 937 642 962 sicut
660 936 809 968 Abraham,

171 982 280 1015 quidam
295 984 417 1007 recusant
430 984 538 1014 propter
551 980 751 1008 obstinationem
765 982 810 1007 de-

169 1026 222 1052 licti
251 1026 352 1058 proprii
377 1026 444 1051 sieut
463 1026 565 1058 Achaz‚
590 1026 698 1059 quidam
725 1026 811 1059 requi-

169 1073 230 1096 runt
257 1073 365 1102 propter
393 1070 591 1096 haesitationem
629 1070 710 1095 animi
744 1071 810 1096 sicut

169 1115 309 1140 Zacharias
331 1115 361 1140 18
382 1115 415 1140 30

223 1174 258 1178 ——
277 1160 357 1191 Signa
386 1159 466 1185 multa
494 1157 568 1185 dedit
586 1159 663 1185 nobis
682 1159 810 1186 Dominus

169 1204 321 1230 humilitatis
349 1206 374 1229 et
402 1204 563 1235 paupertatis
590 1204 629 1229 Vll
650 1204 701 1229 290
722 1204 755 1230 42
774 1219 809 1223 ——

170 1248 251 1280 Signo
270 1247 324 1273 Filii
350 1247 463 1273 hominis
490 1247 673 1273 contradicunt
701 1248 808 1280 superbi

170 1291 232 1319 ibid.

222 1350 258 1356 —-
276 1336 395 1362 mirabile
422 1339 461 1362 est
485 1339 628 1368 conceptus
647 1337 740 1362 sterilis
766 1337 809 1362 Vll

169 1380 204 1406 25
232 1381 266 1406 65
294 1394 329 1400 -
357 1381 407 1413 Qui
432 1381 507 1412 signo
529 1381 728 1406 resurrectionis
753 1382 809 1407 lesu

168 1424 262 1451 Christi
282 1432 335 1451 non
355 1425 438 1451 credit
457 1425 549 1451 durior
567 1429 606 1451 est
619 1426 745 1458 Ninivitis,
760 1433 809 1451 nec

168 1470 216 1495 alia
227 1469 300 1501 signa
313 1470 415 1495 Domini
425 1470 451 1495 in
461 1469 549 1502 aliquo
560 1470 582 1495 ei
591 1473 702 1502 prosunt
712 1470 763 1495 298
776 1470 809 1495 65

220 1528 257 1534 —
275 1521 371 1546 magna
392 1517 417 1540 et
430 1515 510 1539 multa
525 1517 724 1545 praecesserunt
737 1522 810 1540 ever-

168 1559 268 1584 sionem
288 1559 507 1590 ierosolymorum
528 1558 571 1584 Vll
592 1558 643 1584 526
660 1559 691 1584 16
705 1574 740 1577 —
754 1566 809 1584 ma-

169 1610 221 1635 gna
245 1606 444 1635 praecesserunt
471 1603 635 1628 eversionem
664 1603 808 1629 secundam

168 1647 320 1679 let-usalem,
349 1647 414 1672 sicut
442 1650 639 1679 praecesserant
657 1647 808 1673 destructio-

167 1699 228 1717 nem
248 1692 332 1724 ipsius
351 1693 444 1717 saetam
464 1691 514 1717 sub
534 1691 661 1717 Antiocho
681 1691 742 1718 ibid.

222 1749 256 1754 —
275 1736 331 1761 Una
361 1742 471 1767 persona
500 1735 589 1761 divina
610 1738 695 1767 potest
713 1736 809 1767 signifi-

169 1780 222 1805 cari
242 1780 297 1805 sine
316 1780 364 1805 alia
386 1780 415 1805 Vl
431 1780 482 1804 310
503 1779 536 1805 45
555 1794 591 1798 -
610 1780 658 1805 Per
679 1780 806 1805 rationem

169 1824 292 1856 signandi
321 1824 390 1850 Deus
417 1824 512 1850 dicitur
540 1831 598 1849 esse
622 1824 647 1849 in
667 1824 808 1857 creaturis,

167 1875 237 1902 quae
255 1869 343 1900 ipsum
362 1867 502 1900 signabant
521 1869 567 1894 261
592 1869 625 1893 69

223 1914 319 1943 SittQuA
339 1927 374 1931 -
394 1913 514 1945 designat
532 1913 717 1938 delectationes
736 1913 809 1938 vitio-

167 1965 226 1983 rum
247 1958 290 1983 Vll
310 1958 361 1983 392
386 1958 418 1983 28
440 1972 474 1975 -
494 1957 668 1983 manducatur
687 1964 700 1983 a
721 1957 809 1989 porcis

166 2001 229 2028 ibid.

221 2047 276 2072 Stto
294 2060 330 2065 —
349 2046 533 2077 interpretatur
552 2046 643 2071 avulsa
663 2046 704 2071 vel
725 2048 808 2071 trans-

166 2090 215 2116 lata
236 2090 268 2116 Vl
289 2090 340 2116 629
361 2090 375 2115 6
398 2103 430 2108 -
450 2090 580 2122 significat
605 2091 742 2115 caelestem
762 2097 809 2122 pa-

167 2135 258 2167 triam,
278 2134 322 2160 ubi
343 2135 412 2160 Deus
432 2133 560 2159 habitavit
572 2141 586 2159 a
601 2134 731 2166 principio
744 2133 806 2160 ibid.

221 2179 293 2204 Sitos
312 2192 347 2197 —
366 2182 405 2204 est
424 2180 482 2204 fons
496 2178 667 2204 intermittens
686 2179 720 2204 ad
739 2179 808 2204 radi-

167 2230 224 2249 cem
253 2223 349 2248 montis
374 2223 436 2248 Sion
462 2222 512 2248 373
531 2222 548 2248 ’7
570 2237 603 2241 -
623 2223 808 2255 interpretatur

167 2267 263 2293 missus
282 2266 344 2293 ibid.
362 2281 398 2286 —
416 2268 506 2300 Aquae
534 2267 602 2293 Siloe
629 2270 690 2293 sunt
717 2274 808 2293 sacrae

167 2312 318 2344 scripturae
337 2310 372 2337 ib.
394 2312 409 2336 8

221 2357 315 2381 Smeou
334 2369 369 2374 —
388 2346 571 2387 interpretatur
599 2354 742 2387 obediens,
761 2356 806 2388 qui

167 2403 274 2426 vocatur
304 2400 413 2430 zelotes,
442 2399 468 2425 id
493 2402 532 2425 est
550 2400 704 2432 aemulator,
723 2402 748 2425 et
767 2405 806 2425 est

166 2445 315 2476 exemplum
336 2445 466 2476 perfectae
480 2444 632 2469 humilitatis
646 2450 705 2469 cum
720 2451 807 2469 aemu-

167 2488 263 2514 latione
288 2488 423 2514 ordinatae
453 2487 566 2514 caritatis
585 2488 627 2513 Vll
648 2487 699 2513 144
720 2488 752 2513 39
771 2501 806 2506 -

168 2532 352 2565 interpretatur
370 2532 489 2562 audiens,
502 2535 527 2557 et
540 2538 587 2564 per
606 2539 666 2557 eum
686 2532 807 2564 intelligi-

167 2580 209 2603 tur
227 2577 312 2602 virtus
331 2576 485 2608 prudentiae
505 2576 538 2601 64
559 2576 591 2601 89

220 2635 256 2640 -
273 2623 329 2646 erat
348 2622 480 2653 perfectus
498 2621 522 2646 in
536 2621 629 2646 merito
644 2624 752 2653 propter
765 2622 807 2646 ha-

168 2664 252 2690 bitum
272 2665 377 2690 virtutis
396 2668 420 2690 et
439 2665 559 2697 spiritum
580 2665 696 2690 veritatis
715 2665 757 2690 Vll
773 2665 806 2690 58

168 2710 202 2735 58
222 2723 256 2728 -
275 2712 330 2734 erat
349 2709 433 2735 clarae
452 2710 536 2735 famae
555 2713 663 2741 propter
682 2716 806 2741 magnam

170 2754 332 2779 honestatem
352 2752 385 2779 ib.
406 2753 438 2778 59
467 2767 502 2772 —
530 2756 585 2779 erat
609 2755 722 2786 perlecte
740 2754 808 2780 ordi·

171 2801 248 2823 natus
266 2797 294 2822 in
314 2797 365 2822 vita
394 2800 522 2830 quantum
550 2797 584 2823 ad
609 2797 745 2829 eligenda,
772 2799 808 2823 su-

168 2841 263 2873 gienda
289 2844 314 2866 et
342 2840 515 2873 exspectanda
533 2840 567 2866 ib.
587 2841 621 2866 60
640 2854 675 2860 —-
694 2841 806 2873 Spiritus

168 2888 275 2911 sanctus
303 2888 358 2910 erat
383 2885 408 2910 in
428 2891 459 2909 eo
479 2891 527 2916 per
546 2884 656 2916 gratiam
676 2887 701 2910 et
719 2886 816 2911 carita-.

169 2932 221 2955 tem
236 2928 270 2955 ib.
283 2929 312 2954 61
330 2942 365 2947 —-
379 2935 427 2960 per
445 2928 630 2954 revelationem
651 2935 806 2961 responsum

169 2976 308 3005 acceperat
326 2980 341 2998 a
361 2972 457 3005 Spiritu
478 2972 594 2998 veritatis
612 2971 646 2998 ib.
666 2973 700 2998 62

221 3031 255 3036 —-
276 3018 332 3042 lesu
352 3016 484 3042 benedixit
501 3017 527 3042 in
544 3016 752 3048 praesentatione
767 3018 808 3043 Vll

170 3061 203 3086 58
222 3061 256 3086 58
275 3061 355 3086 —in
383 3060 545 3086 testificando
573 3060 606 3085 de
634 3059 735 3086 Christo
761 3061 808 3087 tria

170 3105 230 3131 facit
247 3104 311 3131 ibid.
328 3119 364 3123 -
383 3104 501 3130 obviavit
528 3111 589 3129 cum
617 3104 692 3129 Anna
717 3105 808 3136 loseph

169 3152 196 3175 et
216 3149 310 3175 Mariae
328 3149 385 3174 sine
403 3148 490 3181 aliqua
515 3147 702 3173 convocatione
722 3148 754 3173 63
775 3149 808 3173 87

170 3207 205 3213 —-
225 3193 384 3218 Testisscatio
402 3192 461 3218 eius
478 3191 596 3223 explicite
615 3191 772 3217 describitur
785 3194 810 3217 et

170 3244 218 3269 per
238 3237 347 3263 modum
367 3236 569 3268 praedicationis
587 3235 621 3260 64
641 3235 674 3260 87

224 3294 260 3300 -
279 3281 304 3306 ln
324 3287 402 3306 carne
428 3279 495 3305 vidit
523 3279 684 3305 salvatorem
714 3279 756 3304 Vll
776 3278 810 3304 59

171 3326 206 3351 62
227 3339 259 3344 ν-
279 3327 432 3357 exspectans
460 3323 579 3349 visitatus
602 3325 641 3349 est
660 3329 674 3348 a
693 3322 810 3354 Christo,

844 184 880 216 ΙΝ
903 183 1195 216 COMMENTARIOS
1218 186 1246 217 S.
1272 186 1496 218 SCRll’TURAE

852 277 884 295 ne
903 270 989 296 dolcat
1009 271 1042 296 Vl
1062 272 1108 296 631
1134 272 1166 297 17
1181 286 1214 290 -
1228 273 1300 298 venit
1316 273 1340 298 in
1361 274 1487 305 tempium

851 314 946 340 ductus
964 321 978 339 a
999 315 1095 346 Spiritu
1115 319 1205 341 sancto
1233 317 1266 342 ad
1286 316 1487 350 obsequendum

851 361 875 384 et
894 359 1075 384 venerandum
1105 360 1246 385 Dominum
1276 361 1318 386 Vll
1348 361 1381 387 59
1402 362 1434 386 63
1454 375 1489 380 —

850 403 1009 428 illuminatus
1022 403 1068 429 fuit
1081 410 1095 428 a
1112 404 1209 436 Spiritu
1229 405 1358 437 veritatis,
1381 409 1408 430 ut
1421 412 1490 431 com-

850 447 1024 478 prehenderet
1043 453 1104 473 cum
1124 448 1221 479 gaudio
1240 449 1381 475 Salvatoris
1393 450 1489 475 adven-

849 494 904 516 tum
925 490 960 516 ib.
979 491 1012 516 64
1032 505 1067 510 -
1085 491 1290 517 Commendatur
1308 493 1365 518 eius
1383 493 1489 519 devotio

849 534 1003 566 accipiendo
1023 536 1163 566 parvulum
1184 536 1209 561 in
1230 537 1303 562 ulnas
1322 536 1354 563 ib.
1375 537 1409 562 65

902 592 938 597 -
957 579 1097 610 praeconio
1128 580 1244 606 veritatis
1263 581 1375 606 elevavit
1393 581 1426 607 ad
1446 582 1488 607 ad-

850 622 1016 648 mirationem
1046 624 1089 649 Vll
1119 623 1152 649 59
1180 625 1214 649 66
1243 639 1278 644 —
1306 624 1488 651 benedicendo

849 667 947 698 gratias
965 667 1018 699 egit
1037 666 1071 693 ib.
1090 668 1124 693 67
1137 681 1172 686 -
1185 668 1310 700 impletus
1322 670 1419 701 Spiritu
1433 677 1489 695 san-

849 713 890 736 cto
909 711 1005 737 devote
1033 712 1212 744 magnificavit
1240 712 1371 739 Christum
1395 713 1429 740 ib.
1455 714 1487 739 68

848 768 884 774 -
903 756 1048 781 manifestat
1067 756 1195 782 internam
1216 758 1417 783 consolationem
1432 765 1490 790 pro-

847 801 905 830 pter
924 799 1104 831 dignationem
1133 801 1290 832 maiestatis,
1310 802 1488 834 impletionem

865 844 980 870 veritatis
993 847 1018 870 et
1035 845 1202 877 adeptionem
1224 847 1414 880 tranquillitatis
1427 846 1487 873 ibid.

900 902 935 908 —
955 890 1105 921 magnificat
1130 889 1261 916 Christum
1281 891 1427 917 secundum
1448 893 1488 917 tri-

847 933 942 965 plicem
971 934 1148 960 excellentiam
1178 935 1221 961 Vll
1251 935 1284 960 60
1313 936 1365 967 69,
1393 936 1428 961 70
1454 951 1487 955 -

848 978 998 1010 magnificat
1027 978 1159 1005 Christum
1191 979 1241 1005 sub
1272 980 1372 1006 ratione
1398 981 1487 1006 salutis

847 1023 981 1054 omnium,
1001 1023 1065 1049 lucis
1084 1024 1202 1055 gentium
1223 1028 1248 1050 ct
1267 1025 1366 1056 gloriae
1383 1026 1487 1051 ludaeo-

847 1074 906 1092 rum
925 1066 959 1093 ib.
978 1067 1012 1093 73
1032 1082 1068 1087 —
1087 1069 1232 1094 manifestat
1260 1069 1353 1095 Christi
1377 1070 1488 1096 clemen-

847 1112 922 1142 tiam,
942 1112 1095 1144 sapientiam
1115 1116 1141 1138 et
1154 1113 1295 1145 potentiam
1309 1113 1370 1140 ibid.
1384 1128 1419 1133 —-
1433 1122 1487 1140 ma-

847 1156 953 1187 gnificat
972 1156 1102 1182 Christum
1123 1160 1150 1182 ut
1170 1164 1278 1190 pacem,
1307 1159 1369 1191 quia
1388 1160 1487 1185 media-

847 1203 903 1232 tor,
924 1203 951 1226 ut
971 1201 1095 1232 salutem,
1123 1202 1184 1234 quia
1214 1203 1379 1234 redemptor,
1407 1207 1434 1230 ut
1452 1205 1488 1230 lu-

846 1252 919 1276 cem,
938 1245 1000 1278 quia
1020 1245 1127 1276 doctor,
1148 1249 1175 1271 ut
1194 1247 1320 1278 gloriam,
1339 1248 1400 1281 quia
1415 1255 1488 1280 prae-

847 1289 942 1315 miator
961 1289 1022 1316 ibid.
1035 1304 1072 1309 —
1085 1291 1141 1316 eius
1161 1291 1290 1317 canticum
1311 1293 1423 1318 continet
1437 1293 1488 1324 ple-

846 1334 992 1359 nitudinem
1022 1334 1105 1360 laudis
1125 1335 1219 1361 Christi
1238 1339 1262 1361 et
1283 1337 1486 1363 consolationem

846 1378 915 1403 senis
929 1379 1064 1405 morientis
1082 1378 1143 1405 ibid.
1159 1393 1195 1399 —-
1208 1379 1342 1406 Canticum
1358 1381 1414 1406 eius
1427 1389 1487 1407 can-

847 1425 914 1448 tatur
934 1423 958 1448 in
979 1430 1037 1448 sero
1057 1422 1119 1449 ibid.

899 1480 934 1485 —
953 1470 1082 1499 temperat
1101 1464 1270 1499 praeconium
1297 1470 1435 1495 humilians
1453 1471 1487 1496 ad

847 1511 1062 1543 compatiendum
1083 1512 1125 1537 Vll
1146 1513 1174 1537 61
1199 1513 1233 1539 75
1252 1527 1287 1532 -
1305 1514 1332 1539 in
1352 1521 1399 1539 suo
1415 1521 1487 1546 prae-

848 1556 924 1581 conio
937 1556 1080 1587 praemittit
1092 1557 1213 1582 solatium
1229 1556 1418 1584 benedictionis
1432 1566 1488 1590 pro·

847 1600 964 1631 pheticae
992 1599 1026 1626 ib.
1053 1600 1088 1625 76
1107 1616 1142 1619 —
1167 1602 1302 1633 praemisit
1332 1602 1487 1629 benedictio-

846 1651 907 1669 nem
927 1645 961 1670 ad
981 1646 1199 1677 consolationem,
1227 1647 1443 1673 confortationem
1463 1651 1488 1674 et

846 1689 1100 1715 commendationem
1121 1689 1183 1716 ibid.
1209 1704 1245 1709 —
1264 1691 1320 1717 eius
1339 1691 1488 1718 benedictio

846 1733 1009 1765 significabat
1028 1733 1224 1760 benedictiones
1244 1739 1347 1767 patrum
1368 1735 1430 1762 ibid.

900 1778 1045 1803 Sittttrruno
1073 1792 1108 1797 —
1137 1779 1261 1810 importat
1288 1779 1366 1805 simul
1394 1787 1486 1806 conre-

846 1821 971 1847 nientiam
992 1826 1017 1847 et
1035 1822 1226 1848 distinctionem
1257 1823 1289 1848 Vl
1318 1824 1367 1849 439
1394 1825 1427 1849 20
1452 1838 1480 1843 —-

847 1865 936 1891 Simile
963 1866 990 1892 in
1018 1866 1115 1892 divinis
1143 1867 1206 1893 dicit
1234 1867 1436 1893 uniformitatem
1463 1872 1488 1894 et

847 1911 1016 1936 concordiam
1036 1914 1062 1936 et
1080 1912 1263 1944 aequalitatem
1284 1913 1334 1937 309
1355 1913 1388 1938 37

899 1969 934 1974 —
953 1958 992 1981 est
1010 1956 1076 1981 ratio
1095 1956 1218 1988 diligendi
1239 1956 1271 1981 Vl
1293 1956 1343 1981 125
1363 1964 1388 1982 ν.
1409 1957 1442 1983 24

900 2014 934 2018 -
955 2000 1029 2032 Quod
1045 2007 1092 2032 per
1105 2000 1303 2026 similitudinem
1324 2002 1419 2027 dieitur
1433 2005 1486 2033 pot-

846 2047 884 2070 est
904 2044 955 2070 dici
975 2052 1037 2070 vere
1057 2045 1089 2070 Vl
1111 2045 1160 2070 448
1182 2045 1214 2071 13
1230 2059 1265 2065 -
1278 2050 1412 2071 creaturae
1425 2054 1485 2072 cum

846 2089 900 2114 Deo
919 2091 958 2114 est
976 2089 1053 2115 valde
1072 2089 1215 2122 longinqua
1245 2089 1295 2115 476
1321 2090 1353 2115 42
1374 2105 1408 2108 -
1427 2098 1488 2116 nus-

846 2140 926 2165 quam
945 2133 1023 2165 plene
1041 2134 1171 2165 reperitur
1185 2134 1209 2158 in
1223 2135 1349 2159 creaturis
1365 2138 1485 2167 respectu

846 2177 892 2203 Dei
912 2177 962 2203 248
983 2178 998 2203 8

899 2235 934 2241 -
953 2222 1030 2247 lilulta
1050 2225 1111 2248 sunt
1130 2222 1222 2248 similia
1243 2223 1268 2248 in
1288 2223 1420 2255 Scriptura
1445 2224 1485 2249 Vll

846 2266 896 2292 348
919 2266 950 2291 43
970 2280 1005 2285 --
1026 2267 1166 2292 Diversitas
1185 2267 1384 2293 similitudinum
1405 2271 1430 2293 et
1449 2275 1487 2293 re-

846 2311 1085 2342 praesentationum
1106 2311 1188 2336 oritur
1207 2311 1231 2336 in
1251 2312 1344 2343 figuris
1357 2318 1388 2337 ex
1402 2312 1486 2337 diver-

844 2354 918 2380 sitate
938 2361 1033 2380 causae
1046 2358 1071 2380 et
1083 2355 1273 2387 multiplicitate
1292 2356 1483 2387 proprietatum

844 2398 905 2424 ibid.

898 2443 975 2468 Stuou
994 2456 1030 2462 —
1048 2443 1143 2469 dicitnr
1162 2442 1290 2469 obediens
1319 2444 1349 2468 Vl
1371 2444 1420 2470 426
1443 2445 1484 2470 10.

846 2487 888 2513 Vll
909 2487 959 2513 143
979 2487 1012 2512 36

897 2546 932 2550 —
952 2532 1048 2557 Socrus
1067 2532 1182 2557 Simonis
1208 2538 1262 2557 erat
1286 2532 1311 2557 in
1334 2533 1415 2559 domo
1440 2540 1485 2559 cu-

844 2575 940 2606 randa,
959 2583 1011 2601 non
1036 2576 1062 2601 in
1089 2583 1225 2608 synagoga
1255 2577 1297 2602 Vll
1327 2578 1376 2602 108
1398 2578 1430 2603 80
1450 2593 1486 2597 -

845 2620 901 2646 eius
919 2620 1057 2646 infirmitas
1070 2620 1200 2652 significat
1214 2622 1404 2653 infirmitatem,
1418 2629 1486 2655 quae

844 2664 961 2697 disponit
980 2665 1012 2690 ad
1032 2665 1143 2697 gratiam
1162 2664 1226 2691 ibid.
1247 2679 1283 2685 -
1302 2667 1421 2692 Astantes
1443 2674 1485 2692 ro—

845 2712 975 2741 gaverunt
998 2708 1130 2735 Christum
1151 2717 1200 2741 pro
1219 2717 1249 2735 ea
1268 2709 1302 2736 ib.
1323 2711 1351 2735 81
1375 2724 1410 2730 —-
1430 2717 1487 2742 per·

847 2754 912 2779 secte
933 2753 979 2779 tuit
997 2756 1086 2779 curata
1107 2752 1140 2779 ib.
1160 2753 1194 2778 84
1212 2768 1247 2772 -
1267 2754 1324 2779 eius
1336 2755 1436 2780 curatio
1448 2761 1486 2780 se-

844 2797 960 2822 cundum
989 2804 1097 2823 sensum
1125 2797 1294 2829 allegoricum
1315 2801 1340 2823 et
1360 2798 1484 2823 moralem

847 2841 898 2866 109
919 2840 961 2873 85,
981 2841 1014 2866 86
1033 2855 1069 2859 -
1089 2841 1163 2866 Stetit
1181 2848 1261 2873 snper
1274 2848 1332 2866 eam
1348 2841 1485 2872 Dominus,

846 2887 873 2910 ut
891 2887 994 2910 curaret
1012 2883 1046 2910 ib.
1066 2885 1099 2909 86

898 2943 933 2947 -
952 2929 1103 2961 angariatus
1121 2932 1160 2954 est
1174 2929 1198 2954 in
1213 2929 1321 2960 itinere,
1338 2933 1367 2954 ut
1379 2936 1484 2954 crucem

846 2975 961 3004 portaret
988 2973 1022 2999 ad
1047 2973 1135 2999 locum
1154 2973 1187 2999 Vl
1209 2973 1259 2998 498
1281 2973 1313 2998 40
1333 2987 1368 2992 -
1387 2973 1485 2998 ratione

846 3017 960 3042 nominis
987 3019 1012 3042 et
1041 3017 1125 3048 gentis
1156 3017 1277 3048 designat
1308 3017 1484 3042 obedientiam

847 3061 937 3092 populi
962 3061 1066 3093 gentilis
1083 3061 1117 3086 ad
1137 3061 1271 3086 serendam
1296 3068 1402 3086 crucem
1428 3065 1487 3092 post

846 3104 977 3130 Christum
998 3105 1041 3130 Vll
1061 3105 1112 3131 572
1132 3105 1166 3130 30
1185 3119 1220 3124 -
1238 3105 1339 3130 ratione
1362 3105 1486 3136 angariae

847 3148 968 3180 designat
993 3148 1143 3180 hypocritas
1161 3148 1222 3175 ibid.
1242 3163 1277 3167 -—
1296 3148 1425 3180 significat
1450 3148 1486 3173 la-

847 3191 970 3217 borantes
988 3198 1037 3223 pro
1056 3192 1134 3218 laude
1153 3194 1266 3218 humana
1286 3191 1347 3218 ibid.
1367 3205 1402 3211 —
1421 3191 1486 3217 desi-

848 3238 911 3267 gnat
929 3236 1075 3261 accidiosos
1093 3235 1155 3262 ibid.

900 3293 935 3298 —-
955 3286 1049 3311 magus
1067 3279 1205 3305 resistebat
1225 3280 1299 3305 Petro
1318 3279 1361 3304 Vll
1382 3278 1432 3304 490
1452 3278 1485 3304 50

847 3336 883 3342 -
902 3322 949 3348 mit
967 3323 1198 3355 pseudopropheta
1219 3323 1271 3348 525
1292 3323 1324 3348 14

2097 189 2161 221 839

1822 231 1869 256 SlN

1580 287 1612 291 -—
1633 274 1743 299 Essaens
1769 274 1792 299 in
1821 275 1921 306 campis
1950 276 2040 300 lezrael
2065 277 2165 308 praedi-

1525 316 1615 349 cabat,
1634 324 1663 343 se
1681 325 1738 343 esse
1756 318 1886 344 Christum
1909 319 1949 344 Vll
1969 320 2021 344 525
2042 320 2073 345 14

1579 362 1728 387 simmacus
1741 376 1775 380 —
1789 362 1935 388 simoniace
1949 364 2044 389 intrant
2058 365 2080 389 in
2096 365 2164 390 ovile

1526 404 1619 430 Christi
1638 406 1683 438 qui
1704 413 1750 438 per
1771 408 1907 438 pecuniam
1928 408 1967 433 vel
1988 415 2034 440 per
2055 416 2162 434 munera

1526 456 1710 482 quaecumque
1729 451 1823 476 intrant
1851 452 1883 476 vt
1913 452 1959 477 581
1985 454 2000 477 3
2020 467 2054 471 -
2073 454 2164 478 volunt

1527 492 1623 518 hahere
1644 494 1828 525 patrimonium
1849 495 1941 521 Christi
1963 497 2036 522 titulo
2055 497 2164 528 emptio-

1527 537 1566 561 nis
1586 536 1647 563 ibid.
1667 551 1699 556 —-
1721 539 1886 571 persequitur
1915 539 2044 565 Christum
2070 541 2164 566 verita-

1526 583 1577 605 tem
1607 588 1637 606 ex
1667 582 1810 613 cupiditate
1837 583 1889 608 615
1920 584 1929 607 1
1959 597 1994 602 -
2018 585 2163 610 Simoniaca

1526 625 1641 650 haeresis
1659 625 1684 650 in
1704 626 1884 652 sacerdotibus
1902 627 2042 653 damnatur
2060 629 2110 654 274
2131 630 2164 654 2ἔὶ

1525 681 1560 687 -
1579 675 1592 693 a
1618 668 1721 695 Christo
1745 670 1883 696 eiicinntur
1909 672 1942 697 de
1965 673 2076 697 Ecclesia
2103 672 2164 698 ibid.

1527 726 1560 730 -—
1579 717 1639 738 sunt
1657 714 1842 739 sententialiter
1860 715 1894 740 de
1913 716 2024 741 Ecclesia
2045 717 2164 742 eiiciendi

1526 757 1578 781 275
1599 757 1631 782 29
1651 771 1686 776 -
1705 758 1881 790 intelliguntur
1900 766 1948 791 per
1967 761 2110 786 vendentes
2124 768 2163 786 co-

1526 800 1643 832 lumbas,
1675 809 1743 835 quae
1773 803 1922 834 significant
1951 804 2020 830 dona
2053 805 2165 836 Spiritus

1525 846 1606 871 sancti
1626 846 1677 871 274
1698 847 1739 872 25.
1759 847 1811 873 275
1831 848 1863 873 29

1579 892 1734 917 Sturttcmts
1752 905 1788 911 --
1807 891 2003 919 Ambulandum
2017 897 2056 919 est
2075 901 2163 919 coram

1525 934 1579 960 Deo
1599 935 1624 960 in
1643 935 1809 968 simplicitate
1828 936 1978 963 intentionis
2000 938 2040 963 Vll
2060 938 2088 963 41
2113 938 2164 964 134

1525 993 1558 997 --
1577 986 1591 1004 a
1613 980 1665 1005 Deo
1686 980 1802 1012 diligitur
1821 980 1883 1007 ibid.
1916 982 1966 1007 250
1988 982 2038 1007 106
2057 996 2092 1002 -
2111 990 2162 1009 non

1524 1024 1589 1049 celat
1607 1024 1694 1050 cordis
1713 1026 1833 1050 affectum
1854 1033 1901 1051 nec
1920 1027 2013 1052 refutat
2025 1028 2163 1053 consilium

1525 1068 1575 1093 250
1597 1069 1646 1094 106

1577 1126 1613 1132 -
1644 1113 1782 1146 Simplices
1813 1115 1839 1140 in
1873 1115 2014 1142 intentione
2042 1116 2165 1142 dicuntur

1524 1164 1589 1183 oves
1609 1158 1641 1183 Vl
1661 1159 1694 1184 22
1714 1166 1727 1184 a
1749 1173 1781 1177 —
1801 1159 1888 1185 cordis
1916 1164 1954 1185 cst
1982 1160 2090 1192 simplex
2111 1162 2165 1186 uni-

1525 1206 1563 1227 tas
1592 1202 1679 1228 cordis
1706 1203 1751 1228 -ttt
1779 1211 1802 1229 v.
1824 1204 1834 1228 1
1858 1218 1893 1222 -
1913 1205 2027 1236 Simplex
2047 1209 2084 1230 est
2103 1212 2162 1235 cor,

1524 1247 1632 1279 quando
1657 1254 1748 1273 omnes
1768 1251 1855 1279 partes
1874 1249 1930 1274 eins
1949 1249 1982 1274 ad
2003 1256 2083 1274 unum
2105 1249 2165 1275 sim-

1524 1291 1696 1322 plicissimum
1728 1293 1859 1323 seruntur,
1890 1293 1987 1318 scilicet
2018 1294 2050 1319 ad
2081 1294 2163 1319 Deum

1525 1334 1586 1361 ibid.
1605 1349 1641 1354 —
1661 1335 1798 1367 Simplices
1816 1343 1830 1361 a
1851 1336 1921 1362 bono
1950 1344 2029 1369 opere
2049 1342 2163 1369 cessant,

1524 1379 1608 1404 affecti
1629 1379 1714 1405 taedio
1735 1384 1842 1412 propter
1870 1381 1979 1407 multam
2003 1388 2094 1407 eorum
2121 1382 2164 1407 de-

1525 1423 1671 1455 ceptionem
1692 1424 1725 1449 95
1745 1431 1771 1449 v.
1791 1424 1807 1449 7

1577 1482 1613 1486 ——-
1633 1468 1702 1494 Deus
1721 1469 1799 1500 elegit
1811 1469 1958 1501 simplices,
1979 1474 2006 1495 ut
2021 1471 2114 1496 faceret
2126 1478 2164 1496 sa-

1526 1512 1626 1543 pientes
1646 1513 1677 1538 Vl
1697 1513 1748 1538 268
1770 1513 1815 1538 101
1840 1527 1875 1532 -
1895 1514 2031 1546 Simplices
2050 1514 2164 1540 debebat

1526 1556 1652 1582 Dominus
1676 1558 1804 1582 attrahere
1830 1565 1877 1589 per
1905 1558 2029 1584 miracula
2059 1560 2109 1584 308
2130 1560 2163 1585 33

1524 1614 1560 1619 -
1570 1600 1706 1632 Simplices
1716 1601 1891 1633 perhibebant
1904 1603 2079 1628 testimonium
2093 1603 2164 1629 Chri-

1525 1647 1564 1670 sto
1584 1644 1635 1670 415
1655 1645 1688 1670 23
1710 1660 1743 1664 -
1763 1645 1899 1678 Simplices
1913 1646 2039 1673 seducere
2058 1652 2096 1673 est
2112 1655 2164 1673 ma-

1525 1695 1575 1720 gna
1597 1689 1755 1720 perversitas
1776 1691 1815 1715 Vll
1838 1690 1888 1715 427
1909 1692 1924 1716 6

1578 1734 1714 1759 ΞηαυιΑτιο
1728 1747 1762 1752 —-
1775 1735 1886 1760 exterior
1903 1735 2031 1766 figuratur
2045 1736 2070 1761 in
2085 1737 2164 1768 vulpe

1525 1778 1567 1802 Vll
1588 1777 1638 1802 249
1661 1777 1710 1802 104
1729 1791 1765 1796 -
1783 1778 1891 1804 interior
1919 1779 2046 1811 figuratur
2075 1781 2099 1805 In
2120 1788 2164 1807 vo-

1525 1813 1595 1846 lucre
1615 1820 1647 1847 ib.
1669 1822 1719 1847 Ι105
1740 1836 1772 1840 -
1792 1825 1866 1855 sunt,
1891 1830 1958 1856 qnae
1978 1824 2087 1850 virtutes
2107 1832 2165 1856 spe·

1524 1866 1563 1891 cie
1582 1873 1639 1891 esse
1658 1873 1686 1891 se
1705 1866 1827 1892 simulant
1845 1871 1870 1892 et
1890 1868 2050 1893 mentiuntur
2063 1869 2115 1894 295
2129 1869 2162 1894 55

1524 1924 1559 1929 -
1578 1910 1747 1936 Simulatores
1774 1918 1826 1936 non
1854 1912 1988 1944 decipiunt
2007 1913 2162 1945 Dominum,

1524 1954 1571 1980 secl
1599 1955 1688 1980 fallunt
1716 1955 1871 1987 semctipsos
1900 1957 1950 1981 163
1980 1957 2030 1982 105
2050 1972 2084 1976 -
2105 1958 2160 1982 Mali

1525 2000 1672 2031 frequenter
1690 1999 1855 2025 simulatione
1874 2000 1947 2032 iungi
1970 2002 2062 2026 volunt
2087 2001 2164 2028 honis

1525 2043 1575 2068 249
1598 2044 1647 2068 103
1666 2058 1701 2061 -
1720 2044 1884 2070 Simulatoris
1905 2045 2066 2071 consortium
2087 2053 2162 2078 repu-

1525 2087 1651 2113 diandum
1672 2091 1711 2114 est
1729 2087 1761 2114 ib.
1784 2089 1834 2114 105

1576 2147 1612 2150 -
1631 2132 1799 2164 redarguitur
1820 2133 1860 2158 Vll
1882 2134 1931 2158 163
1952 2134 2003 2159 105
2021 2148 2057 2153 -
2075 2138 2114 2160 est
2138 2135 2162 2160 in

1524 2175 1647 2202 omnibns
1671 2177 1883 2209 reprehensibilis
1909 2178 1959 2203 519
1980 2178 2012 2203 56
2033 2193 2067 2196 -
2086 2179 2164 2210 potis-

1523 2221 1589 2246 sime
1618 2221 1818 2253 reprehenditur
1845 2222 1871 2246 in
1904 2222 1944 2247 his
1972 2222 2090 2254 actibus,
2117 2224 2163 2256 qui

1524 2265 1636 2290 maxime
1663 2264 1760 2290 debent
1779 2265 1835 2290 fleri
1864 2266 1887 2291 in
1907 2266 2017 2292 veritate
2045 2266 2107 2292 ibid.
2130 2282 2164 2286 —

1523 2310 1548 2334 ln
1568 2309 1694 2341 operibus
1707 2317 1758 2334 non
1775 2313 1814 2335 est
1827 2311 2023 2341 procedendum
2044 2318 2103 2336 cum
2118 2311 2163 2337 du-

1523 2354 1636 2386 plicitate
1654 2357 1680 2379 et
1701 2354 1866 2379 simulatione
1885 2355 2031 2386 hypocrisis
2058 2356 2103 2381 301
2128 2357 2162 2382 74

1576 2412 1610 2417 -
1623 2401 1661 2423 est
1674 2405 1752 2424 causa
1772 2398 1883 2424 insidiae
1896 2399 1938 2424 Yll
1954 2399 2004 2424 509
2025 2400 2058 2424 26
2073 2414 2105 2418 -
2119 2400 2162 2426 ad·

1523 2443 1635 2469 iunctam
1650 2442 1728 2468 habet
1740 2443 1908 2468 intentionem
1927 2450 2078 2475 perversam
2099 2443 2160 2470 ibid.

1522 2500 1557 2506 —
1572 2490 1633 2512 sunt
1650 2487 1790 2519 nequiores
1802 2487 1872 2512 vitiis
1885 2487 1994 2518 apertis,
2008 2488 2069 2520 quia
2083 2489 2163 2514 maio-

1522 2538 1578 2556 rem
1599 2530 1695 2556 habcnt
1714 2532 1827 2557 malitiae
1840 2532 2037 2563 perversitatem
2058 2532 2109 2557 295
2128 2532 2162 2557 55

1524 2590 1556 2594 -
1576 2576 1685 2607 Propter
1703 2576 1894 2601 simulationem
1910 2576 1939 2601 fit
1958 2576 2098 2609 iniquitatis
2118 2576 2164 2602 du-

1524 2620 1627 2652 plicatio
1647 2619 1680 2646 ib.
1701 2620 1734 2645 57

1577 2666 1675 2690 Sus-ms
1692 2678 1728 2683 —
1748 2671 1859 2696 granum
1879 2665 1904 2690 in
1924 2672 1952 2690 se
1965 2668 2003 2690 est
2021 2665 2164 2698 quantitate

1523 2716 1650 2741 parvum,
1670 2709 1792 2734 acumine
1811 2709 1942 2735 fervidum
1962 2713 1987 2735 et
2006 2709 2165 2735 incremento

1524 2760 1650 2785 magnum
1673 2753 1714 2778 Vll
1729 2752 1780 2778 430
1802 2753 1833 2778 14
1848 2767 1882 2771 -
1895 2760 2005 2784 granum
2023 2757 2061 2778 est
2081 2753 2164 2779 modi-

1523 2803 1583 2822 cum
1604 2797 1673 2822 mole
1691 2800 1716 2822 et
1735 2803 1863 2828 magnum
1884 2797 1908 2822 in
1927 2797 2023 2822 virtute
2041 2798 2098 2822 sive
2118 2799 2165 2823 set·-

1523 2847 1587 2865 vore
1607 2841 1658 2865 346
1678 2841 1711 2865 38

1576 2898 1611 2902 -
1630 2887 1737 2916 propter
1751 2885 1936 2916 proprietatem
1950 2885 2107 2910 assimilatur
2120 2892 2165 2910 no·

1522 2928 1592 2953 titiae
1610 2928 1726 2953 veritatis
1745 2928 1786 2953 Vll
1807 2928 1858 2953 346
1879 2928 1912 2953 37
1931 2943 1965 2946 -
1984 2928 2032 2953 Per
2051 2935 2163 2959 granum

1521 2972 1620 3004 sinapis
1632 2972 1783 3003 intelligitur
1805 2971 1878 2997 liberi
1898 2971 1996 2997 arbitrii
2016 2972 2164 3003 cooperatio

1522 3018 1649 3049 quantum
1678 3015 1711 3041 ad
1740 3016 1916 3047 captivitatem
1942 3015 2096 3045 intellectus,
2124 3022 2164 3041 ac-

1523 3060 1610 3085 censio
1628 3060 1736 3085 afl'ectus
1760 3064 1785 3085 et
1813 3059 1952 3085 multitudo
1972 3059 2034 3085 boni
2056 3060 2164 3085 effectus

1524 3103 1574 3128 430
1596 3103 1628 3128 14
1641 3117 1676 3122 -
1699 3110 1810 3134 granum
1834 3107 1941 3135 propter
1960 3110 2034 3128 suam
2052 3103 2164 3134 parvita-

1523 3151 1574 3172 tem
1589 3147 1717 3178 signiflcat
1729 3147 1808 3172 fldem
1822 3145 1884 3172 ibid.
1896 3161 1931 3165 —
1944 3146 2072 3178 significat
2083 3146 2162 3171 fidem

1523 3190 1701 3222 proficientem
1722 3190 1772 3215 347
1793 3190 1826 3215 40
1839 3203 1874 3209 -—
1892 3190 1987 3215 dicitur
2006 3196 2105 3215 venena
2121 3197 2164 3215 ex—

1524 3234 1619 3266 pellere
1638 3234 1689 3259 346
1704 3234 1736 3259 38

1579 3278 1671 3303 smnus
1685 3292 1716 3296 —
1730 3277 1829 3303 munda
1847 3278 2092 3304 convenientifflima
2109 3281 2165 3302 erat

1527 3321 1597 3347 carni
1620 3321 1712 3347 Christi
1735 3322 1778 3347 Vll
1801 3321 1852 3347 584
1875 3321 1908 3347 64
1933 3336 1968 3340 -
1993 3321 2119 3353 figuratur
2138 3321 2164 3346 in
