2476 3921
148 564 179 585 De
193 563 281 584 advoca-

136 591 193 612 tione
201 589 281 616 simpli-

136 618 191 638 cium
198 619 285 643 tangun-

137 646 172 664 tur
186 643 235 664 duo.

176 828 278 849 Primum.

148 1465 285 1492 Simplicitas.

167 1679 288 1700 numitius.

141 1892 193 1913 Tres
200 1892 293 1913 rationes

161 1921 277 1940 moventes.

300 254 364 287 250

299 344 346 374 est
376 341 440 372 Deo
463 342 494 372 et
524 336 721 375 hominibus,
746 334 919 368 secundum
953 333 1031 366 illud
1051 326 1255 366 Ecclesiastici

300 394 447 435 vigesimo
471 391 595 434 quinto:
621 400 636 418 (ι
654 390 730 422 Tres
754 387 873 430 species
895 387 993 420 odivit
1008 386 1112 419 anima
1134 395 1204 418 mea
1219 398 1255 418 »ε

305 460 320 475 «
337 447 507 487 Pauperem
531 443 703 486 superbum
722 455 737 471 n
765 445 824 474 etc.

390 499 461 531 106.
487 498 586 539 (Vers.
614 496 690 536 59).
716 495 773 527 Ait
796 498 906 527 autem
931 493 977 526 ad
1000 493 1153 525 alterum.
1186 492 1257 525 Post

299 551 508 594 repulsionem
532 549 705 592 duplicium
729 548 876 581 subditur
901 547 952 580 hic
976 546 1150 579 advocatio
1176 545 1257 578 sim-

298 605 454 648 plicium,
484 603 568 636 circa
598 610 694 644 quam
724 601 788 633 duo
819 600 1084 633 introducuntur:
1118 598 1256 640 primum

298 663 345 692 est
367 657 493 690 vocatio
518 655 698 689 innocentis
705 666 717 693 ;
741 654 914 687 secundum
931 656 979 686 est
1002 652 1144 685 eruditio
1165 651 1257 693 19ηο-

298 712 416 744 rantis.

387 765 526 797 Primum
552 763 648 805 igitur
672 764 827 804 quantum
851 760 889 793 ad
914 759 1096 792 innocentis
1119 757 1259 791 vocatio-

299 829 369 852 nem
394 818 523 850 dicitur:
551 816 606 849 Ait
629 819 740 848 autem
765 815 810 847 acl
834 814 996 847 alterum:
1023 813 1161 856 Sequere
1192 821 1258 850 me,

298 873 379 905 sicut
401 867 492 913 filius
513 873 663 912 patrem;
687 868 835 901 Ieremiae
859 867 952 900 tertio
966 867 991 898 ¹:
1023 879 1038 895 «
1055 866 1177 898 Patrem
1205 873 1259 897 vo-

298 926 382 959 cabis
405 934 455 957 me
479 927 510 957 et
533 927 602 966 post
626 931 675 955 me
699 921 819 964 ingredi
836 930 898 953 non
922 920 1057 953 cessabis
1072 933 1104 951 ».
1129 918 1184 952 Vel
1200 918 1259 951 sic-

298 982 334 1012 ut
357 977 543 1019 discipulus
566 976 787 1018 mayistrum,
805 974 887 1007 sicut
909 973 990 1006 dixit
1012 972 1164 1005 Dominus
1186 971 1260 1003 ado-

299 1031 426 1065 lescenti
450 1030 616 1063 consilium
648 1028 811 1071 quaerenti
837 1026 983 1060 Matthaei
1015 1026 1136 1059 decimo
1159 1034 1258 1057 nono:

305 1084 365 1116 «Si
392 1083 438 1116 vis
468 1083 627 1125 perfectus
651 1090 736 1121 esse,
769 1080 862 1120 vade,
894 1079 994 1113 vende
1024 1078 1146 1117 omnia,
1178 1086 1261 1120 quae

300 1137 411 1175 habes,
436 1139 467 1169 et
489 1136 529 1168 da
552 1135 762 1177 pauperibus;
787 1137 818 1167 et
846 1133 915 1166 veni
941 1136 972 1166 et
996 1140 1130 1174 sequere
1154 1140 1204 1164 me
1229 1144 1259 1162 ».

301 1191 336 1223 Et
359 1191 444 1223 hunc
466 1190 633 1223 discretive
649 1188 793 1227 vocabat,
818 1188 900 1221 sicut
917 1187 1058 1225 Petrum,
1075 1185 1197 1219 loannis
1213 1185 1261 1218 ul-

300 1244 393 1277 timo:
424 1256 439 1272 «
456 1244 503 1276 Tu
530 1251 578 1275 me
602 1251 736 1284 sequere
752 1255 782 1273 ».
808 1260 851 1264 -—
875 1240 912 1273 Et
935 1240 1094 1282 signanter
1118 1238 1263 1271 alterum

300 1297 389 1335 (licit,
406 1296 480 1339 quia
496 1295 627 1328 alterius
643 1298 712 1327 erat
727 1293 952 1335 dispositionis;
975 1295 1044 1325 erat
1060 1295 1165 1324 autem
1182 1290 1262 1323 sim-

299 1350 374 1392 plex
398 1352 430 1383 et
446 1349 599 1387 humilis;
615 1348 654 1381 ad
674 1347 758 1390 quod
775 1346 1002 1388 designandum
1026 1344 1182 1386 adiungit:
1208 1343 1264 1376 Ille

303 1409 413 1436 autem
433 1403 536 1436 az'oez't:
557 1402 708 1440 Domine,
723 1400 874 1443 permitte
897 1398 981 1432 milii
993 1399 1145 1441 primum
1170 1397 1219 1430 ire
1235 1400 1265 1429 et

303 1457 437 1499 sepelire
465 1460 597 1498 patrem
628 1464 761 1492 meum;
793 1454 823 1486 in
857 1462 921 1495 quo
949 1455 1080 1494 apparet
1107 1450 1263 1493 puritas,

304 1510 379 1552 quia
398 1518 460 1542 non
484 1508 603 1541 celabat
623 1507 727 1540 cordis
749 1506 911 1544 affectum,
931 1514 993 1538 non
1018 1504 1175 1537 refutabat
1192 1513 1265 1536 con-

305 1563 419 1596 silium.
444 1561 530 1595 Unde
555 1560 732 1593 Isidorus²z
763 1572 778 1587 «
802 1559 868 1591 Non
893 1558 1014 1601 respuit
1037 1567 1105 1590 esse
1128 1557 1266 1599 discipu-

305 1617 372 1655 lus,
397 1615 451 1648 sed
467 1615 594 1656 expleta
617 1613 731 1655 pietate
748 1612 869 1654 paterni
893 1611 1028 1650 funeris,
1045 1611 1114 1643 vult
1137 1610 1266 1643 liberior

305 1669 441 1711 sequi».
467 1669 602 1709 Apparet
625 1665 813 1704 humilitas,
838 1664 913 1706 quia
936 1668 1063 1696 mortuo
1093 1664 1174 1705 patri
1207 1663 1266 1695 im-

305 1722 441 1765 pendere
465 1721 588 1753 volebat
612 1719 817 1761 obsequium,
843 1718 934 1750 iuxta
958 1717 1035 1750 illud
1061 1716 1265 1749 Ecclesiastici

307 1775 442 1809 tertio-²¹:
473 1788 488 1803 «
505 1774 564 1816 Qui
589 1773 678 1805 timet
701 1772 867 1805 Dominum
890 1772 1023 1804 honorat
1047 1773 1211 1812 parentes,
1235 1773 1267 1803 et

306 1829 393 1872 quasi
419 1828 552 1861 dominis
573 1827 688 1860 serviet
713 1826 762 1859 his
781 1825 835 1867 qui
861 1834 893 1857 se
910 1828 1103 1867 genuerunt,
1124 1823 1156 1856 in
1172 1832 1267 1865 opere

304 1887 335 1916 et
351 1891 494 1916 sermone
518 1885 549 1914 et
565 1880 648 1913 omni
674 1880 864 1922 patientia».
883 1878 925 1911 Ad
949 1879 1008 1911 hoc
1032 1881 1137 1910 autem
1159 1886 1266 1910 move-

305 1937 357 1969 bat
381 1944 453 1968 eum
486 1934 667 1967 obedientia
700 1933 807 1965 divini
827 1932 1020 1975 praeeepti;
1052 1931 1149 1963 Exodi
1184 1931 1267 1973 vig'e-

306 1989 435 2022 sim04:
473 2001 488 2016 «
505 1988 627 2020 Honora
662 1990 783 2028 patrem
820 1989 910 2018 tuum
932 1998 968 2024 »;
998 1985 1143 2017 movebat
1173 1984 1267 2017 etiam

306 2041 474 2075 clementia
498 2040 606 2073 animi
614 2052 625 2078 ;
650 2040 782 2082 sepelire
805 2039 887 2072 enim
913 2042 1076 2071 mortuum
1108 2046 1189 2080 opus
1221 2040 1269 2070 est

306 2095 552 2133 misericordiae,
577 2094 615 2127 de
643 2103 707 2136 qua
730 2093 967 2126 commendatur
992 2092 1122 2131 Tobias,
1147 2091 1266 2133 primo:

313 2162 327 2178 «
344 2149 421 2182 Cum
446 2148 602 2181 occideret
625 2156 685 2180 rex
709 2147 826 2179 multos
849 2146 887 2179 de
919 2146 990 2179 filiis
1015 2146 1124 2185 lsrael,
1156 2145 1269 2178 Tobias

308 2203 476 2245 sepeliebat
499 2211 633 2243 corpora
656 2210 766 2234 eorum
785 2212 819 2239 »;
843 2200 989 2233 movebat
1012 2200 1106 2233 etiam
1134 2208 1269 2231 eonsue-

309 2255 386 2287 tudo
412 2254 612 2292 laudabilis,
637 2252 810 2286 secundum
836 2252 913 2284 illud
938 2251 1142 2285 Ecclesiastici
1174 2251 1269 2294 trige-

309 2308 388 2341 simo
422 2311 549 2340 octavo:
579 2320 594 2335 α
620 2306 652 2338 ln
681 2308 844 2338 mortuum
880 2305 1000 2347 produc
1035 2305 1206 2347 lacrymas,
1238 2307 1270 2337 et

309 2360 399 2403 quasi
423 2360 493 2394 dira
515 2367 644 2401 passus,
669 2358 771 2400 incipe
795 2358 937 2399 plorare,
961 2361 992 2391 et
1023 2358 1197 2391 secundum
1221 2358 1269 2391 iu-

309 2414 426 2446 dicium
451 2415 579 2454 contege
602 2421 719 2453 corpus
742 2411 827 2444 illius
850 2414 881 2444 et
904 2421 966 2444 non
989 2411 1142 2454 despicias
1165 2411 1270 2454 sepul-

310 2470 414 2499 turam
439 2466 565 2498 illius».
591 2465 676 2498 Unde
693 2467 837 2506 apparet,
862 2464 947 2506 quod
971 2473 1033 2497 non
1049 2464 1130 2497 dixit
1153 2465 1213 2498 hoc
1229 2473 1270 2497 ex

310 2518 506 2558 carnalitate,
523 2518 577 2551 sed
593 2527 634 2550 ex
654 2517 789 2560 quadam
813 2517 927 2559 pietate
943 2520 974 2549 et
998 2517 1189 2556 humilitate,
1213 2517 1272 2550 sic-

899 245 1093 278 COMMENT.
1119 245 1155 277 IN
1179 244 1418 277 EVAIIGELIUM
1444 242 1561 276 LUCAE
1585 242 1617 274 C.
1643 242 1691 274 IX.

1321 334 1358 364 ut
1389 331 1509 364 Eliseus
1539 330 1621 363 dixit
1647 330 1727 363 Eliae
1759 329 1842 362 tertii
1868 329 1986 371 Regum
2010 329 2130 362 decimo
2154 329 2282 362 nono⁵:

1326 398 1341 413 ιι
1358 384 1500 423 Osculer‚
1524 393 1596 422 orn,
1620 387 1741 425 patrem
1767 391 1873 416 meum
1897 386 1929 415 et
1952 385 2086 415 matrem
2110 391 2228 421 meam,
2252 386 2284 415 et

1321 439 1366 471 sic
1389 447 1504 480 sequar
1530 441 1559 470 te
1576 451 1606 469 n.

1414 493 1485 524 107.
1504 492 1605 532 (Vers.
1625 492 1701 531 60.).
1719 490 1862 523 Secundo
1878 498 1954 523 vero
1970 492 2124 532 quantum
2141 489 2180 522 ad
2196 489 2285 532 i9no-
2303 495 2430 519 secundum.
2460 465 2461 507 J

1322 545 1432 578 rantis
1455 545 1673 577 eruditionem
1697 543 1861 577 subditur:
1889 542 2043 586 Dixitque
2066 542 2116 575 illi
2130 542 2143 562 θ
2173 543 2283 575 lesus:

1323 598 1415 637 Sine,
1432 603 1469 630 ut
1488 598 1615 630 mortui
1633 596 1791 639 sepeliant
1810 600 1961 628 mortuos
1980 604 2069 627 suos.
2092 595 2124 627 ln
2140 604 2204 637 quo
2221 595 2284 637 pri-
2303 601 2400 624 Eruditio
2414 602 2432 624 t.

1322 660 1374 683 mo
1396 651 1502 683 erudit
1525 660 1599 683 eum
1623 653 1838 692 peccatorum
1869 648 2072 681 consortium
2096 647 2285 686 declinare;

1323 713 1395 736 nam
1427 704 1554 736 mortui
1589 706 1740 736 vocantur
1772 702 1824 735 hic
1855 705 2035 744 peccatores
2065 705 2096 734 et
2127 701 2285 740 infideles3

1323 757 1408 790 unde
1431 757 1470 790 ad
1491 757 1640 799 Ephesios
1656 756 1807 789 secundo:
1834 768 1849 784 α
1867 755 1927 788 Vos
1946 764 2018 788 cum
2040 755 2149 788 essetis
2169 754 2286 787 mortui

1324 811 1356 843 in
1387 810 1508 844 delictis
1531 814 1562 843 et
1594 810 1729 852 peccatis
1761 809 1891 848 vestris,
1916 809 1947 841 in
1979 808 2096 850 quibus
2119 807 2287 850 aliquando

1324 864 1510 897 ambulastis
1527 877 1557 896 ».
1579 863 1700 896 Talium
1721 862 1913 895 consortium
1930 861 2138 895 deserendum
2156 864 2204 894 est
2218 861 2288 894 viro

1325 922 1447 957 sancto,
1472 917 1645 951 secundum
1670 916 1746 949 illud
1773 914 1975 948 Ecclesiastici
2007 915 2128 947 decimo
2152 914 2287 947 tertio'1:

1330 984 1346 1000 ιι
1362 971 1449 1013 Quae
1472 969 1715 1004 communicatio
1738 969 1856 1002 homini
1882 971 1989 1001 sancto
2004 968 2052 1000 ad·
2066 977 2174 1001 canem
2191 972 2234 1000 n?
2258 969 2290 1002 id

1325 1027 1373 1058 est
1396 1025 1435 1057 ad
1459 1027 1654 1067 peccatorem
1679 1026 1711 1055 et
1734 1022 1901 1055 infidelem.
1927 1021 2013 1054 Unde
2044 1025 2289 1064 quantumcum—

1325 1087 1389 1120 que
1412 1078 1452 1110 sit
1476 1077 1681 1116 coniunctus,
1705 1079 1809 1108 tamen
1830 1074 2037 1114 deserendus,
2062 1074 2200 1108 maxime
2217 1084 2289 1108 cum

1326 1131 1457 1173 impedit
1481 1131 1608 1163 bonum.
1634 1129 1720 1162 Unde
1744 1128 1978 1162 Deuteronomii
2003 1128 2163 1171 trigesimo
2178 1128 2289 1162 tertio:

1331 1198 1347 1213 «
1364 1184 1422 1226 Qui
1448 1183 1566 1217 dixerit
1590 1183 1671 1225 patri
1697 1192 1755 1215 suo
1778 1185 1809 1215 et
1832 1182 1925 1214 matri
1954 1191 2047 1215 suae:
2072 1182 2181 1215 Nescio
2213 1191 2289 1222 vos;

1326 1241 1358 1271 et
1381 1237 1550 1270 fratribus:
1578 1237 1689 1278 lgnoro
1720 1235 1806 1274 illos;
1832 1235 1863 1268 hi
1889 1238 1964 1268 sunt
1994 1235 2047 1278 qui
2073 1235 2292 1268 custodierunt

1327 1290 1443 1323 iudicia
1467 1293 1538 1329 tua,
1563 1299 1581 1322 o
1607 1289 1710 1328 Iacob,
1735 1292 1766 1321 et
1790 1288 1891 1331 legem
1915 1292 2020 1327 tuam,
2045 1297 2063 1320 o
2089 1288 2229 1321 lsrael».

1422 1344 1493 1376 108.
1521 1343 1630 1376 Erudit
1649 1343 1743 1375 etiam
1766 1351 1854 1382 eum,
1872 1342 2007 1375 minora
2032 1341 2117 1374 bona
2137 1352 2202 1384 pro
2219 1351 2292 1375 ma-

1330 1397 1458 1430 ioribus
1479 1396 1706 1439 postponenda
1731 1406 1821 1434 esse;
1845 1396 1930 1429 unde
1953 1395 2160 1428 Ambrosius⁸
2184 1396 2291 1436 docet,

1335 1464 1350 1480 «
1367 1452 1490 1484 minora
1513 1451 1595 1483 bona
1617 1460 1676 1492 pro
1707 1450 1842 1483 utilitate
1865 1449 2021 1482 maiorum
2051 1458 2119 1482 esse
2151 1453 2292 1492 praeter-

1331 1504 1491 1537 mittenda.
1517 1504 1615 1536 Maius
1638 1507 1686 1536 est
1716 1503 1799 1536 enim
1823 1503 1942 1536 animas
1973 1506 2174 1535 mortuorum
2203 1512 2293 1545 prae-

1330 1557 1462 1590 dicando
1486 1557 1654 1596 suscitare,
1679 1566 1773 1599 quam
1798 1565 1914 1598 corpus
1932 1556 2048 1589 mortui
2074 1556 2104 1589 in
2130 1559 2217 1589 terra
2239 1556 2294 1589 ab-

1332 1611 1482 1644 scondere
1498 1624 1528 1642 ».
1546 1630 1589 1634 —
1607 1611 1642 1643 Et
1659 1614 1827 1652 propterea
1850 1610 1973 1642 subdit:
2005 1610 2054 1642 Tu
2078 1613 2188 1642 autem
2212 1610 2295 1642 vade

1331 1670 1359 1697 et
1383 1664 1551 1697 annuntia
1575 1673 1716 1706 reynum
1752 1663 1809 1695 Dei
1816 1674 1827 1700 ;
1855 1663 1944 1704 quasi
1978 1662 2077 1695 dicat:
2104 1663 2209 1695 minus
2239 1662 2295 1695 bo-

1331 1727 1408 1750 num
1433 1726 1491 1759 pro
1515 1716 1624 1748 maiori
1649 1715 1840 1754 intermitte,
1865 1715 1956 1748 iuxta
1979 1715 2064 1757 quod
2087 1715 2203 1748 dicitur
2231 1715 2295 1757 pri-

1332 1780 1403 1803 mae
1425 1771 1464 1803 ad
1488 1769 1688 1802 Timotheum
1719 1772 1834 1810 quarto
1848 1768 1878 1800 ⁹:
1908 1781 1924 1797 α
1943 1769 2062 1801 Exerce
2093 1768 2295 1810 temetipsum

1331 1824 1371 1857 ad
1394 1824 1551 1866 pietatem.
1576 1823 1652 1855 Nam
1676 1822 1849 1864 corporalis
1865 1822 2051 1855 exercitatio
2074 1822 2110 1854 ad
2138 1822 2295 1855 modicum

1333 1877 1420 1910 utilis
1443 1880 1521 1910 est»
1547 1880 1606 1909 etc.
1629 1876 1674 1908 Ex
1698 1885 1762 1918 quo
1790 1879 1937 1917 apparet,
1962 1875 2047 1918 quod
2078 1884 2175 1918 opera
2198 1875 2296 1917 pieta-

1333 1931 1373 1963 tis
1397 1929 1569 1973 spiritualis
1593 1930 1720 1962 omnino
1751 1929 1926 1962 secundum
1950 1929 2136 1962 sententiam
2159 1928 2294 1971 Apostoli

1333 1988 1365 2017 et
1388 1983 1509 2016 Domini
1535 1986 1609 2016 sunt
1640 1983 1858 2025 corporalibus
1887 1983 2038 2025 operibus
2069 1982 2294 2025 anteponenda.

1334 2037 1484 2079 Quamvis
1518 2037 1600 2069 enim
1638 2036 1761 2079 pietatis
1798 2046 1947 2079 magnum
1979 2036 2020 2069 sit
2051 2045 2132 2078 opus
2163 2036 2297 2078 sepelire

1333 2094 1513 2130 mortuum,
1537 2094 1568 2123 et
1592 2091 1652 2123 hoc
1677 2094 1796 2132 patrem
1822 2090 2002 2132 proprium;
2025 2092 2128 2122 tamen
2152 2089 2297 2123 Christus

1334 2144 1413 2183 vult,
1427 2153 1485 2186 pro
1502 2143 1743 2186 praedicationis
1762 2142 1865 2176 officio
1886 2151 1954 2176 esse
1973 2142 2205 2175 dimittendum.
2223 2142 2298 2174 Pro-

1335 2200 1404 2239 pter
1428 2197 1512 2239 quod
1536 2196 1682 2230 dicebant
1705 2196 1839 2238 Apostoli
1864 2196 1998 2228 Actuum
2022 2198 2113 2228 sexto
2132 2195 2213 2227 ¹⁰:·«
2229 2195 2296 2227 Non

1334 2254 1382 2284 est
1412 2259 1568 2293 aequum,
1594 2259 1650 2283 nos
1681 2249 1902 2292 derelinquere
1933 2249 2067 2282 verbum
2098 2248 2153 2281 Dei
2186 2252 2217 2281 et
2239 2248 2298 2281 mi-

1334 2304 1470 2337 nistrare
1494 2303 1611 2337 mensis
1627 2317 1658 2335 ».
1683 2303 1842 2345 Quantum
1875 2302 1959 2335 enim
1983 2302 2086 2335 anima
2109 2302 2220 2335 melior
2251 2304 2299 2335 est

1335 2366 1484 2400 corpore,
1510 2360 1631 2390 tantum
1656 2356 1770 2390 melius
1793 2359 1840 2390 est
1863 2356 1999 2389 animam
2024 2364 2152 2398 pascere
2176 2355 2299 2398 praedi-

1335 2411 1434 2444 cando
1457 2419 1552 2453 quam
1580 2419 1697 2452 corpus
1728 2410 1876 2443 alimenta
1899 2409 2126 2448 ministrand03
2152 2409 2202 2442 vel
2233 2418 2298 2441 ma-

1336 2465 1440 2504 xime,
1464 2465 1539 2506 quia
1563 2464 1671 2506 plures
1693 2468 1768 2497 sunt
1791 2463 1892 2496 idonei
1918 2462 1957 2496 ad
1981 2463 2176 2505 sepulturam
2208 2471 2299 2504 prae-

1336 2517 1470 2550 bendam
1494 2526 1590 2559 quam
1614 2517 1651 2549 ad
1676 2517 1810 2550 dandam
1840 2516 2026 2550 doctrinam.
2051 2515 2137 2549 Unde
2161 2514 2297 2558 Apostoli

384 2743 392 2758 ¹
415 2745 487 2769 Vers.
509 2744 550 2769 19.
565 2758 596 2762 -
612 2744 670 2769 Duo
689 2750 762 2776 seqq.
783 2743 831 2768 loci
851 2745 911 2768 sunt
930 2742 1017 2767 Matth.
1040 2742 1086 2772 191
1101 2742 1144 2767 21.
1163 2744 1189 2767 et
1204 2742 1274 2767 ioan.

313 2790 362 2820 21,
381 2789 423 2814 22.
443 2802 478 2808 —-
498 2788 606 2813 lnterius
625 2795 674 2820 pro
692 2787 831 2814 discretive
852 2787 908 2812 Vat.
928 2785 1058 2812 distincte.

384 2831 394 2847 ¹
415 2832 496 2858 Etiam
517 2832 593 2858 Card.
607 2832 683 2864 llugo
703 2835 728 2857 et
740 2832 874 2857 Gorranus
887 2831 986 2857 lsidoro
1000 2830 1118 2856 tribuunt
1137 2831 1204 2855 hanc
1217 2837 1276 2855 sen—

315 2877 435 2908 tentiam,
454 2883 534 2909 quam
555 2876 659 2902 exhibet
677 2877 767 2902 Glossa
787 2875 969 2903 interlinearis
986 2875 1010 2901 in
1032 2875 1117 2901 Matth.
1138 2875 1167 2906 8,
1188 2874 1230 2900 21.
1250 2877 1275 2899 et

315 2920 428 2946 insinuat
446 2921 536 2946 Glossa
555 2919 698 2946 ordinaria
713 2920 794 2952 (apud
812 2920 955 2952 Lyranum)
970 2919 995 2945 in
1016 2920 1077 2945 Luc.
1099 2920 1129 2949 9,
1149 2918 1192 2943 59.
1205 2918 1275 2943 Glos-

315 2971 360 2990 sae
379 2957 528 2996 praedictae
547 2968 649 2990 sumtae
668 2968 728 2990 sunt
746 2972 777 2990 ex
797 2963 882 2991 Bedae
894 2963 1090 2990 Commentario
1111 2963 1136 2988 in
1155 2963 1227 2988 locos
1241 2962 1276 2986 al-

317 3008 424 3040 legatos.
443 3007 507 3034 Cod.
522 3009 543 3033 H
563 3008 625 3040 legit
639 3007 714 3034 Unde
726 3007 900 3040 Ambrosius,
923 3008 968 3041 qui
991 3008 1054 3040 (Vll.
1075 3008 1099 3032 in
1113 3007 1175 3032 Luc.
1194 3014 1218 3032 n.
1233 3006 1276 3031 34.

316 3055 341 3077 et
361 3052 413 3085 ti.)
435 3056 520 3078 tamen
545 3059 598 3078 non
624 3053 658 3078 ita
679 3060 815 3084 expresse,
836 3053 903 3078 sicut
927 3052 1011 3084 Beda,
1032 3054 1098 3078 hanc
1122 3051 1274 3077 sententiam

318 3097 450 3128 proponit.
474 3097 532 3122 Vat.
551 3097 646 3122 omittit
669 3096 741 3123 Unde
760 3096 888 3123 Isidorus.

388 3138 398 3154 ⁸
419 3141 493 3166 Vers.
512 3142 536 3166 8.
556 3144 582 3166 et
600 3142 623 3166 9.

387 3184 399 3199 ⁴
418 3186 492 3210 Vers.
518 3186 558 3211 12,
578 3199 613 3205 -
632 3186 689 3212 Duo
709 3193 782 3219 seqq.
802 3186 851 3211 loci
873 3189 933 3212 sunt
953 3185 1020 3211 Tob.
1043 3187 1071 3216 1,
1092 3186 1133 3211 21.
1154 3188 1180 3211 et
1200 3185 1276 3211 Eccli.

319 3230 365 3260 38,
387 3230 428 3255 ⁴6.

389 3272 399 3286 ⁵
420 3275 493 3299 Vers.
517 3275 558 3299 20.
579 3289 613 3294 —
633 3274 768 3305 Ambros.,
794 3275 843 3299 Vll.
871 3274 895 3299 in
921 3275 983 3300 Luc.
1008 3281 1034 3299 n.
1058 3274 1106 3299 33:
1131 3274 1180 3306 Qui
1200 3280 1277 3305 repu-

318 3318 437 3344 diaverat
457 3318 649 3344 fraudulentum
669 3318 747 3350 elegit
766 3318 928 3344 innocentem
949 3319 1052 3344 dicens:
1072 3318 1189 3352 Sequere
1207 3324 1276 3344 me...

320 3360 387 3387 Vide
405 3362 497 3394 igitur,
522 3362 583 3395 quia
604 3363 731 3388 Dominus
755 3369 823 3395 quos
843 3363 980 3388 miseratur
999 3362 1076 3388 etiam
1096 3361 1277 3394 imprudentes

319 3406 432 3432 advocat
451 3409 476 3431 et
504 3407 643 3438 postulantl
670 3410 795 3439 paternae
822 3406 926 3432 veniam
955 3407 1105 3438 sepulturae
1129 3406 1276 3438 respondit:

1339 2740 1417 2772 Sine,
1437 2740 1540 2766 mortui
1554 2740 1685 2774 sepeliant
1705 2744 1753 2766 etc.
1773 2754 1808 2759 -—
1828 2740 1956 2772 Superius
1975 2747 2024 2772 pro
2043 2739 2194 2766 humilitate
2213 2740 2232 2765 B
2252 2739 2299 2766 hu-

1339 2784 1477 2811 munitate.

1409 2827 1420 2842 Β
1441 2829 1564 2860 Vulgata,
1584 2835 1663 2861 quam
1685 2829 1704 2853 ll
1725 2831 1750 2853 et
1768 2828 1826 2853 Vat.
1847 2830 2005 2860 sequuntur,
2024 2827 2056 2854 ei.
2076 2841 2111 2846 —
2130 2827 2247 2854 Subinde
2267 2828 2299 2854 al-

1339 2873 1441 2904 legatur
1465 2874 1529 2904 Eph.
1553 2874 1584 2903 2,
1605 2873 1628 2897 t.
1657 2879 1712 2905 seq.
1740 2872 1848 2903 Vulgata
1869 2875 1894 2896 et
1924 2872 1981 2896 Vat.
2009 2874 2069 2903 post
2097 2870 2201 2898 mortui
2226 2872 2299 2898 omit-

1340 2920 1393 2942 tunt
1417 2917 1464 2949 in,·
1484 2918 1529 2942 cfr.
1549 2916 1602 2942 Col.
1623 2917 1652 2947 2,
1674 2917 1714 2942 13.

1411 2959 1421 2974 ⁷
1444 2962 1517 2987 vers.
1537 2962 1578 2986 22.
1599 2961 1650 2986 (Isr.
1671 2961 1697 2986 ll.
1717 2960 1776 2986 Cor.
1790 2961 1821 2992 6,
1841 2960 1883 2986 it.
1896 2968 1951 2993 seq.
1966 2974 2000 2979 —
2014 2960 2137 2993 Sequitur
2156 2960 2230 2986 Deut.
2251 2961 2299 2993 33,

1340 3006 1365 3030 9.
1389 3007 1428 3030 10.
1448 3019 1483 3024 -
1502 3005 1639 3036 Ambros,
1659 3005 1710 3030 Vll.
1731 3005 1758 3030 in
1777 3005 1839 3030 Luc.
1853 3012 1878 3030 n.
1894 3004 1936 3030 ti:
1950 3004 2001 3029 Nec
2014 3007 2153 3030 revocatur
2166 3003 2200 3029 ab
2212 3004 2299 3030 officio

1340 3050 1421 3081 patris
1441 3050 1522 3080 illius,
1543 3050 1588 3075 sed
1609 3050 1692 3075 tidelis
1711 3057 1725 3075 a
1745 3049 1837 3081 perfidi
1858 3048 2045 3075 communione
2062 3049 2214 3074 secernitur.

1411 3092 1422 3107 ³
1441 3093 1522 3120 Cuius
1546 3094 1671 3120 sententia
1692 3094 1756 3127 (Vll.
1782 3094 1808 3119 in
1833 3094 1895 3119 Luc.
1920 3100 1946 3118 n.
1972 3092 2028 3125 34.)
2049 3092 2185 3118 exhibetur
2210 3099 2300 3118 secun-

1340 3138 1404 3164 dum
1425 3138 1541 3164 Glossam
1562 3137 1733 3165 ordinariam
1758 3138 1800 3171 (ex
1824 3137 1904 3170 Beda)
1930 3136 2003 3169 apud
2028 3137 2160 3169 Lyranum
2187 3137 2213 3162 in
2238 3137 2299 3162 Luc.

1341 3183 1371 3215 9,
1392 3183 1434 3208 59.

1412 3225 1423 3240 ⁹
1443 3228 1516 3252 Vers.
1536 3227 1562 3252 7.
1585 3230 1610 3253 et
1630 3228 1654 3252 8.

1362 3305 1364 3308 Ι
1413 3270 1435 3285 ¹⁰
1456 3272 1521 3297 Vors
1550 3273 1574 3297 2.
1589 3285 1623 3291 ——
1637 3271 1763 3304 Superius
1784 3278 1831 3303 pro
1852 3269 1981 3303 Quamvis
2000 3269 2097 3296 enim...
2118 3271 2208 3296 tamen
2227 3268 2301 3295 Chr-i-

1341 3317 1399 3343 stus
1420 3316 1468 3348 (ita
1490 3316 1510 3341 Α
1522 3316 1553 3349 D)
1573 3316 1614 3341 alii
1634 3315 1710 3341 codd.
1725 3319 1750 3340 et
1770 3315 1828 3341 Vat.
1843 3314 1922 3347 Quod
1941 3313 2040 3346 (Quid,
2060 3314 2094 3339 ita
2108 3314 2140 3347 G)
2159 3313 2231 3340 enim
2247 3312 2300 3347 pie-

1342 3360 1404 3388 tatis
1423 3360 1513 3387 maius
1534 3361 1566 3393 (H
1585 3360 1685 3394 mayis)
1706 3366 1789 3394 opus,
1809 3366 1892 3393 quam
1910 3358 2021 3393 sepelire
2033 3359 2189 3390 mortuum,
2209 3359 2234 3384 et
2252 3357 2301 3384 hoc

1338 3407 1447 3440 patrem
1463 3404 1630 3439 proprium?
1653 3404 1685 3431 Et
1703 3405 1792 3430 tamen
1812 3403 1944 3430 Christus.

2310 1344 2407 1367 Eruditio
2419 1345 2438 1367 2.

2315 1878 2442 1901 Notandum.
