<?xml version="1.0" encoding="UTF-8"?>
<!DOCTYPE html PUBLIC "-//W3C//DTD XHTML 1.0 Transitional//EN"
    "http://www.w3.org/TR/xhtml1/DTD/xhtml1-transitional.dtd">
<html xmlns="http://www.w3.org/1999/xhtml" xml:lang="en" lang="en">
 <head>
  <title>
</title>
<meta http-equiv="Content-Type" content="text/html;charset=utf-8" />
  <meta name='ocr-system' content='tesseract 3.04.00' />
  <meta name='ocr-capabilities' content='ocr_page ocr_carea ocr_par ocr_line ocrx_word'/>
</head>
<body>
  <div class='ocr_page' id='page_1' title='image "./doctorisseraphic07bona_0842.png"; bbox 0 0 2427 3872; ppageno 0'>
   <div class='ocr_carea' id='block_1_1' title="bbox 271 241 615 308">
    <p class='ocr_par' dir='ltr' id='par_1_1' title="bbox 271 241 615 308">
     <span class='ocr_line' id='line_1_1' title="bbox 271 241 337 273; baseline -0.015 0"><span class='ocrx_word' id='word_1_1' title='bbox 271 241 337 273; x_wconf 82' lang='lat'>816</span> 
     </span>
     <span class='ocr_line' id='line_1_2' title="bbox 565 282 615 308; baseline -0.02 0"><span class='ocrx_word' id='word_1_2' title='bbox 565 282 615 308; x_wconf 82' lang='lat' dir='ltr'>put</span> 
     </span>
    </p>
   </div>
   <div class='ocr_carea' id='block_1_2' title="bbox 262 325 913 3399">
    <p class='ocr_par' dir='ltr' id='par_1_2' title="bbox 270 325 913 529">
     <span class='ocr_line' id='line_1_3' title="bbox 326 325 913 351; baseline -0.005 1"><span class='ocrx_word' id='word_1_3' title='bbox 326 340 359 345; x_wconf 92' lang='lat'>—-</span> <span class='ocrx_word' id='word_1_4' title='bbox 380 327 406 351; x_wconf 91' lang='lat' dir='ltr'>in</span> <span class='ocrx_word' id='word_1_5' title='bbox 425 325 660 351; x_wconf 83' lang='lat' dir='ltr'>habitu·credebat</span> <span class='ocrx_word' id='word_1_6' title='bbox 688 325 713 350; x_wconf 93' lang='lat' dir='ltr'>in</span> <span class='ocrx_word' id='word_1_7' title='bbox 732 325 862 351; x_wconf 83' lang='lat' dir='ltr'>Christum</span> <span class='ocrx_word' id='word_1_8' title='bbox 887 327 913 349; x_wconf 91' lang='lat' dir='ltr'>et</span> 
     </span>
     <span class='ocr_line' id='line_1_4' title="bbox 271 369 912 402; baseline -0.005 -6"><span class='ocrx_word' id='word_1_9' title='bbox 271 370 396 396; x_wconf 88' lang='lat' dir='ltr'>credebat</span> <span class='ocrx_word' id='word_1_10' title='bbox 415 377 475 395; x_wconf 89' lang='lat' dir='ltr'>eum</span> <span class='ocrx_word' id='word_1_11' title='bbox 495 370 632 402; x_wconf 88' lang='lat' dir='ltr'>aequalem</span> <span class='ocrx_word' id='word_1_12' title='bbox 652 369 720 394; x_wconf 89' lang='lat' dir='ltr'>Patri</span> <span class='ocrx_word' id='word_1_13' title='bbox 739 371 764 394; x_wconf 92' lang='lat' dir='ltr'>et</span> <span class='ocrx_word' id='word_1_14' title='bbox 783 376 866 394; x_wconf 93' lang='lat' dir='ltr'>unum</span> <span class='ocrx_word' id='word_1_15' title='bbox 886 369 912 393; x_wconf 92' lang='lat' dir='ltr'>in</span> 
     </span>
     <span class='ocr_line' id='line_1_5' title="bbox 271 412 913 445; baseline -0.005 -4"><span class='ocrx_word' id='word_1_16' title='bbox 271 414 414 441; x_wconf 81' lang='lat' dir='ltr'>substantia</span> <span class='ocrx_word' id='word_1_17' title='bbox 435 414 467 439; x_wconf 90' lang='lat' dir='ltr'>Vl</span> <span class='ocrx_word' id='word_1_18' title='bbox 488 413 537 439; x_wconf 85' lang='lat'>439</span> <span class='ocrx_word' id='word_1_19' title='bbox 560 414 592 438; x_wconf 92' lang='grc'>18</span> <span class='ocrx_word' id='word_1_20' title='bbox 611 427 646 431; x_wconf 86' lang='grc'>-</span> <span class='ocrx_word' id='word_1_21' title='bbox 665 412 770 438; x_wconf 83' lang='lat' dir='ltr'>volebat</span> <span class='ocrx_word' id='word_1_22' title='bbox 788 416 814 438; x_wconf 88' lang='lat' dir='ltr'>et</span> <span class='ocrx_word' id='word_1_23' title='bbox 832 419 913 445; x_wconf 81' lang='lat' dir='ltr'>quae-</span> 
     </span>
     <span class='ocr_line' id='line_1_6' title="bbox 270 456 912 488; baseline -0.005 -4"><span class='ocrx_word' id='word_1_24' title='bbox 270 458 346 484; x_wconf 84' lang='lat' dir='ltr'>rebat</span> <span class='ocrx_word' id='word_1_25' title='bbox 365 459 466 483; x_wconf 85' lang='lat' dir='ltr'>Patrem</span> <span class='ocrx_word' id='word_1_26' title='bbox 491 458 610 483; x_wconf 89' lang='lat' dir='ltr'>distincte</span> <span class='ocrx_word' id='word_1_27' title='bbox 633 457 738 488; x_wconf 89' lang='lat' dir='ltr'>videre,</span> <span class='ocrx_word' id='word_1_28' title='bbox 758 463 812 482; x_wconf 88' lang='lat' dir='ltr'>non</span> <span class='ocrx_word' id='word_1_29' title='bbox 831 456 912 482; x_wconf 88' lang='lat' dir='ltr'>consi-</span> 
     </span>
     <span class='ocr_line' id='line_1_7' title="bbox 271 500 760 529; baseline -0.004 0"><span class='ocrx_word' id='word_1_30' title='bbox 271 503 389 529; x_wconf 85' lang='lat' dir='ltr'>derando</span> <span class='ocrx_word' id='word_1_31' title='bbox 407 501 535 528; x_wconf 87' lang='lat' dir='ltr'>essentiae</span> <span class='ocrx_word' id='word_1_32' title='bbox 554 502 678 527; x_wconf 89' lang='lat' dir='ltr'>unitatem</span> <span class='ocrx_word' id='word_1_33' title='bbox 699 500 760 527; x_wconf 84' lang='lat' dir='ltr'>ibid.</span> 
     </span>
    </p>

    <p class='ocr_par' dir='ltr' id='par_1_3' title="bbox 270 545 913 971">
     <span class='ocr_line' id='line_1_8' title="bbox 325 545 912 578; baseline -0.003 -6"><span class='ocrx_word' id='word_1_34' title='bbox 325 561 359 565; x_wconf 81' lang='lat'>—</span> <span class='ocrx_word' id='word_1_35' title='bbox 378 547 464 577; x_wconf 78' lang='lat' dir='ltr'>magis</span> <span class='ocrx_word' id='word_1_36' title='bbox 480 545 627 578; x_wconf 51' lang='lat' dir='ltr'>¹indigebat.</span> <span class='ocrx_word' id='word_1_37' title='bbox 654 545 771 571; x_wconf 90' lang='lat' dir='ltr'>doctrina</span> <span class='ocrx_word' id='word_1_38' title='bbox 801 545 834 570; x_wconf 90' lang='lat' dir='ltr'>Vl</span> <span class='ocrx_word' id='word_1_39' title='bbox 860 545 912 570; x_wconf 90' lang='grc'>320</span> 
     </span>
     <span class='ocr_line' id='line_1_9' title="bbox 272 588 913 622; baseline -0.003 -6"><span class='ocrx_word' id='word_1_40' title='bbox 272 591 304 616; x_wconf 89' lang='grc'>13</span> <span class='ocrx_word' id='word_1_41' title='bbox 324 605 359 609; x_wconf 96' lang='lat'><em>-</em></span> <span class='ocrx_word' id='word_1_42' title='bbox 377 598 392 616; x_wconf 88' lang='lat' dir='ltr'>a</span> <span class='ocrx_word' id='word_1_43' title='bbox 411 591 523 616; x_wconf 89' lang='lat' dir='ltr'>Domino</span> <span class='ocrx_word' id='word_1_44' title='bbox 542 590 727 622; x_wconf 72' lang='lat' dir='ltr'>interrogatur,</span> <span class='ocrx_word' id='word_1_45' title='bbox 747 589 810 622; x_wconf 86' lang='lat' dir='ltr'>quia</span> <span class='ocrx_word' id='word_1_46' title='bbox 829 588 913 614; x_wconf 93' lang='lat' dir='ltr'>turbis</span> 
     </span>
     <span class='ocr_line' id='line_1_10' title="bbox 271 632 912 666; baseline -0.005 -5"><span class='ocrx_word' id='word_1_47' title='bbox 271 638 348 661; x_wconf 87' lang='lat' dir='ltr'>notus</span> <span class='ocrx_word' id='word_1_48' title='bbox 361 638 386 660; x_wconf 88' lang='lat' dir='ltr'>et</span> <span class='ocrx_word' id='word_1_49' title='bbox 400 635 458 661; x_wconf 89' lang='lat' dir='ltr'>ideo</span> <span class='ocrx_word' id='word_1_50' title='bbox 478 635 563 666; x_wconf 81' lang='lat' dir='ltr'>magis</span> <span class='ocrx_word' id='word_1_51' title='bbox 581 634 614 660; x_wconf 92' lang='lat' dir='ltr'>de</span> <span class='ocrx_word' id='word_1_52' title='bbox 628 634 692 665; x_wconf 83' lang='lat' dir='ltr'>ipsis</span> <span class='ocrx_word' id='word_1_53' title='bbox 705 632 830 659; x_wconf 88' lang='lat' dir='ltr'>sollicitus</span> <span class='ocrx_word' id='word_1_54' title='bbox 849 636 912 665; x_wconf 86' lang='lat' dir='ltr'>erat,</span> 
     </span>
     <span class='ocr_line' id='line_1_11' title="bbox 271 677 912 710; baseline -0.003 -5"><span class='ocrx_word' id='word_1_55' title='bbox 271 686 332 705; x_wconf 91' lang='lat' dir='ltr'>cum</span> <span class='ocrx_word' id='word_1_56' title='bbox 361 680 428 705; x_wconf 88' lang='lat' dir='ltr'>circa</span> <span class='ocrx_word' id='word_1_57' title='bbox 455 679 524 704; x_wconf 88' lang='lat' dir='ltr'>illam</span> <span class='ocrx_word' id='word_1_58' title='bbox 550 678 661 710; x_wconf 89' lang='lat' dir='ltr'>patriam</span> <span class='ocrx_word' id='word_1_59' title='bbox 691 677 820 703; x_wconf 91' lang='lat' dir='ltr'>oriundus</span> <span class='ocrx_word' id='word_1_60' title='bbox 845 681 912 703; x_wconf 89' lang='lat' dir='ltr'>esset</span> 
     </span>
     <span class='ocr_line' id='line_1_12' title="bbox 270 721 911 755; baseline -0.008 -4"><span class='ocrx_word' id='word_1_61' title='bbox 270 723 333 751; x_wconf 82' lang='lat' dir='ltr'><strong><em>ibid.</em></strong></span> <span class='ocrx_word' id='word_1_62' title='bbox 353 738 386 742; x_wconf 96' lang='lat'>—</span> <span class='ocrx_word' id='word_1_63' title='bbox 405 723 444 749; x_wconf 81' lang='lat' dir='ltr'>Ad</span> <span class='ocrx_word' id='word_1_64' title='bbox 472 724 561 755; x_wconf 92' lang='lat' dir='ltr'>ipsum</span> <span class='ocrx_word' id='word_1_65' title='bbox 590 725 618 748; x_wconf 92' lang='lat' dir='ltr'>ut</span> <span class='ocrx_word' id='word_1_66' title='bbox 645 722 678 748; x_wconf 88' lang='lat' dir='ltr'>ad</span> <span class='ocrx_word' id='word_1_67' title='bbox 708 721 793 753; x_wconf 87' lang='lat' dir='ltr'>magis</span> <span class='ocrx_word' id='word_1_68' title='bbox 820 724 911 747; x_wconf 91' lang='lat' dir='ltr'>notum</span> 
     </span>
     <span class='ocr_line' id='line_1_13' title="bbox 271 766 913 800; baseline -0.006 -6"><span class='ocrx_word' id='word_1_69' title='bbox 271 771 437 795; x_wconf 84' lang='lat' dir='ltr'>accesserunt</span> <span class='ocrx_word' id='word_1_70' title='bbox 466 767 587 800; x_wconf 78' lang='lat' dir='ltr'><strong>gentiles,</strong></span> <span class='ocrx_word' id='word_1_71' title='bbox 616 769 645 792; x_wconf 93' lang='lat' dir='ltr'>ut</span> <span class='ocrx_word' id='word_1_72' title='bbox 672 767 757 792; x_wconf 89' lang='lat' dir='ltr'>lesum</span> <span class='ocrx_word' id='word_1_73' title='bbox 792 766 913 792; x_wconf 85' lang='lat' dir='ltr'>viderent</span> 
     </span>
     <span class='ocr_line' id='line_1_14' title="bbox 271 810 912 843; baseline -0.006 -5"><span class='ocrx_word' id='word_1_74' title='bbox 271 813 322 839; x_wconf 97' lang='grc'>416</span> <span class='ocrx_word' id='word_1_75' title='bbox 352 813 385 838; x_wconf 87' lang='grc'>30</span> <span class='ocrx_word' id='word_1_76' title='bbox 411 826 446 831; x_wconf 91' lang='lat'>-—</span> <span class='ocrx_word' id='word_1_77' title='bbox 475 811 585 843; x_wconf 78' lang='lat' dir='ltr'>gentiles</span> <span class='ocrx_word' id='word_1_78' title='bbox 608 817 660 836; x_wconf 88' lang='lat' dir='ltr'>non</span> <span class='ocrx_word' id='word_1_79' title='bbox 688 811 784 842; x_wconf 86' lang='lat' dir='ltr'>repulit</span> <span class='ocrx_word' id='word_1_80' title='bbox 806 817 821 835; x_wconf 88' lang='lat' dir='ltr'>a</span> <span class='ocrx_word' id='word_1_81' title='bbox 841 810 912 842; x_wconf 83' lang='lat' dir='ltr'>lesu,</span> 
     </span>
     <span class='ocr_line' id='line_1_15' title="bbox 270 854 913 890; baseline -0.005 -8"><span class='ocrx_word' id='word_1_82' title='bbox 270 857 315 890; x_wconf 91' lang='lat' dir='ltr'>qui</span> <span class='ocrx_word' id='word_1_83' title='bbox 336 857 454 882; x_wconf 91' lang='lat' dir='ltr'>omnium</span> <span class='ocrx_word' id='word_1_84' title='bbox 481 857 591 882; x_wconf 87' lang='lat' dir='ltr'>salutem</span> <span class='ocrx_word' id='word_1_85' title='bbox 619 854 724 881; x_wconf 88' lang='lat' dir='ltr'>volebat</span> <span class='ocrx_word' id='word_1_86' title='bbox 754 854 804 879; x_wconf 86' lang='grc'>417</span> <span class='ocrx_word' id='word_1_87' title='bbox 825 854 858 880; x_wconf 89' lang='grc'>34</span> <span class='ocrx_word' id='word_1_88' title='bbox 877 867 913 873; x_wconf 87' lang='grc'>--</span> 
     </span>
     <span class='ocr_line' id='line_1_16' title="bbox 272 898 913 934; baseline -0.006 -7"><span class='ocrx_word' id='word_1_89' title='bbox 272 901 425 934; x_wconf 71' lang='lat' dir='ltr'>petitionem</span> <span class='ocrx_word' id='word_1_90' title='bbox 445 900 578 932; x_wconf 82' lang='lat' dir='ltr'>gentilium</span> <span class='ocrx_word' id='word_1_91' title='bbox 609 906 656 925; x_wconf 94' lang='lat' dir='ltr'>nec</span> <span class='ocrx_word' id='word_1_92' title='bbox 683 899 790 924; x_wconf 89' lang='lat' dir='ltr'>omnino</span> <span class='ocrx_word' id='word_1_93' title='bbox 816 898 913 930; x_wconf 89' lang='lat' dir='ltr'>repulit</span> 
     </span>
     <span class='ocr_line' id='line_1_17' title="bbox 270 943 652 971; baseline -0.008 0"><span class='ocrx_word' id='word_1_94' title='bbox 270 953 319 971; x_wconf 89' lang='lat' dir='ltr'>nec</span> <span class='ocrx_word' id='word_1_95' title='bbox 339 945 448 971; x_wconf 89' lang='lat' dir='ltr'>omnino</span> <span class='ocrx_word' id='word_1_96' title='bbox 468 944 574 970; x_wconf 80' lang='lat' dir='ltr'>admisit</span> <span class='ocrx_word' id='word_1_97' title='bbox 592 943 652 970; x_wconf 83' lang='lat' dir='ltr'>ibid.</span> 
     </span>
    </p>

    <p class='ocr_par' dir='ltr' id='par_1_4' title="bbox 271 986 911 1059">
     <span class='ocr_line' id='line_1_18' title="bbox 323 986 911 1023; baseline -0.005 -9"><span class='ocrx_word' id='word_1_98' title='bbox 323 1003 359 1008; x_wconf 97' lang='lat'><strong>—</strong></span> <span class='ocrx_word' id='word_1_99' title='bbox 378 989 403 1014; x_wconf 92' lang='lat' dir='ltr'>in</span> <span class='ocrx_word' id='word_1_100' title='bbox 422 989 539 1014; x_wconf 77' lang='lat' dir='ltr'>Samaria</span> <span class='ocrx_word' id='word_1_101' title='bbox 559 988 645 1020; x_wconf 89' lang='lat' dir='ltr'>primo</span> <span class='ocrx_word' id='word_1_102' title='bbox 669 986 830 1023; x_wconf 76' lang='lat' dir='ltr'>praedicavit</span> <span class='ocrx_word' id='word_1_103' title='bbox 849 993 911 1018; x_wconf 83' lang='lat' dir='ltr'>gen-</span> 
     </span>
     <span class='ocr_line' id='line_1_19' title="bbox 271 1032 528 1059; baseline -0.008 0"><span class='ocrx_word' id='word_1_104' title='bbox 271 1033 341 1059; x_wconf 86' lang='lat' dir='ltr'>tibus</span> <span class='ocrx_word' id='word_1_105' title='bbox 361 1034 404 1059; x_wconf 92' lang='lat' dir='ltr'>Vll</span> <span class='ocrx_word' id='word_1_106' title='bbox 424 1032 474 1058; x_wconf 85' lang='lat'>488</span> <span class='ocrx_word' id='word_1_107' title='bbox 495 1032 528 1057; x_wconf 86' lang='lat'>45</span> 
     </span>
    </p>

    <p class='ocr_par' dir='ltr' id='par_1_5' title="bbox 269 1075 911 1420">
     <span class='ocr_line' id='line_1_20' title="bbox 324 1075 909 1108; baseline -0.005 -5"><span class='ocrx_word' id='word_1_108' title='bbox 324 1078 399 1103; x_wconf 65' lang='lat' dir='ltr'>Pluto</span> <span class='ocrx_word' id='word_1_109' title='bbox 417 1091 453 1096; x_wconf 90' lang='lat'>—-</span> <span class='ocrx_word' id='word_1_110' title='bbox 471 1077 518 1102; x_wconf 84' lang='lat' dir='ltr'>suit</span> <span class='ocrx_word' id='word_1_111' title='bbox 531 1076 740 1108; x_wconf 83' lang='lat' dir='ltr'>sapientissimus</span> <span class='ocrx_word' id='word_1_112' title='bbox 753 1075 909 1101; x_wconf 85' lang='lat' dir='ltr'>ludaeorum</span> 
     </span>
     <span class='ocr_line' id='line_1_21' title="bbox 272 1118 910 1151; baseline -0.006 -4"><span class='ocrx_word' id='word_1_113' title='bbox 272 1122 304 1147; x_wconf 94' lang='lat' dir='ltr'>Vl</span> <span class='ocrx_word' id='word_1_114' title='bbox 326 1122 376 1147; x_wconf 90' lang='grc'>108</span> <span class='ocrx_word' id='word_1_115' title='bbox 395 1129 422 1146; x_wconf 93' lang='lat' dir='ltr'>v.</span> <span class='ocrx_word' id='word_1_116' title='bbox 442 1122 457 1146; x_wconf 88' lang='grc'>6</span> <span class='ocrx_word' id='word_1_117' title='bbox 477 1135 513 1139; x_wconf 85' lang='lat'>—-</span> <span class='ocrx_word' id='word_1_118' title='bbox 531 1121 594 1146; x_wconf 81' lang='lat' dir='ltr'>vixit</span> <span class='ocrx_word' id='word_1_119' title='bbox 618 1118 783 1151; x_wconf 85' lang='lat' dir='ltr'>temporibus</span> <span class='ocrx_word' id='word_1_120' title='bbox 801 1119 910 1150; x_wconf 84' lang='lat' dir='ltr'>Aposto-</span> 
     </span>
     <span class='ocr_line' id='line_1_22' title="bbox 274 1163 911 1195; baseline -0.005 -4"><span class='ocrx_word' id='word_1_121' title='bbox 274 1166 359 1191; x_wconf 85' lang='lat' dir='ltr'>lorum</span> <span class='ocrx_word' id='word_1_122' title='bbox 380 1164 441 1191; x_wconf 84' lang='lat' dir='ltr'>ibid.</span> <span class='ocrx_word' id='word_1_123' title='bbox 454 1179 489 1184; x_wconf 95' lang='lat'>—</span> <span class='ocrx_word' id='word_1_124' title='bbox 502 1165 535 1190; x_wconf 90' lang='lat' dir='ltr'>ab</span> <span class='ocrx_word' id='word_1_125' title='bbox 549 1171 639 1190; x_wconf 87' lang='lat' dir='ltr'>amore</span> <span class='ocrx_word' id='word_1_126' title='bbox 651 1163 793 1195; x_wconf 84' lang='lat' dir='ltr'>sapientiae</span> <span class='ocrx_word' id='word_1_127' title='bbox 806 1170 858 1189; x_wconf 90' lang='lat' dir='ltr'>non</span> <span class='ocrx_word' id='word_1_128' title='bbox 871 1166 911 1188; x_wconf 87' lang='lat' dir='ltr'>est</span> 
     </span>
     <span class='ocr_line' id='line_1_23' title="bbox 272 1207 909 1241; baseline -0.006 -5"><span class='ocrx_word' id='word_1_129' title='bbox 272 1210 404 1236; x_wconf 89' lang='lat' dir='ltr'>immerito</span> <span class='ocrx_word' id='word_1_130' title='bbox 414 1210 559 1241; x_wconf 83' lang='lat' dir='ltr'>appellatus</span> <span class='ocrx_word' id='word_1_131' title='bbox 569 1208 705 1235; x_wconf 70' lang='lat' dir='ltr'>ibid—in</span> <span class='ocrx_word' id='word_1_132' title='bbox 712 1209 809 1234; x_wconf 85' lang='lat' dir='ltr'>Graeca</span> <span class='ocrx_word' id='word_1_133' title='bbox 821 1207 909 1239; x_wconf 84' lang='lat' dir='ltr'>lingua</span> 
     </span>
     <span class='ocr_line' id='line_1_24' title="bbox 270 1252 909 1286; baseline -0.005 -7"><span class='ocrx_word' id='word_1_134' title='bbox 270 1255 348 1279; x_wconf 90' lang='lat' dir='ltr'>valde</span> <span class='ocrx_word' id='word_1_135' title='bbox 358 1254 456 1286; x_wconf 90' lang='lat' dir='ltr'>peritus</span> <span class='ocrx_word' id='word_1_136' title='bbox 471 1254 516 1279; x_wconf 83' lang='lat' dir='ltr'>suit</span> <span class='ocrx_word' id='word_1_137' title='bbox 531 1253 579 1278; x_wconf 88' lang='grc'>109</span> <span class='ocrx_word' id='word_1_138' title='bbox 591 1252 608 1278; x_wconf 91' lang='lat' dir='ltr'>b</span> <span class='ocrx_word' id='word_1_139' title='bbox 623 1267 656 1270; x_wconf 97' lang='lat'><strong>—</strong></span> <span class='ocrx_word' id='word_1_140' title='bbox 670 1252 717 1277; x_wconf 85' lang='lat' dir='ltr'>suit</span> <span class='ocrx_word' id='word_1_141' title='bbox 728 1252 851 1282; x_wconf 82' lang='lat' dir='ltr'>iudaeus,</span> <span class='ocrx_word' id='word_1_142' title='bbox 866 1258 909 1276; x_wconf 91' lang='lat' dir='ltr'>na-</span> 
     </span>
     <span class='ocr_line' id='line_1_25' title="bbox 270 1296 907 1328; baseline -0.006 -4"><span class='ocrx_word' id='word_1_143' title='bbox 270 1299 338 1324; x_wconf 86' lang='lat' dir='ltr'>tione</span> <span class='ocrx_word' id='word_1_144' title='bbox 357 1298 560 1328; x_wconf 80' lang='lat' dir='ltr'>Alexandrinus‚</span> <span class='ocrx_word' id='word_1_145' title='bbox 580 1297 613 1323; x_wconf 87' lang='lat' dir='ltr'>de</span> <span class='ocrx_word' id='word_1_146' title='bbox 632 1303 729 1328; x_wconf 83' lang='lat' dir='ltr'>genere</span> <span class='ocrx_word' id='word_1_147' title='bbox 741 1296 907 1322; x_wconf 90' lang='lat' dir='ltr'>sacerdotum</span> 
     </span>
     <span class='ocr_line' id='line_1_26' title="bbox 272 1340 909 1372; baseline -0.005 -4"><span class='ocrx_word' id='word_1_148' title='bbox 272 1343 322 1368; x_wconf 91' lang='grc'>110</span> <span class='ocrx_word' id='word_1_149' title='bbox 336 1350 350 1368; x_wconf 91' lang='lat' dir='ltr'>a</span> <span class='ocrx_word' id='word_1_150' title='bbox 363 1357 398 1361; x_wconf 87' lang='lat'>——</span> <span class='ocrx_word' id='word_1_151' title='bbox 411 1346 450 1368; x_wconf 90' lang='lat' dir='ltr'>est</span> <span class='ocrx_word' id='word_1_152' title='bbox 462 1349 540 1367; x_wconf 88' lang='lat' dir='ltr'>causa</span> <span class='ocrx_word' id='word_1_153' title='bbox 560 1341 676 1367; x_wconf 88' lang='lat' dir='ltr'>efficiens</span> <span class='ocrx_word' id='word_1_154' title='bbox 688 1340 746 1366; x_wconf 87' lang='lat' dir='ltr'>libri</span> <span class='ocrx_word' id='word_1_155' title='bbox 761 1340 909 1372; x_wconf 81' lang='lat' dir='ltr'>Sapientiae</span> 
     </span>
     <span class='ocr_line' id='line_1_27' title="bbox 269 1384 899 1420; baseline -0.006 -7"><span class='ocrx_word' id='word_1_156' title='bbox 269 1395 317 1420; x_wconf 89' lang='lat' dir='ltr'>per</span> <span class='ocrx_word' id='word_1_157' title='bbox 335 1387 444 1413; x_wconf 89' lang='lat' dir='ltr'>modum</span> <span class='ocrx_word' id='word_1_158' title='bbox 463 1386 628 1419; x_wconf 86' lang='lat' dir='ltr'>compilantis</span> <span class='ocrx_word' id='word_1_159' title='bbox 648 1386 698 1411; x_wconf 89' lang='grc'>-108</span> <span class='ocrx_word' id='word_1_160' title='bbox 719 1393 745 1411; x_wconf 92' lang='lat' dir='ltr'>v.</span> <span class='ocrx_word' id='word_1_161' title='bbox 766 1386 791 1410; x_wconf 89' lang='lat'>6.</span> <span class='ocrx_word' id='word_1_162' title='bbox 811 1385 861 1410; x_wconf 97' lang='grc'>109</span> <span class='ocrx_word' id='word_1_163' title='bbox 883 1384 899 1409; x_wconf 89' lang='lat' dir='ltr'>b</span> 
     </span>
    </p>

    <p class='ocr_par' dir='ltr' id='par_1_6' title="bbox 268 1429 911 1685">
     <span class='ocr_line' id='line_1_28' title="bbox 322 1429 910 1462; baseline -0.005 -5"><span class='ocrx_word' id='word_1_164' title='bbox 322 1432 481 1457; x_wconf 72' lang='lat' dir='ltr'>Paitosorntx</span> <span class='ocrx_word' id='word_1_165' title='bbox 500 1445 535 1450; x_wconf 98' lang='lat'><strong>—</strong></span> <span class='ocrx_word' id='word_1_166' title='bbox 560 1431 614 1462; x_wconf 86' lang='lat' dir='ltr'>agit</span> <span class='ocrx_word' id='word_1_167' title='bbox 639 1431 673 1456; x_wconf 91' lang='lat' dir='ltr'>de</span> <span class='ocrx_word' id='word_1_168' title='bbox 697 1429 824 1461; x_wconf 92' lang='lat' dir='ltr'>operibus</span> <span class='ocrx_word' id='word_1_169' title='bbox 849 1436 910 1461; x_wconf 90' lang='lat' dir='ltr'>pru-</span> 
     </span>
     <span class='ocr_line' id='line_1_29' title="bbox 270 1475 909 1506; baseline -0.005 -5"><span class='ocrx_word' id='word_1_170' title='bbox 270 1476 373 1502; x_wconf 85' lang='lat' dir='ltr'>dentiae</span> <span class='ocrx_word' id='word_1_171' title='bbox 395 1476 425 1501; x_wconf 85' lang='lat' dir='ltr'>Vl</span> <span class='ocrx_word' id='word_1_172' title='bbox 446 1475 479 1501; x_wconf 86' lang='grc'>17</span> <span class='ocrx_word' id='word_1_173' title='bbox 497 1475 515 1501; x_wconf 90' lang='lat' dir='ltr'>h</span> <span class='ocrx_word' id='word_1_174' title='bbox 528 1489 563 1494; x_wconf 98' lang='lat'><strong>—</strong></span> <span class='ocrx_word' id='word_1_175' title='bbox 578 1475 727 1506; x_wconf 83' lang='lat' dir='ltr'>Philosophi</span> <span class='ocrx_word' id='word_1_176' title='bbox 747 1476 909 1505; x_wconf 84' lang='lat' dir='ltr'>perscrutan-</span> 
     </span>
     <span class='ocr_line' id='line_1_30' title="bbox 270 1517 910 1546; baseline -0.006 0"><span class='ocrx_word' id='word_1_177' title='bbox 270 1523 311 1546; x_wconf 85' lang='lat' dir='ltr'>tur</span> <span class='ocrx_word' id='word_1_178' title='bbox 330 1519 451 1546; x_wconf 86' lang='lat' dir='ltr'>sublimia</span> <span class='ocrx_word' id='word_1_179' title='bbox 471 1519 620 1545; x_wconf 80' lang='lat' dir='ltr'>curiositate</span> <span class='ocrx_word' id='word_1_180' title='bbox 634 1518 685 1544; x_wconf 85' lang='grc'>244</span> <span class='ocrx_word' id='word_1_181' title='bbox 699 1525 713 1543; x_wconf 92' lang='lat' dir='ltr'>a</span> <span class='ocrx_word' id='word_1_182' title='bbox 727 1531 762 1537; x_wconf 94' lang='lat'>—-</span> <span class='ocrx_word' id='word_1_183' title='bbox 776 1517 910 1543; x_wconf 89' lang='lat' dir='ltr'>mundana</span> 
     </span>
     <span class='ocr_line' id='line_1_31' title="bbox 270 1562 911 1596; baseline -0.006 -6"><span class='ocrx_word' id='word_1_184' title='bbox 270 1566 372 1590; x_wconf 81' lang='lat' dir='ltr'>fucatur</span> <span class='ocrx_word' id='word_1_185' title='bbox 391 1564 501 1596; x_wconf 82' lang='lat' dir='ltr'>strepitu</span> <span class='ocrx_word' id='word_1_186' title='bbox 522 1562 666 1589; x_wconf 88' lang='lat' dir='ltr'>verborum</span> <span class='ocrx_word' id='word_1_187' title='bbox 686 1562 737 1588; x_wconf 88' lang='grc'>373</span> <span class='ocrx_word' id='word_1_188' title='bbox 752 1563 767 1586; x_wconf 86' lang='grc'>8</span> <span class='ocrx_word' id='word_1_189' title='bbox 781 1576 816 1580; x_wconf 85' lang='lat'>——</span> <span class='ocrx_word' id='word_1_190' title='bbox 830 1562 911 1587; x_wconf 90' lang='lat' dir='ltr'>Philo-</span> 
     </span>
     <span class='ocr_line' id='line_1_32' title="bbox 268 1606 910 1640; baseline -0.006 -6"><span class='ocrx_word' id='word_1_191' title='bbox 268 1609 345 1640; x_wconf 83' lang='lat' dir='ltr'>sophi</span> <span class='ocrx_word' id='word_1_192' title='bbox 365 1608 551 1634; x_wconf 74' lang='lat' dir='ltr'>contendentes</span> <span class='ocrx_word' id='word_1_193' title='bbox 564 1613 692 1640; x_wconf 83' lang='lat' dir='ltr'>quaerere</span> <span class='ocrx_word' id='word_1_194' title='bbox 711 1606 745 1632; x_wconf 92' lang='lat' dir='ltr'>de</span> <span class='ocrx_word' id='word_1_195' title='bbox 764 1606 832 1636; x_wconf 89' lang='lat' dir='ltr'>Deo,</span> <span class='ocrx_word' id='word_1_196' title='bbox 852 1613 910 1631; x_wconf 90' lang='lat' dir='ltr'>con-</span> 
     </span>
     <span class='ocr_line' id='line_1_33' title="bbox 269 1650 909 1685; baseline -0.005 -7"><span class='ocrx_word' id='word_1_197' title='bbox 269 1652 328 1678; x_wconf 80' lang='lat' dir='ltr'>fessi</span> <span class='ocrx_word' id='word_1_198' title='bbox 338 1655 407 1683; x_wconf 89' lang='lat' dir='ltr'>sunt,</span> <span class='ocrx_word' id='word_1_199' title='bbox 417 1652 489 1685; x_wconf 89' lang='lat' dir='ltr'>quod</span> <span class='ocrx_word' id='word_1_200' title='bbox 500 1652 533 1677; x_wconf 90' lang='lat' dir='ltr'>sit</span> <span class='ocrx_word' id='word_1_201' title='bbox 543 1650 755 1682; x_wconf 85' lang='lat' dir='ltr'>incognoscibilis</span> <span class='ocrx_word' id='word_1_202' title='bbox 765 1650 865 1675; x_wconf 79' lang='lat' dir='ltr'>V11265</span> <span class='ocrx_word' id='word_1_203' title='bbox 877 1650 909 1675; x_wconf 94' lang='grc'>40</span> 
     </span>
    </p>

    <p class='ocr_par' dir='ltr' id='par_1_7' title="bbox 269 1694 911 1766">
     <span class='ocr_line' id='line_1_34' title="bbox 321 1694 911 1722; baseline -0.003 0"><span class='ocrx_word' id='word_1_204' title='bbox 321 1697 436 1722; x_wconf 73' lang='grc' dir='ltr'>ΡΗοΕΒυε</span> <span class='ocrx_word' id='word_1_205' title='bbox 453 1710 489 1715; x_wconf 95' lang='grc'>-</span> <span class='ocrx_word' id='word_1_206' title='bbox 508 1694 563 1721; x_wconf 83' lang='lat' dir='ltr'>Sub</span> <span class='ocrx_word' id='word_1_207' title='bbox 582 1695 687 1720; x_wconf 90' lang='lat' dir='ltr'>nomine</span> <span class='ocrx_word' id='word_1_208' title='bbox 701 1694 798 1720; x_wconf 84' lang='lat' dir='ltr'>Phoebi</span> <span class='ocrx_word' id='word_1_209' title='bbox 817 1694 911 1720; x_wconf 91' lang='lat' dir='ltr'>adora-</span> 
     </span>
     <span class='ocr_line' id='line_1_35' title="bbox 269 1740 608 1766; baseline -0.003 0"><span class='ocrx_word' id='word_1_210' title='bbox 269 1741 345 1766; x_wconf 88' lang='lat' dir='ltr'>batur</span> <span class='ocrx_word' id='word_1_211' title='bbox 364 1741 403 1766; x_wconf 89' lang='lat' dir='ltr'>sol</span> <span class='ocrx_word' id='word_1_212' title='bbox 423 1741 455 1765; x_wconf 94' lang='lat' dir='ltr'>Vl</span> <span class='ocrx_word' id='word_1_213' title='bbox 476 1740 526 1765; x_wconf 84' lang='grc'>192</span> <span class='ocrx_word' id='word_1_214' title='bbox 547 1747 573 1765; x_wconf 95' lang='lat' dir='ltr'>v.</span> <span class='ocrx_word' id='word_1_215' title='bbox 593 1741 608 1765; x_wconf 91' lang='grc'>2</span> 
     </span>
    </p>

    <p class='ocr_par' dir='ltr' id='par_1_8' title="bbox 269 1783 909 1898">
     <span class='ocr_line' id='line_1_36' title="bbox 323 1783 909 1814; baseline -0.003 -4"><span class='ocrx_word' id='word_1_216' title='bbox 323 1785 469 1810; x_wconf 71' lang='lat' dir='ltr'>Puormnm</span> <span class='ocrx_word' id='word_1_217' title='bbox 498 1798 533 1802; x_wconf 90' lang='lat'>—</span> <span class='ocrx_word' id='word_1_218' title='bbox 561 1784 692 1814; x_wconf 89' lang='lat' dir='ltr'>dixerunt,</span> <span class='ocrx_word' id='word_1_219' title='bbox 720 1783 851 1809; x_wconf 87' lang='lat' dir='ltr'>Christum</span> <span class='ocrx_word' id='word_1_220' title='bbox 879 1790 909 1809; x_wconf 87' lang='lat' dir='ltr'>ex</span> 
     </span>
     <span class='ocr_line' id='line_1_37' title="bbox 270 1827 909 1860; baseline -0.002 -6"><span class='ocrx_word' id='word_1_221' title='bbox 270 1829 347 1854; x_wconf 87' lang='lat' dir='ltr'>Maria</span> <span class='ocrx_word' id='word_1_222' title='bbox 368 1835 477 1860; x_wconf 87' lang='lat' dir='ltr'>prorsus</span> <span class='ocrx_word' id='word_1_223' title='bbox 495 1828 621 1853; x_wconf 78' lang='lat' dir='ltr'>sumsisse</span> <span class='ocrx_word' id='word_1_224' title='bbox 640 1827 778 1853; x_wconf 84' lang='lat' dir='ltr'>exordium</span> <span class='ocrx_word' id='word_1_225' title='bbox 791 1834 839 1853; x_wconf 87' lang='lat' dir='ltr'>nec</span> <span class='ocrx_word' id='word_1_226' title='bbox 852 1834 909 1853; x_wconf 87' lang='lat' dir='ltr'>esse</span> 
     </span>
     <span class='ocr_line' id='line_1_38' title="bbox 269 1872 686 1898; baseline -0.005 0"><span class='ocrx_word' id='word_1_227' title='bbox 269 1875 439 1898; x_wconf 90' lang='lat' dir='ltr'>coaeternum</span> <span class='ocrx_word' id='word_1_228' title='bbox 459 1872 526 1897; x_wconf 88' lang='lat' dir='ltr'>Patri</span> <span class='ocrx_word' id='word_1_229' title='bbox 547 1872 579 1897; x_wconf 93' lang='lat' dir='ltr'>Vl</span> <span class='ocrx_word' id='word_1_230' title='bbox 599 1872 649 1897; x_wconf 91' lang='grc'>247</span> <span class='ocrx_word' id='word_1_231' title='bbox 670 1872 686 1896; x_wconf 93' lang='grc'>5</span> 
     </span>
    </p>

    <p class='ocr_par' dir='ltr' id='par_1_9' title="bbox 267 1915 909 2037">
     <span class='ocr_line' id='line_1_39' title="bbox 322 1915 908 1947; baseline -0.002 -5"><span class='ocrx_word' id='word_1_232' title='bbox 322 1917 459 1942; x_wconf 70' lang='lat' dir='ltr'>Paneuests</span> <span class='ocrx_word' id='word_1_233' title='bbox 478 1930 512 1934; x_wconf 90' lang='lat'><strong>—</strong></span> <span class='ocrx_word' id='word_1_234' title='bbox 531 1920 570 1941; x_wconf 90' lang='lat' dir='ltr'>est</span> <span class='ocrx_word' id='word_1_235' title='bbox 590 1916 725 1941; x_wconf 78' lang='lat' dir='ltr'>infirmitas</span> <span class='ocrx_word' id='word_1_236' title='bbox 744 1915 908 1947; x_wconf 90' lang='lat' dir='ltr'>incurabilis,</span> 
     </span>
     <span class='ocr_line' id='line_1_40' title="bbox 267 1960 909 1994; baseline -0.002 -8"><span class='ocrx_word' id='word_1_237' title='bbox 267 1968 348 1994; x_wconf 88' lang='lat' dir='ltr'>quam</span> <span class='ocrx_word' id='word_1_238' title='bbox 375 1961 501 1986; x_wconf 88' lang='lat' dir='ltr'>Dominus</span> <span class='ocrx_word' id='word_1_239' title='bbox 524 1961 624 1986; x_wconf 88' lang='lat' dir='ltr'>sanavit</span> <span class='ocrx_word' id='word_1_240' title='bbox 648 1960 680 1985; x_wconf 94' lang='lat' dir='ltr'>Vl</span> <span class='ocrx_word' id='word_1_241' title='bbox 701 1960 751 1985; x_wconf 84' lang='lat'>587</span> <span class='ocrx_word' id='word_1_242' title='bbox 771 1960 788 1985; x_wconf 91' lang='lat'>7</span> <span class='ocrx_word' id='word_1_243' title='bbox 807 1974 842 1979; x_wconf 98' lang='lat'><strong>—</strong></span> <span class='ocrx_word' id='word_1_244' title='bbox 861 1961 909 1986; x_wconf 88' lang='lat' dir='ltr'>Per</span> 
     </span>
     <span class='ocr_line' id='line_1_41' title="bbox 268 2003 727 2037; baseline 0 -7"><span class='ocrx_word' id='word_1_245' title='bbox 268 2005 419 2037; x_wconf 84' lang='lat' dir='ltr'>phrenesim</span> <span class='ocrx_word' id='word_1_246' title='bbox 439 2005 590 2036; x_wconf 80' lang='lat' dir='ltr'>intelligitur</span> <span class='ocrx_word' id='word_1_247' title='bbox 609 2005 647 2029; x_wconf 90' lang='lat' dir='ltr'>ira</span> <span class='ocrx_word' id='word_1_248' title='bbox 666 2003 727 2030; x_wconf 90' lang='lat' dir='ltr'>ibid.</span> 
     </span>
    </p>

    <p class='ocr_par' dir='ltr' id='par_1_10' title="bbox 264 2048 909 2348">
     <span class='ocr_line' id='line_1_42' title="bbox 320 2048 909 2081; baseline -0.002 -6"><span class='ocrx_word' id='word_1_249' title='bbox 320 2050 411 2075; x_wconf 73' lang='lat' dir='ltr'>Pis-ms</span> <span class='ocrx_word' id='word_1_250' title='bbox 429 2063 464 2068; x_wconf 98' lang='lat'><strong>—</strong></span> <span class='ocrx_word' id='word_1_251' title='bbox 483 2050 531 2074; x_wconf 91' lang='lat' dir='ltr'>Per</span> <span class='ocrx_word' id='word_1_252' title='bbox 550 2049 664 2074; x_wconf 85' lang='lat' dir='ltr'>officium</span> <span class='ocrx_word' id='word_1_253' title='bbox 686 2049 787 2081; x_wconf 90' lang='lat' dir='ltr'>pietatis</span> <span class='ocrx_word' id='word_1_254' title='bbox 805 2048 909 2075; x_wconf 87' lang='lat' dir='ltr'>subiici-</span> 
     </span>
     <span class='ocr_line' id='line_1_43' title="bbox 267 2092 908 2125; baseline -0.002 -6"><span class='ocrx_word' id='word_1_255' title='bbox 267 2096 308 2119; x_wconf 92' lang='lat' dir='ltr'>tur</span> <span class='ocrx_word' id='word_1_256' title='bbox 327 2095 406 2119; x_wconf 89' lang='lat' dir='ltr'>homo</span> <span class='ocrx_word' id='word_1_257' title='bbox 431 2093 541 2125; x_wconf 85' lang='lat' dir='ltr'>genitori</span> <span class='ocrx_word' id='word_1_258' title='bbox 570 2093 614 2119; x_wconf 90' lang='lat' dir='ltr'>Vll</span> <span class='ocrx_word' id='word_1_259' title='bbox 642 2092 676 2118; x_wconf 82' lang='lat'>65</span> <span class='ocrx_word' id='word_1_260' title='bbox 706 2093 733 2118; x_wconf 97' lang='grc'>91</span> <span class='ocrx_word' id='word_1_261' title='bbox 763 2108 796 2112; x_wconf 94' lang='lat'><em>-</em></span> <span class='ocrx_word' id='word_1_262' title='bbox 826 2093 908 2119; x_wconf 83' lang='lat' dir='ltr'>Obse-</span> 
     </span>
     <span class='ocr_line' id='line_1_44' title="bbox 265 2137 908 2171; baseline 0 -8"><span class='ocrx_word' id='word_1_263' title='bbox 265 2138 357 2171; x_wconf 82' lang='lat' dir='ltr'>qqum</span> <span class='ocrx_word' id='word_1_264' title='bbox 383 2138 486 2169; x_wconf 89' lang='lat' dir='ltr'>pietatis</span> <span class='ocrx_word' id='word_1_265' title='bbox 513 2138 605 2170; x_wconf 80' lang='lat' dir='ltr'>exigit,</span> <span class='ocrx_word' id='word_1_266' title='bbox 635 2138 707 2171; x_wconf 88' lang='lat' dir='ltr'>quod</span> <span class='ocrx_word' id='word_1_267' title='bbox 736 2137 908 2163; x_wconf 89' lang='lat' dir='ltr'>subiiciamur</span> 
     </span>
     <span class='ocr_line' id='line_1_45' title="bbox 264 2182 908 2214; baseline 0 -7"><span class='ocrx_word' id='word_1_268' title='bbox 264 2183 331 2214; x_wconf 89' lang='lat' dir='ltr'>patri</span> <span class='ocrx_word' id='word_1_269' title='bbox 352 2182 481 2214; x_wconf 89' lang='lat' dir='ltr'>spirituali</span> <span class='ocrx_word' id='word_1_270' title='bbox 505 2182 562 2208; x_wconf 89' lang='lat' dir='ltr'>sive</span> <span class='ocrx_word' id='word_1_271' title='bbox 590 2182 740 2214; x_wconf 87' lang='lat' dir='ltr'>corripienti</span> <span class='ocrx_word' id='word_1_272' title='bbox 760 2182 816 2208; x_wconf 92' lang='lat' dir='ltr'>sive</span> <span class='ocrx_word' id='word_1_273' title='bbox 835 2189 908 2214; x_wconf 89' lang='lat' dir='ltr'>prae-</span> 
     </span>
     <span class='ocr_line' id='line_1_46' title="bbox 264 2226 907 2258; baseline 0 -6"><span class='ocrx_word' id='word_1_274' title='bbox 264 2227 368 2258; x_wconf 90' lang='lat' dir='ltr'>cipienti</span> <span class='ocrx_word' id='word_1_275' title='bbox 388 2227 421 2251; x_wconf 90' lang='lat'>69</span> <span class='ocrx_word' id='word_1_276' title='bbox 442 2227 488 2251; x_wconf 90' lang='grc'>111</span> <span class='ocrx_word' id='word_1_277' title='bbox 512 2240 547 2246; x_wconf 85' lang='grc'>-</span> <span class='ocrx_word' id='word_1_278' title='bbox 566 2227 669 2252; x_wconf 78' lang='lat' dir='ltr'>Primus</span> <span class='ocrx_word' id='word_1_279' title='bbox 683 2226 784 2258; x_wconf 88' lang='lat' dir='ltr'>gradus</span> <span class='ocrx_word' id='word_1_280' title='bbox 803 2227 907 2258; x_wconf 89' lang='lat' dir='ltr'>pietatis</span> 
     </span>
     <span class='ocr_line' id='line_1_47' title="bbox 264 2270 907 2303; baseline 0 -7"><span class='ocrx_word' id='word_1_281' title='bbox 264 2274 304 2297; x_wconf 92' lang='lat' dir='ltr'>est</span> <span class='ocrx_word' id='word_1_282' title='bbox 331 2272 460 2297; x_wconf 88' lang='lat' dir='ltr'>honorare</span> <span class='ocrx_word' id='word_1_283' title='bbox 485 2274 607 2302; x_wconf 91' lang='lat' dir='ltr'>parentes</span> <span class='ocrx_word' id='word_1_284' title='bbox 631 2270 681 2296; x_wconf 91' lang='grc'>462</span> <span class='ocrx_word' id='word_1_285' title='bbox 711 2271 743 2296; x_wconf 87' lang='grc'>38</span> <span class='ocrx_word' id='word_1_286' title='bbox 763 2284 798 2290; x_wconf 87' lang='lat'>-—</span> <span class='ocrx_word' id='word_1_287' title='bbox 817 2278 907 2303; x_wconf 92' lang='lat' dir='ltr'>paren-</span> 
     </span>
     <span class='ocr_line' id='line_1_48' title="bbox 264 2315 887 2348; baseline 0 -7"><span class='ocrx_word' id='word_1_288' title='bbox 264 2318 320 2341; x_wconf 89' lang='lat' dir='ltr'>tum</span> <span class='ocrx_word' id='word_1_289' title='bbox 340 2323 389 2341; x_wconf 89' lang='lat' dir='ltr'>nec</span> <span class='ocrx_word' id='word_1_290' title='bbox 408 2316 482 2341; x_wconf 90' lang='lat' dir='ltr'>vultu</span> <span class='ocrx_word' id='word_1_291' title='bbox 501 2315 610 2348; x_wconf 89' lang='lat' dir='ltr'>quidem</span> <span class='ocrx_word' id='word_1_292' title='bbox 630 2315 755 2341; x_wconf 88' lang='lat' dir='ltr'>laedenda</span> <span class='ocrx_word' id='word_1_293' title='bbox 770 2318 808 2341; x_wconf 89' lang='lat' dir='ltr'>est</span> <span class='ocrx_word' id='word_1_294' title='bbox 827 2315 887 2342; x_wconf 87' lang='lat' dir='ltr'>ibid.</span> 
     </span>
    </p>

    <p class='ocr_par' dir='ltr' id='par_1_11' title="bbox 264 2359 906 2474">
     <span class='ocr_line' id='line_1_49' title="bbox 317 2359 906 2391; baseline 0 -6"><span class='ocrx_word' id='word_1_295' title='bbox 317 2374 352 2378; x_wconf 97' lang='lat'><strong>—</strong></span> <span class='ocrx_word' id='word_1_296' title='bbox 372 2359 493 2385; x_wconf 89' lang='lat' dir='ltr'>habenda</span> <span class='ocrx_word' id='word_1_297' title='bbox 512 2363 551 2385; x_wconf 87' lang='lat' dir='ltr'>est</span> <span class='ocrx_word' id='word_1_298' title='bbox 569 2366 631 2391; x_wconf 84' lang='lat' dir='ltr'>erga</span> <span class='ocrx_word' id='word_1_299' title='bbox 652 2363 770 2385; x_wconf 88' lang='lat' dir='ltr'>naturam</span> <span class='ocrx_word' id='word_1_300' title='bbox 792 2360 834 2385; x_wconf 95' lang='lat' dir='ltr'>Vll</span> <span class='ocrx_word' id='word_1_301' title='bbox 855 2360 906 2385; x_wconf 84' lang='lat'>554</span> 
     </span>
     <span class='ocr_line' id='line_1_50' title="bbox 265 2403 905 2431; baseline 0.002 -2"><span class='ocrx_word' id='word_1_302' title='bbox 265 2404 298 2429; x_wconf 87' lang='lat'>48</span> <span class='ocrx_word' id='word_1_303' title='bbox 312 2419 347 2422; x_wconf 97' lang='lat'><strong>—</strong></span> <span class='ocrx_word' id='word_1_304' title='bbox 365 2403 445 2430; x_wconf 90' lang='lat' dir='ltr'>debet</span> <span class='ocrx_word' id='word_1_305' title='bbox 463 2404 579 2429; x_wconf 85' lang='lat' dir='ltr'>exhiberi</span> <span class='ocrx_word' id='word_1_306' title='bbox 597 2405 744 2430; x_wconf 89' lang='lat' dir='ltr'>secundum</span> <span class='ocrx_word' id='word_1_307' title='bbox 758 2405 905 2431; x_wconf 89' lang='lat' dir='ltr'>ordinatam</span> 
     </span>
     <span class='ocr_line' id='line_1_51' title="bbox 264 2448 507 2474; baseline 0 -1"><span class='ocrx_word' id='word_1_308' title='bbox 264 2449 400 2474; x_wconf 89' lang='lat' dir='ltr'>caritatem</span> <span class='ocrx_word' id='word_1_309' title='bbox 423 2448 473 2473; x_wconf 85' lang='grc'>427</span> <span class='ocrx_word' id='word_1_310' title='bbox 492 2448 507 2473; x_wconf 88' lang='grc'><strong>7</strong></span> 
     </span>
    </p>

    <p class='ocr_par' dir='ltr' id='par_1_12' title="bbox 263 2492 905 2783">
     <span class='ocr_line' id='line_1_52' title="bbox 319 2492 905 2524; baseline 0.003 -7"><span class='ocrx_word' id='word_1_311' title='bbox 319 2507 352 2511; x_wconf 84' lang='grc'>-</span> <span class='ocrx_word' id='word_1_312' title='bbox 372 2492 444 2524; x_wconf 90' lang='lat' dir='ltr'>Opus</span> <span class='ocrx_word' id='word_1_313' title='bbox 458 2493 561 2524; x_wconf 86' lang='lat' dir='ltr'>pietatis</span> <span class='ocrx_word' id='word_1_314' title='bbox 579 2493 697 2519; x_wconf 89' lang='lat' dir='ltr'>consistit</span> <span class='ocrx_word' id='word_1_315' title='bbox 710 2493 736 2518; x_wconf 94' lang='lat' dir='ltr'>in</span> <span class='ocrx_word' id='word_1_316' title='bbox 749 2493 905 2519; x_wconf 90' lang='lat' dir='ltr'>dimittendo</span> 
     </span>
     <span class='ocr_line' id='line_1_53' title="bbox 264 2537 904 2563; baseline 0.003 -2"><span class='ocrx_word' id='word_1_317' title='bbox 264 2540 290 2562; x_wconf 92' lang='lat' dir='ltr'>et</span> <span class='ocrx_word' id='word_1_318' title='bbox 303 2537 391 2561; x_wconf 87' lang='lat' dir='ltr'>dando</span> <span class='ocrx_word' id='word_1_319' title='bbox 410 2537 452 2562; x_wconf 89' lang='lat' dir='ltr'>Vll</span> <span class='ocrx_word' id='word_1_320' title='bbox 474 2537 524 2562; x_wconf 88' lang='grc'>159</span> <span class='ocrx_word' id='word_1_321' title='bbox 545 2537 577 2562; x_wconf 88' lang='grc'>87</span> <span class='ocrx_word' id='word_1_322' title='bbox 598 2550 633 2556; x_wconf 89' lang='grc'><strong>-</strong></span> <span class='ocrx_word' id='word_1_323' title='bbox 653 2537 755 2562; x_wconf 84' lang='lat' dir='ltr'>Pietatis</span> <span class='ocrx_word' id='word_1_324' title='bbox 775 2538 904 2563; x_wconf 86' lang='lat' dir='ltr'>affluentia</span> 
     </span>
     <span class='ocr_line' id='line_1_54' title="bbox 264 2580 899 2612; baseline 0 -5"><span class='ocrx_word' id='word_1_325' title='bbox 264 2581 423 2611; x_wconf 86' lang='lat' dir='ltr'>ostenditur,</span> <span class='ocrx_word' id='word_1_326' title='bbox 442 2581 468 2605; x_wconf 90' lang='lat' dir='ltr'>in</span> <span class='ocrx_word' id='word_1_327' title='bbox 487 2580 662 2606; x_wconf 86' lang='lat' dir='ltr'>condonando</span> <span class='ocrx_word' id='word_1_328' title='bbox 691 2584 798 2612; x_wconf 86' lang='lat' dir='ltr'>peccata</span> <span class='ocrx_word' id='word_1_329' title='bbox 819 2582 869 2607; x_wconf 85' lang='grc'>165</span> <span class='ocrx_word' id='word_1_330' title='bbox 890 2582 899 2607; x_wconf 95' lang='grc'>1</span> 
     </span>
     <span class='ocr_line' id='line_1_55' title="bbox 264 2625 905 2656; baseline 0.003 -7"><span class='ocrx_word' id='word_1_331' title='bbox 264 2638 299 2644; x_wconf 92' lang='grc'>-</span> <span class='ocrx_word' id='word_1_332' title='bbox 319 2625 461 2656; x_wconf 90' lang='lat' dir='ltr'>spiritualis</span> <span class='ocrx_word' id='word_1_333' title='bbox 480 2625 595 2650; x_wconf 82' lang='lat' dir='ltr'>consistit</span> <span class='ocrx_word' id='word_1_334' title='bbox 614 2625 637 2650; x_wconf 90' lang='lat' dir='ltr'>in</span> <span class='ocrx_word' id='word_1_335' title='bbox 657 2626 810 2651; x_wconf 87' lang='lat' dir='ltr'>remissione</span> <span class='ocrx_word' id='word_1_336' title='bbox 829 2626 905 2651; x_wconf 77' lang='lat' dir='ltr'>offen·</span> 
     </span>
     <span class='ocr_line' id='line_1_56' title="bbox 265 2667 903 2700; baseline 0.002 -7"><span class='ocrx_word' id='word_1_337' title='bbox 265 2675 355 2693; x_wconf 89' lang='lat' dir='ltr'>sarum</span> <span class='ocrx_word' id='word_1_338' title='bbox 383 2667 432 2693; x_wconf 89' lang='grc'>426</span> <span class='ocrx_word' id='word_1_339' title='bbox 454 2669 463 2692; x_wconf 90' lang='grc'>1</span> <span class='ocrx_word' id='word_1_340' title='bbox 487 2682 521 2687; x_wconf 93' lang='lat'>—-</span> <span class='ocrx_word' id='word_1_341' title='bbox 541 2669 644 2693; x_wconf 87' lang='lat' dir='ltr'>Pietatis</span> <span class='ocrx_word' id='word_1_342' title='bbox 673 2675 753 2700; x_wconf 91' lang='lat' dir='ltr'>opera</span> <span class='ocrx_word' id='word_1_343' title='bbox 782 2668 903 2694; x_wconf 90' lang='lat' dir='ltr'>sublimia</span> 
     </span>
     <span class='ocr_line' id='line_1_57' title="bbox 264 2712 905 2739; baseline 0.002 -1"><span class='ocrx_word' id='word_1_344' title='bbox 264 2712 409 2738; x_wconf 90' lang='lat' dir='ltr'>consistunt</span> <span class='ocrx_word' id='word_1_345' title='bbox 428 2712 452 2736; x_wconf 90' lang='lat' dir='ltr'>in</span> <span class='ocrx_word' id='word_1_346' title='bbox 472 2712 601 2737; x_wconf 85' lang='lat' dir='ltr'>scandalis</span> <span class='ocrx_word' id='word_1_347' title='bbox 619 2712 733 2737; x_wconf 84' lang='lat' dir='ltr'>vitandis</span> <span class='ocrx_word' id='word_1_348' title='bbox 761 2716 787 2738; x_wconf 90' lang='lat' dir='ltr'>et</span> <span class='ocrx_word' id='word_1_349' title='bbox 806 2713 905 2739; x_wconf 89' lang='lat' dir='ltr'>iniuriis</span> 
     </span>
     <span class='ocr_line' id='line_1_58' title="bbox 263 2756 549 2783; baseline -0.003 -1"><span class='ocrx_word' id='word_1_350' title='bbox 263 2756 426 2782; x_wconf 85' lang='lat' dir='ltr'>remittendis</span> <span class='ocrx_word' id='word_1_351' title='bbox 446 2756 496 2783; x_wconf 86' lang='grc'>429</span> <span class='ocrx_word' id='word_1_352' title='bbox 518 2757 549 2781; x_wconf 86' lang='grc'>13</span> 
     </span>
    </p>

    <p class='ocr_par' dir='ltr' id='par_1_13' title="bbox 264 2800 906 3002">
     <span class='ocr_line' id='line_1_59' title="bbox 318 2800 900 2832; baseline 0.002 -7"><span class='ocrx_word' id='word_1_353' title='bbox 318 2815 353 2818; x_wconf 97' lang='grc'>--</span> <span class='ocrx_word' id='word_1_354' title='bbox 373 2800 524 2825; x_wconf 82' lang='lat' dir='ltr'>Exercitatio</span> <span class='ocrx_word' id='word_1_355' title='bbox 543 2800 646 2832; x_wconf 88' lang='lat' dir='ltr'>pietatis</span> <span class='ocrx_word' id='word_1_356' title='bbox 674 2801 743 2826; x_wconf 91' lang='lat' dir='ltr'>utilis</span> <span class='ocrx_word' id='word_1_357' title='bbox 761 2804 800 2827; x_wconf 89' lang='lat' dir='ltr'>est</span> <span class='ocrx_word' id='word_1_358' title='bbox 819 2802 852 2826; x_wconf 89' lang='lat' dir='ltr'>Vl</span> <span class='ocrx_word' id='word_1_359' title='bbox 872 2802 900 2826; x_wconf 91' lang='grc'>21</span> 
     </span>
     <span class='ocr_line' id='line_1_60' title="bbox 268 2844 906 2877; baseline 0.002 -8"><span class='ocrx_word' id='word_1_360' title='bbox 268 2851 294 2869; x_wconf 91' lang='lat' dir='ltr'>v.</span> <span class='ocrx_word' id='word_1_361' title='bbox 315 2845 329 2869; x_wconf 87' lang='lat'><strong>3</strong></span> <span class='ocrx_word' id='word_1_362' title='bbox 343 2858 378 2863; x_wconf 94' lang='lat'><strong>—</strong></span> <span class='ocrx_word' id='word_1_363' title='bbox 390 2845 458 2869; x_wconf 73' lang='lat' dir='ltr'>valet</span> <span class='ocrx_word' id='word_1_364' title='bbox 477 2844 511 2869; x_wconf 92' lang='lat' dir='ltr'>ad</span> <span class='ocrx_word' id='word_1_365' title='bbox 525 2845 611 2869; x_wconf 90' lang='lat' dir='ltr'>omnia</span> <span class='ocrx_word' id='word_1_366' title='bbox 626 2845 659 2869; x_wconf 87' lang='lat'>88</span> <span class='ocrx_word' id='word_1_367' title='bbox 673 2853 700 2870; x_wconf 88' lang='grc' dir='ltr'>ν.</span> <span class='ocrx_word' id='word_1_368' title='bbox 724 2847 730 2870; x_wconf 89' lang='lat' dir='ltr'>t</span> <span class='ocrx_word' id='word_1_369' title='bbox 748 2859 783 2864; x_wconf 99' lang='lat'><strong>—</strong></span> <span class='ocrx_word' id='word_1_370' title='bbox 796 2846 906 2877; x_wconf 85' lang='lat' dir='ltr'>Propter</span> 
     </span>
     <span class='ocr_line' id='line_1_61' title="bbox 265 2889 904 2920; baseline 0.003 -7"><span class='ocrx_word' id='word_1_371' title='bbox 265 2889 388 2920; x_wconf 90' lang='lat' dir='ltr'>pietatem</span> <span class='ocrx_word' id='word_1_372' title='bbox 409 2889 522 2914; x_wconf 82' lang='lat' dir='ltr'>maxime</span> <span class='ocrx_word' id='word_1_373' title='bbox 550 2889 610 2914; x_wconf 88' lang='lat' dir='ltr'>iusti</span> <span class='ocrx_word' id='word_1_374' title='bbox 634 2889 768 2914; x_wconf 79' lang='lat' dir='ltr'>salvantur</span> <span class='ocrx_word' id='word_1_375' title='bbox 788 2889 849 2916; x_wconf 88' lang='lat' dir='ltr'>ibid.</span> <span class='ocrx_word' id='word_1_376' title='bbox 869 2904 904 2909; x_wconf 89' lang='lat'>—-</span> 
     </span>
     <span class='ocr_line' id='line_1_62' title="bbox 264 2932 906 2964; baseline 0.003 -7"><span class='ocrx_word' id='word_1_377' title='bbox 264 2932 366 2957; x_wconf 87' lang='lat' dir='ltr'>Pietatis</span> <span class='ocrx_word' id='word_1_378' title='bbox 385 2932 511 2964; x_wconf 80' lang='lat' dir='ltr'>operibus</span> <span class='ocrx_word' id='word_1_379' title='bbox 531 2933 643 2958; x_wconf 88' lang='lat' dir='ltr'>maxime</span> <span class='ocrx_word' id='word_1_380' title='bbox 657 2933 684 2958; x_wconf 79' lang='lat' dir='ltr'>tit</span> <span class='ocrx_word' id='word_1_381' title='bbox 697 2933 832 2959; x_wconf 89' lang='lat' dir='ltr'>retributio</span> <span class='ocrx_word' id='word_1_382' title='bbox 853 2935 906 2959; x_wconf 81' lang='lat' dir='ltr'>teli-</span> 
     </span>
     <span class='ocr_line' id='line_1_63' title="bbox 264 2976 531 3002; baseline 0.004 -1"><span class='ocrx_word' id='word_1_383' title='bbox 264 2976 348 3002; x_wconf 91' lang='lat' dir='ltr'>citatis</span> <span class='ocrx_word' id='word_1_384' title='bbox 370 2977 411 3001; x_wconf 89' lang='lat' dir='ltr'>Vll</span> <span class='ocrx_word' id='word_1_385' title='bbox 431 2977 481 3002; x_wconf 84' lang='lat'>368</span> <span class='ocrx_word' id='word_1_386' title='bbox 504 2977 531 3002; x_wconf 89' lang='grc'>31</span> 
     </span>
    </p>

    <p class='ocr_par' dir='ltr' id='par_1_14' title="bbox 262 3020 906 3266">
     <span class='ocr_line' id='line_1_64' title="bbox 317 3020 905 3054; baseline 0.005 -9"><span class='ocrx_word' id='word_1_387' title='bbox 317 3034 352 3039; x_wconf 83' lang='grc'><strong>-</strong></span> <span class='ocrx_word' id='word_1_388' title='bbox 371 3020 456 3052; x_wconf 87' lang='lat' dir='ltr'>Opera</span> <span class='ocrx_word' id='word_1_389' title='bbox 485 3021 588 3053; x_wconf 90' lang='lat' dir='ltr'>pietatis</span> <span class='ocrx_word' id='word_1_390' title='bbox 616 3029 669 3047; x_wconf 92' lang='lat' dir='ltr'>non</span> <span class='ocrx_word' id='word_1_391' title='bbox 694 3022 837 3047; x_wconf 85' lang='lat' dir='ltr'>exercenda</span> <span class='ocrx_word' id='word_1_392' title='bbox 857 3029 905 3054; x_wconf 92' lang='lat' dir='ltr'>pro</span> 
     </span>
     <span class='ocr_line' id='line_1_65' title="bbox 264 3065 906 3097; baseline 0.002 -7"><span class='ocrx_word' id='word_1_393' title='bbox 264 3066 379 3090; x_wconf 88' lang='lat' dir='ltr'>humana</span> <span class='ocrx_word' id='word_1_394' title='bbox 400 3065 476 3090; x_wconf 87' lang='lat' dir='ltr'>laude</span> <span class='ocrx_word' id='word_1_395' title='bbox 497 3065 528 3090; x_wconf 86' lang='lat' dir='ltr'>Vl</span> <span class='ocrx_word' id='word_1_396' title='bbox 549 3065 600 3091; x_wconf 82' lang='lat'>274</span> <span class='ocrx_word' id='word_1_397' title='bbox 614 3067 648 3091; x_wconf 93' lang='grc'>25</span> <span class='ocrx_word' id='word_1_398' title='bbox 667 3074 702 3085; x_wconf 91' lang='grc'>-·-</span> <span class='ocrx_word' id='word_1_399' title='bbox 721 3065 906 3097; x_wconf 81' lang='lat' dir='ltr'>Reprobantur</span> 
     </span>
     <span class='ocr_line' id='line_1_66' title="bbox 264 3109 906 3141; baseline 0.005 -8"><span class='ocrx_word' id='word_1_400' title='bbox 264 3109 465 3140; x_wconf 85' lang='lat' dir='ltr'>praetendentes</span> <span class='ocrx_word' id='word_1_401' title='bbox 486 3110 609 3141; x_wconf 82' lang='lat' dir='ltr'>pietatem</span> <span class='ocrx_word' id='word_1_402' title='bbox 639 3110 662 3135; x_wconf 90' lang='lat' dir='ltr'>in</span> <span class='ocrx_word' id='word_1_403' title='bbox 689 3111 771 3141; x_wconf 83' lang='lat' dir='ltr'>tacto,</span> <span class='ocrx_word' id='word_1_404' title='bbox 790 3110 837 3136; x_wconf 88' lang='lat' dir='ltr'>sed</span> <span class='ocrx_word' id='word_1_405' title='bbox 864 3116 906 3141; x_wconf 85' lang='lat' dir='ltr'>ge·</span> 
     </span>
     <span class='ocr_line' id='line_1_67' title="bbox 263 3153 902 3185; baseline 0.002 -7"><span class='ocrx_word' id='word_1_406' title='bbox 263 3156 349 3178; x_wconf 88' lang='lat' dir='ltr'>rentes</span> <span class='ocrx_word' id='word_1_407' title='bbox 369 3153 529 3185; x_wconf 90' lang='lat' dir='ltr'>impietatem</span> <span class='ocrx_word' id='word_1_408' title='bbox 550 3154 574 3178; x_wconf 93' lang='lat' dir='ltr'>in</span> <span class='ocrx_word' id='word_1_409' title='bbox 594 3153 682 3179; x_wconf 90' lang='lat' dir='ltr'>animo</span> <span class='ocrx_word' id='word_1_410' title='bbox 696 3154 740 3179; x_wconf 86' lang='lat' dir='ltr'>Vll</span> <span class='ocrx_word' id='word_1_411' title='bbox 754 3154 805 3179; x_wconf 89' lang='grc'>307</span> <span class='ocrx_word' id='word_1_412' title='bbox 819 3154 852 3178; x_wconf 86' lang='grc'>93</span> <span class='ocrx_word' id='word_1_413' title='bbox 866 3167 902 3172; x_wconf 91' lang='grc'><strong>-</strong></span> 
     </span>
     <span class='ocr_line' id='line_1_68' title="bbox 263 3197 905 3230; baseline 0.002 -8"><span class='ocrx_word' id='word_1_414' title='bbox 263 3197 366 3222; x_wconf 87' lang='lat' dir='ltr'>Pietatis</span> <span class='ocrx_word' id='word_1_415' title='bbox 385 3204 464 3229; x_wconf 85' lang='lat' dir='ltr'>opera</span> <span class='ocrx_word' id='word_1_416' title='bbox 485 3200 609 3230; x_wconf 90' lang='lat' dir='ltr'>tanquam</span> <span class='ocrx_word' id='word_1_417' title='bbox 623 3198 767 3229; x_wconf 88' lang='lat' dir='ltr'>spiritualia</span> <span class='ocrx_word' id='word_1_418' title='bbox 780 3201 905 3229; x_wconf 90' lang='lat' dir='ltr'>reputan-</span> 
     </span>
     <span class='ocr_line' id='line_1_69' title="bbox 262 3240 482 3266; baseline 0 0"><span class='ocrx_word' id='word_1_419' title='bbox 262 3243 304 3266; x_wconf 91' lang='lat' dir='ltr'>tur</span> <span class='ocrx_word' id='word_1_420' title='bbox 324 3241 357 3266; x_wconf 92' lang='lat' dir='ltr'>Vl</span> <span class='ocrx_word' id='word_1_421' title='bbox 378 3240 430 3266; x_wconf 89' lang='grc'>346</span> <span class='ocrx_word' id='word_1_422' title='bbox 450 3241 482 3266; x_wconf 86' lang='grc'>34</span> 
     </span>
    </p>

    <p class='ocr_par' dir='ltr' id='par_1_15' title="bbox 262 3285 904 3399">
     <span class='ocr_line' id='line_1_70' title="bbox 317 3285 903 3317; baseline 0.003 -8"><span class='ocrx_word' id='word_1_423' title='bbox 317 3298 351 3303; x_wconf 90' lang='lat'>—</span> <span class='ocrx_word' id='word_1_424' title='bbox 370 3288 517 3317; x_wconf 83' lang='lat' dir='ltr'>temperare</span> <span class='ocrx_word' id='word_1_425' title='bbox 536 3285 615 3311; x_wconf 88' lang='lat' dir='ltr'>debet</span> <span class='ocrx_word' id='word_1_426' title='bbox 627 3286 751 3312; x_wconf 89' lang='lat' dir='ltr'>iustitiam</span> <span class='ocrx_word' id='word_1_427' title='bbox 765 3293 856 3311; x_wconf 89' lang='lat' dir='ltr'>veram</span> <span class='ocrx_word' id='word_1_428' title='bbox 871 3286 903 3311; x_wconf 91' lang='lat' dir='ltr'>Vl</span> 
     </span>
     <span class='ocr_line' id='line_1_71' title="bbox 263 3329 904 3362; baseline 0.005 -9"><span class='ocrx_word' id='word_1_429' title='bbox 263 3329 297 3354; x_wconf 85' lang='lat'>59</span> <span class='ocrx_word' id='word_1_430' title='bbox 317 3335 343 3353; x_wconf 82' lang='lat' dir='ltr'>v.</span> <span class='ocrx_word' id='word_1_431' title='bbox 366 3329 399 3354; x_wconf 87' lang='grc'>17</span> <span class='ocrx_word' id='word_1_432' title='bbox 413 3342 448 3348; x_wconf 84' lang='grc'><strong>-</strong></span> <span class='ocrx_word' id='word_1_433' title='bbox 461 3329 564 3355; x_wconf 89' lang='lat' dir='ltr'>attrahit</span> <span class='ocrx_word' id='word_1_434' title='bbox 583 3330 702 3362; x_wconf 86' lang='lat' dir='ltr'>miseros,</span> <span class='ocrx_word' id='word_1_435' title='bbox 716 3330 783 3356; x_wconf 92' lang='lat' dir='ltr'>sicut</span> <span class='ocrx_word' id='word_1_436' title='bbox 795 3330 904 3356; x_wconf 88' lang='lat' dir='ltr'>adamas</span> 
     </span>
     <span class='ocr_line' id='line_1_72' title="bbox 262 3373 530 3399; baseline 0.007 -2"><span class='ocrx_word' id='word_1_437' title='bbox 262 3373 361 3398; x_wconf 76' lang='lat' dir='ltr'>serrum</span> <span class='ocrx_word' id='word_1_438' title='bbox 382 3373 424 3398; x_wconf 91' lang='lat' dir='ltr'>Vll</span> <span class='ocrx_word' id='word_1_439' title='bbox 445 3373 494 3398; x_wconf 86' lang='lat'>473</span> <span class='ocrx_word' id='word_1_440' title='bbox 515 3374 530 3399; x_wconf 82' lang='lat'>2</span> 
     </span>
    </p>
   </div>
   <div class='ocr_carea' id='block_1_3' title="bbox 925 380 933 2768">
    <p class='ocr_par' dir='ltr' id='par_1_16' title="bbox 925 380 933 2768">
     <span class='ocr_line' id='line_1_73' title="bbox 925 380 933 2768; baseline 0 0"><span class='ocrx_word' id='word_1_441' title='bbox 925 380 933 2768; x_wconf 95' lang='lat' dir='ltr'> </span> 
     </span>
    </p>
   </div>
   <div class='ocr_carea' id='block_1_4' title="bbox 1138 236 1405 269">
    <p class='ocr_par' dir='ltr' id='par_1_17' title="bbox 1138 236 1405 269">
     <span class='ocr_line' id='line_1_74' title="bbox 1138 236 1405 269; baseline 0.004 -1"><span class='ocrx_word' id='word_1_442' title='bbox 1138 237 1252 268; x_wconf 83' lang='lat' dir='ltr'>INDEX</span> <span class='ocrx_word' id='word_1_443' title='bbox 1277 236 1405 269; x_wconf 82' lang='lat' dir='ltr'>RERUM</span> 
     </span>
    </p>
   </div>
   <div class='ocr_carea' id='block_1_5' title="bbox 946 324 1591 1851">
    <p class='ocr_par' dir='ltr' id='par_1_18' title="bbox 949 324 1591 619">
     <span class='ocr_line' id='line_1_75' title="bbox 1003 324 1591 356; baseline 0 -7"><span class='ocrx_word' id='word_1_444' title='bbox 1003 339 1038 342; x_wconf 97' lang='lat'><strong>—</strong></span> <span class='ocrx_word' id='word_1_445' title='bbox 1057 324 1096 349; x_wconf 83' lang='lat' dir='ltr'>Ad</span> <span class='ocrx_word' id='word_1_446' title='bbox 1110 324 1234 356; x_wconf 87' lang='lat' dir='ltr'>pietatem</span> <span class='ocrx_word' id='word_1_447' title='bbox 1248 325 1419 349; x_wconf 88' lang='lat' dir='ltr'>vehementer</span> <span class='ocrx_word' id='word_1_448' title='bbox 1432 324 1519 349; x_wconf 88' lang='lat' dir='ltr'>incitat</span> <span class='ocrx_word' id='word_1_449' title='bbox 1532 330 1591 349; x_wconf 91' lang='lat' dir='ltr'>con-</span> 
     </span>
     <span class='ocr_line' id='line_1_76' title="bbox 949 367 1589 399; baseline 0 -6"><span class='ocrx_word' id='word_1_450' title='bbox 949 367 1072 393; x_wconf 81' lang='lat' dir='ltr'>sideratio</span> <span class='ocrx_word' id='word_1_451' title='bbox 1100 368 1209 399; x_wconf 84' lang='lat' dir='ltr'>originis</span> <span class='ocrx_word' id='word_1_452' title='bbox 1237 367 1371 399; x_wconf 81' lang='lat' dir='ltr'>potestatis</span> <span class='ocrx_word' id='word_1_453' title='bbox 1399 371 1516 393; x_wconf 90' lang='lat' dir='ltr'>terrenae</span> <span class='ocrx_word' id='word_1_454' title='bbox 1540 368 1589 393; x_wconf 54' lang='lat' dir='ltr'>.Vll</span> 
     </span>
     <span class='ocr_line' id='line_1_77' title="bbox 951 411 1590 444; baseline 0.002 -8"><span class='ocrx_word' id='word_1_455' title='bbox 951 411 1001 437; x_wconf 85' lang='grc'>403</span> <span class='ocrx_word' id='word_1_456' title='bbox 1022 412 1038 437; x_wconf 86' lang='grc'>2</span> <span class='ocrx_word' id='word_1_457' title='bbox 1057 425 1092 430; x_wconf 85' lang='grc'>-·</span> <span class='ocrx_word' id='word_1_458' title='bbox 1106 412 1188 437; x_wconf 82' lang='lat' dir='ltr'>Radix</span> <span class='ocrx_word' id='word_1_459' title='bbox 1202 412 1304 443; x_wconf 84' lang='lat' dir='ltr'>pietatis</span> <span class='ocrx_word' id='word_1_460' title='bbox 1318 412 1460 444; x_wconf 90' lang='lat' dir='ltr'>spiritualis</span> <span class='ocrx_word' id='word_1_461' title='bbox 1473 415 1512 437; x_wconf 87' lang='lat' dir='ltr'>est</span> <span class='ocrx_word' id='word_1_462' title='bbox 1525 412 1590 437; x_wconf 79' lang='lat' dir='ltr'>fides</span> 
     </span>
     <span class='ocr_line' id='line_1_78' title="bbox 951 455 1589 481; baseline 0.002 -1"><span class='ocrx_word' id='word_1_463' title='bbox 951 455 1051 481; x_wconf 78' lang='lat' dir='ltr'>fervida</span> <span class='ocrx_word' id='word_1_464' title='bbox 1080 459 1105 481; x_wconf 87' lang='lat' dir='ltr'>et</span> <span class='ocrx_word' id='word_1_465' title='bbox 1132 456 1264 481; x_wconf 90' lang='lat' dir='ltr'>humilitas</span> <span class='ocrx_word' id='word_1_466' title='bbox 1289 456 1409 481; x_wconf 89' lang='lat' dir='ltr'>timorata</span> <span class='ocrx_word' id='word_1_467' title='bbox 1430 455 1479 481; x_wconf 90' lang='grc'>429</span> <span class='ocrx_word' id='word_1_468' title='bbox 1504 457 1535 481; x_wconf 90' lang='grc'>12</span> <span class='ocrx_word' id='word_1_469' title='bbox 1555 470 1589 474; x_wconf 90' lang='grc'>-</span> 
     </span>
     <span class='ocr_line' id='line_1_79' title="bbox 949 499 1589 532; baseline 0.002 -8"><span class='ocrx_word' id='word_1_470' title='bbox 949 499 1028 524; x_wconf 93' lang='lat' dir='ltr'>Dolor</span> <span class='ocrx_word' id='word_1_471' title='bbox 1047 499 1151 531; x_wconf 88' lang='lat' dir='ltr'>pietatis</span> <span class='ocrx_word' id='word_1_472' title='bbox 1170 499 1245 525; x_wconf 85' lang='lat' dir='ltr'>decet.</span> <span class='ocrx_word' id='word_1_473' title='bbox 1263 500 1412 532; x_wconf 83' lang='lat' dir='ltr'>pontificem</span> <span class='ocrx_word' id='word_1_474' title='bbox 1434 500 1485 525; x_wconf 89' lang='grc'>495</span> <span class='ocrx_word' id='word_1_475' title='bbox 1505 500 1537 524; x_wconf 89' lang='grc'>63</span> <span class='ocrx_word' id='word_1_476' title='bbox 1557 513 1589 517; x_wconf 94' lang='lat'>--</span> 
     </span>
     <span class='ocr_line' id='line_1_80' title="bbox 950 543 1590 576; baseline -0.002 -8"><span class='ocrx_word' id='word_1_477' title='bbox 950 544 985 569; x_wconf 88' lang='lat' dir='ltr'>Ex</span> <span class='ocrx_word' id='word_1_478' title='bbox 1004 543 1101 575; x_wconf 87' lang='lat' dir='ltr'>pietate</span> <span class='ocrx_word' id='word_1_479' title='bbox 1119 544 1207 569; x_wconf 89' lang='lat' dir='ltr'>cordis</span> <span class='ocrx_word' id='word_1_480' title='bbox 1226 544 1307 569; x_wconf 91' lang='lat' dir='ltr'>nostri</span> <span class='ocrx_word' id='word_1_481' title='bbox 1327 544 1406 569; x_wconf 89' lang='lat' dir='ltr'>debet</span> <span class='ocrx_word' id='word_1_482' title='bbox 1424 544 1590 576; x_wconf 82' lang='lat' dir='ltr'>quadruplex</span> 
     </span>
     <span class='ocr_line' id='line_1_81' title="bbox 949 587 1500 619; baseline 0 -7"><span class='ocrx_word' id='word_1_483' title='bbox 949 587 1125 619; x_wconf 85' lang='lat' dir='ltr'>laerymarum</span> <span class='ocrx_word' id='word_1_484' title='bbox 1145 588 1242 613; x_wconf 77' lang='lat' dir='ltr'>fluvius</span> <span class='ocrx_word' id='word_1_485' title='bbox 1261 588 1375 613; x_wconf 83' lang='lat' dir='ltr'>derivari</span> <span class='ocrx_word' id='word_1_486' title='bbox 1396 587 1446 613; x_wconf 88' lang='lat'>496</span> <span class='ocrx_word' id='word_1_487' title='bbox 1467 587 1500 612; x_wconf 89' lang='grc'>64</span> 
     </span>
    </p>

    <p class='ocr_par' dir='ltr' id='par_1_19' title="bbox 949 630 1589 833">
     <span class='ocr_line' id='line_1_82' title="bbox 1002 630 1589 664; baseline -0.003 -7"><span class='ocrx_word' id='word_1_488' title='bbox 1002 645 1038 650; x_wconf 95' lang='grc'>-</span> <span class='ocrx_word' id='word_1_489' title='bbox 1066 631 1100 657; x_wconf 90' lang='lat' dir='ltr'>ad</span> <span class='ocrx_word' id='word_1_490' title='bbox 1129 632 1211 657; x_wconf 92' lang='lat' dir='ltr'>Deum</span> <span class='ocrx_word' id='word_1_491' title='bbox 1240 632 1412 664; x_wconf 79' lang='lat' dir='ltr'>praeferenda</span> <span class='ocrx_word' id='word_1_492' title='bbox 1438 635 1477 656; x_wconf 90' lang='lat' dir='ltr'>est</span> <span class='ocrx_word' id='word_1_493' title='bbox 1500 630 1589 662; x_wconf 82' lang='lat' dir='ltr'>pietati</span> 
     </span>
     <span class='ocr_line' id='line_1_83' title="bbox 949 675 1586 707; baseline -0.002 -6"><span class='ocrx_word' id='word_1_494' title='bbox 949 678 1070 707; x_wconf 86' lang='lat' dir='ltr'>respectu</span> <span class='ocrx_word' id='word_1_495' title='bbox 1085 679 1222 707; x_wconf 87' lang='lat' dir='ltr'>parentum</span> <span class='ocrx_word' id='word_1_496' title='bbox 1238 676 1281 701; x_wconf 91' lang='lat' dir='ltr'>Vll</span> <span class='ocrx_word' id='word_1_497' title='bbox 1296 676 1328 700; x_wconf 88' lang='grc'>68</span> <span class='ocrx_word' id='word_1_498' title='bbox 1349 676 1395 701; x_wconf 92' lang='grc'>107</span> <span class='ocrx_word' id='word_1_499' title='bbox 1408 689 1443 694; x_wconf 90' lang='lat'>—</span> <span class='ocrx_word' id='word_1_500' title='bbox 1457 675 1489 700; x_wconf 93' lang='lat' dir='ltr'>ad</span> <span class='ocrx_word' id='word_1_501' title='bbox 1504 675 1586 700; x_wconf 88' lang='lat' dir='ltr'>Deum</span> 
     </span>
     <span class='ocr_line' id='line_1_84' title="bbox 950 719 1588 751; baseline -0.002 -6"><span class='ocrx_word' id='word_1_502' title='bbox 950 723 975 745; x_wconf 87' lang='lat' dir='ltr'>et</span> <span class='ocrx_word' id='word_1_503' title='bbox 994 720 1124 751; x_wconf 82' lang='lat' dir='ltr'>cupiditas</span> <span class='ocrx_word' id='word_1_504' title='bbox 1144 720 1178 745; x_wconf 94' lang='lat' dir='ltr'>ad</span> <span class='ocrx_word' id='word_1_505' title='bbox 1197 720 1326 745; x_wconf 90' lang='lat' dir='ltr'>mundum</span> <span class='ocrx_word' id='word_1_506' title='bbox 1346 727 1399 745; x_wconf 88' lang='lat' dir='ltr'>non</span> <span class='ocrx_word' id='word_1_507' title='bbox 1413 722 1498 750; x_wconf 91' lang='lat' dir='ltr'>potest</span> <span class='ocrx_word' id='word_1_508' title='bbox 1511 719 1588 744; x_wconf 88' lang='lat' dir='ltr'>simul</span> 
     </span>
     <span class='ocr_line' id='line_1_85' title="bbox 950 763 1586 795; baseline -0.003 -6"><span class='ocrx_word' id='word_1_509' title='bbox 950 763 1041 789; x_wconf 90' lang='lat' dir='ltr'>haberi</span> <span class='ocrx_word' id='word_1_510' title='bbox 1061 764 1111 789; x_wconf 89' lang='grc'>410</span> <span class='ocrx_word' id='word_1_511' title='bbox 1132 765 1160 789; x_wconf 85' lang='grc'>21</span> <span class='ocrx_word' id='word_1_512' title='bbox 1185 778 1219 782; x_wconf 92' lang='grc'><strong>-</strong></span> <span class='ocrx_word' id='word_1_513' title='bbox 1238 767 1416 795; x_wconf 87' lang='lat' dir='ltr'>perscrutatur</span> <span class='ocrx_word' id='word_1_514' title='bbox 1435 763 1525 788; x_wconf 89' lang='lat' dir='ltr'>divina</span> <span class='ocrx_word' id='word_1_515' title='bbox 1555 763 1586 788; x_wconf 86' lang='lat' dir='ltr'>Vl</span> 
     </span>
     <span class='ocr_line' id='line_1_86' title="bbox 950 808 1035 833; baseline 0 0"><span class='ocrx_word' id='word_1_516' title='bbox 950 808 1001 833; x_wconf 88' lang='grc'>244</span> <span class='ocrx_word' id='word_1_517' title='bbox 1021 815 1035 833; x_wconf 94' lang='lat' dir='ltr'>a</span> 
     </span>
    </p>

    <p class='ocr_par' dir='ltr' id='par_1_20' title="bbox 1002 851 1482 877">
     <span class='ocr_line' id='line_1_87' title="bbox 1002 851 1482 877; baseline -0.002 0"><span class='ocrx_word' id='word_1_518' title='bbox 1002 866 1036 871; x_wconf 92' lang='lat'>—-</span> <span class='ocrx_word' id='word_1_519' title='bbox 1056 855 1094 877; x_wconf 85' lang='lat' dir='ltr'>est</span> <span class='ocrx_word' id='word_1_520' title='bbox 1113 852 1196 877; x_wconf 85' lang='lat' dir='ltr'>virtus</span> <span class='ocrx_word' id='word_1_521' title='bbox 1215 852 1261 877; x_wconf 91' lang='lat' dir='ltr'>Dei</span> <span class='ocrx_word' id='word_1_522' title='bbox 1281 852 1313 877; x_wconf 94' lang='lat' dir='ltr'>Vl</span> <span class='ocrx_word' id='word_1_523' title='bbox 1334 852 1384 877; x_wconf 91' lang='grc'>188</span> <span class='ocrx_word' id='word_1_524' title='bbox 1399 859 1426 877; x_wconf 94' lang='lat' dir='ltr'>v.</span> <span class='ocrx_word' id='word_1_525' title='bbox 1449 851 1482 876; x_wconf 94' lang='grc'>15</span> 
     </span>
    </p>

    <p class='ocr_par' dir='ltr' id='par_1_21' title="bbox 946 895 1590 1325">
     <span class='ocr_line' id='line_1_88' title="bbox 1003 895 1590 927; baseline -0.002 -6"><span class='ocrx_word' id='word_1_526' title='bbox 1003 897 1079 921; x_wconf 78' lang='lat' dir='ltr'>Pici-:n</span> <span class='ocrx_word' id='word_1_527' title='bbox 1097 910 1131 914; x_wconf 81' lang='lat'>--</span> <span class='ocrx_word' id='word_1_528' title='bbox 1151 897 1178 921; x_wconf 89' lang='lat' dir='ltr'>ln</span> <span class='ocrx_word' id='word_1_529' title='bbox 1197 896 1274 927; x_wconf 89' lang='lat' dir='ltr'>pigro</span> <span class='ocrx_word' id='word_1_530' title='bbox 1287 895 1432 921; x_wconf 90' lang='lat' dir='ltr'>insinuatur</span> <span class='ocrx_word' id='word_1_531' title='bbox 1445 898 1534 927; x_wconf 90' lang='lat' dir='ltr'>torpor</span> <span class='ocrx_word' id='word_1_532' title='bbox 1547 902 1590 920; x_wconf 86' lang='lat' dir='ltr'>ac-</span> 
     </span>
     <span class='ocr_line' id='line_1_89' title="bbox 949 939 1589 971; baseline -0.003 -6"><span class='ocrx_word' id='word_1_533' title='bbox 949 940 1047 970; x_wconf 82' lang='lat' dir='ltr'>cidiae,</span> <span class='ocrx_word' id='word_1_534' title='bbox 1057 940 1209 965; x_wconf 85' lang='lat' dir='ltr'>sustinentia</span> <span class='ocrx_word' id='word_1_535' title='bbox 1223 940 1357 971; x_wconf 86' lang='lat' dir='ltr'>penuriae,</span> <span class='ocrx_word' id='word_1_536' title='bbox 1372 939 1503 965; x_wconf 75' lang='lat' dir='ltr'>excusatio</span> <span class='ocrx_word' id='word_1_537' title='bbox 1517 939 1589 970; x_wconf 84' lang='lat' dir='ltr'>igno-</span> 
     </span>
     <span class='ocr_line' id='line_1_90' title="bbox 948 983 1590 1016; baseline -0.002 -7"><span class='ocrx_word' id='word_1_538' title='bbox 948 984 1045 1009; x_wconf 87' lang='lat' dir='ltr'>rantiae</span> <span class='ocrx_word' id='word_1_539' title='bbox 1066 984 1096 1008; x_wconf 88' lang='lat' dir='ltr'>Vl</span> <span class='ocrx_word' id='word_1_540' title='bbox 1114 985 1147 1009; x_wconf 88' lang='lat'>38</span> <span class='ocrx_word' id='word_1_541' title='bbox 1168 991 1194 1009; x_wconf 92' lang='lat' dir='ltr'>v.</span> <span class='ocrx_word' id='word_1_542' title='bbox 1214 984 1229 1009; x_wconf 89' lang='lat'>6</span> <span class='ocrx_word' id='word_1_543' title='bbox 1249 998 1285 1003; x_wconf 92' lang='lat'>—</span> <span class='ocrx_word' id='word_1_544' title='bbox 1303 984 1331 1009; x_wconf 89' lang='lat' dir='ltr'>in</span> <span class='ocrx_word' id='word_1_545' title='bbox 1359 984 1464 1016; x_wconf 87' lang='lat' dir='ltr'>pigritia</span> <span class='ocrx_word' id='word_1_546' title='bbox 1490 983 1590 1008; x_wconf 88' lang='lat' dir='ltr'>acidiae</span> 
     </span>
     <span class='ocr_line' id='line_1_91' title="bbox 948 1027 1590 1059; baseline -0.002 -6"><span class='ocrx_word' id='word_1_547' title='bbox 948 1027 1045 1053; x_wconf 89' lang='lat' dir='ltr'>habere</span> <span class='ocrx_word' id='word_1_548' title='bbox 1064 1028 1113 1053; x_wconf 90' lang='lat' dir='ltr'>sibi</span> <span class='ocrx_word' id='word_1_549' title='bbox 1139 1028 1244 1054; x_wconf 83' lang='lat' dir='ltr'>videtur</span> <span class='ocrx_word' id='word_1_550' title='bbox 1271 1028 1466 1054; x_wconf 87' lang='lat' dir='ltr'>excusationem</span> <span class='ocrx_word' id='word_1_551' title='bbox 1489 1027 1590 1059; x_wconf 89' lang='lat' dir='ltr'>sapien-</span> 
     </span>
     <span class='ocr_line' id='line_1_92' title="bbox 948 1071 1589 1104; baseline 0 -8"><span class='ocrx_word' id='word_1_552' title='bbox 948 1072 997 1097; x_wconf 90' lang='lat' dir='ltr'>tiae</span> <span class='ocrx_word' id='word_1_553' title='bbox 1022 1071 1084 1097; x_wconf 86' lang='lat' dir='ltr'>ibid.</span> <span class='ocrx_word' id='word_1_554' title='bbox 1115 1086 1150 1091; x_wconf 97' lang='lat'><strong>—</strong></span> <span class='ocrx_word' id='word_1_555' title='bbox 1178 1072 1305 1098; x_wconf 90' lang='lat' dir='ltr'>Dormitio</span> <span class='ocrx_word' id='word_1_556' title='bbox 1333 1072 1462 1104; x_wconf 79' lang='lat' dir='ltr'>pigritiae</span> <span class='ocrx_word' id='word_1_557' title='bbox 1482 1072 1589 1097; x_wconf 82' lang='lat' dir='ltr'>vitanda</span> 
     </span>
     <span class='ocr_line' id='line_1_93' title="bbox 948 1116 1590 1148; baseline -0.002 -7"><span class='ocrx_word' id='word_1_558' title='bbox 948 1116 998 1141; x_wconf 88' lang='grc'>398</span> <span class='ocrx_word' id='word_1_559' title='bbox 1019 1117 1051 1141; x_wconf 89' lang='grc'>23</span> <span class='ocrx_word' id='word_1_560' title='bbox 1066 1131 1099 1134; x_wconf 92' lang='grc'><strong>-</strong></span> <span class='ocrx_word' id='word_1_561' title='bbox 1114 1116 1218 1148; x_wconf 86' lang='lat' dir='ltr'>operari</span> <span class='ocrx_word' id='word_1_562' title='bbox 1238 1123 1351 1142; x_wconf 89' lang='lat' dir='ltr'>renuens</span> <span class='ocrx_word' id='word_1_563' title='bbox 1364 1123 1466 1148; x_wconf 88' lang='lat' dir='ltr'>pauper</span> <span class='ocrx_word' id='word_1_564' title='bbox 1479 1116 1590 1141; x_wconf 84' lang='lat' dir='ltr'>efficitur</span> 
     </span>
     <span class='ocr_line' id='line_1_94' title="bbox 946 1159 1589 1193; baseline 0 -8"><span class='ocrx_word' id='word_1_565' title='bbox 946 1163 972 1186; x_wconf 91' lang='lat' dir='ltr'>et</span> <span class='ocrx_word' id='word_1_566' title='bbox 985 1167 1073 1186; x_wconf 85' lang='lat' dir='ltr'>macer</span> <span class='ocrx_word' id='word_1_567' title='bbox 1086 1163 1194 1193; x_wconf 75' lang='lat' dir='ltr'>propter</span> <span class='ocrx_word' id='word_1_568' title='bbox 1212 1161 1345 1186; x_wconf 86' lang='lat' dir='ltr'>desectum</span> <span class='ocrx_word' id='word_1_569' title='bbox 1364 1160 1469 1192; x_wconf 90' lang='lat' dir='ltr'>inopiae</span> <span class='ocrx_word' id='word_1_570' title='bbox 1487 1159 1520 1186; x_wconf 90' lang='lat' dir='ltr'>ib.</span> <span class='ocrx_word' id='word_1_571' title='bbox 1534 1167 1560 1185; x_wconf 87' lang='lat' dir='ltr'>v.</span> <span class='ocrx_word' id='word_1_572' title='bbox 1573 1159 1589 1185; x_wconf 89' lang='lat'>5</span> 
     </span>
     <span class='ocr_line' id='line_1_95' title="bbox 946 1205 1589 1237; baseline -0.002 -7"><span class='ocrx_word' id='word_1_573' title='bbox 946 1218 981 1223; x_wconf 98' lang='lat'><strong>—</strong></span> <span class='ocrx_word' id='word_1_574' title='bbox 1005 1205 1046 1230; x_wconf 91' lang='lat' dir='ltr'>Ad</span> <span class='ocrx_word' id='word_1_575' title='bbox 1073 1205 1230 1230; x_wconf 82' lang='lat' dir='ltr'>otiositatem</span> <span class='ocrx_word' id='word_1_576' title='bbox 1260 1205 1429 1237; x_wconf 87' lang='lat' dir='ltr'>consequitur</span> <span class='ocrx_word' id='word_1_577' title='bbox 1447 1205 1589 1230; x_wconf 88' lang='lat' dir='ltr'>destructio</span> 
     </span>
     <span class='ocr_line' id='line_1_96' title="bbox 947 1249 1589 1281; baseline 0 -7"><span class='ocrx_word' id='word_1_578' title='bbox 947 1249 1043 1275; x_wconf 92' lang='lat' dir='ltr'>domus</span> <span class='ocrx_word' id='word_1_579' title='bbox 1056 1252 1221 1275; x_wconf 87' lang='lat' dir='ltr'>constructae</span> <span class='ocrx_word' id='word_1_580' title='bbox 1234 1250 1267 1274; x_wconf 89' lang='lat'>86</span> <span class='ocrx_word' id='word_1_581' title='bbox 1287 1256 1313 1274; x_wconf 91' lang='lat' dir='ltr'>v.</span> <span class='ocrx_word' id='word_1_582' title='bbox 1338 1249 1367 1274; x_wconf 88' lang='grc'>18</span> <span class='ocrx_word' id='word_1_583' title='bbox 1387 1263 1422 1268; x_wconf 95' lang='grc'>-</span> <span class='ocrx_word' id='word_1_584' title='bbox 1441 1250 1489 1274; x_wconf 90' lang='lat' dir='ltr'>Per</span> <span class='ocrx_word' id='word_1_585' title='bbox 1511 1249 1589 1281; x_wconf 88' lang='lat' dir='ltr'>pigri-</span> 
     </span>
     <span class='ocr_line' id='line_1_97' title="bbox 947 1292 1574 1325; baseline 0 -6"><span class='ocrx_word' id='word_1_586' title='bbox 947 1293 1009 1319; x_wconf 87' lang='lat' dir='ltr'>tiam</span> <span class='ocrx_word' id='word_1_587' title='bbox 1029 1293 1172 1319; x_wconf 85' lang='lat' dir='ltr'>destruitur</span> <span class='ocrx_word' id='word_1_588' title='bbox 1190 1294 1340 1319; x_wconf 84' lang='lat' dir='ltr'>aedificium</span> <span class='ocrx_word' id='word_1_589' title='bbox 1360 1293 1494 1325; x_wconf 86' lang='lat' dir='ltr'>spirituale</span> <span class='ocrx_word' id='word_1_590' title='bbox 1513 1292 1574 1319; x_wconf 90' lang='lat' dir='ltr'>ibid.</span> 
     </span>
    </p>

    <p class='ocr_par' dir='ltr' id='par_1_22' title="bbox 947 1337 1589 1629">
     <span class='ocr_line' id='line_1_98' title="bbox 1000 1337 1588 1370; baseline 0 -7"><span class='ocrx_word' id='word_1_591' title='bbox 1000 1351 1035 1357; x_wconf 89' lang='lat'><em>-</em></span> <span class='ocrx_word' id='word_1_592' title='bbox 1054 1338 1159 1370; x_wconf 85' lang='lat' dir='ltr'>Pigritia</span> <span class='ocrx_word' id='word_1_593' title='bbox 1179 1340 1287 1369; x_wconf 89' lang='lat' dir='ltr'>regnat,</span> <span class='ocrx_word' id='word_1_594' title='bbox 1307 1337 1352 1363; x_wconf 92' lang='lat' dir='ltr'>ubi</span> <span class='ocrx_word' id='word_1_595' title='bbox 1381 1345 1434 1363; x_wconf 91' lang='lat' dir='ltr'>non</span> <span class='ocrx_word' id='word_1_596' title='bbox 1453 1340 1492 1363; x_wconf 89' lang='lat' dir='ltr'>est</span> <span class='ocrx_word' id='word_1_597' title='bbox 1511 1338 1588 1363; x_wconf 89' lang='lat' dir='ltr'>timor</span> 
     </span>
     <span class='ocr_line' id='line_1_99' title="bbox 947 1382 1589 1414; baseline 0 -7"><span class='ocrx_word' id='word_1_598' title='bbox 947 1382 1051 1408; x_wconf 88' lang='lat' dir='ltr'>Domini</span> <span class='ocrx_word' id='word_1_599' title='bbox 1071 1389 1192 1414; x_wconf 83' lang='lat' dir='ltr'>pungens</span> <span class='ocrx_word' id='word_1_600' title='bbox 1220 1382 1253 1408; x_wconf 92' lang='lat' dir='ltr'>Vl</span> <span class='ocrx_word' id='word_1_601' title='bbox 1275 1383 1306 1407; x_wconf 87' lang='lat'>86</span> <span class='ocrx_word' id='word_1_602' title='bbox 1327 1390 1352 1408; x_wconf 87' lang='lat' dir='ltr'>v.</span> <span class='ocrx_word' id='word_1_603' title='bbox 1375 1383 1407 1407; x_wconf 92' lang='grc'>18</span> <span class='ocrx_word' id='word_1_604' title='bbox 1427 1396 1462 1401; x_wconf 94' lang='grc'><strong>-</strong></span> <span class='ocrx_word' id='word_1_605' title='bbox 1480 1383 1589 1414; x_wconf 90' lang='lat' dir='ltr'>Propter</span> 
     </span>
     <span class='ocr_line' id='line_1_100' title="bbox 947 1426 1588 1459; baseline 0 -7"><span class='ocrx_word' id='word_1_606' title='bbox 947 1426 1059 1452; x_wconf 86' lang='lat' dir='ltr'>acidiam</span> <span class='ocrx_word' id='word_1_607' title='bbox 1088 1428 1168 1452; x_wconf 89' lang='lat' dir='ltr'>homo</span> <span class='ocrx_word' id='word_1_608' title='bbox 1191 1427 1311 1456; x_wconf 90' lang='lat' dir='ltr'>redditur</span> <span class='ocrx_word' id='word_1_609' title='bbox 1340 1427 1415 1459; x_wconf 83' lang='lat' dir='ltr'>piger</span> <span class='ocrx_word' id='word_1_610' title='bbox 1446 1427 1478 1452; x_wconf 90' lang='lat' dir='ltr'>ad</span> <span class='ocrx_word' id='word_1_611' title='bbox 1508 1433 1588 1452; x_wconf 92' lang='lat' dir='ltr'>omne</span> 
     </span>
     <span class='ocr_line' id='line_1_101' title="bbox 947 1470 1587 1504; baseline 0 -8"><span class='ocrx_word' id='word_1_612' title='bbox 947 1470 1046 1496; x_wconf 90' lang='lat' dir='ltr'>bonum</span> <span class='ocrx_word' id='word_1_613' title='bbox 1067 1471 1100 1495; x_wconf 82' lang='lat'>38</span> <span class='ocrx_word' id='word_1_614' title='bbox 1120 1478 1146 1496; x_wconf 94' lang='lat' dir='ltr'>v.</span> <span class='ocrx_word' id='word_1_615' title='bbox 1166 1471 1182 1496; x_wconf 79' lang='lat'>5</span> <span class='ocrx_word' id='word_1_616' title='bbox 1195 1485 1230 1489; x_wconf 81' lang='lat'>-—</span> <span class='ocrx_word' id='word_1_617' title='bbox 1242 1471 1298 1496; x_wconf 89' lang='lat' dir='ltr'>odit</span> <span class='ocrx_word' id='word_1_618' title='bbox 1310 1471 1403 1503; x_wconf 88' lang='lat' dir='ltr'>lucem,</span> <span class='ocrx_word' id='word_1_619' title='bbox 1424 1471 1486 1504; x_wconf 89' lang='lat' dir='ltr'>quia</span> <span class='ocrx_word' id='word_1_620' title='bbox 1499 1471 1587 1503; x_wconf 83' lang='lat' dir='ltr'>ipsum</span> 
     </span>
     <span class='ocr_line' id='line_1_102' title="bbox 948 1515 1588 1548; baseline 0.002 -8"><span class='ocrx_word' id='word_1_621' title='bbox 948 1515 1041 1540; x_wconf 87' lang='lat' dir='ltr'>excitat</span> <span class='ocrx_word' id='word_1_622' title='bbox 1065 1515 1116 1541; x_wconf 84' lang='lat'>554</span> <span class='ocrx_word' id='word_1_623' title='bbox 1144 1522 1170 1541; x_wconf 88' lang='lat' dir='ltr'>v.</span> <span class='ocrx_word' id='word_1_624' title='bbox 1200 1516 1233 1540; x_wconf 88' lang='grc'>20</span> <span class='ocrx_word' id='word_1_625' title='bbox 1264 1529 1296 1533; x_wconf 90' lang='grc'>-</span> <span class='ocrx_word' id='word_1_626' title='bbox 1321 1515 1367 1548; x_wconf 84' lang='lat' dir='ltr'>qui</span> <span class='ocrx_word' id='word_1_627' title='bbox 1387 1515 1478 1541; x_wconf 92' lang='lat' dir='ltr'>volunt</span> <span class='ocrx_word' id='word_1_628' title='bbox 1496 1518 1522 1541; x_wconf 89' lang='lat' dir='ltr'>et</span> <span class='ocrx_word' id='word_1_629' title='bbox 1540 1522 1588 1541; x_wconf 88' lang='lat' dir='ltr'>no-</span> 
     </span>
     <span class='ocr_line' id='line_1_103' title="bbox 947 1559 1588 1591; baseline 0.002 -7"><span class='ocrx_word' id='word_1_630' title='bbox 947 1559 1017 1590; x_wconf 89' lang='lat' dir='ltr'>lunt,</span> <span class='ocrx_word' id='word_1_631' title='bbox 1036 1559 1061 1584; x_wconf 90' lang='lat' dir='ltr'>in</span> <span class='ocrx_word' id='word_1_632' title='bbox 1081 1560 1182 1585; x_wconf 89' lang='lat' dir='ltr'>caelum</span> <span class='ocrx_word' id='word_1_633' title='bbox 1208 1560 1302 1585; x_wconf 85' lang='lat' dir='ltr'>intrare</span> <span class='ocrx_word' id='word_1_634' title='bbox 1327 1566 1379 1585; x_wconf 92' lang='lat' dir='ltr'>non</span> <span class='ocrx_word' id='word_1_635' title='bbox 1407 1562 1518 1591; x_wconf 87' lang='lat' dir='ltr'>possunt</span> <span class='ocrx_word' id='word_1_636' title='bbox 1547 1560 1588 1585; x_wconf 92' lang='lat' dir='ltr'>Vll</span> 
     </span>
     <span class='ocr_line' id='line_1_104' title="bbox 948 1603 1053 1629; baseline 0.01 -1"><span class='ocrx_word' id='word_1_637' title='bbox 948 1604 995 1629; x_wconf 90' lang='grc'>351</span> <span class='ocrx_word' id='word_1_638' title='bbox 1020 1603 1053 1629; x_wconf 89' lang='grc'>53</span> 
     </span>
    </p>

    <p class='ocr_par' dir='ltr' id='par_1_23' title="bbox 947 1648 1589 1851">
     <span class='ocr_line' id='line_1_105' title="bbox 1000 1648 1587 1680; baseline 0 -7"><span class='ocrx_word' id='word_1_639' title='bbox 1000 1648 1106 1673; x_wconf 71' lang='lat' dir='ltr'>Pitx‘rus</span> <span class='ocrx_word' id='word_1_640' title='bbox 1129 1661 1164 1666; x_wconf 90' lang='lat'><strong>—</strong></span> <span class='ocrx_word' id='word_1_641' title='bbox 1187 1648 1270 1673; x_wconf 91' lang='lat' dir='ltr'>noluit</span> <span class='ocrx_word' id='word_1_642' title='bbox 1297 1648 1431 1680; x_wconf 85' lang='lat' dir='ltr'>suscipere</span> <span class='ocrx_word' id='word_1_643' title='bbox 1456 1648 1587 1674; x_wconf 90' lang='lat' dir='ltr'>Christum</span> 
     </span>
     <span class='ocr_line' id='line_1_106' title="bbox 948 1692 1587 1718; baseline 0.002 -2"><span class='ocrx_word' id='word_1_644' title='bbox 948 1692 1118 1718; x_wconf 87' lang='lat' dir='ltr'>iudicandum</span> <span class='ocrx_word' id='word_1_645' title='bbox 1139 1692 1195 1718; x_wconf 90' lang='lat' dir='ltr'>sine</span> <span class='ocrx_word' id='word_1_646' title='bbox 1213 1699 1291 1718; x_wconf 89' lang='lat' dir='ltr'>causa</span> <span class='ocrx_word' id='word_1_647' title='bbox 1314 1693 1344 1717; x_wconf 94' lang='lat' dir='ltr'>Vl</span> <span class='ocrx_word' id='word_1_648' title='bbox 1366 1692 1416 1717; x_wconf 89' lang='grc'>486</span> <span class='ocrx_word' id='word_1_649' title='bbox 1431 1692 1472 1718; x_wconf 88' lang='grc'>53.</span> <span class='ocrx_word' id='word_1_650' title='bbox 1488 1692 1538 1718; x_wconf 90' lang='grc'>487</span> <span class='ocrx_word' id='word_1_651' title='bbox 1553 1692 1587 1718; x_wconf 85' lang='grc'>55</span> 
     </span>
     <span class='ocr_line' id='line_1_107' title="bbox 947 1737 1588 1762; baseline 0.002 -1"><span class='ocrx_word' id='word_1_652' title='bbox 947 1750 982 1755; x_wconf 89' lang='grc'>-</span> <span class='ocrx_word' id='word_1_653' title='bbox 1001 1737 1090 1762; x_wconf 91' lang='lat' dir='ltr'>nolens</span> <span class='ocrx_word' id='word_1_654' title='bbox 1110 1737 1242 1762; x_wconf 87' lang='lat' dir='ltr'>inducitur</span> <span class='ocrx_word' id='word_1_655' title='bbox 1261 1737 1294 1762; x_wconf 87' lang='lat' dir='ltr'>ad</span> <span class='ocrx_word' id='word_1_656' title='bbox 1314 1737 1485 1762; x_wconf 90' lang='lat' dir='ltr'>iudicandum</span> <span class='ocrx_word' id='word_1_657' title='bbox 1506 1740 1531 1762; x_wconf 91' lang='lat' dir='ltr'>et</span> <span class='ocrx_word' id='word_1_658' title='bbox 1544 1744 1588 1762; x_wconf 92' lang='lat' dir='ltr'>vo-</span> 
     </span>
     <span class='ocr_line' id='line_1_108' title="bbox 947 1780 1589 1814; baseline 0.002 -9"><span class='ocrx_word' id='word_1_659' title='bbox 947 1780 1001 1806; x_wconf 88' lang='lat' dir='ltr'>lens</span> <span class='ocrx_word' id='word_1_660' title='bbox 1029 1780 1160 1806; x_wconf 89' lang='lat' dir='ltr'>Christum</span> <span class='ocrx_word' id='word_1_661' title='bbox 1189 1784 1314 1814; x_wconf 86' lang='lat' dir='ltr'>tanquam</span> <span class='ocrx_word' id='word_1_662' title='bbox 1343 1781 1508 1807; x_wconf 89' lang='lat' dir='ltr'>innocentem</span> <span class='ocrx_word' id='word_1_663' title='bbox 1528 1781 1589 1807; x_wconf 88' lang='lat' dir='ltr'>libe·</span> 
     </span>
     <span class='ocr_line' id='line_1_109' title="bbox 947 1825 1587 1851; baseline 0.002 -2"><span class='ocrx_word' id='word_1_664' title='bbox 947 1831 1005 1850; x_wconf 86' lang='lat' dir='ltr'>rare</span> <span class='ocrx_word' id='word_1_665' title='bbox 1025 1825 1156 1850; x_wconf 89' lang='lat' dir='ltr'>inducitur</span> <span class='ocrx_word' id='word_1_666' title='bbox 1175 1825 1207 1851; x_wconf 94' lang='lat' dir='ltr'>ad</span> <span class='ocrx_word' id='word_1_667' title='bbox 1228 1825 1460 1851; x_wconf 88' lang='lat' dir='ltr'>condemnandum</span> <span class='ocrx_word' id='word_1_668' title='bbox 1474 1825 1524 1850; x_wconf 86' lang='lat'>486</span> <span class='ocrx_word' id='word_1_669' title='bbox 1546 1826 1587 1850; x_wconf 89' lang='lat' dir='ltr'>5l.</span> 
     </span>
    </p>
   </div>
   <div class='ocr_carea' id='block_1_6' title="bbox 947 1869 1588 1989">
    <p class='ocr_par' dir='ltr' id='par_1_24' title="bbox 947 1869 1588 1989">
     <span class='ocr_line' id='line_1_110' title="bbox 949 1869 1587 1902; baseline 0 -8"><span class='ocrx_word' id='word_1_670' title='bbox 949 1869 999 1894; x_wconf 84' lang='grc'>489</span> <span class='ocrx_word' id='word_1_671' title='bbox 1018 1870 1052 1894; x_wconf 94' lang='grc'>70</span> <span class='ocrx_word' id='word_1_672' title='bbox 1072 1883 1108 1888; x_wconf 94' lang='grc'><strong>-</strong></span> <span class='ocrx_word' id='word_1_673' title='bbox 1126 1869 1234 1902; x_wconf 87' lang='lat' dir='ltr'>inquirit</span> <span class='ocrx_word' id='word_1_674' title='bbox 1252 1877 1359 1895; x_wconf 87' lang='lat' dir='ltr'>causam</span> <span class='ocrx_word' id='word_1_675' title='bbox 1379 1869 1554 1895; x_wconf 87' lang='lat' dir='ltr'>accusationis</span> <span class='ocrx_word' id='word_1_676' title='bbox 1573 1877 1587 1894; x_wconf 93' lang='lat' dir='ltr'>a</span> 
     </span>
     <span class='ocr_line' id='line_1_111' title="bbox 947 1913 1588 1946; baseline 0 -7"><span class='ocrx_word' id='word_1_677' title='bbox 947 1913 1048 1939; x_wconf 88' lang='lat' dir='ltr'>Christo</span> <span class='ocrx_word' id='word_1_678' title='bbox 1069 1913 1119 1939; x_wconf 78' lang='lat'>488</span> <span class='ocrx_word' id='word_1_679' title='bbox 1140 1915 1168 1939; x_wconf 88' lang='grc'>61</span> <span class='ocrx_word' id='word_1_680' title='bbox 1194 1929 1227 1933; x_wconf 84' lang='grc'><strong>-</strong></span> <span class='ocrx_word' id='word_1_681' title='bbox 1248 1914 1359 1940; x_wconf 83' lang='lat' dir='ltr'>maxime</span> <span class='ocrx_word' id='word_1_682' title='bbox 1379 1914 1486 1946; x_wconf 92' lang='lat' dir='ltr'>inquirit</span> <span class='ocrx_word' id='word_1_683' title='bbox 1504 1914 1537 1939; x_wconf 91' lang='lat' dir='ltr'>de</span> <span class='ocrx_word' id='word_1_684' title='bbox 1550 1921 1588 1939; x_wconf 91' lang='lat' dir='ltr'>re-</span> 
     </span>
     <span class='ocr_line' id='line_1_112' title="bbox 947 1957 1588 1989; baseline -0.002 -6"><span class='ocrx_word' id='word_1_685' title='bbox 947 1965 1000 1989; x_wconf 86' lang='lat' dir='ltr'>guo</span> <span class='ocrx_word' id='word_1_686' title='bbox 1020 1958 1113 1984; x_wconf 88' lang='lat' dir='ltr'>Christi</span> <span class='ocrx_word' id='word_1_687' title='bbox 1133 1957 1195 1984; x_wconf 82' lang='lat' dir='ltr'>ibid.</span> <span class='ocrx_word' id='word_1_688' title='bbox 1218 1972 1247 1976; x_wconf 89' lang='lat'>—</span> <span class='ocrx_word' id='word_1_689' title='bbox 1268 1958 1337 1984; x_wconf 87' lang='lat' dir='ltr'>circa</span> <span class='ocrx_word' id='word_1_690' title='bbox 1362 1957 1456 1984; x_wconf 88' lang='lat' dir='ltr'>Christi</span> <span class='ocrx_word' id='word_1_691' title='bbox 1484 1964 1588 1983; x_wconf 90' lang='lat' dir='ltr'>accusa-</span> 
     </span>
    </p>
   </div>
   <div class='ocr_carea' id='block_1_7' title="bbox 943 2002 1588 3406">
    <p class='ocr_par' dir='ltr' id='par_1_25' title="bbox 943 2002 1588 3406">
     <span class='ocr_line' id='line_1_113' title="bbox 947 2002 1586 2034; baseline 0.002 -8"><span class='ocrx_word' id='word_1_692' title='bbox 947 2002 1030 2028; x_wconf 89' lang='lat' dir='ltr'>tiones</span> <span class='ocrx_word' id='word_1_693' title='bbox 1048 2002 1082 2027; x_wconf 91' lang='lat' dir='ltr'>de</span> <span class='ocrx_word' id='word_1_694' title='bbox 1101 2009 1154 2028; x_wconf 92' lang='lat' dir='ltr'>uno</span> <span class='ocrx_word' id='word_1_695' title='bbox 1173 2005 1273 2027; x_wconf 89' lang='lat' dir='ltr'>tantum</span> <span class='ocrx_word' id='word_1_696' title='bbox 1293 2002 1423 2034; x_wconf 88' lang='lat' dir='ltr'>quaesivit</span> <span class='ocrx_word' id='word_1_697' title='bbox 1438 2002 1480 2027; x_wconf 94' lang='lat' dir='ltr'>Vll</span> <span class='ocrx_word' id='word_1_698' title='bbox 1500 2002 1550 2027; x_wconf 77' lang='lat'>566</span> <span class='ocrx_word' id='word_1_699' title='bbox 1571 2002 1586 2027; x_wconf 98' lang='grc'>4</span> 
     </span>
     <span class='ocr_line' id='line_1_114' title="bbox 999 2046 1588 2079; baseline 0 -8"><span class='ocrx_word' id='word_1_700' title='bbox 999 2060 1034 2066; x_wconf 90' lang='grc'><strong>-</strong></span> <span class='ocrx_word' id='word_1_701' title='bbox 1054 2049 1178 2079; x_wconf 88' lang='lat' dir='ltr'>tanquam</span> <span class='ocrx_word' id='word_1_702' title='bbox 1207 2046 1356 2072; x_wconf 88' lang='lat' dir='ltr'>incredulus</span> <span class='ocrx_word' id='word_1_703' title='bbox 1384 2046 1509 2078; x_wconf 86' lang='lat' dir='ltr'>indignus</span> <span class='ocrx_word' id='word_1_704' title='bbox 1532 2049 1588 2072; x_wconf 90' lang='lat' dir='ltr'>erat</span> 
     </span>
     <span class='ocr_line' id='line_1_115' title="bbox 946 2090 1588 2116; baseline 0 0"><span class='ocrx_word' id='word_1_705' title='bbox 946 2090 1082 2116; x_wconf 90' lang='lat' dir='ltr'>veritatem</span> <span class='ocrx_word' id='word_1_706' title='bbox 1101 2091 1194 2116; x_wconf 90' lang='lat' dir='ltr'>audire</span> <span class='ocrx_word' id='word_1_707' title='bbox 1224 2091 1263 2115; x_wconf 93' lang='lat' dir='ltr'>Vll</span> <span class='ocrx_word' id='word_1_708' title='bbox 1293 2091 1344 2116; x_wconf 87' lang='lat'>566</span> <span class='ocrx_word' id='word_1_709' title='bbox 1366 2090 1381 2116; x_wconf 87' lang='lat'>4</span> <span class='ocrx_word' id='word_1_710' title='bbox 1400 2104 1436 2109; x_wconf 93' lang='lat'>—-</span> <span class='ocrx_word' id='word_1_711' title='bbox 1455 2098 1507 2116; x_wconf 92' lang='lat' dir='ltr'>non</span> <span class='ocrx_word' id='word_1_712' title='bbox 1533 2094 1588 2116; x_wconf 85' lang='lat' dir='ltr'>erat</span> 
     </span>
     <span class='ocr_line' id='line_1_116' title="bbox 946 2134 1587 2167; baseline -0.002 -7"><span class='ocrx_word' id='word_1_713' title='bbox 946 2135 1056 2160; x_wconf 88' lang='lat' dir='ltr'>idoneus</span> <span class='ocrx_word' id='word_1_714' title='bbox 1069 2135 1102 2161; x_wconf 88' lang='lat' dir='ltr'>ad</span> <span class='ocrx_word' id='word_1_715' title='bbox 1116 2136 1252 2160; x_wconf 88' lang='lat' dir='ltr'>veritatem</span> <span class='ocrx_word' id='word_1_716' title='bbox 1266 2135 1459 2167; x_wconf 81' lang='lat' dir='ltr'>suscipiendam</span> <span class='ocrx_word' id='word_1_717' title='bbox 1474 2134 1535 2161; x_wconf 91' lang='lat' dir='ltr'>ibid.</span> <span class='ocrx_word' id='word_1_718' title='bbox 1555 2149 1587 2153; x_wconf 91' lang='lat'>—</span> 
     </span>
     <span class='ocr_line' id='line_1_117' title="bbox 946 2178 1587 2212; baseline 0 -8"><span class='ocrx_word' id='word_1_719' title='bbox 946 2186 997 2204; x_wconf 92' lang='lat' dir='ltr'>non</span> <span class='ocrx_word' id='word_1_720' title='bbox 1017 2179 1148 2212; x_wconf 89' lang='lat' dir='ltr'>quaesivit</span> <span class='ocrx_word' id='word_1_721' title='bbox 1166 2179 1303 2205; x_wconf 88' lang='lat' dir='ltr'>veritatem</span> <span class='ocrx_word' id='word_1_722' title='bbox 1323 2179 1451 2205; x_wconf 91' lang='lat' dir='ltr'>veraciter</span> <span class='ocrx_word' id='word_1_723' title='bbox 1470 2178 1534 2205; x_wconf 77' lang='lat' dir='ltr'>ibid.</span> <span class='ocrx_word' id='word_1_724' title='bbox 1551 2193 1587 2198; x_wconf 91' lang='lat'><em>-</em></span> 
     </span>
     <span class='ocr_line' id='line_1_118' title="bbox 945 2223 1586 2256; baseline -0.002 -7"><span class='ocrx_word' id='word_1_725' title='bbox 945 2230 1006 2249; x_wconf 84' lang='lat' dir='ltr'>cum</span> <span class='ocrx_word' id='word_1_726' title='bbox 1026 2223 1182 2256; x_wconf 90' lang='lat' dir='ltr'>quaesiisset</span> <span class='ocrx_word' id='word_1_727' title='bbox 1200 2223 1347 2254; x_wconf 80' lang='lat' dir='ltr'>veritatem,</span> <span class='ocrx_word' id='word_1_728' title='bbox 1361 2230 1412 2249; x_wconf 95' lang='lat' dir='ltr'>non</span> <span class='ocrx_word' id='word_1_729' title='bbox 1427 2223 1586 2255; x_wconf 79' lang='lat' dir='ltr'>exspectavit</span> 
     </span>
     <span class='ocr_line' id='line_1_119' title="bbox 945 2267 1586 2300; baseline 0 -7"><span class='ocrx_word' id='word_1_730' title='bbox 945 2268 1144 2300; x_wconf 88' lang='lat' dir='ltr'>responsionem</span> <span class='ocrx_word' id='word_1_731' title='bbox 1163 2267 1225 2294; x_wconf 88' lang='lat' dir='ltr'>ibid.</span> <span class='ocrx_word' id='word_1_732' title='bbox 1253 2282 1288 2286; x_wconf 82' lang='lat'>——-</span> <span class='ocrx_word' id='word_1_733' title='bbox 1316 2275 1367 2294; x_wconf 92' lang='lat' dir='ltr'>non</span> <span class='ocrx_word' id='word_1_734' title='bbox 1394 2268 1470 2299; x_wconf 87' lang='lat' dir='ltr'>plene</span> <span class='ocrx_word' id='word_1_735' title='bbox 1498 2268 1586 2293; x_wconf 88' lang='lat' dir='ltr'>intelli-</span> 
     </span>
     <span class='ocr_line' id='line_1_120' title="bbox 945 2312 1585 2345; baseline 0 -8"><span class='ocrx_word' id='word_1_736' title='bbox 945 2319 1009 2344; x_wconf 83' lang='lat' dir='ltr'>gens</span> <span class='ocrx_word' id='word_1_737' title='bbox 1028 2313 1131 2345; x_wconf 90' lang='lat' dir='ltr'>quaerit</span> <span class='ocrx_word' id='word_1_738' title='bbox 1150 2312 1183 2337; x_wconf 92' lang='lat' dir='ltr'>de</span> <span class='ocrx_word' id='word_1_739' title='bbox 1207 2312 1329 2344; x_wconf 90' lang='lat' dir='ltr'>veritate,</span> <span class='ocrx_word' id='word_1_740' title='bbox 1358 2312 1404 2337; x_wconf 91' lang='lat' dir='ltr'>sed</span> <span class='ocrx_word' id='word_1_741' title='bbox 1430 2312 1585 2337; x_wconf 89' lang='lat' dir='ltr'>solutionem</span> 
     </span>
     <span class='ocr_line' id='line_1_121' title="bbox 945 2356 1548 2388; baseline -0.002 -6"><span class='ocrx_word' id='word_1_742' title='bbox 945 2364 995 2382; x_wconf 94' lang='lat' dir='ltr'>non</span> <span class='ocrx_word' id='word_1_743' title='bbox 1015 2357 1177 2388; x_wconf 87' lang='lat' dir='ltr'>exspectavit</span> <span class='ocrx_word' id='word_1_744' title='bbox 1195 2357 1227 2381; x_wconf 93' lang='lat' dir='ltr'>Vl</span> <span class='ocrx_word' id='word_1_745' title='bbox 1249 2356 1299 2381; x_wconf 88' lang='grc'>488</span> <span class='ocrx_word' id='word_1_746' title='bbox 1320 2356 1363 2387; x_wconf 88' lang='lat'>65,</span> <span class='ocrx_word' id='word_1_747' title='bbox 1382 2357 1426 2381; x_wconf 89' lang='lat'>66.</span> <span class='ocrx_word' id='word_1_748' title='bbox 1446 2356 1496 2381; x_wconf 88' lang='grc'>489</span> <span class='ocrx_word' id='word_1_749' title='bbox 1517 2356 1548 2381; x_wconf 91' lang='grc'>69</span> 
     </span>
     <span class='ocr_line' id='line_1_122' title="bbox 999 2400 1586 2432; baseline 0 -6"><span class='ocrx_word' id='word_1_750' title='bbox 999 2415 1032 2419; x_wconf 91' lang='grc'>-</span> <span class='ocrx_word' id='word_1_751' title='bbox 1051 2401 1149 2426; x_wconf 88' lang='lat' dir='ltr'>nullam</span> <span class='ocrx_word' id='word_1_752' title='bbox 1163 2401 1268 2432; x_wconf 91' lang='lat' dir='ltr'>culpam</span> <span class='ocrx_word' id='word_1_753' title='bbox 1282 2400 1433 2426; x_wconf 89' lang='lat' dir='ltr'>inveniebat</span> <span class='ocrx_word' id='word_1_754' title='bbox 1446 2401 1470 2426; x_wconf 91' lang='lat' dir='ltr'>in</span> <span class='ocrx_word' id='word_1_755' title='bbox 1484 2400 1586 2426; x_wconf 86' lang='lat' dir='ltr'>Christo</span> 
     </span>
     <span class='ocr_line' id='line_1_123' title="bbox 944 2445 1586 2477; baseline 0 -7"><span class='ocrx_word' id='word_1_756' title='bbox 944 2446 1052 2477; x_wconf 83' lang='lat' dir='ltr'>dignam</span> <span class='ocrx_word' id='word_1_757' title='bbox 1073 2448 1158 2471; x_wconf 87' lang='lat' dir='ltr'>morte</span> <span class='ocrx_word' id='word_1_758' title='bbox 1178 2445 1219 2470; x_wconf 91' lang='lat' dir='ltr'>Vll</span> <span class='ocrx_word' id='word_1_759' title='bbox 1234 2445 1285 2471; x_wconf 87' lang='lat'>567</span> <span class='ocrx_word' id='word_1_760' title='bbox 1307 2445 1322 2470; x_wconf 94' lang='lat'>5</span> <span class='ocrx_word' id='word_1_761' title='bbox 1335 2460 1370 2463; x_wconf 97' lang='lat'><strong>—</strong></span> <span class='ocrx_word' id='word_1_762' title='bbox 1384 2449 1501 2477; x_wconf 81' lang='lat' dir='ltr'>noverat,</span> <span class='ocrx_word' id='word_1_763' title='bbox 1516 2445 1586 2471; x_wconf 93' lang='lat' dir='ltr'>Chri-</span> 
     </span>
     <span class='ocr_line' id='line_1_124' title="bbox 943 2489 1586 2522; baseline 0 -7"><span class='ocrx_word' id='word_1_764' title='bbox 943 2494 1012 2515; x_wconf 88' lang='lat' dir='ltr'>stum</span> <span class='ocrx_word' id='word_1_765' title='bbox 1033 2490 1156 2516; x_wconf 91' lang='lat' dir='ltr'>traditum</span> <span class='ocrx_word' id='word_1_766' title='bbox 1178 2490 1256 2516; x_wconf 79' lang='lat' dir='ltr'>tuisse</span> <span class='ocrx_word' id='word_1_767' title='bbox 1269 2497 1316 2522; x_wconf 92' lang='lat' dir='ltr'>per</span> <span class='ocrx_word' id='word_1_768' title='bbox 1329 2490 1455 2515; x_wconf 87' lang='lat' dir='ltr'>invidiam</span> <span class='ocrx_word' id='word_1_769' title='bbox 1470 2489 1503 2516; x_wconf 92' lang='lat' dir='ltr'>ib.</span> <span class='ocrx_word' id='word_1_770' title='bbox 1521 2491 1537 2515; x_wconf 91' lang='grc'>9</span> <span class='ocrx_word' id='word_1_771' title='bbox 1551 2503 1586 2509; x_wconf 89' lang='grc'>-</span> 
     </span>
     <span class='ocr_line' id='line_1_125' title="bbox 944 2534 1586 2566; baseline 0 -7"><span class='ocrx_word' id='word_1_772' title='bbox 944 2535 1084 2566; x_wconf 85' lang='lat' dir='ltr'>cognovit,</span> <span class='ocrx_word' id='word_1_773' title='bbox 1104 2534 1236 2560; x_wconf 90' lang='lat' dir='ltr'>Christum</span> <span class='ocrx_word' id='word_1_774' title='bbox 1257 2541 1315 2559; x_wconf 84' lang='lat' dir='ltr'>esse</span> <span class='ocrx_word' id='word_1_775' title='bbox 1333 2535 1496 2559; x_wconf 87' lang='lat' dir='ltr'>innocentem</span> <span class='ocrx_word' id='word_1_776' title='bbox 1511 2537 1536 2559; x_wconf 90' lang='lat' dir='ltr'>et</span> <span class='ocrx_word' id='word_1_777' title='bbox 1549 2541 1586 2559; x_wconf 92' lang='lat' dir='ltr'>re-</span> 
     </span>
     <span class='ocr_line' id='line_1_126' title="bbox 944 2578 1585 2611; baseline 0 -7"><span class='ocrx_word' id='word_1_778' title='bbox 944 2582 1004 2610; x_wconf 84' lang='lat' dir='ltr'>gem</span> <span class='ocrx_word' id='word_1_779' title='bbox 1019 2579 1120 2604; x_wconf 90' lang='lat' dir='ltr'>ludaeis</span> <span class='ocrx_word' id='word_1_780' title='bbox 1134 2579 1295 2611; x_wconf 88' lang='lat' dir='ltr'>promissum</span> <span class='ocrx_word' id='word_1_781' title='bbox 1309 2579 1342 2604; x_wconf 89' lang='lat' dir='ltr'>Vl</span> <span class='ocrx_word' id='word_1_782' title='bbox 1357 2578 1407 2604; x_wconf 88' lang='grc'>498</span> <span class='ocrx_word' id='word_1_783' title='bbox 1417 2578 1447 2604; x_wconf 79' lang='grc'>’41</span> <span class='ocrx_word' id='word_1_784' title='bbox 1460 2593 1495 2596; x_wconf 91' lang='grc'>-</span> <span class='ocrx_word' id='word_1_785' title='bbox 1506 2579 1585 2604; x_wconf 83' lang='lat' dir='ltr'>credi-</span> 
     </span>
     <span class='ocr_line' id='line_1_127' title="bbox 944 2622 1580 2654; baseline 0 -6"><span class='ocrx_word' id='word_1_786' title='bbox 944 2623 981 2648; x_wconf 90' lang='lat' dir='ltr'>dit</span> <span class='ocrx_word' id='word_1_787' title='bbox 994 2623 1124 2649; x_wconf 90' lang='lat' dir='ltr'>Christum</span> <span class='ocrx_word' id='word_1_788' title='bbox 1139 2630 1229 2654; x_wconf 84' lang='lat' dir='ltr'>regem</span> <span class='ocrx_word' id='word_1_789' title='bbox 1242 2623 1292 2648; x_wconf 88' lang='grc'>488</span> <span class='ocrx_word' id='word_1_790' title='bbox 1307 2623 1350 2648; x_wconf 89' lang='grc'>65.</span> <span class='ocrx_word' id='word_1_791' title='bbox 1365 2622 1415 2648; x_wconf 89' lang='grc'>490</span> <span class='ocrx_word' id='word_1_792' title='bbox 1429 2622 1471 2648; x_wconf 87' lang='grc'>72.</span> <span class='ocrx_word' id='word_1_793' title='bbox 1487 2622 1537 2648; x_wconf 89' lang='grc'>498</span> <span class='ocrx_word' id='word_1_794' title='bbox 1552 2622 1580 2648; x_wconf 87' lang='grc'>41</span> 
     </span>
     <span class='ocr_line' id='line_1_128' title="bbox 996 2666 1586 2698; baseline 0 -6"><span class='ocrx_word' id='word_1_795' title='bbox 996 2681 1032 2686; x_wconf 95' lang='grc'><strong>-</strong></span> <span class='ocrx_word' id='word_1_796' title='bbox 1051 2666 1157 2692; x_wconf 87' lang='lat' dir='ltr'>volebat</span> <span class='ocrx_word' id='word_1_797' title='bbox 1184 2674 1265 2698; x_wconf 93' lang='lat' dir='ltr'>super</span> <span class='ocrx_word' id='word_1_798' title='bbox 1289 2667 1369 2692; x_wconf 88' lang='lat' dir='ltr'>alium</span> <span class='ocrx_word' id='word_1_799' title='bbox 1395 2674 1494 2698; x_wconf 91' lang='lat' dir='ltr'>ponere</span> <span class='ocrx_word' id='word_1_800' title='bbox 1522 2667 1586 2693; x_wconf 93' lang='lat' dir='ltr'>iudi-</span> 
     </span>
     <span class='ocr_line' id='line_1_129' title="bbox 944 2710 1586 2743; baseline -0.002 -6"><span class='ocrx_word' id='word_1_801' title='bbox 944 2712 1013 2737; x_wconf 92' lang='lat' dir='ltr'>cium</span> <span class='ocrx_word' id='word_1_802' title='bbox 1033 2711 1128 2737; x_wconf 91' lang='lat' dir='ltr'>Christi</span> <span class='ocrx_word' id='word_1_803' title='bbox 1149 2711 1191 2736; x_wconf 95' lang='lat' dir='ltr'>Vll</span> <span class='ocrx_word' id='word_1_804' title='bbox 1213 2711 1263 2736; x_wconf 90' lang='lat'>567</span> <span class='ocrx_word' id='word_1_805' title='bbox 1284 2712 1299 2735; x_wconf 82' lang='grc'>8</span> <span class='ocrx_word' id='word_1_806' title='bbox 1318 2726 1353 2729; x_wconf 87' lang='grc'>--</span> <span class='ocrx_word' id='word_1_807' title='bbox 1378 2710 1586 2743; x_wconf 81' lang='lat' dir='ltr'>subterfugiebat</span> 
     </span>
     <span class='ocr_line' id='line_1_130' title="bbox 943 2755 1585 2788; baseline -0.002 -7"><span class='ocrx_word' id='word_1_808' title='bbox 943 2755 1075 2781; x_wconf 87' lang='lat' dir='ltr'>Christum</span> <span class='ocrx_word' id='word_1_809' title='bbox 1090 2755 1214 2785; x_wconf 91' lang='lat' dir='ltr'>iudicare,</span> <span class='ocrx_word' id='word_1_810' title='bbox 1227 2755 1288 2787; x_wconf 91' lang='lat' dir='ltr'>quia</span> <span class='ocrx_word' id='word_1_811' title='bbox 1302 2755 1449 2786; x_wconf 86' lang='lat' dir='ltr'>oportebat,</span> <span class='ocrx_word' id='word_1_812' title='bbox 1460 2756 1501 2780; x_wconf 92' lang='lat' dir='ltr'>vel</span> <span class='ocrx_word' id='word_1_813' title='bbox 1512 2755 1585 2788; x_wconf 86' lang='lat' dir='ltr'>quod</span> 
     </span>
     <span class='ocr_line' id='line_1_131' title="bbox 944 2799 1586 2830; baseline -0.002 -5"><span class='ocrx_word' id='word_1_814' title='bbox 944 2803 1032 2825; x_wconf 92' lang='lat' dir='ltr'>contra</span> <span class='ocrx_word' id='word_1_815' title='bbox 1053 2806 1081 2824; x_wconf 87' lang='lat' dir='ltr'>se</span> <span class='ocrx_word' id='word_1_816' title='bbox 1100 2802 1257 2830; x_wconf 87' lang='lat' dir='ltr'>provocaret</span> <span class='ocrx_word' id='word_1_817' title='bbox 1276 2802 1380 2830; x_wconf 82' lang='lat' dir='ltr'>gentem</span> <span class='ocrx_word' id='word_1_818' title='bbox 1395 2799 1473 2829; x_wconf 74' lang='lat' dir='ltr'>illam.</span> <span class='ocrx_word' id='word_1_819' title='bbox 1493 2800 1535 2824; x_wconf 93' lang='lat' dir='ltr'>vel</span> <span class='ocrx_word' id='word_1_820' title='bbox 1550 2801 1586 2824; x_wconf 82' lang='lat' dir='ltr'>sa·</span> 
     </span>
     <span class='ocr_line' id='line_1_132' title="bbox 944 2842 1584 2870; baseline 0 -1"><span class='ocrx_word' id='word_1_821' title='bbox 944 2847 1014 2870; x_wconf 86' lang='lat' dir='ltr'>ceret</span> <span class='ocrx_word' id='word_1_822' title='bbox 1039 2847 1128 2869; x_wconf 91' lang='lat' dir='ltr'>contra</span> <span class='ocrx_word' id='word_1_823' title='bbox 1155 2843 1210 2868; x_wconf 89' lang='lat' dir='ltr'>iura</span> <span class='ocrx_word' id='word_1_824' title='bbox 1230 2842 1291 2869; x_wconf 89' lang='lat' dir='ltr'>ibid.</span> <span class='ocrx_word' id='word_1_825' title='bbox 1311 2857 1346 2862; x_wconf 88' lang='lat'>—</span> <span class='ocrx_word' id='word_1_826' title='bbox 1364 2843 1435 2868; x_wconf 90' lang='lat' dir='ltr'>misit</span> <span class='ocrx_word' id='word_1_827' title='bbox 1453 2843 1584 2869; x_wconf 90' lang='lat' dir='ltr'>Christum</span> 
     </span>
     <span class='ocr_line' id='line_1_133' title="bbox 944 2887 1586 2914; baseline -0.002 0"><span class='ocrx_word' id='word_1_828' title='bbox 944 2888 977 2914; x_wconf 91' lang='lat' dir='ltr'>ad</span> <span class='ocrx_word' id='word_1_829' title='bbox 997 2888 1128 2913; x_wconf 86' lang='lat' dir='ltr'>Herodem</span> <span class='ocrx_word' id='word_1_830' title='bbox 1158 2888 1191 2912; x_wconf 88' lang='lat' dir='ltr'>Vl</span> <span class='ocrx_word' id='word_1_831' title='bbox 1220 2887 1266 2913; x_wconf 88' lang='grc'>541</span> <span class='ocrx_word' id='word_1_832' title='bbox 1299 2887 1314 2912; x_wconf 89' lang='grc'>4</span> <span class='ocrx_word' id='word_1_833' title='bbox 1332 2900 1368 2906; x_wconf 90' lang='lat'>—-</span> <span class='ocrx_word' id='word_1_834' title='bbox 1389 2888 1447 2912; x_wconf 78' lang='lat' dir='ltr'>fecIt</span> <span class='ocrx_word' id='word_1_835' title='bbox 1466 2892 1541 2913; x_wconf 83' lang='lat' dir='ltr'>caute</span> <span class='ocrx_word' id='word_1_836' title='bbox 1561 2891 1586 2913; x_wconf 88' lang='lat' dir='ltr'>et</span> 
     </span>
     <span class='ocr_line' id='line_1_134' title="bbox 945 2931 1586 2964; baseline 0 -7"><span class='ocrx_word' id='word_1_837' title='bbox 945 2932 1027 2963; x_wconf 90' lang='lat' dir='ltr'>iuste,</span> <span class='ocrx_word' id='word_1_838' title='bbox 1057 2932 1147 2957; x_wconf 87' lang='lat' dir='ltr'>nolens</span> <span class='ocrx_word' id='word_1_839' title='bbox 1176 2938 1305 2963; x_wconf 87' lang='lat' dir='ltr'>usurpare</span> <span class='ocrx_word' id='word_1_840' title='bbox 1333 2931 1416 2964; x_wconf 58' lang='lat' dir='ltr'>quod*</span> <span class='ocrx_word' id='word_1_841' title='bbox 1428 2931 1505 2957; x_wconf 89' lang='lat' dir='ltr'>alieni</span> <span class='ocrx_word' id='word_1_842' title='bbox 1530 2936 1586 2957; x_wconf 90' lang='lat' dir='ltr'>erat</span> 
     </span>
     <span class='ocr_line' id='line_1_135' title="bbox 944 2975 1585 3007; baseline 0 -6"><span class='ocrx_word' id='word_1_843' title='bbox 944 2976 1008 3002; x_wconf 91' lang='lat' dir='ltr'>iuris</span> <span class='ocrx_word' id='word_1_844' title='bbox 1029 2976 1069 3002; x_wconf 89' lang='lat' dir='ltr'>Vll</span> <span class='ocrx_word' id='word_1_845' title='bbox 1090 2976 1142 3002; x_wconf 90' lang='lat'>567</span> <span class='ocrx_word' id='word_1_846' title='bbox 1162 2976 1178 3001; x_wconf 88' lang='grc'>9</span> <span class='ocrx_word' id='word_1_847' title='bbox 1198 2989 1233 2994; x_wconf 94' lang='grc'>-</span> <span class='ocrx_word' id='word_1_848' title='bbox 1253 2975 1311 3001; x_wconf 83' lang='lat' dir='ltr'>tecit</span> <span class='ocrx_word' id='word_1_849' title='bbox 1330 2976 1388 3007; x_wconf 85' lang='lat' dir='ltr'>pie,</span> <span class='ocrx_word' id='word_1_850' title='bbox 1409 2981 1469 3001; x_wconf 91' lang='lat' dir='ltr'>cum</span> <span class='ocrx_word' id='word_1_851' title='bbox 1489 2975 1585 3001; x_wconf 89' lang='lat' dir='ltr'>iudica-</span> 
     </span>
     <span class='ocr_line' id='line_1_136' title="bbox 944 3019 1585 3053; baseline 0.002 -9"><span class='ocrx_word' id='word_1_852' title='bbox 944 3021 994 3052; x_wconf 83' lang='lat' dir='ltr'>vit,</span> <span class='ocrx_word' id='word_1_853' title='bbox 1014 3020 1087 3053; x_wconf 88' lang='lat' dir='ltr'>quod</span> <span class='ocrx_word' id='word_1_854' title='bbox 1106 3020 1223 3045; x_wconf 85' lang='lat' dir='ltr'>Herodes</span> <span class='ocrx_word' id='word_1_855' title='bbox 1242 3019 1375 3045; x_wconf 86' lang='lat' dir='ltr'>hominem</span> <span class='ocrx_word' id='word_1_856' title='bbox 1390 3026 1467 3045; x_wconf 88' lang='lat' dir='ltr'>suum</span> <span class='ocrx_word' id='word_1_857' title='bbox 1487 3019 1521 3045; x_wconf 91' lang='lat' dir='ltr'>ab</span> <span class='ocrx_word' id='word_1_858' title='bbox 1540 3020 1585 3045; x_wconf 90' lang='lat' dir='ltr'>ini-</span> 
     </span>
     <span class='ocr_line' id='line_1_137' title="bbox 944 3056 1583 3097; baseline -0.002 -7"><span class='ocrx_word' id='word_1_859' title='bbox 944 3056 1003 3097; x_wconf 87' lang='lat' dir='ltr'>quis</span> <span class='ocrx_word' id='word_1_860' title='bbox 1022 3064 1131 3090; x_wconf 82' lang='lat' dir='ltr'>deberet</span> <span class='ocrx_word' id='word_1_861' title='bbox 1149 3063 1346 3089; x_wconf 86' lang='lat' dir='ltr'>accusatoribus</span> <span class='ocrx_word' id='word_1_862' title='bbox 1364 3063 1474 3089; x_wconf 88' lang='lat' dir='ltr'>liberare</span> <span class='ocrx_word' id='word_1_863' title='bbox 1494 3064 1545 3089; x_wconf 89' lang='grc'>568</span> <span class='ocrx_word' id='word_1_864' title='bbox 1568 3064 1583 3089; x_wconf 90' lang='grc'>9</span> 
     </span>
     <span class='ocr_line' id='line_1_138' title="bbox 944 3107 1583 3140; baseline 0 -7"><span class='ocrx_word' id='word_1_865' title='bbox 944 3121 979 3127; x_wconf 91' lang='grc'>-</span> <span class='ocrx_word' id='word_1_866' title='bbox 999 3108 1058 3133; x_wconf 83' lang='lat' dir='ltr'>fecit</span> <span class='ocrx_word' id='word_1_867' title='bbox 1077 3110 1195 3140; x_wconf 85' lang='lat' dir='ltr'>versute,</span> <span class='ocrx_word' id='word_1_868' title='bbox 1214 3107 1276 3140; x_wconf 88' lang='lat' dir='ltr'>quia</span> <span class='ocrx_word' id='word_1_869' title='bbox 1296 3107 1379 3133; x_wconf 87' lang='lat' dir='ltr'>voluit</span> <span class='ocrx_word' id='word_1_870' title='bbox 1406 3115 1486 3139; x_wconf 88' lang='lat' dir='ltr'>super</span> <span class='ocrx_word' id='word_1_871' title='bbox 1505 3115 1583 3133; x_wconf 91' lang='lat' dir='ltr'>suum</span> 
     </span>
     <span class='ocr_line' id='line_1_139' title="bbox 943 3151 1584 3183; baseline 0 -6"><span class='ocrx_word' id='word_1_872' title='bbox 943 3152 1125 3178; x_wconf 81' lang='lat' dir='ltr'>adversarium</span> <span class='ocrx_word' id='word_1_873' title='bbox 1145 3151 1322 3183; x_wconf 90' lang='lat' dir='ltr'>periculosum</span> <span class='ocrx_word' id='word_1_874' title='bbox 1348 3152 1472 3178; x_wconf 90' lang='lat' dir='ltr'>iudicium</span> <span class='ocrx_word' id='word_1_875' title='bbox 1494 3152 1584 3178; x_wconf 89' lang='lat' dir='ltr'>devol-</span> 
     </span>
     <span class='ocr_line' id='line_1_140' title="bbox 945 3195 1582 3223; baseline 0.002 -2"><span class='ocrx_word' id='word_1_876' title='bbox 945 3203 1008 3222; x_wconf 90' lang='lat' dir='ltr'>vere</span> <span class='ocrx_word' id='word_1_877' title='bbox 1027 3195 1088 3223; x_wconf 86' lang='lat' dir='ltr'>ibid.</span> <span class='ocrx_word' id='word_1_878' title='bbox 1107 3210 1143 3215; x_wconf 97' lang='lat'><strong>—</strong></span> <span class='ocrx_word' id='word_1_879' title='bbox 1161 3196 1243 3222; x_wconf 85' lang='lat' dir='ltr'>voluit</span> <span class='ocrx_word' id='word_1_880' title='bbox 1261 3196 1405 3222; x_wconf 78' lang='lat' dir='ltr'>adversarii</span> <span class='ocrx_word' id='word_1_881' title='bbox 1424 3196 1582 3222; x_wconf 88' lang='lat' dir='ltr'>calumniam</span> 
     </span>
     <span class='ocr_line' id='line_1_141' title="bbox 944 3236 1583 3272; baseline 0 -6"><span class='ocrx_word' id='word_1_882' title='bbox 944 3236 1073 3266; x_wconf 79' lang='lat' dir='ltr'>declinare</span> <span class='ocrx_word' id='word_1_883' title='bbox 1092 3239 1155 3266; x_wconf 85' lang='lat' dir='ltr'>ibid.</span> <span class='ocrx_word' id='word_1_884' title='bbox 1173 3253 1208 3259; x_wconf 90' lang='lat'><em>-</em></span> <span class='ocrx_word' id='word_1_885' title='bbox 1222 3240 1303 3266; x_wconf 90' lang='lat' dir='ltr'>voluit</span> <span class='ocrx_word' id='word_1_886' title='bbox 1317 3241 1419 3272; x_wconf 83' lang='lat' dir='ltr'>placere</span> <span class='ocrx_word' id='word_1_887' title='bbox 1432 3241 1583 3266; x_wconf 85' lang='lat' dir='ltr'>adversario</span> 
     </span>
     <span class='ocr_line' id='line_1_142' title="bbox 944 3283 1584 3317; baseline 0 -7"><span class='ocrx_word' id='word_1_888' title='bbox 944 3285 976 3310; x_wconf 92' lang='lat' dir='ltr'>de</span> <span class='ocrx_word' id='word_1_889' title='bbox 996 3292 1027 3310; x_wconf 90' lang='lat' dir='ltr'>eo</span> <span class='ocrx_word' id='word_1_890' title='bbox 1046 3284 1119 3317; x_wconf 87' lang='lat' dir='ltr'>quod</span> <span class='ocrx_word' id='word_1_891' title='bbox 1139 3284 1202 3310; x_wconf 85' lang='lat' dir='ltr'>nihil</span> <span class='ocrx_word' id='word_1_892' title='bbox 1230 3284 1280 3310; x_wconf 89' lang='lat' dir='ltr'>sibi</span> <span class='ocrx_word' id='word_1_893' title='bbox 1308 3283 1444 3310; x_wconf 89' lang='lat' dir='ltr'>constabat</span> <span class='ocrx_word' id='word_1_894' title='bbox 1467 3284 1529 3310; x_wconf 85' lang='lat' dir='ltr'>ibid.</span> <span class='ocrx_word' id='word_1_895' title='bbox 1550 3298 1584 3303; x_wconf 90' lang='lat'>—-</span> 
     </span>
     <span class='ocr_line' id='line_1_143' title="bbox 943 3329 1584 3361; baseline -0.002 -6"><span class='ocrx_word' id='word_1_896' title='bbox 943 3334 968 3355; x_wconf 91' lang='lat' dir='ltr'>et</span> <span class='ocrx_word' id='word_1_897' title='bbox 987 3329 1103 3355; x_wconf 82' lang='lat' dir='ltr'>Herodes</span> <span class='ocrx_word' id='word_1_898' title='bbox 1122 3329 1260 3361; x_wconf 81' lang='lat' dir='ltr'>designant</span> <span class='ocrx_word' id='word_1_899' title='bbox 1288 3329 1496 3361; x_wconf 87' lang='lat' dir='ltr'>persecutionem</span> <span class='ocrx_word' id='word_1_900' title='bbox 1521 3329 1584 3354; x_wconf 91' lang='lat' dir='ltr'>duo—</span> 
     </span>
     <span class='ocr_line' id='line_1_144' title="bbox 943 3373 1565 3406; baseline -0.003 -7"><span class='ocrx_word' id='word_1_901' title='bbox 943 3381 1001 3400; x_wconf 94' lang='lat' dir='ltr'>rum</span> <span class='ocrx_word' id='word_1_902' title='bbox 1021 3374 1181 3406; x_wconf 85' lang='lat' dir='ltr'>populorum</span> <span class='ocrx_word' id='word_1_903' title='bbox 1201 3376 1290 3399; x_wconf 85' lang='lat' dir='ltr'>contra</span> <span class='ocrx_word' id='word_1_904' title='bbox 1308 3373 1440 3400; x_wconf 89' lang='lat' dir='ltr'>Christum</span> <span class='ocrx_word' id='word_1_905' title='bbox 1460 3373 1511 3398; x_wconf 90' lang='grc'>569</span> <span class='ocrx_word' id='word_1_906' title='bbox 1532 3373 1565 3398; x_wconf 88' lang='grc'>15</span> 
     </span>
    </p>
   </div>
   <div class='ocr_carea' id='block_1_8' title="bbox 1607 368 1610 917">
    <p class='ocr_par' dir='ltr' id='par_1_26' title="bbox 1607 368 1610 917">
     <span class='ocr_line' id='line_1_145' title="bbox 1607 368 1610 917; baseline 0 0"><span class='ocrx_word' id='word_1_907' title='bbox 1607 368 1610 917; x_wconf 95' lang='lat' dir='ltr'> </span> 
     </span>
    </p>
   </div>
   <div class='ocr_carea' id='block_1_9' title="bbox 1606 1101 1610 1635">
    <p class='ocr_par' dir='ltr' id='par_1_27' title="bbox 1606 1101 1610 1635">
     <span class='ocr_line' id='line_1_146' title="bbox 1606 1101 1610 1635; baseline 0 0"><span class='ocrx_word' id='word_1_908' title='bbox 1606 1101 1610 1635; x_wconf 95' lang='lat' dir='ltr'> </span> 
     </span>
    </p>
   </div>
   <div class='ocr_carea' id='block_1_10' title="bbox 1625 279 2270 1856">
    <p class='ocr_par' dir='ltr' id='par_1_28' title="bbox 1925 279 1973 304">
     <span class='ocr_line' id='line_1_147' title="bbox 1925 279 1973 304; baseline 0.021 -1"><span class='ocrx_word' id='word_1_909' title='bbox 1925 279 1973 304; x_wconf 86' lang='lat' dir='ltr'>PlL</span> 
     </span>
    </p>

    <p class='ocr_par' dir='ltr' id='par_1_29' title="bbox 1626 321 2270 832">
     <span class='ocr_line' id='line_1_148' title="bbox 1681 321 2267 354; baseline 0.002 -7"><span class='ocrx_word' id='word_1_910' title='bbox 1681 337 1715 342; x_wconf 91' lang='grc'>--</span> <span class='ocrx_word' id='word_1_911' title='bbox 1735 323 1824 348; x_wconf 89' lang='lat' dir='ltr'>nititur</span> <span class='ocrx_word' id='word_1_912' title='bbox 1843 321 1954 348; x_wconf 89' lang='lat' dir='ltr'>liberare</span> <span class='ocrx_word' id='word_1_913' title='bbox 1979 321 2110 348; x_wconf 90' lang='lat' dir='ltr'>Christum</span> <span class='ocrx_word' id='word_1_914' title='bbox 2130 329 2177 354; x_wconf 90' lang='lat' dir='ltr'>per</span> <span class='ocrx_word' id='word_1_915' title='bbox 2197 322 2267 348; x_wconf 89' lang='lat' dir='ltr'>beni-</span> 
     </span>
     <span class='ocr_line' id='line_1_149' title="bbox 1628 365 2266 399; baseline 0 -7"><span class='ocrx_word' id='word_1_916' title='bbox 1628 367 1768 398; x_wconf 81' lang='lat' dir='ltr'>gnitatem,</span> <span class='ocrx_word' id='word_1_917' title='bbox 1800 366 1964 392; x_wconf 87' lang='lat' dir='ltr'>severitatem</span> <span class='ocrx_word' id='word_1_918' title='bbox 1996 369 2022 391; x_wconf 91' lang='lat' dir='ltr'>et</span> <span class='ocrx_word' id='word_1_919' title='bbox 2049 365 2212 399; x_wconf 83' lang='lat' dir='ltr'>aequitatem</span> <span class='ocrx_word' id='word_1_920' title='bbox 2234 367 2266 392; x_wconf 88' lang='lat' dir='ltr'>vt</span> 
     </span>
     <span class='ocr_line' id='line_1_150' title="bbox 1630 408 2268 436; baseline 0 -1"><span class='ocrx_word' id='word_1_921' title='bbox 1630 410 1678 435; x_wconf 84' lang='lat'>489</span> <span class='ocrx_word' id='word_1_922' title='bbox 1698 410 1732 435; x_wconf 91' lang='grc'>70</span> <span class='ocrx_word' id='word_1_923' title='bbox 1751 424 1786 428; x_wconf 92' lang='lat'>-</span> <span class='ocrx_word' id='word_1_924' title='bbox 1806 411 1927 435; x_wconf 80' lang='lat' dir='ltr'>affectans</span> <span class='ocrx_word' id='word_1_925' title='bbox 1947 408 2058 434; x_wconf 87' lang='lat' dir='ltr'>liberare</span> <span class='ocrx_word' id='word_1_926' title='bbox 2077 409 2208 436; x_wconf 89' lang='lat' dir='ltr'>Christum</span> <span class='ocrx_word' id='word_1_927' title='bbox 2232 411 2268 435; x_wconf 93' lang='lat' dir='ltr'>al-</span> 
     </span>
     <span class='ocr_line' id='line_1_151' title="bbox 1629 453 2267 486; baseline 0 -7"><span class='ocrx_word' id='word_1_928' title='bbox 1629 455 1697 486; x_wconf 81' lang='lat' dir='ltr'>legat</span> <span class='ocrx_word' id='word_1_929' title='bbox 1716 454 1772 479; x_wconf 90' lang='lat' dir='ltr'>eius</span> <span class='ocrx_word' id='word_1_930' title='bbox 1785 454 1960 479; x_wconf 87' lang='lat' dir='ltr'>innocentiam</span> <span class='ocrx_word' id='word_1_931' title='bbox 1977 453 2010 480; x_wconf 92' lang='lat' dir='ltr'>ib.</span> <span class='ocrx_word' id='word_1_932' title='bbox 2024 454 2067 479; x_wconf 91' lang='grc'>71.</span> <span class='ocrx_word' id='word_1_933' title='bbox 2083 454 2133 479; x_wconf 91' lang='grc'>490</span> <span class='ocrx_word' id='word_1_934' title='bbox 2148 454 2170 479; x_wconf 88' lang='grc'>4.</span> <span class='ocrx_word' id='word_1_935' title='bbox 2185 454 2231 480; x_wconf 87' lang='grc'>491</span> <span class='ocrx_word' id='word_1_936' title='bbox 2250 454 2267 480; x_wconf 94' lang='grc'>7</span> 
     </span>
     <span class='ocr_line' id='line_1_152' title="bbox 1627 497 2268 530; baseline 0.003 -8"><span class='ocrx_word' id='word_1_937' title='bbox 1627 512 1662 516; x_wconf 97' lang='lat'><em>-</em></span> <span class='ocrx_word' id='word_1_938' title='bbox 1683 498 1828 523; x_wconf 80' lang='lat' dir='ltr'>manifestat</span> <span class='ocrx_word' id='word_1_939' title='bbox 1848 498 2022 523; x_wconf 89' lang='lat' dir='ltr'>innocentiam</span> <span class='ocrx_word' id='word_1_940' title='bbox 2036 497 2130 523; x_wconf 92' lang='lat' dir='ltr'>Christi</span> <span class='ocrx_word' id='word_1_941' title='bbox 2143 505 2190 530; x_wconf 87' lang='lat' dir='ltr'>per</span> <span class='ocrx_word' id='word_1_942' title='bbox 2209 505 2268 524; x_wconf 83' lang='lat' dir='ltr'>exa-</span> 
     </span>
     <span class='ocr_line' id='line_1_153' title="bbox 1628 541 2267 573; baseline 0.003 -7"><span class='ocrx_word' id='word_1_943' title='bbox 1628 541 1796 566; x_wconf 88' lang='lat' dir='ltr'>minationem</span> <span class='ocrx_word' id='word_1_944' title='bbox 1816 542 1950 573; x_wconf 90' lang='lat' dir='ltr'>propriam</span> <span class='ocrx_word' id='word_1_945' title='bbox 1979 545 2004 567; x_wconf 91' lang='lat' dir='ltr'>et</span> <span class='ocrx_word' id='word_1_946' title='bbox 2023 542 2133 567; x_wconf 87' lang='lat' dir='ltr'>alienam</span> <span class='ocrx_word' id='word_1_947' title='bbox 2154 542 2195 567; x_wconf 91' lang='lat' dir='ltr'>Vll</span> <span class='ocrx_word' id='word_1_948' title='bbox 2216 542 2267 568; x_wconf 84' lang='lat'>570</span> 
     </span>
     <span class='ocr_line' id='line_1_154' title="bbox 1628 585 2268 618; baseline 0.005 -9"><span class='ocrx_word' id='word_1_949' title='bbox 1628 586 1660 609; x_wconf 91' lang='grc'>19</span> <span class='ocrx_word' id='word_1_950' title='bbox 1680 598 1716 604; x_wconf 92' lang='grc'>--</span> <span class='ocrx_word' id='word_1_951' title='bbox 1734 585 1863 617; x_wconf 88' lang='lat' dir='ltr'>praedicit</span> <span class='ocrx_word' id='word_1_952' title='bbox 1882 592 1993 618; x_wconf 88' lang='lat' dir='ltr'>aequam</span> <span class='ocrx_word' id='word_1_953' title='bbox 2007 586 2160 611; x_wconf 88' lang='lat' dir='ltr'>sententiam</span> <span class='ocrx_word' id='word_1_954' title='bbox 2174 593 2268 612; x_wconf 92' lang='lat' dir='ltr'>secun-</span> 
     </span>
     <span class='ocr_line' id='line_1_155' title="bbox 1626 629 2268 656; baseline 0.003 -2"><span class='ocrx_word' id='word_1_955' title='bbox 1626 629 1690 654; x_wconf 88' lang='lat' dir='ltr'>dum</span> <span class='ocrx_word' id='word_1_956' title='bbox 1715 629 1840 654; x_wconf 85' lang='lat' dir='ltr'>iustitiam</span> <span class='ocrx_word' id='word_1_957' title='bbox 1869 630 2003 655; x_wconf 86' lang='lat' dir='ltr'>terendam</span> <span class='ocrx_word' id='word_1_958' title='bbox 2033 629 2067 656; x_wconf 91' lang='lat' dir='ltr'>ib.</span> <span class='ocrx_word' id='word_1_959' title='bbox 2095 630 2128 655; x_wconf 88' lang='grc'>20</span> <span class='ocrx_word' id='word_1_960' title='bbox 2153 644 2188 648; x_wconf 85' lang='lat'>—-</span> <span class='ocrx_word' id='word_1_961' title='bbox 2215 637 2268 656; x_wconf 91' lang='lat' dir='ltr'>non</span> 
     </span>
     <span class='ocr_line' id='line_1_156' title="bbox 1627 673 2269 706; baseline 0.003 -8"><span class='ocrx_word' id='word_1_962' title='bbox 1627 673 1742 698; x_wconf 90' lang='lat' dir='ltr'>audebat</span> <span class='ocrx_word' id='word_1_963' title='bbox 1760 680 1775 698; x_wconf 92' lang='lat' dir='ltr'>a</span> <span class='ocrx_word' id='word_1_964' title='bbox 1795 680 1823 699; x_wconf 90' lang='lat' dir='ltr'>se</span> <span class='ocrx_word' id='word_1_965' title='bbox 1843 673 1900 705; x_wconf 90' lang='lat' dir='ltr'>ipso</span> <span class='ocrx_word' id='word_1_966' title='bbox 1926 673 2064 699; x_wconf 86' lang='lat' dir='ltr'>absolvere</span> <span class='ocrx_word' id='word_1_967' title='bbox 2088 674 2269 706; x_wconf 86' lang='lat' dir='ltr'>innocentem,</span> 
     </span>
     <span class='ocr_line' id='line_1_157' title="bbox 1626 717 2268 750; baseline 0.003 -8"><span class='ocrx_word' id='word_1_968' title='bbox 1626 717 1674 743; x_wconf 87' lang='lat' dir='ltr'>sed</span> <span class='ocrx_word' id='word_1_969' title='bbox 1702 717 1847 750; x_wconf 88' lang='lat' dir='ltr'>quaerebat</span> <span class='ocrx_word' id='word_1_970' title='bbox 1872 724 2009 743; x_wconf 86' lang='lat' dir='ltr'>assensum</span> <span class='ocrx_word' id='word_1_971' title='bbox 2034 718 2115 750; x_wconf 85' lang='lat' dir='ltr'>partis</span> <span class='ocrx_word' id='word_1_972' title='bbox 2140 718 2268 744; x_wconf 88' lang='lat' dir='ltr'>adversae</span> 
     </span>
     <span class='ocr_line' id='line_1_158' title="bbox 1627 760 2270 795; baseline 0.002 -8"><span class='ocrx_word' id='word_1_973' title='bbox 1627 760 1688 787; x_wconf 84' lang='lat' dir='ltr'>ibid.</span> <span class='ocrx_word' id='word_1_974' title='bbox 1708 775 1743 780; x_wconf 97' lang='lat'><strong>—</strong></span> <span class='ocrx_word' id='word_1_975' title='bbox 1762 762 1889 794; x_wconf 83' lang='lat' dir='ltr'>ostendit,</span> <span class='ocrx_word' id='word_1_976' title='bbox 1909 762 1981 795; x_wconf 89' lang='lat' dir='ltr'>quod</span> <span class='ocrx_word' id='word_1_977' title='bbox 2001 769 2055 787; x_wconf 90' lang='lat' dir='ltr'>non</span> <span class='ocrx_word' id='word_1_978' title='bbox 2073 765 2176 794; x_wconf 88' lang='lat' dir='ltr'>poterat</span> <span class='ocrx_word' id='word_1_979' title='bbox 2198 762 2270 788; x_wconf 86' lang='lat' dir='ltr'>Chri-</span> 
     </span>
     <span class='ocr_line' id='line_1_159' title="bbox 1626 805 2011 832; baseline 0.005 -2"><span class='ocrx_word' id='word_1_980' title='bbox 1626 808 1696 831; x_wconf 90' lang='lat' dir='ltr'>stum</span> <span class='ocrx_word' id='word_1_981' title='bbox 1718 806 1784 831; x_wconf 89' lang='lat' dir='ltr'>iuste</span> <span class='ocrx_word' id='word_1_982' title='bbox 1802 806 1928 831; x_wconf 86' lang='lat' dir='ltr'>damnare</span> <span class='ocrx_word' id='word_1_983' title='bbox 1947 805 2011 832; x_wconf 83' lang='lat' dir='ltr'>ibid.</span> 
     </span>
    </p>

    <p class='ocr_par' dir='ltr' id='par_1_30' title="bbox 1627 850 2270 1274">
     <span class='ocr_line' id='line_1_160' title="bbox 1681 850 2270 882; baseline 0.002 -7"><span class='ocrx_word' id='word_1_984' title='bbox 1681 864 1716 868; x_wconf 89' lang='lat'><strong>—</strong></span> <span class='ocrx_word' id='word_1_985' title='bbox 1735 853 1835 882; x_wconf 87' lang='lat' dir='ltr'>septem</span> <span class='ocrx_word' id='word_1_986' title='bbox 1856 850 1944 876; x_wconf 88' lang='lat' dir='ltr'>modis</span> <span class='ocrx_word' id='word_1_987' title='bbox 1962 851 2036 876; x_wconf 87' lang='lat' dir='ltr'>visus</span> <span class='ocrx_word' id='word_1_988' title='bbox 2065 853 2104 876; x_wconf 88' lang='lat' dir='ltr'>est</span> <span class='ocrx_word' id='word_1_989' title='bbox 2127 851 2270 876; x_wconf 90' lang='lat' dir='ltr'>damnatio-</span> 
     </span>
     <span class='ocr_line' id='line_1_161' title="bbox 1627 893 2270 926; baseline 0.005 -8"><span class='ocrx_word' id='word_1_990' title='bbox 1627 901 1687 919; x_wconf 88' lang='lat' dir='ltr'>nem</span> <span class='ocrx_word' id='word_1_991' title='bbox 1707 893 1801 919; x_wconf 89' lang='lat' dir='ltr'>Christi</span> <span class='ocrx_word' id='word_1_992' title='bbox 1820 893 2004 926; x_wconf 83' lang='lat' dir='ltr'>subtertugere</span> <span class='ocrx_word' id='word_1_993' title='bbox 2022 899 2048 920; x_wconf 85' lang='lat' dir='ltr'>et</span> <span class='ocrx_word' id='word_1_994' title='bbox 2072 902 2133 921; x_wconf 91' lang='lat' dir='ltr'>eum</span> <span class='ocrx_word' id='word_1_995' title='bbox 2158 893 2270 921; x_wconf 86' lang='lat' dir='ltr'>liberare</span> 
     </span>
     <span class='ocr_line' id='line_1_162' title="bbox 1628 938 2268 971; baseline 0.003 -8"><span class='ocrx_word' id='word_1_996' title='bbox 1628 938 1670 963; x_wconf 94' lang='lat' dir='ltr'>Vll</span> <span class='ocrx_word' id='word_1_997' title='bbox 1690 938 1736 963; x_wconf 89' lang='grc'>571</span> <span class='ocrx_word' id='word_1_998' title='bbox 1762 938 1795 963; x_wconf 93' lang='grc'>27</span> <span class='ocrx_word' id='word_1_999' title='bbox 1815 953 1848 957; x_wconf 85' lang='lat'>-—</span> <span class='ocrx_word' id='word_1_1000' title='bbox 1869 940 1925 964; x_wconf 88' lang='lat' dir='ltr'>vult</span> <span class='ocrx_word' id='word_1_1001' title='bbox 1943 939 2075 964; x_wconf 89' lang='lat' dir='ltr'>Christum</span> <span class='ocrx_word' id='word_1_1002' title='bbox 2090 939 2201 965; x_wconf 89' lang='lat' dir='ltr'>liberare</span> <span class='ocrx_word' id='word_1_1003' title='bbox 2219 946 2268 971; x_wconf 89' lang='lat' dir='ltr'>per</span> 
     </span>
     <span class='ocr_line' id='line_1_163' title="bbox 1627 982 2269 1014; baseline 0.005 -8"><span class='ocrx_word' id='word_1_1004' title='bbox 1627 982 1791 1007; x_wconf 88' lang='lat' dir='ltr'>clementiam</span> <span class='ocrx_word' id='word_1_1005' title='bbox 1820 983 1847 1008; x_wconf 92' lang='lat' dir='ltr'>in</span> <span class='ocrx_word' id='word_1_1006' title='bbox 1872 984 1969 1014; x_wconf 84' lang='lat' dir='ltr'>pascha</span> <span class='ocrx_word' id='word_1_1007' title='bbox 1998 983 2029 1008; x_wconf 93' lang='lat' dir='ltr'>Vl</span> <span class='ocrx_word' id='word_1_1008' title='bbox 2049 983 2099 1008; x_wconf 88' lang='grc'>490</span> <span class='ocrx_word' id='word_1_1009' title='bbox 2118 983 2152 1009; x_wconf 90' lang='grc'>72</span> <span class='ocrx_word' id='word_1_1010' title='bbox 2172 997 2206 1003; x_wconf 91' lang='grc'>-</span> <span class='ocrx_word' id='word_1_1011' title='bbox 2226 984 2269 1009; x_wconf 88' lang='lat' dir='ltr'>ssa-</span> 
     </span>
     <span class='ocr_line' id='line_1_164' title="bbox 1628 1026 2269 1059; baseline 0.005 -8"><span class='ocrx_word' id='word_1_1012' title='bbox 1628 1026 1706 1058; x_wconf 89' lang='lat' dir='ltr'>gellat</span> <span class='ocrx_word' id='word_1_1013' title='bbox 1724 1027 1899 1057; x_wconf 88' lang='lat' dir='ltr'>innocentem,</span> <span class='ocrx_word' id='word_1_1014' title='bbox 1915 1031 1942 1052; x_wconf 93' lang='lat' dir='ltr'>ut</span> <span class='ocrx_word' id='word_1_1015' title='bbox 1956 1027 2056 1059; x_wconf 89' lang='lat' dir='ltr'>mitiget</span> <span class='ocrx_word' id='word_1_1016' title='bbox 2075 1028 2159 1053; x_wconf 89' lang='lat' dir='ltr'>zelum</span> <span class='ocrx_word' id='word_1_1017' title='bbox 2181 1028 2269 1054; x_wconf 89' lang='lat' dir='ltr'>ludae-</span> 
     </span>
     <span class='ocr_line' id='line_1_165' title="bbox 1627 1070 2269 1105; baseline 0.003 -9"><span class='ocrx_word' id='word_1_1018' title='bbox 1627 1078 1703 1096; x_wconf 90' lang='lat' dir='ltr'>orum</span> <span class='ocrx_word' id='word_1_1019' title='bbox 1722 1070 1755 1097; x_wconf 93' lang='lat' dir='ltr'>ib.</span> <span class='ocrx_word' id='word_1_1020' title='bbox 1776 1072 1785 1096; x_wconf 86' lang='grc'>1</span> <span class='ocrx_word' id='word_1_1021' title='bbox 1810 1085 1845 1090; x_wconf 91' lang='lat'>—-</span> <span class='ocrx_word' id='word_1_1022' title='bbox 1869 1072 1944 1097; x_wconf 82' lang='lat' dir='ltr'>offert</span> <span class='ocrx_word' id='word_1_1023' title='bbox 1962 1072 2126 1103; x_wconf 88' lang='lat' dir='ltr'>punitionem</span> <span class='ocrx_word' id='word_1_1024' title='bbox 2146 1073 2269 1105; x_wconf 86' lang='lat' dir='ltr'>accusati,</span> 
     </span>
     <span class='ocr_line' id='line_1_166' title="bbox 1627 1115 2270 1149; baseline 0.003 -9"><span class='ocrx_word' id='word_1_1025' title='bbox 1627 1122 1659 1140; x_wconf 92' lang='lat' dir='ltr'>ne</span> <span class='ocrx_word' id='word_1_1026' title='bbox 1678 1115 1765 1141; x_wconf 85' lang='lat' dir='ltr'>ludaei</span> <span class='ocrx_word' id='word_1_1027' title='bbox 1785 1118 1894 1147; x_wconf 86' lang='lat' dir='ltr'>possent</span> <span class='ocrx_word' id='word_1_1028' title='bbox 1912 1116 2039 1149; x_wconf 87' lang='lat' dir='ltr'>conqueri</span> <span class='ocrx_word' id='word_1_1029' title='bbox 2064 1116 2097 1142; x_wconf 91' lang='lat' dir='ltr'>de</span> <span class='ocrx_word' id='word_1_1030' title='bbox 2115 1117 2270 1143; x_wconf 89' lang='lat' dir='ltr'>remissione</span> 
     </span>
     <span class='ocr_line' id='line_1_167' title="bbox 1627 1159 2269 1192; baseline 0.005 -8"><span class='ocrx_word' id='word_1_1031' title='bbox 1627 1159 1722 1185; x_wconf 89' lang='lat' dir='ltr'>iudicis</span> <span class='ocrx_word' id='word_1_1032' title='bbox 1741 1160 1784 1185; x_wconf 94' lang='lat' dir='ltr'>Vll</span> <span class='ocrx_word' id='word_1_1033' title='bbox 1804 1159 1856 1185; x_wconf 83' lang='lat'>570</span> <span class='ocrx_word' id='word_1_1034' title='bbox 1877 1160 1910 1185; x_wconf 91' lang='grc'>20</span> <span class='ocrx_word' id='word_1_1035' title='bbox 1931 1174 1964 1178; x_wconf 91' lang='grc'>--</span> <span class='ocrx_word' id='word_1_1036' title='bbox 1990 1161 2117 1192; x_wconf 88' lang='lat' dir='ltr'>permisit,</span> <span class='ocrx_word' id='word_1_1037' title='bbox 2137 1160 2269 1187; x_wconf 84' lang='lat' dir='ltr'>Christum</span> 
     </span>
     <span class='ocr_line' id='line_1_168' title="bbox 1628 1204 2270 1235; baseline 0.003 -6"><span class='ocrx_word' id='word_1_1038' title='bbox 1628 1206 1655 1229; x_wconf 90' lang='lat' dir='ltr'>ut</span> <span class='ocrx_word' id='word_1_1039' title='bbox 1674 1211 1766 1235; x_wconf 82' lang='lat' dir='ltr'>regem</span> <span class='ocrx_word' id='word_1_1040' title='bbox 1785 1204 1913 1235; x_wconf 89' lang='lat' dir='ltr'>derideri,</span> <span class='ocrx_word' id='word_1_1041' title='bbox 1933 1211 1962 1230; x_wconf 86' lang='lat' dir='ltr'>ut</span> <span class='ocrx_word' id='word_1_1042' title='bbox 1980 1205 2091 1230; x_wconf 87' lang='lat' dir='ltr'>ludaeos</span> <span class='ocrx_word' id='word_1_1043' title='bbox 2119 1205 2152 1231; x_wconf 89' lang='lat' dir='ltr'>ad</span> <span class='ocrx_word' id='word_1_1044' title='bbox 2173 1205 2270 1231; x_wconf 91' lang='lat' dir='ltr'>miseri-</span> 
     </span>
     <span class='ocr_line' id='line_1_169' title="bbox 1627 1248 2070 1274; baseline 0.002 -1"><span class='ocrx_word' id='word_1_1045' title='bbox 1627 1248 1744 1273; x_wconf 89' lang='lat' dir='ltr'>cordiam</span> <span class='ocrx_word' id='word_1_1046' title='bbox 1763 1248 1898 1274; x_wconf 90' lang='lat' dir='ltr'>inclinaret</span> <span class='ocrx_word' id='word_1_1047' title='bbox 1918 1248 1949 1274; x_wconf 96' lang='lat' dir='ltr'>Vl</span> <span class='ocrx_word' id='word_1_1048' title='bbox 1970 1248 2021 1274; x_wconf 86' lang='lat'>499</span> <span class='ocrx_word' id='word_1_1049' title='bbox 2042 1249 2070 1274; x_wconf 90' lang='grc'>41</span> 
     </span>
    </p>

    <p class='ocr_par' dir='ltr' id='par_1_31' title="bbox 1625 1292 2270 1718">
     <span class='ocr_line' id='line_1_170' title="bbox 1679 1292 2270 1319; baseline 0.002 -1"><span class='ocrx_word' id='word_1_1050' title='bbox 1679 1306 1715 1311; x_wconf 91' lang='grc'>-</span> <span class='ocrx_word' id='word_1_1051' title='bbox 1733 1292 1830 1318; x_wconf 92' lang='lat' dir='ltr'>durum</span> <span class='ocrx_word' id='word_1_1052' title='bbox 1849 1296 1905 1318; x_wconf 91' lang='lat' dir='ltr'>erat</span> <span class='ocrx_word' id='word_1_1053' title='bbox 1923 1292 1946 1318; x_wconf 90' lang='lat' dir='ltr'>ei</span> <span class='ocrx_word' id='word_1_1054' title='bbox 1972 1293 2102 1319; x_wconf 90' lang='lat' dir='ltr'>Christum</span> <span class='ocrx_word' id='word_1_1055' title='bbox 2123 1293 2199 1319; x_wconf 88' lang='lat' dir='ltr'>morti</span> <span class='ocrx_word' id='word_1_1056' title='bbox 2220 1297 2270 1319; x_wconf 91' lang='lat' dir='ltr'>tra-</span> 
     </span>
     <span class='ocr_line' id='line_1_171' title="bbox 1627 1337 2269 1370; baseline 0.003 -8"><span class='ocrx_word' id='word_1_1057' title='bbox 1627 1337 1690 1362; x_wconf 90' lang='lat' dir='ltr'>dere</span> <span class='ocrx_word' id='word_1_1058' title='bbox 1708 1337 1764 1362; x_wconf 91' lang='lat' dir='ltr'>siue</span> <span class='ocrx_word' id='word_1_1059' title='bbox 1783 1344 1861 1362; x_wconf 89' lang='lat' dir='ltr'>causa</span> <span class='ocrx_word' id='word_1_1060' title='bbox 1883 1337 1925 1363; x_wconf 94' lang='lat' dir='ltr'>Vll</span> <span class='ocrx_word' id='word_1_1061' title='bbox 1951 1337 1995 1362; x_wconf 89' lang='lat' dir='ltr'>47l</span> <span class='ocrx_word' id='word_1_1062' title='bbox 2021 1337 2055 1363; x_wconf 92' lang='grc'>24</span> <span class='ocrx_word' id='word_1_1063' title='bbox 2073 1351 2109 1356; x_wconf 89' lang='grc'>-</span> <span class='ocrx_word' id='word_1_1064' title='bbox 2128 1338 2197 1370; x_wconf 82' lang='lat' dir='ltr'>Uxor</span> <span class='ocrx_word' id='word_1_1065' title='bbox 2221 1345 2269 1364; x_wconf 87' lang='lat' dir='ltr'>sua</span> 
     </span>
     <span class='ocr_line' id='line_1_172' title="bbox 1627 1380 2268 1413; baseline 0.003 -7"><span class='ocrx_word' id='word_1_1066' title='bbox 1627 1380 1797 1406; x_wconf 85' lang='lat' dir='ltr'>dissuadebat</span> <span class='ocrx_word' id='word_1_1067' title='bbox 1816 1381 1855 1412; x_wconf 86' lang='lat' dir='ltr'>ei,</span> <span class='ocrx_word' id='word_1_1068' title='bbox 1875 1382 1992 1413; x_wconf 82' lang='lat' dir='ltr'>proferre</span> <span class='ocrx_word' id='word_1_1069' title='bbox 2011 1382 2164 1407; x_wconf 88' lang='lat' dir='ltr'>sententiam</span> <span class='ocrx_word' id='word_1_1070' title='bbox 2179 1385 2268 1408; x_wconf 90' lang='lat' dir='ltr'>contra</span> 
     </span>
     <span class='ocr_line' id='line_1_173' title="bbox 1626 1424 2269 1458; baseline 0.003 -8"><span class='ocrx_word' id='word_1_1071' title='bbox 1626 1425 1758 1451; x_wconf 89' lang='lat' dir='ltr'>Christum</span> <span class='ocrx_word' id='word_1_1072' title='bbox 1777 1424 1840 1451; x_wconf 87' lang='lat' dir='ltr'>ibid.</span> <span class='ocrx_word' id='word_1_1073' title='bbox 1867 1430 1901 1444; x_wconf 74' lang='grc'>-’</span> <span class='ocrx_word' id='word_1_1074' title='bbox 1927 1425 2085 1458; x_wconf 86' lang='lat' dir='ltr'>intelligens,</span> <span class='ocrx_word' id='word_1_1075' title='bbox 2114 1429 2269 1458; x_wconf 88' lang='lat' dir='ltr'>potestatem</span> 
     </span>
     <span class='ocr_line' id='line_1_174' title="bbox 1626 1469 2269 1502; baseline 0.002 -7"><span class='ocrx_word' id='word_1_1076' title='bbox 1626 1476 1702 1495; x_wconf 89' lang='lat' dir='ltr'>suam</span> <span class='ocrx_word' id='word_1_1077' title='bbox 1721 1469 1771 1495; x_wconf 92' lang='lat' dir='ltr'>sub</span> <span class='ocrx_word' id='word_1_1078' title='bbox 1799 1470 1905 1495; x_wconf 84' lang='lat' dir='ltr'>alterius</span> <span class='ocrx_word' id='word_1_1079' title='bbox 1930 1473 2059 1502; x_wconf 87' lang='lat' dir='ltr'>potestate</span> <span class='ocrx_word' id='word_1_1080' title='bbox 2086 1470 2269 1502; x_wconf 80' lang='lat' dir='ltr'>constitutam,</span> 
     </span>
     <span class='ocr_line' id='line_1_175' title="bbox 1626 1513 2270 1547; baseline 0.002 -8"><span class='ocrx_word' id='word_1_1081' title='bbox 1626 1513 1732 1539; x_wconf 87' lang='lat' dir='ltr'>nolebat</span> <span class='ocrx_word' id='word_1_1082' title='bbox 1750 1514 1877 1540; x_wconf 85' lang='lat' dir='ltr'>damnare</span> <span class='ocrx_word' id='word_1_1083' title='bbox 1898 1514 2078 1547; x_wconf 74' lang='lat' dir='ltr'>innocentem,</span> <span class='ocrx_word' id='word_1_1084' title='bbox 2098 1515 2145 1540; x_wconf 84' lang='lat' dir='ltr'>sed</span> <span class='ocrx_word' id='word_1_1085' title='bbox 2164 1514 2270 1541; x_wconf 86' lang='lat' dir='ltr'>volebat</span> 
     </span>
     <span class='ocr_line' id='line_1_176' title="bbox 1626 1558 2269 1591; baseline 0 -7"><span class='ocrx_word' id='word_1_1086' title='bbox 1626 1558 1757 1584; x_wconf 83' lang='lat' dir='ltr'>dimittere</span> <span class='ocrx_word' id='word_1_1087' title='bbox 1775 1558 1907 1584; x_wconf 87' lang='lat' dir='ltr'>Christum</span> <span class='ocrx_word' id='word_1_1088' title='bbox 1928 1559 1959 1584; x_wconf 96' lang='lat' dir='ltr'>Vl</span> <span class='ocrx_word' id='word_1_1089' title='bbox 1981 1558 2031 1584; x_wconf 84' lang='lat'>492</span> <span class='ocrx_word' id='word_1_1090' title='bbox 2052 1559 2084 1584; x_wconf 89' lang='grc'>13</span> <span class='ocrx_word' id='word_1_1091' title='bbox 2106 1573 2139 1577; x_wconf 93' lang='grc'>-</span> <span class='ocrx_word' id='word_1_1092' title='bbox 2159 1562 2269 1591; x_wconf 87' lang='lat' dir='ltr'>propter</span> 
     </span>
     <span class='ocr_line' id='line_1_177' title="bbox 1626 1603 2268 1634; baseline 0.002 -6"><span class='ocrx_word' id='word_1_1093' title='bbox 1626 1603 1800 1628; x_wconf 89' lang='lat' dir='ltr'>innocentiam</span> <span class='ocrx_word' id='word_1_1094' title='bbox 1819 1610 1873 1628; x_wconf 88' lang='lat' dir='ltr'>non</span> <span class='ocrx_word' id='word_1_1095' title='bbox 1893 1604 1948 1629; x_wconf 88' lang='lat' dir='ltr'>vult</span> <span class='ocrx_word' id='word_1_1096' title='bbox 1966 1603 2098 1629; x_wconf 91' lang='lat' dir='ltr'>Christum</span> <span class='ocrx_word' id='word_1_1097' title='bbox 2127 1604 2268 1634; x_wconf 87' lang='lat' dir='ltr'>damnare,</span> 
     </span>
     <span class='ocr_line' id='line_1_178' title="bbox 1625 1647 2263 1679; baseline 0.002 -7"><span class='ocrx_word' id='word_1_1098' title='bbox 1625 1647 1672 1673; x_wconf 90' lang='lat' dir='ltr'>sed</span> <span class='ocrx_word' id='word_1_1099' title='bbox 1691 1648 1766 1672; x_wconf 78' lang='lat' dir='ltr'>offert</span> <span class='ocrx_word' id='word_1_1100' title='bbox 1784 1654 1845 1673; x_wconf 89' lang='lat' dir='ltr'>eum</span> <span class='ocrx_word' id='word_1_1101' title='bbox 1860 1648 1971 1678; x_wconf 89' lang='lat' dir='ltr'>ludaeis,</span> <span class='ocrx_word' id='word_1_1102' title='bbox 1994 1651 2022 1673; x_wconf 92' lang='lat' dir='ltr'>ut</span> <span class='ocrx_word' id='word_1_1103' title='bbox 2041 1647 2197 1679; x_wconf 83' lang='lat' dir='ltr'>crucifigant</span> <span class='ocrx_word' id='word_1_1104' title='bbox 2217 1647 2263 1673; x_wconf 89' lang='grc'>491</span> 
     </span>
     <span class='ocr_line' id='line_1_179' title="bbox 1625 1684 2171 1718; baseline 0.004 -2"><span class='ocrx_word' id='word_1_1105' title='bbox 1625 1691 1642 1716; x_wconf 90' lang='lat'><strong>7</strong></span> <span class='ocrx_word' id='word_1_1106' title='bbox 1661 1704 1696 1710; x_wconf 92' lang='lat'><strong>—</strong></span> <span class='ocrx_word' id='word_1_1107' title='bbox 1715 1692 1783 1717; x_wconf 91' lang='lat' dir='ltr'>male</span> <span class='ocrx_word' id='word_1_1108' title='bbox 1802 1692 1876 1717; x_wconf 86' lang='lat' dir='ltr'>timet</span> <span class='ocrx_word' id='word_1_1109' title='bbox 1894 1691 1926 1718; x_wconf 89' lang='lat' dir='ltr'>ib.</span> <span class='ocrx_word' id='word_1_1110' title='bbox 1947 1692 1963 1717; x_wconf 89' lang='lat'>9</span> <span class='ocrx_word' id='word_1_1111' title='bbox 2169 1684 2171 1686; x_wconf 36' lang='lat'><strong><em>¹</em></strong></span> 
     </span>
    </p>

    <p class='ocr_par' dir='ltr' id='par_1_32' title="bbox 1625 1735 2267 1856">
     <span class='ocr_line' id='line_1_180' title="bbox 1679 1735 2266 1768; baseline 0.002 -7"><span class='ocrx_word' id='word_1_1112' title='bbox 1679 1749 1713 1753; x_wconf 89' lang='lat'>—-</span> <span class='ocrx_word' id='word_1_1113' title='bbox 1740 1742 1871 1768; x_wconf 84' lang='lat' dir='ltr'>quaerens</span> <span class='ocrx_word' id='word_1_1114' title='bbox 1898 1736 1932 1761; x_wconf 91' lang='lat' dir='ltr'>de</span> <span class='ocrx_word' id='word_1_1115' title='bbox 1960 1736 2061 1768; x_wconf 84' lang='lat' dir='ltr'>origine</span> <span class='ocrx_word' id='word_1_1116' title='bbox 2090 1735 2184 1762; x_wconf 87' lang='lat' dir='ltr'>Christi</span> <span class='ocrx_word' id='word_1_1117' title='bbox 2214 1743 2266 1762; x_wconf 88' lang='lat' dir='ltr'>non</span> 
     </span>
     <span class='ocr_line' id='line_1_181' title="bbox 1625 1780 2267 1812; baseline 0.003 -8"><span class='ocrx_word' id='word_1_1118' title='bbox 1625 1782 1740 1805; x_wconf 88' lang='lat' dir='ltr'>meretur</span> <span class='ocrx_word' id='word_1_1119' title='bbox 1759 1786 1917 1812; x_wconf 85' lang='lat' dir='ltr'>responsum</span> <span class='ocrx_word' id='word_1_1120' title='bbox 1938 1780 1971 1806; x_wconf 88' lang='lat' dir='ltr'>Vl</span> <span class='ocrx_word' id='word_1_1121' title='bbox 1992 1780 2038 1805; x_wconf 89' lang='grc'>491</span> <span class='ocrx_word' id='word_1_1122' title='bbox 2068 1781 2106 1806; x_wconf 83' lang='lat' dir='ltr'>to.</span> <span class='ocrx_word' id='word_1_1123' title='bbox 2121 1780 2172 1806; x_wconf 87' lang='grc'>494</span> <span class='ocrx_word' id='word_1_1124' title='bbox 2186 1781 2218 1806; x_wconf 90' lang='grc'>22</span> <span class='ocrx_word' id='word_1_1125' title='bbox 2232 1794 2267 1800; x_wconf 91' lang='lat'>—-</span> 
     </span>
     <span class='ocr_line' id='line_1_182' title="bbox 1625 1823 2266 1856; baseline 0.003 -7"><span class='ocrx_word' id='word_1_1126' title='bbox 1625 1823 1740 1855; x_wconf 86' lang='lat' dir='ltr'>superbe</span> <span class='ocrx_word' id='word_1_1127' title='bbox 1754 1824 1830 1850; x_wconf 90' lang='lat' dir='ltr'>iactat</span> <span class='ocrx_word' id='word_1_1128' title='bbox 1842 1825 1985 1856; x_wconf 84' lang='lat' dir='ltr'>potentiam</span> <span class='ocrx_word' id='word_1_1129' title='bbox 2005 1831 2081 1850; x_wconf 90' lang='lat' dir='ltr'>suam</span> <span class='ocrx_word' id='word_1_1130' title='bbox 2094 1825 2121 1850; x_wconf 89' lang='lat' dir='ltr'>in</span> <span class='ocrx_word' id='word_1_1131' title='bbox 2133 1824 2266 1851; x_wconf 84' lang='lat' dir='ltr'>Christum</span> 
     </span>
    </p>
   </div>
   <div class='ocr_carea' id='block_1_11' title="bbox 1612 1867 1726 1901">
    <p class='ocr_par' dir='ltr' id='par_1_33' title="bbox 1612 1867 1726 1901">
     <span class='ocr_line' id='line_1_183' title="bbox 1612 1867 1726 1901; baseline 0 -8"><span class='ocrx_word' id='word_1_1132' title='bbox 1612 1867 1677 1901; x_wconf 39' lang='grc'>,492</span> <span class='ocrx_word' id='word_1_1133' title='bbox 1699 1869 1726 1893; x_wconf 84' lang='grc'>11</span> 
     </span>
    </p>
   </div>
   <div class='ocr_carea' id='block_1_12' title="bbox 1624 1913 2268 2078">
    <p class='ocr_par' dir='ltr' id='par_1_34' title="bbox 1624 1913 2268 2078">
     <span class='ocr_line' id='line_1_184' title="bbox 1677 1913 2266 1946; baseline 0.002 -8"><span class='ocrx_word' id='word_1_1134' title='bbox 1677 1927 1712 1932; x_wconf 88' lang='grc'><strong>-</strong></span> <span class='ocrx_word' id='word_1_1135' title='bbox 1732 1913 1858 1938; x_wconf 90' lang='lat' dir='ltr'>iudicium</span> <span class='ocrx_word' id='word_1_1136' title='bbox 1877 1920 1955 1938; x_wconf 87' lang='lat' dir='ltr'>suum</span> <span class='ocrx_word' id='word_1_1137' title='bbox 1975 1920 1991 1938; x_wconf 94' lang='lat' dir='ltr'>a</span> <span class='ocrx_word' id='word_1_1138' title='bbox 2003 1913 2111 1939; x_wconf 85' lang='lat' dir='ltr'>veritate</span> <span class='ocrx_word' id='word_1_1139' title='bbox 2125 1913 2266 1946; x_wconf 84' lang='lat' dir='ltr'>inchoavit,</span> 
     </span>
     <span class='ocr_line' id='line_1_185' title="bbox 1624 1957 2265 1989; baseline 0.002 -7"><span class='ocrx_word' id='word_1_1140' title='bbox 1624 1957 1671 1983; x_wconf 90' lang='lat' dir='ltr'>sed</span> <span class='ocrx_word' id='word_1_1141' title='bbox 1691 1957 1718 1982; x_wconf 88' lang='lat' dir='ltr'>in</span> <span class='ocrx_word' id='word_1_1142' title='bbox 1737 1957 1846 1982; x_wconf 88' lang='lat' dir='ltr'>veritate</span> <span class='ocrx_word' id='word_1_1143' title='bbox 1865 1964 1918 1982; x_wconf 90' lang='lat' dir='ltr'>non</span> <span class='ocrx_word' id='word_1_1144' title='bbox 1938 1958 2081 1989; x_wconf 87' lang='lat' dir='ltr'>permansit</span> <span class='ocrx_word' id='word_1_1145' title='bbox 2101 1958 2132 1983; x_wconf 88' lang='lat' dir='ltr'>Vl</span> <span class='ocrx_word' id='word_1_1146' title='bbox 2153 1957 2204 1983; x_wconf 85' lang='grc'>489</span> <span class='ocrx_word' id='word_1_1147' title='bbox 2231 1958 2265 1983; x_wconf 91' lang='grc'>69</span> 
     </span>
     <span class='ocr_line' id='line_1_186' title="bbox 1625 2001 2266 2027; baseline 0 0"><span class='ocrx_word' id='word_1_1148' title='bbox 1625 2015 1659 2020; x_wconf 89' lang='lat'>—-</span> <span class='ocrx_word' id='word_1_1149' title='bbox 1677 2001 1733 2027; x_wconf 89' lang='lat' dir='ltr'>eius</span> <span class='ocrx_word' id='word_1_1150' title='bbox 1746 2002 1867 2027; x_wconf 90' lang='lat' dir='ltr'>voluntas</span> <span class='ocrx_word' id='word_1_1151' title='bbox 1886 2002 1919 2027; x_wconf 89' lang='lat' dir='ltr'>ad</span> <span class='ocrx_word' id='word_1_1152' title='bbox 1934 2001 2119 2027; x_wconf 88' lang='lat' dir='ltr'>dimittendum</span> <span class='ocrx_word' id='word_1_1153' title='bbox 2133 2001 2266 2027; x_wconf 91' lang='lat' dir='ltr'>Christum</span> 
     </span>
     <span class='ocr_line' id='line_1_187' title="bbox 1624 2045 2268 2078; baseline 0 -7"><span class='ocrx_word' id='word_1_1154' title='bbox 1624 2052 1677 2071; x_wconf 92' lang='lat' dir='ltr'>non</span> <span class='ocrx_word' id='word_1_1155' title='bbox 1701 2049 1757 2071; x_wconf 89' lang='lat' dir='ltr'>erat</span> <span class='ocrx_word' id='word_1_1156' title='bbox 1779 2046 1864 2078; x_wconf 81' lang='lat' dir='ltr'>plena,</span> <span class='ocrx_word' id='word_1_1157' title='bbox 1882 2046 1928 2071; x_wconf 91' lang='lat' dir='ltr'>sed</span> <span class='ocrx_word' id='word_1_1158' title='bbox 1949 2046 2025 2078; x_wconf 90' lang='lat' dir='ltr'>pigra</span> <span class='ocrx_word' id='word_1_1159' title='bbox 2046 2046 2087 2071; x_wconf 92' lang='lat' dir='ltr'>Vll</span> <span class='ocrx_word' id='word_1_1160' title='bbox 2107 2045 2153 2071; x_wconf 89' lang='grc'>571</span> <span class='ocrx_word' id='word_1_1161' title='bbox 2179 2045 2213 2071; x_wconf 89' lang='grc'>24</span> <span class='ocrx_word' id='word_1_1162' title='bbox 2231 2059 2268 2065; x_wconf 90' lang='grc'>-</span> 
     </span>
    </p>
   </div>
   <div class='ocr_carea' id='block_1_13' title="bbox 1617 2081 2267 2116">
    <p class='ocr_par' dir='ltr' id='par_1_35' title="bbox 1617 2081 2267 2116">
     <span class='ocr_line' id='line_1_188' title="bbox 1617 2081 2267 2116; baseline 0.002 -1"><span class='ocrx_word' id='word_1_1163' title='bbox 1617 2081 1676 2115; x_wconf 58' lang='lat' dir='ltr'>&#39;non</span> <span class='ocrx_word' id='word_1_1164' title='bbox 1696 2089 1800 2115; x_wconf 90' lang='lat' dir='ltr'>volebat</span> <span class='ocrx_word' id='word_1_1165' title='bbox 1820 2091 1904 2116; x_wconf 82' lang='lat' dir='ltr'>facere</span> <span class='ocrx_word' id='word_1_1166' title='bbox 1923 2093 2012 2116; x_wconf 89' lang='lat' dir='ltr'>contra</span> <span class='ocrx_word' id='word_1_1167' title='bbox 2032 2089 2121 2116; x_wconf 88' lang='lat' dir='ltr'>turbas</span> <span class='ocrx_word' id='word_1_1168' title='bbox 2147 2089 2209 2116; x_wconf 81' lang='lat' dir='ltr'>ibid.</span> <span class='ocrx_word' id='word_1_1169' title='bbox 2232 2104 2267 2108; x_wconf 97' lang='lat'><strong>—</strong></span> 
     </span>
    </p>
   </div>
   <div class='ocr_carea' id='block_1_14' title="bbox 1619 2133 2269 3399">
    <p class='ocr_par' dir='ltr' id='par_1_36' title="bbox 1619 2133 2269 2653">
     <span class='ocr_line' id='line_1_189' title="bbox 1624 2133 2266 2166; baseline 0.002 -7"><span class='ocrx_word' id='word_1_1170' title='bbox 1624 2141 1687 2166; x_wconf 87' lang='lat' dir='ltr'>prae</span> <span class='ocrx_word' id='word_1_1171' title='bbox 1706 2135 1799 2160; x_wconf 88' lang='lat' dir='ltr'>timore</span> <span class='ocrx_word' id='word_1_1172' title='bbox 1812 2134 1907 2160; x_wconf 85' lang='lat' dir='ltr'>defecit</span> <span class='ocrx_word' id='word_1_1173' title='bbox 1919 2135 1946 2160; x_wconf 90' lang='lat' dir='ltr'>in</span> <span class='ocrx_word' id='word_1_1174' title='bbox 1959 2135 2011 2160; x_wconf 84' lang='lat' dir='ltr'>tine</span> <span class='ocrx_word' id='word_1_1175' title='bbox 2023 2134 2119 2161; x_wconf 88' lang='lat' dir='ltr'>Christi</span> <span class='ocrx_word' id='word_1_1176' title='bbox 2138 2133 2266 2160; x_wconf 86' lang='lat' dir='ltr'>liberandi</span> 
     </span>
     <span class='ocr_line' id='line_1_190' title="bbox 1624 2179 2264 2210; baseline 0 -6"><span class='ocrx_word' id='word_1_1177' title='bbox 1624 2179 1675 2204; x_wconf 85' lang='grc'>572</span> <span class='ocrx_word' id='word_1_1178' title='bbox 1694 2179 1728 2204; x_wconf 90' lang='grc'>28</span> <span class='ocrx_word' id='word_1_1179' title='bbox 1741 2190 1776 2198; x_wconf 83' lang='grc'>-·</span> <span class='ocrx_word' id='word_1_1180' title='bbox 1795 2179 1936 2206; x_wconf 85' lang='lat' dir='ltr'>declinavit</span> <span class='ocrx_word' id='word_1_1181' title='bbox 1954 2179 1987 2204; x_wconf 91' lang='lat' dir='ltr'>ad</span> <span class='ocrx_word' id='word_1_1182' title='bbox 2001 2185 2154 2210; x_wconf 88' lang='lat' dir='ltr'>perversam</span> <span class='ocrx_word' id='word_1_1183' title='bbox 2173 2179 2264 2210; x_wconf 89' lang='lat' dir='ltr'>populi</span> 
     </span>
     <span class='ocr_line' id='line_1_191' title="bbox 1624 2222 2265 2255; baseline 0 -7"><span class='ocrx_word' id='word_1_1184' title='bbox 1624 2223 1786 2248; x_wconf 86' lang='lat' dir='ltr'>voluntatem</span> <span class='ocrx_word' id='word_1_1185' title='bbox 1800 2226 1889 2248; x_wconf 91' lang='lat' dir='ltr'>contra</span> <span class='ocrx_word' id='word_1_1186' title='bbox 1903 2223 2034 2248; x_wconf 85' lang='lat' dir='ltr'>dictamen</span> <span class='ocrx_word' id='word_1_1187' title='bbox 2055 2222 2174 2255; x_wconf 87' lang='lat' dir='ltr'>iustitiae,</span> <span class='ocrx_word' id='word_1_1188' title='bbox 2187 2223 2265 2248; x_wconf 89' lang='lat' dir='ltr'>mise-</span> 
     </span>
     <span class='ocr_line' id='line_1_192' title="bbox 1623 2266 2265 2298; baseline 0 -6"><span class='ocrx_word' id='word_1_1189' title='bbox 1623 2267 1759 2298; x_wconf 89' lang='lat' dir='ltr'>ricordiae,</span> <span class='ocrx_word' id='word_1_1190' title='bbox 1773 2267 1914 2293; x_wconf 87' lang='lat' dir='ltr'>voluntatis</span> <span class='ocrx_word' id='word_1_1191' title='bbox 1933 2274 1996 2292; x_wconf 91' lang='lat' dir='ltr'>suae</span> <span class='ocrx_word' id='word_1_1192' title='bbox 2009 2270 2034 2293; x_wconf 92' lang='lat' dir='ltr'>et</span> <span class='ocrx_word' id='word_1_1193' title='bbox 2051 2266 2159 2292; x_wconf 87' lang='lat' dir='ltr'>rationis</span> <span class='ocrx_word' id='word_1_1194' title='bbox 2178 2269 2265 2292; x_wconf 86' lang='lat' dir='ltr'>rectae</span> 
     </span>
     <span class='ocr_line' id='line_1_193' title="bbox 1623 2310 2267 2342; baseline -0.002 -5"><span class='ocrx_word' id='word_1_1195' title='bbox 1623 2310 1686 2337; x_wconf 85' lang='lat' dir='ltr'>ibid.</span> <span class='ocrx_word' id='word_1_1196' title='bbox 1694 2325 1728 2330; x_wconf 94' lang='lat'><em>-</em></span> <span class='ocrx_word' id='word_1_1197' title='bbox 1736 2312 1861 2342; x_wconf 88' lang='lat' dir='ltr'>deviavit,</span> <span class='ocrx_word' id='word_1_1198' title='bbox 1871 2312 2007 2337; x_wconf 85' lang='lat' dir='ltr'>distortam</span> <span class='ocrx_word' id='word_1_1199' title='bbox 2015 2311 2103 2337; x_wconf 88' lang='lat' dir='ltr'>dando</span> <span class='ocrx_word' id='word_1_1200' title='bbox 2113 2311 2267 2337; x_wconf 90' lang='lat' dir='ltr'>sententiam</span> 
     </span>
     <span class='ocr_line' id='line_1_194' title="bbox 1623 2355 2267 2381; baseline 0 0"><span class='ocrx_word' id='word_1_1201' title='bbox 1623 2355 1648 2380; x_wconf 95' lang='lat' dir='ltr'>in</span> <span class='ocrx_word' id='word_1_1202' title='bbox 1661 2355 1824 2381; x_wconf 88' lang='lat' dir='ltr'>absolvendo</span> <span class='ocrx_word' id='word_1_1203' title='bbox 1843 2356 1941 2381; x_wconf 90' lang='lat' dir='ltr'>malum</span> <span class='ocrx_word' id='word_1_1204' title='bbox 1955 2355 1987 2381; x_wconf 87' lang='lat' dir='ltr'>ib.</span> <span class='ocrx_word' id='word_1_1205' title='bbox 2002 2356 2036 2381; x_wconf 82' lang='lat'>29</span> <span class='ocrx_word' id='word_1_1206' title='bbox 2049 2369 2085 2375; x_wconf 92' lang='lat'>—</span> <span class='ocrx_word' id='word_1_1207' title='bbox 2098 2356 2206 2381; x_wconf 86' lang='lat' dir='ltr'>inflexus</span> <span class='ocrx_word' id='word_1_1208' title='bbox 2220 2356 2267 2381; x_wconf 82' lang='lat' dir='ltr'>tuit</span> 
     </span>
     <span class='ocr_line' id='line_1_195' title="bbox 1623 2400 2269 2433; baseline 0 -8"><span class='ocrx_word' id='word_1_1209' title='bbox 1623 2400 1655 2425; x_wconf 93' lang='lat' dir='ltr'>ad</span> <span class='ocrx_word' id='word_1_1210' title='bbox 1666 2400 1820 2426; x_wconf 86' lang='lat' dir='ltr'>sententiam</span> <span class='ocrx_word' id='word_1_1211' title='bbox 1834 2400 2024 2432; x_wconf 83' lang='lat' dir='ltr'>iniquissimam</span> <span class='ocrx_word' id='word_1_1212' title='bbox 2038 2400 2186 2425; x_wconf 89' lang='lat' dir='ltr'>inordinato</span> <span class='ocrx_word' id='word_1_1213' title='bbox 2196 2407 2269 2433; x_wconf 43' lang='lat' dir='ltr'>amo-</span> 
     </span>
     <span class='ocr_line' id='line_1_196' title="bbox 1619 2443 2266 2482; baseline 0 -12"><span class='ocrx_word' id='word_1_1214' title='bbox 1619 2452 1651 2482; x_wconf 87' lang='lat' dir='ltr'>re</span> <span class='ocrx_word' id='word_1_1215' title='bbox 1670 2445 1875 2476; x_wconf 84' lang='lat' dir='ltr'>complacentiae</span> <span class='ocrx_word' id='word_1_1216' title='bbox 1895 2445 1984 2476; x_wconf 86' lang='lat' dir='ltr'>populi</span> <span class='ocrx_word' id='word_1_1217' title='bbox 2004 2447 2029 2470; x_wconf 93' lang='lat' dir='ltr'>et</span> <span class='ocrx_word' id='word_1_1218' title='bbox 2042 2444 2135 2470; x_wconf 89' lang='lat' dir='ltr'>timore</span> <span class='ocrx_word' id='word_1_1219' title='bbox 2148 2443 2266 2471; x_wconf 88' lang='lat' dir='ltr'>Caesaris</span> 
     </span>
     <span class='ocr_line' id='line_1_197' title="bbox 1623 2488 2265 2521; baseline 0 -7"><span class='ocrx_word' id='word_1_1220' title='bbox 1623 2488 1684 2515; x_wconf 87' lang='lat' dir='ltr'>ibid.</span> <span class='ocrx_word' id='word_1_1221' title='bbox 1704 2503 1738 2508; x_wconf 91' lang='lat'>-—</span> <span class='ocrx_word' id='word_1_1222' title='bbox 1758 2489 1836 2515; x_wconf 90' lang='lat' dir='ltr'>Pilato</span> <span class='ocrx_word' id='word_1_1223' title='bbox 1857 2489 2000 2521; x_wconf 86' lang='lat' dir='ltr'>imponitur</span> <span class='ocrx_word' id='word_1_1224' title='bbox 2020 2489 2157 2514; x_wconf 76' lang='lat' dir='ltr'>infidelitas</span> <span class='ocrx_word' id='word_1_1225' title='bbox 2176 2492 2265 2514; x_wconf 90' lang='lat' dir='ltr'>contra</span> 
     </span>
     <span class='ocr_line' id='line_1_198' title="bbox 1622 2533 2266 2559; baseline 0 -1"><span class='ocrx_word' id='word_1_1226' title='bbox 1622 2533 1761 2559; x_wconf 87' lang='lat' dir='ltr'>Caesarem</span> <span class='ocrx_word' id='word_1_1227' title='bbox 1783 2534 1814 2559; x_wconf 89' lang='lat' dir='ltr'>Vl</span> <span class='ocrx_word' id='word_1_1228' title='bbox 1844 2533 1895 2559; x_wconf 87' lang='grc'>492</span> <span class='ocrx_word' id='word_1_1229' title='bbox 1921 2534 1948 2558; x_wconf 89' lang='grc'>13</span> <span class='ocrx_word' id='word_1_1230' title='bbox 1968 2547 2004 2552; x_wconf 93' lang='grc'>-</span> <span class='ocrx_word' id='word_1_1231' title='bbox 2022 2533 2130 2559; x_wconf 86' lang='lat' dir='ltr'>recessit</span> <span class='ocrx_word' id='word_1_1232' title='bbox 2153 2540 2167 2558; x_wconf 92' lang='lat' dir='ltr'>a</span> <span class='ocrx_word' id='word_1_1233' title='bbox 2195 2533 2266 2558; x_wconf 88' lang='lat' dir='ltr'>veri-</span> 
     </span>
     <span class='ocr_line' id='line_1_199' title="bbox 1623 2576 2266 2610; baseline 0 -8"><span class='ocrx_word' id='word_1_1234' title='bbox 1623 2581 1674 2603; x_wconf 90' lang='lat' dir='ltr'>tate</span> <span class='ocrx_word' id='word_1_1235' title='bbox 1702 2577 1807 2608; x_wconf 89' lang='lat' dir='ltr'>iudicii,</span> <span class='ocrx_word' id='word_1_1236' title='bbox 1839 2577 1902 2610; x_wconf 84' lang='lat' dir='ltr'>quia</span> <span class='ocrx_word' id='word_1_1237' title='bbox 1934 2577 2020 2603; x_wconf 88' lang='lat' dir='ltr'>timuit</span> <span class='ocrx_word' id='word_1_1238' title='bbox 2047 2577 2166 2603; x_wconf 89' lang='lat' dir='ltr'>accusari</span> <span class='ocrx_word' id='word_1_1239' title='bbox 2193 2576 2266 2609; x_wconf 90' lang='lat' dir='ltr'>apud</span> 
     </span>
     <span class='ocr_line' id='line_1_200' title="bbox 1623 2620 1906 2653; baseline -0.004 -5"><span class='ocrx_word' id='word_1_1240' title='bbox 1623 2621 1761 2648; x_wconf 90' lang='lat' dir='ltr'>Caesarem</span> <span class='ocrx_word' id='word_1_1241' title='bbox 1781 2620 1852 2653; x_wconf 71' lang='lat' dir='ltr'>ibid„</span> <span class='ocrx_word' id='word_1_1242' title='bbox 1875 2622 1906 2647; x_wconf 91' lang='grc'>14</span> 
     </span>
    </p>

    <p class='ocr_par' dir='ltr' id='par_1_37' title="bbox 1622 2665 2265 3045">
     <span class='ocr_line' id='line_1_201' title="bbox 1676 2665 2264 2698; baseline 0.002 -8"><span class='ocrx_word' id='word_1_1243' title='bbox 1676 2679 1711 2684; x_wconf 88' lang='grc'>-</span> <span class='ocrx_word' id='word_1_1244' title='bbox 1731 2665 1918 2691; x_wconf 88' lang='lat' dir='ltr'>condemnavit</span> <span class='ocrx_word' id='word_1_1245' title='bbox 1937 2666 2068 2692; x_wconf 86' lang='lat' dir='ltr'>Christum</span> <span class='ocrx_word' id='word_1_1246' title='bbox 2082 2666 2108 2691; x_wconf 88' lang='lat' dir='ltr'>in</span> <span class='ocrx_word' id='word_1_1247' title='bbox 2123 2668 2264 2698; x_wconf 88' lang='lat' dir='ltr'>conspectu</span> 
     </span>
     <span class='ocr_line' id='line_1_202' title="bbox 1622 2709 2264 2742; baseline 0 -7"><span class='ocrx_word' id='word_1_1248' title='bbox 1622 2709 1742 2735; x_wconf 89' lang='lat' dir='ltr'>omnium</span> <span class='ocrx_word' id='word_1_1249' title='bbox 1775 2710 1805 2734; x_wconf 88' lang='lat' dir='ltr'>vt</span> <span class='ocrx_word' id='word_1_1250' title='bbox 1836 2709 1886 2735; x_wconf 91' lang='grc'>492</span> <span class='ocrx_word' id='word_1_1251' title='bbox 1908 2710 1940 2735; x_wconf 89' lang='grc'>14</span> <span class='ocrx_word' id='word_1_1252' title='bbox 1968 2724 2004 2730; x_wconf 90' lang='grc'>-</span> <span class='ocrx_word' id='word_1_1253' title='bbox 2028 2710 2115 2742; x_wconf 86' lang='lat' dir='ltr'>arguit</span> <span class='ocrx_word' id='word_1_1254' title='bbox 2140 2710 2264 2736; x_wconf 87' lang='lat' dir='ltr'>duritiam</span> 
     </span>
     <span class='ocr_line' id='line_1_203' title="bbox 1623 2753 2265 2785; baseline 0.003 -7"><span class='ocrx_word' id='word_1_1255' title='bbox 1623 2753 1801 2785; x_wconf 88' lang='lat' dir='ltr'>perversitatis</span> <span class='ocrx_word' id='word_1_1256' title='bbox 1821 2754 1846 2778; x_wconf 93' lang='lat' dir='ltr'>in</span> <span class='ocrx_word' id='word_1_1257' title='bbox 1866 2754 1968 2779; x_wconf 92' lang='lat' dir='ltr'>ludaeis</span> <span class='ocrx_word' id='word_1_1258' title='bbox 1988 2754 2038 2780; x_wconf 90' lang='grc'>493</span> <span class='ocrx_word' id='word_1_1259' title='bbox 2055 2755 2096 2785; x_wconf 80' lang='grc'>15,</span> <span class='ocrx_word' id='word_1_1260' title='bbox 2111 2754 2143 2779; x_wconf 93' lang='grc'>16</span> <span class='ocrx_word' id='word_1_1261' title='bbox 2156 2768 2191 2773; x_wconf 95' lang='grc'>-</span> <span class='ocrx_word' id='word_1_1262' title='bbox 2204 2761 2265 2780; x_wconf 84' lang='lat' dir='ltr'>con-</span> 
     </span>
     <span class='ocr_line' id='line_1_204' title="bbox 1623 2798 2264 2830; baseline 0 -6"><span class='ocrx_word' id='word_1_1263' title='bbox 1623 2798 1759 2824; x_wconf 88' lang='lat' dir='ltr'>demnavit</span> <span class='ocrx_word' id='word_1_1264' title='bbox 1777 2798 1908 2824; x_wconf 89' lang='lat' dir='ltr'>Christum</span> <span class='ocrx_word' id='word_1_1265' title='bbox 1928 2799 1963 2824; x_wconf 92' lang='lat' dir='ltr'>ad</span> <span class='ocrx_word' id='word_1_1266' title='bbox 1987 2799 2139 2830; x_wconf 87' lang='lat' dir='ltr'>petitionem</span> <span class='ocrx_word' id='word_1_1267' title='bbox 2159 2799 2264 2824; x_wconf 89' lang='lat' dir='ltr'>ludaeo-</span> 
     </span>
     <span class='ocr_line' id='line_1_205' title="bbox 1622 2841 2263 2869; baseline 0 -1"><span class='ocrx_word' id='word_1_1268' title='bbox 1622 2849 1681 2868; x_wconf 91' lang='lat' dir='ltr'>rum</span> <span class='ocrx_word' id='word_1_1269' title='bbox 1701 2841 1734 2868; x_wconf 90' lang='lat' dir='ltr'>ib.</span> <span class='ocrx_word' id='word_1_1270' title='bbox 1758 2841 1787 2867; x_wconf 79' lang='lat'>¹7</span> <span class='ocrx_word' id='word_1_1271' title='bbox 1807 2856 1843 2861; x_wconf 91' lang='lat'><strong>—</strong></span> <span class='ocrx_word' id='word_1_1272' title='bbox 1862 2843 1929 2868; x_wconf 92' lang='lat' dir='ltr'>male</span> <span class='ocrx_word' id='word_1_1273' title='bbox 1948 2842 2075 2868; x_wconf 90' lang='lat' dir='ltr'>iudicavit</span> <span class='ocrx_word' id='word_1_1274' title='bbox 2087 2842 2148 2869; x_wconf 90' lang='lat' dir='ltr'>ibid.</span> <span class='ocrx_word' id='word_1_1275' title='bbox 2164 2843 2214 2868; x_wconf 88' lang='grc'>499</span> <span class='ocrx_word' id='word_1_1276' title='bbox 2230 2843 2263 2868; x_wconf 84' lang='grc'>42</span> 
     </span>
     <span class='ocr_line' id='line_1_206' title="bbox 1622 2886 2264 2919; baseline 0.003 -8"><span class='ocrx_word' id='word_1_1277' title='bbox 1622 2900 1657 2905; x_wconf 90' lang='grc'>-</span> <span class='ocrx_word' id='word_1_1278' title='bbox 1676 2886 1807 2912; x_wconf 89' lang='lat' dir='ltr'>Christum</span> <span class='ocrx_word' id='word_1_1279' title='bbox 1827 2887 2014 2913; x_wconf 86' lang='lat' dir='ltr'>condemnavit</span> <span class='ocrx_word' id='word_1_1280' title='bbox 2033 2888 2125 2913; x_wconf 88' lang='lat' dir='ltr'>timore</span> <span class='ocrx_word' id='word_1_1281' title='bbox 2145 2887 2264 2919; x_wconf 86' lang='lat' dir='ltr'>perterri-</span> 
     </span>
     <span class='ocr_line' id='line_1_207' title="bbox 1623 2931 2264 2965; baseline 0.002 -9"><span class='ocrx_word' id='word_1_1282' title='bbox 1623 2934 1671 2963; x_wconf 80' lang='lat' dir='ltr'>tus,</span> <span class='ocrx_word' id='word_1_1283' title='bbox 1691 2938 1725 2956; x_wconf 91' lang='lat' dir='ltr'>ne</span> <span class='ocrx_word' id='word_1_1284' title='bbox 1744 2934 1911 2957; x_wconf 87' lang='lat' dir='ltr'>accusaretur</span> <span class='ocrx_word' id='word_1_1285' title='bbox 1929 2932 2000 2964; x_wconf 89' lang='lat' dir='ltr'>apud</span> <span class='ocrx_word' id='word_1_1286' title='bbox 2021 2931 2168 2963; x_wconf 84' lang='lat' dir='ltr'>Caesarem,</span> <span class='ocrx_word' id='word_1_1287' title='bbox 2182 2934 2207 2957; x_wconf 89' lang='lat' dir='ltr'>et</span> <span class='ocrx_word' id='word_1_1288' title='bbox 2225 2938 2264 2965; x_wconf 53' lang='lat' dir='ltr'>er&lt;</span> 
     </span>
     <span class='ocr_line' id='line_1_208' title="bbox 1622 2975 2264 3007; baseline 0.002 -7"><span class='ocrx_word' id='word_1_1289' title='bbox 1622 2982 1681 3000; x_wconf 90' lang='lat' dir='ltr'>rore</span> <span class='ocrx_word' id='word_1_1290' title='bbox 1699 2975 1840 3007; x_wconf 87' lang='lat' dir='ltr'>deceptus,</span> <span class='ocrx_word' id='word_1_1291' title='bbox 1860 2978 1940 3001; x_wconf 87' lang='lat' dir='ltr'>totam</span> <span class='ocrx_word' id='word_1_1292' title='bbox 1960 2976 2065 3007; x_wconf 89' lang='lat' dir='ltr'>culpam</span> <span class='ocrx_word' id='word_1_1293' title='bbox 2085 2982 2142 3001; x_wconf 85' lang='lat' dir='ltr'>esse</span> <span class='ocrx_word' id='word_1_1294' title='bbox 2155 2976 2264 3001; x_wconf 90' lang='lat' dir='ltr'>ludaeo-</span> 
     </span>
     <span class='ocr_line' id='line_1_209' title="bbox 1622 3018 1807 3045; baseline -0.005 0"><span class='ocrx_word' id='word_1_1295' title='bbox 1622 3026 1680 3045; x_wconf 91' lang='lat' dir='ltr'>rum</span> <span class='ocrx_word' id='word_1_1296' title='bbox 1702 3018 1752 3044; x_wconf 91' lang='grc'>499</span> <span class='ocrx_word' id='word_1_1297' title='bbox 1774 3019 1807 3045; x_wconf 88' lang='grc'>42</span> 
     </span>
    </p>

    <p class='ocr_par' dir='ltr' id='par_1_38' title="bbox 1621 3062 2263 3399">
     <span class='ocr_line' id='line_1_210' title="bbox 1674 3062 2262 3096; baseline 0.002 -8"><span class='ocrx_word' id='word_1_1298' title='bbox 1674 3076 1710 3082; x_wconf 90' lang='grc'><strong>-</strong></span> <span class='ocrx_word' id='word_1_1299' title='bbox 1729 3062 1842 3089; x_wconf 88' lang='lat' dir='ltr'>habebat</span> <span class='ocrx_word' id='word_1_1300' title='bbox 1861 3067 2016 3096; x_wconf 86' lang='lat' dir='ltr'>potestatem</span> <span class='ocrx_word' id='word_1_1301' title='bbox 2044 3071 2059 3089; x_wconf 84' lang='lat' dir='ltr'>a</span> <span class='ocrx_word' id='word_1_1302' title='bbox 2078 3064 2146 3095; x_wconf 87' lang='lat' dir='ltr'>Deo,</span> <span class='ocrx_word' id='word_1_1303' title='bbox 2175 3064 2216 3090; x_wconf 90' lang='lat' dir='ltr'>vel</span> <span class='ocrx_word' id='word_1_1304' title='bbox 2247 3071 2262 3089; x_wconf 94' lang='lat' dir='ltr'>a</span> 
     </span>
     <span class='ocr_line' id='line_1_211' title="bbox 1621 3103 2262 3134; baseline 0 -1"><span class='ocrx_word' id='word_1_1305' title='bbox 1621 3103 1732 3133; x_wconf 82' lang='lat' dir='ltr'>C&#39;aesare</span> <span class='ocrx_word' id='word_1_1306' title='bbox 1761 3108 1792 3134; x_wconf 90' lang='lat' dir='ltr'>Vl</span> <span class='ocrx_word' id='word_1_1307' title='bbox 1824 3108 1873 3134; x_wconf 85' lang='grc'>492</span> <span class='ocrx_word' id='word_1_1308' title='bbox 1904 3109 1946 3134; x_wconf 88' lang='grc'>12.</span> <span class='ocrx_word' id='word_1_1309' title='bbox 1975 3107 2026 3134; x_wconf 86' lang='grc'>494</span> <span class='ocrx_word' id='word_1_1310' title='bbox 2052 3108 2085 3133; x_wconf 86' lang='grc'>23</span> <span class='ocrx_word' id='word_1_1311' title='bbox 2104 3122 2139 3126; x_wconf 85' lang='grc'>-</span> <span class='ocrx_word' id='word_1_1312' title='bbox 2167 3108 2262 3133; x_wconf 89' lang='lat' dir='ltr'>timore</span> 
     </span>
     <span class='ocr_line' id='line_1_212' title="bbox 1621 3152 2263 3185; baseline 0 -8"><span class='ocrx_word' id='word_1_1313' title='bbox 1621 3158 1745 3178; x_wconf 84' lang='lat' dir='ltr'>exercens</span> <span class='ocrx_word' id='word_1_1314' title='bbox 1764 3155 1918 3184; x_wconf 86' lang='lat' dir='ltr'>potestatem</span> <span class='ocrx_word' id='word_1_1315' title='bbox 1940 3152 2059 3185; x_wconf 87' lang='lat' dir='ltr'>peccavit</span> <span class='ocrx_word' id='word_1_1316' title='bbox 2071 3159 2100 3178; x_wconf 83' lang='lat' dir='ltr'>ex</span> <span class='ocrx_word' id='word_1_1317' title='bbox 2114 3152 2263 3178; x_wconf 77' lang='lat' dir='ltr'>infirmitate</span> 
     </span>
     <span class='ocr_line' id='line_1_213' title="bbox 1622 3196 2262 3229; baseline -0.002 -7"><span class='ocrx_word' id='word_1_1318' title='bbox 1622 3196 1673 3222; x_wconf 85' lang='grc'>492</span> <span class='ocrx_word' id='word_1_1319' title='bbox 1695 3196 1737 3221; x_wconf 87' lang='grc'>12.</span> <span class='ocrx_word' id='word_1_1320' title='bbox 1756 3196 1807 3222; x_wconf 82' lang='grc'>494</span> <span class='ocrx_word' id='word_1_1321' title='bbox 1828 3196 1860 3222; x_wconf 90' lang='grc'>24</span> <span class='ocrx_word' id='word_1_1322' title='bbox 1879 3210 1915 3216; x_wconf 91' lang='grc'><strong>-</strong></span> <span class='ocrx_word' id='word_1_1323' title='bbox 1934 3199 2105 3228; x_wconf 89' lang='lat' dir='ltr'>potestatem,</span> <span class='ocrx_word' id='word_1_1324' title='bbox 2124 3203 2205 3229; x_wconf 90' lang='lat' dir='ltr'>quam</span> <span class='ocrx_word' id='word_1_1325' title='bbox 2219 3197 2262 3221; x_wconf 85' lang='lat' dir='ltr'>ha-</span> 
     </span>
     <span class='ocr_line' id='line_1_214' title="bbox 1621 3240 2261 3272; baseline 0 -6"><span class='ocrx_word' id='word_1_1326' title='bbox 1621 3240 1700 3266; x_wconf 88' lang='lat' dir='ltr'>bebat</span> <span class='ocrx_word' id='word_1_1327' title='bbox 1718 3240 1847 3266; x_wconf 84' lang='lat' dir='ltr'>adversus</span> <span class='ocrx_word' id='word_1_1328' title='bbox 1865 3240 2011 3272; x_wconf 89' lang='lat' dir='ltr'>Christum,</span> <span class='ocrx_word' id='word_1_1329' title='bbox 2030 3243 2166 3272; x_wconf 81' lang='lat' dir='ltr'>acceperat</span> <span class='ocrx_word' id='word_1_1330' title='bbox 2179 3247 2193 3266; x_wconf 83' lang='lat' dir='ltr'>a</span> <span class='ocrx_word' id='word_1_1331' title='bbox 2208 3240 2261 3266; x_wconf 87' lang='lat' dir='ltr'>Deo</span> 
     </span>
     <span class='ocr_line' id='line_1_215' title="bbox 1621 3283 2262 3317; baseline 0.002 -8"><span class='ocrx_word' id='word_1_1332' title='bbox 1621 3285 1654 3310; x_wconf 87' lang='grc'>82</span> <span class='ocrx_word' id='word_1_1333' title='bbox 1673 3292 1701 3317; x_wconf 86' lang='lat' dir='ltr'>q.</span> <span class='ocrx_word' id='word_1_1334' title='bbox 1719 3298 1754 3304; x_wconf 93' lang='lat'><strong>—</strong></span> <span class='ocrx_word' id='word_1_1335' title='bbox 1774 3285 1840 3310; x_wconf 88' lang='lat' dir='ltr'>male</span> <span class='ocrx_word' id='word_1_1336' title='bbox 1859 3284 1981 3310; x_wconf 91' lang='lat' dir='ltr'>utebatur</span> <span class='ocrx_word' id='word_1_1337' title='bbox 2000 3287 2128 3316; x_wconf 80' lang='lat' dir='ltr'>potestate</span> <span class='ocrx_word' id='word_1_1338' title='bbox 2147 3283 2209 3310; x_wconf 83' lang='lat' dir='ltr'>ibid.</span> <span class='ocrx_word' id='word_1_1339' title='bbox 2226 3298 2262 3304; x_wconf 96' lang='lat'>—</span> 
     </span>
     <span class='ocr_line' id='line_1_216' title="bbox 1621 3328 2262 3360; baseline -0.002 -6"><span class='ocrx_word' id='word_1_1340' title='bbox 1621 3329 1755 3354; x_wconf 86' lang='lat' dir='ltr'>Exsecutio</span> <span class='ocrx_word' id='word_1_1341' title='bbox 1775 3329 1910 3360; x_wconf 87' lang='lat' dir='ltr'>potestatis</span> <span class='ocrx_word' id='word_1_1342' title='bbox 1938 3328 2014 3354; x_wconf 85' lang='lat' dir='ltr'>datae</span> <span class='ocrx_word' id='word_1_1343' title='bbox 2033 3328 2080 3354; x_wconf 83' lang='lat' dir='ltr'>tuit</span> <span class='ocrx_word' id='word_1_1344' title='bbox 2099 3335 2113 3353; x_wconf 91' lang='lat' dir='ltr'>a</span> <span class='ocrx_word' id='word_1_1345' title='bbox 2133 3328 2187 3354; x_wconf 90' lang='lat' dir='ltr'>Deo</span> <span class='ocrx_word' id='word_1_1346' title='bbox 2206 3335 2262 3360; x_wconf 87' lang='lat' dir='ltr'>per·</span> 
     </span>
     <span class='ocr_line' id='line_1_217' title="bbox 1621 3372 1852 3399; baseline 0 -1"><span class='ocrx_word' id='word_1_1347' title='bbox 1621 3372 1728 3399; x_wconf 87' lang='lat' dir='ltr'>missive</span> <span class='ocrx_word' id='word_1_1348' title='bbox 1748 3372 1799 3399; x_wconf 85' lang='grc'>494</span> <span class='ocrx_word' id='word_1_1349' title='bbox 1818 3373 1852 3398; x_wconf 89' lang='grc'>23</span> 
     </span>
    </p>
   </div>
  </div>
 </body>
</html>
