2476 3921
142 678 270 700 Secundum.

168 1101 271 1123 Tertium.

128 1687 190 1708 Circa
206 1687 278 1708 erudi-

142 1714 222 1735 tionem
234 1714 277 1734 tria

141 1742 249 1762 notantur.

171 2219 273 2240 Primum.

296 268 357 299 120

292 355 397 396 leprae
425 362 519 385 manu
552 362 609 385 sua
640 355 671 384 et
700 354 824 384 sanaret
859 360 908 384 me
925 364 955 382 22.
988 350 1047 383 Sed
1079 353 1164 382 certe
1189 359 1250 382 non

290 412 337 441 est
362 406 568 448 repugnantia
592 405 764 446 Prophetae
787 408 816 436 et
842 403 981 442 Domini,
1006 403 1080 445 quia
1098 403 1252 444 Propheta

291 460 451 493 subiectus
475 462 542 491 erat
566 458 654 499 Legi,
679 460 711 489 et
734 457 803 489 ideo
826 456 928 489 noluit
963 460 1109 497 tangere,
1140 464 1178 488 ne
1203 464 1250 488 se-

291 513 428 546 cundum
454 513 563 553 Legem
589 511 679 543 tieret
703 509 902 547 immundus;
928 509 1069 541 Salvator
1094 517 1169 541 vero
1198 517 1251 540 su-

291 575 349 608 pra
374 566 483 607 Legem
508 568 593 602 erat,
617 566 648 596 et
672 563 741 596 ideo
776 562 950 595 secundum
975 562 1085 603 Legem
1115 561 1252 593 immun-

290 619 398 652 ditiam
423 627 483 650 non
509 616 714 650 contrahebat
744 619 775 648 et
804 616 915 657 Legem
939 623 1094 647 evacuare
1118 616 1250 655 poterat,

290 676 321 705 et
344 672 413 704 ideo
437 666 590 713 tangebat.
608 688 652 693 —
676 669 718 702 Ad
735 668 957 702 insinuandum
982 676 1057 700 vero
1070 667 1250 709 potentiam

289 725 429 758 additur:
456 724 592 756 Dicens.-
624 723 716 755 Volo.-
741 722 916 754 inundare.
943 721 974 753 In
995 730 1059 763 quo
1082 720 1196 753 asserit
1218 729 1251 753 se

291 778 388 816 velle,
412 780 443 810 et
466 776 634 819 praecipit,
670 779 706 808 ut
740 775 930 814 mundetur,
959 774 1034 816 quia
1065 777 1169 806 tantae
1204 776 1252 806 est

290 830 463 873 potentiae,
488 833 523 862 ut
545 829 621 862 velle
645 829 685 861 sit
707 829 733 861 ei
764 838 860 870 posse
887 826 1018 869 facere;
1051 827 1145 859 Isaiae
1174 835 1252 868 qua-

290 883 465 926 dragesimo
489 886 580 915 sexto
595 884 622 914 ¹:
645 895 660 910 «
673 881 843 914 Consilium
860 890 965 913 meum
983 880 1086 919 stabit,
1103 884 1134 913 et
1149 879 1252 912 omnis

290 937 435 969 voluntas
459 945 527 968 mea
551 936 604 968 fiet
620 949 649 967 n.
676 935 804 967 Volebat
826 938 932 967 autem
961 934 1029 966 eius
1065 933 1251 966 munditiam

291 999 351 1022 non
376 993 439 1021 tam
465 982 658 1030 corporalem
683 997 777 1030 quam
804 987 1014 1029 spiritualem;
1032 986 1116 1019 unde
1133 986 1252 1027 primae

291 1043 329 1076 ad
353 1042 643 1075 Thessalonicenses
668 1044 799 1082 quarto:
829 1053 844 1068 «
862 1041 941 1072 Haec
957 1043 1004 1072 est
1020 1039 1165 1072 voluntas
1181 1038 1250 1071 Dei:

292 1095 495 1128 sanctificatio
520 1098 624 1127 vestra
640 1108 670 1125 n.
696 1112 737 1117 —-—
762 1093 804 1125 Ad
839 1092 1057 1125 insinuandam
1083 1100 1159 1124 vero
1186 1090 1252 1134 effi-

292 1148 420 1181 caciam
445 1147 567 1180 subdit:
595 1148 634 1179 Et
657 1145 828 1189 confestim
853 1146 945 1188 lepra
961 1144 1110 1177 discessit
1126 1143 1167 1176 ab
1184 1143 1251 1183 illo,

291 1205 327 1234 ut
350 1202 427 1234 nihil
452 1205 533 1234 esset
556 1200 693 1233 medium
718 1200 800 1232 inter
824 1199 942 1232 dictum
967 1202 998 1231 et
1020 1197 1155 1235 factum;
1179 1196 1252 1229 «di-

292 1255 340 1287 xit
363 1255 464 1294 enim‚
489 1258 519 1287 et
543 1254 624 1286 sacta
653 1248 752 1286 sunt*
769 1266 799 1285 ».
833 1252 931 1284 Verbo
963 1252 1060 1293 igitur
1095 1254 1126 1283 et
1162 1254 1253 1283 tactu

292 1309 432 1347 curavit,
457 1311 492 1340 ut
515 1306 694 1340 ostenderet
719 1315 751 1339 se
783 1306 923 1338 Verbum
959 1313 1087 1338 carnem
1115 1304 1251 1343 factum3

290 1361 387 1394 verbo
411 1361 503 1394 etiam
528 1364 559 1393 et
583 1363 672 1392 tactu
697 1359 838 1397 curavit,
864 1362 899 1391 ut
922 1361 1050 1391 curaret
1074 1357 1207 1390 interius
1223 1360 1254 1390 et

291 1414 449 1453 exterius;
476 1413 557 1446 unde
581 1413 703 1445 Ioannis
732 1412 880 1454 septimo:
912 1425 927 1440 «
944 1412 1057 1443 Totum
1093 1410 1253 1443 hominem

292 1477 402 1500 sanum
431 1467 487 1500 feci
507 1481 521 1495 n
550 1470 608 1499 etc.
636 1466 671 1498 Et
694 1466 724 1498 in
751 1465 847 1498 huius
871 1464 916 1497 rei
941 1464 1156 1497 testimonium
1180 1472 1254 1496 con-

291 1524 427 1553 currunt
462 1520 500 1552 ad
536 1515 772 1552 Sacramentum
808 1518 942 1551 verbum
978 1518 1097 1559 pariter
1133 1521 1164 1549 et
1191 1517 1253 1549 ele-

293 1578 434 1606 mentum
448 1574 470 1605 ³.

383 1628 434 1659 29.
461 1627 561 1667 (Vers.
591 1626 662 1668 14).
690 1626 728 1657 Et
759 1625 828 1667 ipse
854 1624 1023 1666 praecepit
1046 1623 1113 1661 illi,
1138 1628 1176 1655 ut
1198 1633 1254 1655 ne-

292 1680 378 1712 mini
399 1680 527 1711 diceret.
553 1679 623 1711 Post
655 1678 850 1710 curationem
882 1677 982 1709 morbi
1016 1676 1179 1718 subiungit
1203 1676 1253 1708 liic

292 1733 488 1775 Evangelista
511 1732 730 1764 eruditionem
765 1730 888 1763 curati.
913 1730 1010 1762 Docet
1032 1732 1139 1762 autem
1163 1729 1253 1761 Chri-

292 1789 361 1819 stus
391 1787 550 1828 leprosum
586 1788 733 1817 curatum
769 1787 800 1816 et
831 1784 862 1815 in
887 1792 924 1816 eo
960 1783 1132 1825 quemlibet
1155 1783 1252 1815 alium

292 1840 369 1872 tria:
394 1839 532 1881 primum
557 1841 621 1877 est,
646 1838 731 1880 quod
755 1847 816 1870 non
841 1840 888 1870 est
904 1836 1131 1880 quaerendum
1153 1846 1253 1878 pra-e-

292 1893 427 1926 conium
452 1892 582 1930 laudis;
599 1891 790 1929 secundum,
808 1890 891 1933 quod
909 1900 971 1923 non
988 1894 1035 1923 est
1051 1894 1255 1922 contemnen-

292 1947 373 1979 dam
397 1945 542 1989 officium
566 1945 768 1982 sacerdotis;
793 1945 921 1977 tertium
947 1947 1008 1982 est,
1026 1943 1110 1985 quod
1128 1953 1190 1976 non
1207 1947 1255 1976 est

288 1999 571 2042 praetereundum
602 1998 802 2030 mandatum
836 1998 939 2040 Leyis.
966 1997 1105 2029 Primum
1138 1997 1254 2029 horum

291 2053 398 2095 dirigit
421 2052 648 2089 intentioneni;
673 2051 864 2090 secundum,
889 2049 1113 2094 affectionem;
1137 2054 1167 2083 et
1191 2054 1255 2083 ter-

294 2107 372 2139 tium
397 2106 520 2147 regulat
543 2105 775 2147 operationem.

384 2158 493 2190 Erudit
516 2158 613 2199 igitur
637 2158 754 2199 primo,
779 2156 864 2199 quod
890 2156 1110 2199 praeconium
1142 2156 1255 2188 laudis

293 2223 359 2245 non
383 2217 429 2244 est
451 2212 699 2255 quaerendam,
725 2220 797 2243 cum
821 2210 913 2243 dicit:
940 2211 979 2242 Et
1003 2210 1072 2252 ipse
1085 2210 1256 2252 praecepit

294 2266 361 2305 illi,
386 2269 423 2298 ut
445 2265 571 2297 nemini
593 2265 723 2297 diceret.
748 2264 809 2297 Hoc
832 2273 895 2297 11011
919 2263 1012 2302 dicit,
1037 2263 1112 2305 quia
1143 2263 1254 2301 vellet,

366 2422 373 2436 ¹
390 2423 463 2447 Vers.
483 2422 519 2446 lO.
533 2435 569 2440 -—
583 2420 699 2446 Subinde
712 2421 838 2452 allegatur
852 2421 869 2446 l.
886 2420 977 2445 Thess.
993 2420 1022 2453 4,
1043 2421 1066 2445 3.
1080 2434 1116 2439 —
1128 2421 1256 2452 Superius

294 2474 343 2499 pro
358 2465 493 2500 praecipit
511 2467 530 2491 Α
542 2465 561 2491 C
572 2466 594 2490 D
609 2464 755 2498 praecepit.

365 2510 375 2525 ²
396 2511 489 2539 Psalm.
510 2511 558 2541 32,
578 2510 602 2535 9.
622 2509 753 2540 Ambros„
782 2510 830 2535 loc.
855 2510 897 2535 cit.
926 2517 949 2534 11.
970 2510 999 2534 3:
1020 2509 1084 2534 Nihil
1107 2509 1176 2535 enim
1204 2516 1255 2534 me-

294 2556 367 2582 dium
388 2559 426 2581 est
445 2556 510 2580 inter
530 2562 598 2586 opus
618 2555 662 2579 Dei
682 2556 760 2587 atque
780 2557 967 2586 praeceptum,
987 2554 1049 2586 quia
1070 2554 1095 2579 in
1114 2556 1256 2586 praecepto

294 2604 333 2627 est
351 2608 427 2632 opus.
448 2600 565 2632 Denique
578 2598 660 2630 de'oeit,
674 2601 700 2625 et
716 2599 789 2632 facta
808 2600 879 2625 sunt.
901 2599 1002 2624 Videtls
1016 2599 1107 2630 igitur,
1121 2599 1195 2631 quod
1207 2598 1253 2624 du-

294 2645 371 2671 bitari
390 2652 442 2670 non
461 2647 561 2676 potest,
579 2644 642 2676 quia
661 2644 783 2669 voluntas
802 2643 848 2669 Dei
877 2646 992 2675 potestas
1011 2646 1058 2669 est.
1078 2658 1111 2662 -—
1132 2643 1255 2676 Sequitur

296 2691 363 2716 loan.
383 2689 414 2720 7,
435 2690 476 2714 23.

366 2732 377 2747 ⁸
396 2734 518 2766 August„
538 2734 563 2758 in
584 2734 653 2759 loan.
672 2734 772 2764 Evang.
791 2736 822 2758 tr.
843 2733 884 2757 80.
906 2739 932 2757 11.
952 2733 980 2758 3:
1002 2733 1113 2758 Detrahe
1132 2731 1255 2764 verbum,

295 2782 320 2804 et
338 2778 402 2811 quid
422 2781 461 2803 est
479 2785 547 2810 aqua
567 2778 616 2803 nisi
635 2778 722 2810 aqua?
742 2777 848 2802 Accedit
866 2776 979 2802 verbum
993 2777 1027 2803 ad
1040 2777 1212 2808 elementum,
1231 2780 1256 2802 et

295 2824 323 2848 nt
342 2824 550 2848 Sacramentum.
570 2821 622 2848 Csr.
651 2822 692 2847 lV.
722 2823 792 2847 Sent.
812 2822 847 2846 lit.
872 2821 1000 2853 Magistri,
1022 2821 1047 2847 d.
1069 2822 1105 2847 ΙΙΙ.
1133 2828 1157 2846 0.
1181 2822 1202 2847 1.
1221 2835 1256 2839 -

295 2868 423 2899 Superius
441 2874 489 2898 pro
509 2868 678 2893 coneum-unt
697 2867 716 2891 Α
728 2865 746 2891 C
759 2866 778 2891 D
798 2867 1005 2892 concurrerunt.

367 2910 378 2925 ⁴
399 2912 471 2936 Vers.
493 2911 539 2936 45:
559 2911 591 2936 At
604 2911 644 2935 ille
657 2917 780 2942 egressus
793 2910 880 2941 coepit
893 2910 1045 2941 praedicare
1058 2913 1106 2936 etc.
1119 2924 1155 2929 —
1168 2909 1256 2935 Verba

296 2957 382 2983 Bedae
401 2956 529 2981 habentur
550 2956 576 2980 ll.
596 2955 621 2979 in
640 2955 702 2980 Luc.
722 2954 750 2986 5,
776 2954 814 2979 15.
832 2958 857 2979 et
876 2956 1025 2980 reseruntur
1044 2961 1058 2979 a
1078 2955 1167 2980 Glossa
1187 2953 1256 2981 ordi-

295 3000 375 3027 naria
396 3001 420 3025 in
441 3002 503 3025 Luc.
523 3000 552 3030 5,
573 2999 618 3031 lt,
638 3000 665 3024 in
684 3006 735 3032 qua
756 2999 833 3024 eliam
853 2999 967 3024 occurrit
985 2999 1111 3024 sententIa
1124 2998 1255 3024 Ambrosii

297 3045 322 3078 (a
342 3046 443 3076 Lyrano
463 3044 585 3070 tribuitur
604 3043 727 3076 Hilario;
747 3045 792 3069 cfr.
819 3043 913 3074 Strab.,
933 3044 958 3068 in
988 3044 1064 3069 Marc.
1089 3045 1112 3076 l,
1133 3043 1181 3074 44,
1210 3043 1255 3069 ubi

296 3090 387 3116 tribuit
406 3088 503 3120 Bedae,
526 3089 572 3121 qui
592 3088 685 3114 sumsit
704 3095 762 3113 eam
776 3095 805 3113 ex
820 3087 968 3119 Ambrosio,
984 3088 1014 3112 V.
1029 3088 1053 3112 in
1073 3088 1135 3113 Luc.
1155 3095 1181 3112 n.
1204 3087 1256 3120 5.):

296 3135 376 3160 Docet
394 3142 445 3159 non
465 3133 598 3165 vulganda
627 3136 714 3159 nostra
743 3132 878 3163 beneficia,
897 3132 944 3157 sed
969 3132 1128 3164 premenda,
1148 3135 1176 3157 ut
1204 3139 1257 3157 non

296 3180 381 3205 solum
401 3186 415 3203 a
435 3178 557 3204 mercede
576 3177 753 3203 abstineamus
772 3177 915 3209 pecuniae,
935 3177 980 3202 sed
1001 3177 1078 3202 etiam
1099 3176 1207 3208 gratiae,
1224 3177 1257 3202 la-

296 3224 389 3249 ctantia
410 3224 489 3248 vitata
510 3222 582 3253 facit,
602 3229 635 3247 ne
654 3223 724 3254 lepra
745 3222 827 3254 possit
856 3221 965 3247 transire
984 3221 1009 3246 in
1030 3221 1171 3246 medicum.
1196 3221 1257 3246 ldeo

296 3268 374 3293 etiam
394 3268 537 3299 imperatur
556 3266 702 3296 silentium,
722 3266 783 3298 quia
797 3266 918 3291 meliores
937 3268 1054 3297 putaret,
1073 3265 1119 3298 qui
1139 3265 1191 3291 tide
1205 3271 1257 3290 ma-

297 3312 338 3344 gis
365 3315 522 3343 spontanea,
545 3318 626 3343 quam
652 3311 697 3343 qui
727 3311 837 3342 speratis
862 3310 996 3336 beneficiis
1015 3309 1196 3335 credidissent.
1222 3323 1257 3327 —

298 3356 424 3387 Superius
444 3362 492 3387 pro
512 3354 576 3388 quia
595 3354 671 3380 vellet
691 3353 739 3380 BC
760 3354 823 3387 qaia
843 3353 934 3380 nollet.

368 3398 378 3412 ⁶
399 3399 473 3424 Vers.
494 3400 536 3424 ⁴2.
555 3412 590 3417 —
609 3398 732 3430 Sequitur
752 3398 816 3423 Gen.
837 3399 885 3428 22,
905 3399 929 3422 2.

368 3441 379 3456 ⁶
398 3443 491 3469 Homil.
512 3444 555 3468 21.
578 3442 602 3467 in
622 3443 708 3467 lilatth.
729 3442 788 3474 (Op.
808 3442 980 3474 imperfect.):
994 3442 1050 3467 Non
1070 3441 1148 3467 dixit:
1170 3441 1258 3471 Vade,

893 262 1085 295 COMMENT.
1111 262 1147 294 lN
1171 261 1409 295 EVANGELIUM
1432 261 1549 294 LUCAE
1574 260 1605 293 C.
1631 262 1666 294 V.

1315 349 1400 391 quod
1423 350 1475 382 ille
1499 358 1561 382 non
1585 349 1720 387 diceret,
1745 357 1818 381 cum
1835 348 1887 381 ille
1911 348 2030 390 ubique
2047 348 2274 390 praedicaverit

1315 402 1392 440 hoc,
1417 402 1499 435 sicut
1521 402 1637 435 dicitur
1669 402 1763 435 Marci
1796 401 1941 444 prim0⁴²;
1971 401 2022 434 sed
2052 401 2182 434 instruit
2216 410 2274 435 suo

1314 455 1462 497 exemplo
1486 455 1609 488 laudem
1634 455 1742 488 vitare.
1759 455 1845 488 Unde
1862 454 1955 487 Beda:
1973 467 1994 487 .«
2006 455 2065 487 Dat
2080 455 2274 497 exemplum,

1315 511 1351 540 ut
1374 508 1422 540 sui
1447 508 1477 540 in
1503 508 1643 549 magnis,
1668 517 1749 550 quae
1780 508 1918 547 faciunt,
1953 508 2051 541 latere
2081 507 2195 546 velint;
2220 507 2274 540 sed

1315 563 1351 592 ut
1374 560 1496 601 prosint
1519 560 1605 598 aliis,
1630 559 1804 601 prodantur
1829 560 1917 592 inviti
1934 573 1965 592 1).
1992 560 2051 593 Ηο0
2083 559 2177 592 etiam
2200 559 2276 592 dicit

1315 613 1498 646 Ambrosius
1521 613 1553 645 in
1576 613 1693 646 Glossa.

1405 666 1457 699 30.
1482 666 1567 699 Unde
1591 669 1682 705 nota,
1707 666 1791 708 quod
1815 669 1862 699 est
1878 669 2081 708 praeceptum
2098 665 2275 699 exsecutio-
2290 673 2431 729 τῖοὲέοιέῗέει
2472 686 2474 713 3

1315 718 1387 757 nis,
1404 719 1486 751 sicut
1502 718 1599 751 Exedi
1616 718 1765 760 vigesimo
1778 718 1808 750 ⁵:
1832 731 1847 746 «
1860 718 1983 750 Honora
1999 721 2121 760 patrem
2138 722 2229 751 tuum
2242 730 2274 758 »;

1315 775 1346 804 et
1365 771 1591 814 probat-tonis,
1615 775 1651 804 ut
1686 774 1891 813 praeceptum
1927 771 2068 804 Abrahae
2103 771 2141 804 de
2164 771 2276 805 immo—

1316 825 1407 858 lando
1423 825 1501 863 filio,
1518 824 1645 857 Genesis
1668 824 1818 866 vigesimo
1842 824 1994 863 secundo;
2018 827 2049 857 et
2074 828 2277 866 praeceptum

1316 878 1563 916 instructionis,
1588 877 1670 911 sicut
1693 877 1754 910 hic.
1779 877 1866 910 Unde
1882 886 1943 909 non
1961 876 2100 918 peccavit
2124 877 2186 916 hic,
2203 886 2277 910 cum

1315 941 1427 964 nomen
1452 931 1521 964 eius
1542 931 1724 973 divulgavit.
1743 949 1784 955 —
1809 930 2076 972 Chrysostomus⁶
2101 933 2205 963 tamen
2229 930 2275 963 di·
2291 937 2431 967 opiniocmy·
2473 926 2475 950 ἵ

1315 984 1375 1023 cit,
1399 984 1483 1027 quod
1508 987 1710 1026 praeceptum
1746 984 1822 1023 fuit,
1847 983 1901 1016 sed
1925 983 1963 1016 ad
1995 987 2122 1025 tempus
2146 986 2275 1026 propter

1316 1038 1488 1076 cautelam,
1513 1047 1566 1076 ne,
1591 1038 1616 1070 si
1640 1037 1721 1070 sorte
1744 1037 1921 1070 sacerdotes
1937 1037 2084 1070 audirent
2100 1037 2203 1079 ipsum
2221 1046 2277 1080 per

1316 1090 1476 1123 Christum
1508 1094 1676 1129 curatum,
1712 1099 1773 1122 non
1809 1090 1987 1132 reciperent
2017 1099 2090 1122 eum
2129 1094 2278 1133 tanquam

1317 1143 1469 1176 mundum
1482 1169 1489 1181 ,
1506 1143 1632 1185 quando
1653 1152 1685 1176 se
1702 1143 1747 1175 eis
1763 1145 1995 1184 praesentaret,
2013 1146 2143 1185 propter
2159 1143 2278 1183 odium,

2319 965 2412 987 scotomi.

1316 1197 1401 1239 quod
1425 1196 1582 1229 habebant
1605 1196 1644 1228 ad
1667 1195 1837 1229 Christum.
1863 1214 1906 1219 --
1932 1195 2054 1229 Primus
2078 1199 2183 1229 tamen
2212 1205 2278 1229 mo·
2292 1202 2429 1225 iudicium-1

1317 1250 1377 1282 dus
1400 1249 1516 1282 rectior
1540 1249 1683 1288 videtur,
1708 1249 1782 1291 quia
1813 1249 1873 1281 hoc
1897 1248 2109 1290 praecipiebat
2131 1248 2200 1281 aliis
2231 1249 2279 1281 in-

1317 1302 1435 1341 firmis,
1460 1303 1513 1344 qui
1539 1306 1643 1335 tamen
1667 1302 1744 1335 illud
1769 1312 1830 1335 non
1855 1302 2079 1341 observabant,
2103 1301 2279 1335 secundum

1318 1355 1403 1398 quod
1425 1356 1542 1389 dicitur
1565 1356 1659 1389 Marci
1684 1356 1842 1398 septimo⁷
1867 1355 1905 1389 de
1929 1356 2027 1388 surdo
2057 1358 2089 1388 et
2112 1359 2200 1388 muto
2224 1364 2280 1388 cu-

1317 1413 1403 1442 rato:
1434 1423 1449 1438 «
1465 1410 1589 1451 Quanto
1613 1410 1710 1452 magis
1735 1410 1806 1452 plus
1830 1409 2056 1451 praecipiebat,
2074 1412 2160 1441 tanto
2181 1409 2279 1450 magis

1318 1463 1390 1505 plus
1413 1463 1682 1505 praedicabant».
1709 1463 1745 1495 Et
1768 1466 1868 1500 recte,
1893 1462 1985 1504 quia,
2003 1461 2176 1494 secundum
2193 1461 2278 1503 quod

1317 1516 1433 1549 dicitur
1461 1516 1617 1549 secundae
1647 1516 1686 1548 ad
1709 1515 1888 1548 Corinthios
1911 1515 2115 1554 duodecimo,
2147 1527 2162 1543 «
2179 1523 2236 1557 ego
2260 1520 2279 1548 a

1318 1569 1406 1602 vobis
1437 1569 1530 1602 debui
1562 1568 1774 1601 commendari
1788 1580 1818 1606 »;
1855 1577 1888 1600 se
1923 1571 2027 1601 autem
2064 1577 2156 1601 nemo
2188 1567 2280 1601 debet

1318 1621 1462 1660 laudare,
1479 1621 1536 1654 nisi
1555 1621 1738 1654 necessitate
1762 1621 1863 1653 aliena
1886 1620 2085 1662 compulsus;
2103 1620 2186 1653 unde
2202 1621 2281 1663 Apo-

1318 1675 1431 1708 stolus:
1461 1688 1476 1703 «
1493 1675 1604 1707 Factus
1628 1683 1699 1707 sum
1724 1674 1890 1716 insipiens,
1916 1683 1971 1706 vos
2003 1683 2053 1706 me
2088 1674 2233 1716 coegistis
2249 1688 2279 1707 ».

1319 1729 1388 1761 Ideo
1407 1728 1530 1761 dicebat
1545 1737 1579 1760 se
1595 1727 1802 1770 insipientem
1825 1726 1973 1770 factum,
1990 1727 2066 1769 quia
2082 1730 2192 1760 contra
2207 1737 2281 1761 con-

1318 1782 1423 1815 silium
1447 1781 1596 1824 sapientis
1620 1781 1729 1814 fecisse
1753 1780 1933 1819 videbatur3
1967 1781 2210 1814 Proverhiorum
2236 1781 2281 1814 vi-

1300 1836 1302 1838 ’
1317 1836 1435 1878 gesimo
1451 1835 1598 1877 septimo:
1628 1848 1644 1863 <r
1660 1834 1778 1868 Laudet
1794 1837 1824 1867 te
1840 1834 1979 1873 alienus,
1996 1838 2028 1867 et
2043 1844 2105 1867 non
2122 1844 2157 1868 os
2174 1837 2280 1875 tuum,

1318 1893 1510 1927 extraneus,
1534 1892 1566 1921 et
1589 1898 1651 1921 non
1677 1888 1757 1921 labia
1782 1891 1837 1920 tua
1853 1901 1883 1920 n.

1408 1942 1460 1975 31.
1487 1942 1597 1974 Erudit
1620 1942 1713 1974 etiam
1739 1941 1894 1979 secundo,
1912 1941 1997 1983 quod
2013 1941 2160 1984 officium
2175 1952 2282 1975 sacer-

1318 1996 1404 2029 dotis
1427 2005 1494 2028 non
1517 1999 1564 2028 est
1586 1994 1877 2033 contemnendum,
1902 2003 1974 2027 cum
1991 1995 2090 2027 addit:
2109 1995 2172 2028 Sed
2186 1996 2280 2034 vade,

1319 2048 1448 2081 ostende
1473 2052 1500 2080 te
1523 2047 1752 2080 sacerdotibus
1764 2047 1795 2086 ⁸‚·
1819 2047 1894 2090 quia
1916 2056 2027 2080 eorum
2051 2048 2189 2080 osticium
2214 2052 2282 2081 erat

1319 2102 1493 2136 secundum
1529 2102 1640 2144 Legem
1674 2101 1815 2143 leprosos
1838 2101 1951 2134 eiicere
1979 2104 2010 2133 et
2047 2101 2213 2134 mundatos
2236 2110 2283 2134 re-

1319 2156 1441 2198 cipere,
1466 2155 1640 2188 secundum
1665 2155 1750 2197 quod
1773 2155 1889 2187 dicitur
1924 2154 2049 2187 Levitici
2073 2154 2194 2188 decimo
2218 2158 2281 2189 ter-

1319 2210 1362 2242 tio
1386 2212 1417 2242 et
1439 2208 1561 2242 decimo
1584 2211 1699 2250 quarto
1722 2208 1812 2250 quasi
1842 2217 1898 2250 per
1930 2211 2041 2240 totum.
2074 2207 2144 2240 Ideo
2175 2211 2281 2242 autem

1320 2263 1379 2296 hoc
1411 2262 1550 2295 officium
1586 2262 1692 2304 leprae
1727 2262 1951 2296 discernendae
1984 2261 2212 2294 sacerdotibus
2235 2264 2283 2295 est

1320 2420 1430 2446 ostende
1449 2423 1473 2445 te
1493 2419 1689 2449 sacerdotibus,
1710 2422 1735 2444 et
1753 2418 1852 2444 nemini
1872 2418 1982 2449 dixeris,
2002 2418 2048 2443 sed
2067 2418 2168 2450 primo:
2183 2418 2281 2444 nemini

1319 2465 1427 2496 dixeris,
1446 2467 1471 2489 et
1495 2464 1581 2496 vade,
1609 2463 1717 2489 ostende
1743 2466 1776 2488 te.
1802 2463 1858 2488 Non
1877 2462 1946 2487 enim
1966 2469 2071 2494 semper
2096 2461 2182 2493 iubet,
2211 2462 2282 2488 illum

1320 2512 1420 2539 tacere,
1440 2508 1487 2534 sed
1505 2508 1633 2541 quamdiu
1653 2508 1773 2534 ostendat
1792 2514 1820 2532 se
1839 2506 2035 2537 sacerdotibus,
2048 2514 2081 2532 ne
2096 2508 2174 2539 sorte,
2187 2507 2210 2532 si
2223 2510 2283 2532 ante

1320 2553 1396 2579 alicui
1416 2553 1563 2583 nuntiaret,
1583 2553 1617 2578 de
1636 2551 1720 2578 verbo
1744 2552 1770 2577 in
1800 2551 1912 2577 verbum
1941 2551 2062 2577 audirent
2087 2550 2238 2577 sacerdotes
2256 2554 2282 2577 et

1320 2598 1485 2624 occasionem
1506 2596 1631 2623 habentes
1650 2597 1752 2628 leprae,
1772 2599 1881 2628 propter
1900 2595 1991 2621 odium
2006 2598 2031 2621 et
2044 2595 2192 2622 inimicitias
2211 2595 2284 2622 Chri-

1320 2642 1351 2667 sti
1371 2643 1529 2674 expellerent
1547 2648 1608 2667 eum
1629 2641 1663 2666 de
1682 2640 1781 2672 populo
1800 2640 1876 2672 quasi
1888 2639 2043 2671 leprosum,
2056 2646 2108 2665 non
2128 2639 2284 2671 recipientes

1321 2686 1486 2712 mundatum.
1507 2685 1567 2711 ldeo
1587 2692 1649 2710 eum
1669 2683 1741 2710 iubet
1760 2685 1854 2710 offerre
1872 2690 1996 2715 munera,
2016 2686 2052 2716 ut,
2072 2683 2092 2708 si
2113 2683 2283 2715 postmodum

1320 2732 1417 2757 vellent
1435 2737 1497 2756 eum
1516 2730 1657 2762 expellere,
1682 2729 1781 2755 diceret
1809 2728 1860 2754 eis:
1886 2728 1993 2754 Munera
2021 2727 2096 2760 quasi
2116 2734 2130 2753 a
2156 2728 2283 2754 mundato

1321 2775 1485 2806 suscepistis,
1499 2778 1524 2800 et
1537 2774 1672 2808 quomodo
1691 2781 1733 2800 me
1753 2773 1828 2806 quasi
1848 2773 1982 2804 leprosum
1996 2772 2139 2804 expellitis?
2153 2775 2201 2798 ete.
2215 2772 2283 2798 Vide

1321 2823 1408 2846 tamen
1427 2819 1574 2853 genuinam
1601 2818 1789 2850 expositionem
1818 2817 1950 2848 Chrysost.
1978 2817 2003 2842 iu
2031 2817 2118 2842 Matth.
2144 2817 2216 2842 hom.
2240 2817 2284 2843 25.

1322 2864 1395 2897 (alias
1414 2864 1468 2896 26.)
1490 2871 1515 2889 11.
1535 2864 1564 2888 2:
1591 2863 1704 2895 Quidam
1734 2862 1836 2892 dicunt,
1857 2861 1915 2887 ideo
1944 2861 2225 2893 illumpraecepisse,
2254 2864 2284 2887 ut

1321 2909 1418 2934 nemini
1438 2908 1548 2938 diceret,
1568 2915 1600 2933 ne
1620 2907 1735 2938 maligne
1754 2909 1863 2938 agerent
1875 2906 1944 2931 circa
1964 2905 2140 2930 mundationis
2160 2912 2283 2938 examen;

1321 2953 1368 2979 sed
1388 2954 1452 2978 haec
1478 2952 1629 2984 insipienter
1657 2951 1803 2977 admodum
1831 2950 2008 2982 suspicantur.
2036 2949 2126 2982 Neque
2153 2949 2222 2975 enim
2249 2949 2284 2975 ita

1322 2996 1474 3027 mundavit,
1495 2998 1523 3021 ut
1541 2996 1634 3028 aliquis
1654 2998 1771 3020 maneret
1789 2994 1822 3020 de
1847 2993 2018 3019 mundatione
2044 2992 2184 3018 dubitandi
2202 2993 2284 3026 locus,

1322 3041 1368 3067 sed
1388 3040 1486 3066 nemini
1507 3040 1595 3066 dicere
1613 3039 1695 3071 iubety
1717 3039 1829 3069 docenS,
1849 3041 1877 3063 ut
1901 3044 1915 3062 a
1935 3038 2001 3063 tastu
2021 3039 2046 3062 et
2065 3035 2208 3062 ambitione
2227 3035 2284 3062 abs-

1322 3085 1435 3111 tineatur
1455 3088 1503 3109 ete.
1523 3098 1558 3103 —
1577 3084 1686 3110 inferius
1706 3086 1765 3115 post
1789 3084 1921 3116 tanquam
1948 3080 2083 3107 mundum
2109 3081 2168 3106 Vat.
2196 3086 2283 3112 prose-

1322 3130 1425 3162 quitur:
1444 3128 1469 3155 si
1487 3135 1548 3155 eum
1567 3135 1584 3154 a
1604 3127 1709 3154 Christo
1729 3128 1857 3153 curatum
1876 3127 1938 3152 ante
1957 3124 2138 3157 audivissent,
2158 3131 2241 3158 quam
2253 3130 2282 3150 se

1322 3174 1359 3201 eis
1375 3174 1575 3207 praesentasset
1603 3175 1661 3203 etc„
1690 3172 1725 3197 D:
1744 3171 1770 3198 si
1787 3177 1817 3197 eo
1837 3170 1859 3204 [J
1880 3169 1956 3203 eum]
1976 3177 1993 3196 a
2022 3168 2128 3196 Christo
2154 3170 2283 3195 curatum

1322 3218 1430 3252 quando
1450 3217 1590 3249 audirent,
1611 3215 1718 3251 quando
1737 3223 1766 3242 se
1784 3215 1821 3242 eis
1841 3218 1889 3241 etc.

1393 3261 1402 3276 ⁷
1424 3264 1497 3289 Vers.
1517 3263 1560 3288 36.
1578 3276 1614 3281 —
1633 3262 1690 3287 Duo
1709 3268 1784 3293 seqq.
1802 3260 1851 3285 loci
1870 3262 1930 3285 sunt
1947 3259 1975 3284 ll.
1989 3257 2047 3284 Cor.
2063 3258 2110 3289 12,
2127 3258 2171 3283 lt:
2191 3258 2284 3283 Factus

1322 3314 1381 3333 sum
1401 3307 1537 3339 insipiens,
1557 3313 1606 3332 vos
1626 3313 1668 3331 me
1687 3305 1817 3337 coegistis.
1838 3305 1892 3335 Ego
1912 3303 1980 3328 enim
2001 3309 2015 3327 a
2035 3301 2112 3328 vobis
2125 3305 2186 3333 etc.;
2206 3302 2283 3327 Prov.

1323 3352 1355 3377 27
1364 3372 1370 3383 ‚
1390 3353 1415 3377 2.
1434 3365 1469 3370 —
1489 3345 1596 3376 lnserius
1615 3357 1664 3382 pro
1683 3348 1837 3375 necessitate
1855 3347 1946 3374 aliena
1965 3347 2023 3372 Vat.
2042 3345 2197 3373 necessitate
2216 3344 2277 3371 alie-

1323 3402 1373 3422 nae
1391 3394 1497 3422 salutis.

1393 3437 1404 3453 ⁸
1424 3440 1536 3471 Vulgata
1556 3437 1699 3465 sacerdoti.

2327 1230 2398 1252 οισι-111.

2300 1946 2424 1969 Secundum.
