2476 3921
324 279 389 312 474.

321 369 441 410 primae
465 367 586 399 loannis
610 366 767 406 secundo,
797 380 812 395 «
829 367 966 400 mundus
998 367 1111 399 transit
1141 370 1172 400 et
1209 376 1283 400 con-

322 420 513 463 cupiscentia
537 420 605 452 eius
622 433 652 451 ».
669 420 752 453 Hanc
769 420 926 453 civitatem
943 420 1104 453 destruxit
1128 421 1224 452 losue
1238 438 1283 444 —

322 483 379 506 nec
402 473 516 515 aliquis
540 473 678 506 salvatus
701 476 749 506 est
780 473 811 505 in
843 481 881 505 ea
911 473 969 505 nisi
1000 473 1083 505 Raab
1106 473 1280 512 meretrix,

322 536 403 569 quae
426 527 557 560 credidit
580 526 699 559 nuntiis
724 527 811 559 losue
827 529 858 559 et
874 526 957 568 ipsos
973 527 1116 568 recepit¹
1141 545 1183 550 —
1207 526 1282 568 quia

322 589 418 614 verus
441 581 534 613 Iesus
551 580 631 612 hanc
647 579 838 612 mundanam
855 579 1122 612 conversationem
1139 580 1170 612 in
1187 588 1281 612 carne

322 633 501 676 apparendo
524 633 700 671 damnavit;
726 641 783 665 nec
806 632 921 675 aliquis
944 636 1047 674 potest
1070 633 1195 671 salvari,
1220 632 1279 665 nisi

323 687 378 729 qui
403 686 519 725 credit;
544 686 666 718 loannis
682 686 802 727 primo:
824 699 839 714 ιι
857 686 889 717 ln
906 685 1023 718 mundo
1039 689 1124 724 erat,
1141 689 1281 718 etmun—

323 740 383 772 dus
406 749 463 781 per
487 739 590 781 ipsum
615 739 716 771 sactus
740 742 805 778 est,
829 742 860 771 et
883 739 1022 771 mundus
1045 747 1119 771 eum
1143 748 1205 771 non
1229 747 1281 771 co-

324 793 430 835 gnovit
447 805 477 831 »;
502 795 533 825 et
556 796 642 834 post:
665 805 680 820 α
694 792 854 834 Quotquot
869 795 975 824 autem
992 795 1180 833 receperunt
1196 800 1280 830 eum,

323 846 408 878 dedit
431 845 492 878 illis
515 841 699 887 potestatem
735 845 815 877 filios
849 845 904 877 Dei
927 845 1014 883 fieri,
1039 844 1088 877 his
1123 844 1177 886 qui
1213 853 1281 877 cre-

324 899 404 931 dunt
420 912 434 927 »
456 902 533 937 etc.;
550 898 633 930 unde
649 898 687 930 ad
704 898 858 930 Hebraeos
874 898 1057 930 undecimo:
1080 910 1095 926 «
1108 898 1179 930 Fide
1196 897 1280 930 muri

325 952 445 984 Iericho
469 954 669 984 corruerunt.
695 950 766 984 Fide
790 949 873 983 Raab
896 951 1049 983 meretrix
1066 959 1127 982 non
1144 950 1280 992 periit».

902 277 1096 311 COMMENT.
1122 279 1158 311 IN
1184 278 1420 312 EVANGELIUM
1446 277 1562 311 LUCAE
1588 277 1620 310 C.
1644 277 1718 310 xlx.

1350 380 1366 395 α
1383 367 1495 399 Beatus
1512 367 1579 405 vir,
1597 366 1689 399 cuius
1705 369 1753 399 est
1774 366 1933 399 auxilium
1956 367 2014 400 abs
2037 370 2083 406 te,
2108 369 2307 401 ascensiones

1345 420 1376 452 in
1400 419 1494 452 corde
1510 427 1568 451 suo
1584 418 1739 460 disposuit
1756 432 1771 448 ι
1800 422 1858 452 etc.
1889 432 1905 448 a
1921 419 2040 453 Etenim
2057 420 2307 454 benedictionem

1344 471 1430 505 dabit
1453 472 1631 515 legislator,
1660 471 1752 504 ibunt
1775 471 1814 505 de
1839 472 1957 506 virtute
1981 473 2012 506 in
2037 473 2218 506 virtutem»
2246 478 2305 507 etc.

1345 518 1423 558 H'aec
1458 526 1555 568 igitur
1590 525 1772 558 studiositas
1807 526 1939 559 Zachaei
1978 529 2010 559 et
2041 526 2213 569 eaecmplar
2248 527 2309 560 fuit

1344 579 1530 611 imitandum
1554 582 1586 611 et
1607 577 1724 621 figura
1747 579 1961 612 conversionis
1984 579 2126 621 gentium
2154 579 2194 612 ad
2217 579 2308 612 Chri—

1344 635 1447 670 stum,
1471 640 1528 672 per
1552 631 1644 663 ouius
1676 630 1768 663 fidem
1800 631 1898 664 adiuti
1934 632 2100 664 elevantur
2134 632 2173 664 ad
2201 632 2307 674 ipsum

1344 683 1568 716 contuendum.
1593 682 1679 716 Unde
1702 682 1849 715 Glossa⁵z
1879 696 1895 712 α
1913 684 1971 717 Per
2002 684 2191 717 laudabilem
2214 684 2308 717 fatui-

1346 740 1439 770 tatem
1463 739 1681 769 transeuntem
1697 744 1795 778 prope
1811 736 1980 769 Dominum
2005 736 2124 777 cernit,
2142 737 2232 779 quia,
2249 737 2308 770 etsi

1344 789 1484 822 nondum
1508 789 1551 821 ita
1581 788 1696 827 solide,
1720 793 1757 821 ut
1789 792 1855 828 est,
1891 790 1953 822 iam
1989 793 2094 831 tamen
2126 789 2242 832 raptim
2277 793 2312 823 et·

1344 843 1434 885 quasi
1458 843 1490 875 in
1514 842 1650 875 transitu
1673 842 1738 875 luci
1761 842 1904 875 caelestis
1927 843 2099 884 sapientiae
2127 842 2307 876 intendit».

1345 896 1415 929 ideo
1438 896 1533 929 Isaiae
1557 896 1691 938 septimo
1702 896 1726 934 ὅ,
1751 896 1924 928 secundum
1942 896 2034 928 aliam
2051 896 2307 929 translationem:

1350 963 1365 979 α
1382 950 1444 982 Nisi
1468 949 1683 988 credideritis,
1708 958 1771 981 non
1795 948 1976 991 intelligetis
1992 962 2023 981 ».

325 1005 410 1038 Unde
434 1005 486 1037 illa
513 1004 604 1037 Raab
628 1004 795 1037 Ecclesiam
811 1004 965 1046 significat
980 1003 1120 1046 gentium
1136 1003 1175 1036 ad
1191 1004 1281 1036 Chri-

325 1062 408 1091 stum
433 1067 626 1091 conversam.
652 1075 693 1081 —
719 1058 754 1089 Et
777 1057 837 1090 hoc
860 1057 964 1099 ipsum
999 1057 1193 1099 significatur
1224 1065 1281 1098 per

161 1110 514 1144 nezaehaeo.Zachaeam
543 1110 776 1153 publicanam,
809 1111 863 1152 qui
896 1110 1067 1152 quaerebat
1099 1110 1206 1142 videre
1238 1110 1282 1142 le-

1434 1005 1464 1036 8.
1490 1003 1591 1045 (Vers.
1618 1002 1673 1044 5).
1700 1001 1741 1034 Et
1768 1011 1846 1035 cum
1876 1002 2015 1035 venisset
2046 1005 2105 1035 etc.
2141 1003 2309 1044 Postquam
2331 1010 2459 1042 zachaeiim

1345 1056 1504 1099 expressit
1527 1056 1659 1089 Zachaei
1683 1055 1912 1088 studiositatem
1944 1055 1983 1088 ad
2015 1056 2177 1089 Christum
2201 1055 2310 1088 viden·
2325 1038 2459 1095 ἰζῖῗέἷῗιέιῗ

1345 1111 1421 1143 dum
1433 1136 1440 1149 ,
1457 1110 1508 1142 hic
1525 1109 1664 1142 secundo
1677 1108 1689 1128 '¹
1707 1109 1861 1151 exprimit
1877 1108 2135 1151 hospitalitatem
2151 1109 2197 1142 ad
2215 1107 2310 1142 Cltri-
2324 1091 2458 1144 ἓῖψᾶἓὲᾱῗῖἓ

196 1649 227 1669 De
243 1655 302 1676 syco-

214 1681 280 1697 moro.

175 1913 304 1934 Notandum.

324 1174 413 1203 sum,
438 1167 474 1196 ut
498 1164 615 1197 scilicet
639 1167 841 1206 cognosceret
864 1172 974 1196 verum
1004 1164 1121 1202 Deum3
1154 1163 1186 1195 in
1218 1172 1282 1205 quo

324 1217 477 1259 significat
512 1217 664 1259 populum
700 1217 855 1259 gentium,
879 1217 961 1249 sicut
995 1220 1027 1249 et
1060 1217 1194 1249 Naaman
1227 1216 1282 1257 Sy-

324 1280 397 1309 rus,
433 1270 471 1303 de
510 1279 574 1312 quo
608 1270 713 1312 quarti
750 1271 868 1312 Regum
903 1270 1065 1312 quinto²z
1095 1270 1281 1308 «Naaman,

324 1323 469 1365 princeps
492 1323 619 1359 militiae
644 1323 726 1365 regis
750 1323 870 1364 Syriae,
895 1323 999 1361 dives,
1024 1322 1077 1355 sed
1089 1322 1238 1364 leprosus
1250 1334 1281 1360 n,

323 1377 377 1419 qui
402 1376 529 1409 veniens
552 1376 590 1408 ad
615 1373 748 1409 Eliseum
773 1380 903 1409 curatus
926 1380 982 1409 est.
1000 1375 1086 1409 Unde
1113 1379 1144 1408 et
1162 1375 1282 1408 loannis

324 1430 508 1462 duodecimo
523 1429 632 1462 dicunt
647 1430 795 1471 gentiles:
817 1442 832 1458 α
846 1429 998 1462 Volumus
1015 1430 1115 1462 lesum
1131 1429 1238 1462 videre
1250 1441 1282 1468 »;

324 1483 377 1516 sed
401 1492 463 1515 non
487 1486 618 1524 possunt
641 1486 709 1515 tum
733 1486 862 1524 propter
890 1482 1159 1524 perturbationem
1184 1482 1283 1524 phan-

326 1539 512 1574 tasmatum,
538 1538 604 1568 tum
641 1538 770 1577 propter
805 1535 961 1568 desectum
997 1536 1149 1568 naturalis
1184 1535 1281 1574 lucis,

325 1589 399 1630 quia
423 1589 483 1621 hoc
507 1591 554 1621 est
571 1597 669 1630 supra
685 1588 854 1627 rationem3
872 1592 903 1621 et
919 1588 988 1621 ideo
1010 1597 1090 1630 opus
1106 1591 1154 1621 est
1170 1598 1283 1636 ascert-

325 1642 401 1674 dere
424 1651 480 1683 per
504 1641 596 1674 fidem
621 1640 659 1673 ad
683 1641 932 1683 cognoscendum
957 1650 1039 1674 eum.
1058 1659 1100 1665 —
1117 1641 1203 1674 Unde
1226 1638 1283 1683 p‘er

324 1704 554 1737 sycomorum,
578 1703 659 1736 quae
683 1694 763 1727 ficus
787 1694 872 1727 fatua
900 1694 1145 1735 interpretatur,
1170 1694 1283 1727 intelli-

325 1748 410 1789 gitur
446 1747 621 1779 emincntia
651 1746 744 1788 fidei,
768 1756 850 1789 quae
885 1747 1017 1780 stultitia
1047 1756 1116 1780 esse
1140 1747 1284 1786 videtur,

325 1800 497 1833 secundum
522 1800 598 1832 illud
623 1800 743 1842 primae
765 1800 803 1832 ad
827 1800 1005 1833 Corinthios
1028 1800 1172 1842 primo³:
1195 1801 1284 1833 «Nos

325 1853 542 1895 praedicamus
577 1853 738 1886 Christum
769 1853 978 1892 crucifixum,
1012 1853 1131 1886 ludaeis
1156 1854 1282 1896 quidem

326 1907 524 1945 scandalum,
556 1907 701 1949 gentihus
736 1910 841 1940 autem
877 1907 1089 1940 stultitiam».
1123 1907 1155 1940 ln
1187 1907 1283 1940 huius

325 1960 476 1993 fatuitatis
500 1960 715 1993 credulitatem
740 1963 863 2002 oportet
898 1960 1107 1994 conscendere
1130 1969 1202 1994 eum
1227 1961 1282 2003 qui

325 2013 393 2046 vult
415 2013 454 2046 ad
478 2013 659 2055 sapientiam
677 2014 860 2055 pervenire,
878 2014 1051 2047 secundum
1068 2014 1145 2047 illud
1162 2014 1283 2056 primae

325 2066 363 2099 ad
387 2066 563 2099 Corinthios
586 2066 696 2099 tertio:
726 2079 743 2095 «
759 2066 788 2098 Si
813 2066 885 2108 quis
909 2066 1034 2099 videtur
1068 2075 1136 2100 esse
1160 2068 1284 2109 sapiens

326 2119 408 2152 inter
431 2120 642 2158 vos‚.stultus
665 2119 735 2158 fiat,
760 2123 796 2152 ut
820 2120 859 2152 sit
883 2119 1007 2162 sapiens
1022 2133 1053 2152 ».
1078 2119 1154 2153 Nam
1179 2121 1283 2154 stulti-

1344 1168 1435 1196 scum
1457 1162 1716 1204 suscipiendum.
1742 1161 1832 1194 Circa
1867 1170 1964 1204 quam
1991 1161 2230 1194 describendam
2262 1161 2310 1193 in-

1346 1216 1560 1249 troducuntur
1584 1216 1659 1254 tria,
1684 1215 1803 1248 scilicet
1825 1215 1977 1257 diyrtatio
2001 1224 2043 1247 ex
2067 1218 2157 1256 parte
2180 1213 2309 1253 Christi,

1345 1270 1471 1302 devotio
1495 1279 1537 1302 ex
1562 1272 1652 1311 parte
1676 1269 1807 1301 Zachaei
1832 1272 1863 1301 et
1897 1268 2129 1301 murmuratio
2152 1277 2195 1301 ex
2219 1271 2310 1310 parte

1346 1323 1454 1366 populi
1479 1322 1631 1365 perversi.

1437 1377 1540 1409 Primo
1563 1376 1660 1418 igitur
1684 1377 1840 1418 quantum
1864 1375 1901 1408 ad
1920 1376 2145 1418 atynationem
2161 1385 2200 1408 ex
2214 1378 2312 1417 parte
2331 1382 2429 1409 Dignatio

1349 1429 1475 1463 Christi
1497 1429 1587 1462 dicit:
1621 1430 1661 1461 Et
1691 1438 1768 1461 cum
1802 1429 1942 1461 venisset
1972 1429 2018 1461 ad
2053 1428 2177 1467 locum,
2201 1428 2311 1470 suspi-

1348 1482 1436 1515 ciens
1460 1482 1554 1514 Iesus
1578 1481 1660 1514 vidit
1684 1481 1795 1520 iilum,
1819 1490 1876 1523 per
1900 1484 2063 1522 aspectum
2088 1480 2307 1523 benignitatis;

1348 1535 1378 1567 in
1402 1544 1466 1578 quo
1489 1534 1690 1573 ostendebat,
1716 1543 1749 1567 se
1772 1534 1950 1576 approbare
1980 1534 2127 1567 affectum
2152 1534 2311 1576 publicani

1348 1596 1403 1629 per
1428 1587 1570 1629 signum3
1594 1587 1779 1620 Psalmusss:
1811 1600 1826 1615 «
1842 1587 1931 1620 Oculi
1969 1586 2093 1619 Domini
2126 1595 2222 1628 super
2246 1594 2311 1619 me-

1348 1644 1472 1674 tuentes
1494 1649 1567 1674 eum
1599 1644 1630 1673 et
1653 1641 1684 1673 in
1709 1640 1754 1673 eis
1778 1640 1831 1683 qui
1857 1644 1986 1682 sperant
2009 1649 2105 1682 super
2132 1639 2311 1673 misericor-

1347 1694 1398 1726 dia
1421 1694 1490 1726 eius
1503 1707 1533 1726 2».
1552 1694 1639 1726 llunc
1656 1693 1857 1736 aspiciebat,
1886 1706 1902 1723 α
1918 1692 1994 1736 quia
2007 1694 2019 1713 ⁹
2036 1697 2159 1726 statura
2174 1693 2312 1736 pusillus

1347 1751 1415 1780 erat
1436 1760 1479 1787 »;-
1497 1760 1512 1776 α
1529 1747 1676 1780 excelsus
1699 1747 1783 1780 enim
1812 1747 1964 1780 Dominus
1994 1750 2026 1780 et
2057 1746 2189 1780 humilia
2212 1746 2312 1788 respi-

1347 1801 1388 1834 cit
1403 1814 1433 1840 »,
1449 1801 1567 1834 scilicet
1590 1809 1646 1843 per
1662 1800 1885 1843 dignationem.
1909 1818 1953 1823 ——-
1980 1801 2018 1833 Et
2041 1800 2128 1847 discit
2151 1800 2197 1832 ad
2213 1809 2307 1832 eum:

1348 1853 1514 1893 Zachaee,
1539 1853 1703 1896 festinans
1727 1854 1900 1892 descende,
1925 1853 1963 1886 ad
1988 1852 2232 1895 impendendum
2257 1852 2311 1886 be-

1347 1908 1495 1941 neficium
1519 1907 1757 1949 hospitalitatis;
1782 1910 1813 1940 et
1845 1907 1905 1940 hoc
1927 1906 2001 1940 facit
2036 1906 2068 1939 in
2097 1906 2221 1949 signum
2245 1915 2311 1939 ma-

1346 1970 1426 2003 gnae
1448 1960 1655 2003 dignationis,
1679 1961 1735 2003 qui
1759 1960 1933 2003 hospitium
1958 1964 2066 2003 petere
2082 1970 2145 1993 non
2169 1959 2309 1993 erubuit.

1346 2013 1433 2047 Unde
1456 2014 1564 2046 Glossa
1579 2014 1622 2046 ²⁰:
1653 2027 1669 2043 «
1685 2014 1750 2046 Non
1768 2013 1933 2053 invitatus,
1951 2023 1984 2046 se
2000 2013 2130 2053 invitat,
2146 2013 2237 2056 quia,
2253 2012 2312 2045 etsi

1347 2065 1487 2100 nondum
1511 2067 1655 2100 audierat
1689 2076 1797 2101 vocem
1834 2068 2011 2107 invitantis,
2035 2067 2183 2100 audiebat
2207 2070 2312 2099 tamen

1347 2121 1495 2153 affectum
1511 2132 1541 2153 n.
1559 2138 1604 2144 —-
1621 2120 1656 2153 Et
1671 2124 1763 2160 nota,
1788 2120 1873 2163 quod
1889 2121 1965 2154 dicit
1980 2119 2165 2163 festinans,
2182 2119 2258 2163 quia
2272 2119 2313 2152 ad

182 2177 309 2231 3⁵33ssss
329 2172 369 2205 tia
393 2172 463 2205 fidei
487 2172 612 2205 deducit
647 2172 685 2205 ad
716 2173 916 2206 eminentiam
948 2173 1117 2216 sapientiae
1148 2174 1282 2214 Christi,
1346 2182 1443 2216 opera
1465 2177 1497 2206 et
1519 2173 1671 2207 beneficia
1694 2172 1916 2216 hospitalitatis
1939 2174 2093 2207 debemus
2113 2182 2182 2207 esse
2206 2181 2312 2216 prom-

169 2232 312 2284 ¹¹³ssa¹32252¹
327 2229 358 2259 et
381 2226 440 2258 hoc
464 2224 554 2268 quasi
577 2235 634 2268 per
658 2235 715 2259 sex
738 2226 871 2268 gradus,
896 2226 973 2269 quia
994 2227 1071 2260 fides
1093 2227 1230 2269 disponit
1244 2228 1284 2260 ad
1346 2226 1392 2268 pti
1423 2227 1570 2269 exemplo
1593 2227 1724 2261 Zachaei
1749 2231 1780 2261 et
1803 2228 1897 2261 etiam
1920 2228 2078 2268 Abrahae3
2103 2227 2232 2261 Genesis
2258 2226 2312 2260 de-

326 2278 543 2320 prudentiam,
566 2278 733 2320 prudentia
755 2278 793 2311 ad
817 2279 995 2318 scientiam,
1012 2279 1140 2312 scientia
1155 2279 1194 2312 ad
1210 2288 1284 2313 con-

326 2331 448 2371 silium,
479 2331 643 2364 consilium
679 2331 718 2364 ad
748 2332 941 2366 intellectum
969 2335 1001 2366 et
1032 2333 1210 2366 intellectus
1244 2333 1283 2366 ad

326 2384 518 2427 sapientiam.
545 2384 581 2418 Et
603 2385 654 2418 hic
678 2386 812 2419 thronus
836 2389 883 2419 est
906 2386 1097 2426 Salomonis,
1121 2387 1160 2419 ad
1188 2395 1283 2429 quem

327 2447 382 2480 per
399 2447 456 2471 sex
473 2438 590 2480 gradus
605 2439 795 2478 ascenditur,
812 2439 985 2472 secundum
1003 2440 1087 2481 quod
1103 2440 1283 2473 insinuatur

328 2490 411 2523 tertii
436 2492 552 2532 Regum
576 2490 697 2524 decimo
708 2492 731 2523 4.
757 2492 842 2525 Unde
874 2496 905 2525 et
933 2491 964 2524 in
1000 2493 1120 2525 Psalmo
1151 2492 1283 2526 dicitur:

1347 2280 1427 2313 cimo
1443 2284 1553 2313 octavo
1568 2282 1611 2313 ¹¹:
1635 2294 1650 2310 ει
1666 2281 1835 2314 Festinavit
1850 2281 2006 2314 Abraham
2023 2281 2055 2314 in
2072 2280 2312 2314 tabernaculum

1346 2333 1385 2366 ad
1408 2334 1517 2366 Saram
1548 2336 1580 2367 et
1609 2334 1691 2367 dixit
1721 2334 1764 2368 ei:
1800 2335 1963 2374 Accelerat,
2000 2335 2062 2367 tria
2092 2338 2161 2368 sata
2192 2333 2313 2367 similae

1347 2386 1514 2420 commisce
1538 2390 1570 2420 et
1592 2387 1640 2420 fac
1664 2387 1898 2421 subcinericeos
1921 2396 2028 2430 panes.
2064 2387 2133 2430 Ipse
2156 2396 2232 2421 vero
2257 2396 2313 2420 cu-

1347 2440 1448 2473 currit
1471 2440 1510 2472 ad
1533 2444 1713 2473 armentum
1737 2445 1768 2474 et
1791 2441 1865 2474 tulit
1887 2441 2024 2474 vitulum
2049 2440 2257 2474 tenerrimum
2282 2443 2313 2473 et

1346 2492 1432 2525 dedit
1455 2501 1574 2535 puero,
1599 2494 1654 2536 qui
1677 2492 1836 2527 festinavit
1868 2497 1900 2527 et
1933 2494 2022 2527 coxit
2044 2494 2135 2527 illum
2153 2506 2183 2526 n.
2209 2510 2251 2518 —
2276 2493 2313 2540 Et

399 2634 407 2649 ¹
429 2637 502 2661 losue
522 2637 551 2666 6,
573 2636 613 2660 16,
628 2643 701 2668 seqq.
720 2650 753 2654 —-
775 2635 891 2662 Subinde
904 2637 1049 2669 allegantur
1063 2639 1131 2664 loan.
1152 2639 1182 2669 1,
1203 2639 1244 2664 10.
1258 2643 1283 2664 01

327 2679 376 2710 12;
395 2678 474 2704 Hebr.
494 2679 540 2710 11,
561 2680 601 2704 30.
613 2686 667 2712 seq.
685 2693 716 2697 —
729 2680 778 2705 Pro
798 2686 877 2706 verus
891 2681 964 2706 lasus
985 2681 1029 2712 (ita
1049 2681 1069 2706 Α
1081 2682 1115 2713 D;
1135 2681 1154 2707 C
1166 2682 1186 2706 Η
1206 2683 1283 2707 omit-

328 2726 383 2748 tunt
401 2724 494 2753 cei-us)
516 2723 573 2748 Vnt.
592 2723 699 2749 veniens
719 2724 808 2755 lesus,
828 2724 845 2748 F
864 2724 935 2750 venit
953 2725 1036 2751 lesus.

397 2767 407 2781 ²
428 2760 502 2792 vers.
523 2768 546 2792 Ἰ,
566 2774 640 2800 seqq.
660 2771 685 2792 et
703 2767 798 2793 deinde
817 2769 887 2793 ioan.
909 2768 954 2800 112,
969 2769 1012 2794 24.
1025 2781 1060 2787 —
1073 2769 1162 2795 Glossa
1176 2769 1284 2795 ordina·

327 2810 370 2837 rili
391 2811 432 2843 (ex
453 2812 532 2845 Beda)
552 2811 576 2837 in
597 2812 657 2837 Luc.
679 2811 727 2842 19,
745 2812 771 2837 1,
790 2819 860 2844 seq.:
880 2812 1025 2844 Zachaeus,
1039 2813 1083 2845 qui
1097 2813 1284 2845 interpretatur

328 2855 501 2890 iustificatus,
520 2856 649 2888 significat
668 2855 805 2882 credentes
824 2863 855 2881 ex
883 2856 1020 2887 gentibus,
1040 2857 1086 2889 qui
1106 2863 1153 2888 per
1172 2864 1284 2889 occupa·

327 2899 423 2925 tionem
444 2900 626 2932 temporalium
646 2899 763 2932 depressi
783 2903 856 2926 erant
883 2904 909 2926 et
936 2900 1052 2933 minimi,
1071 2901 1118 2926 sed
1138 2908 1152 2926 a
1172 2901 1283 2927 Domino

326 2944 485 2970 sanctificati.
504 2945 554 2977 Qut
577 2944 715 2971 intrantem
745 2945 842 2971 iericho
869 2944 1032 2970 salvatorem
1064 2945 1155 2971 videre
1179 2945 1283 2976 volunt,

326 2989 390 3014 dum
410 2988 483 3020 ssdei,
503 2996 584 3022 quam
604 2989 628 3014 in
649 2989 750 3015 mundo
763 2989 861 3020 attulit,
874 2989 1032 3022 participare
1046 2992 1176 3022 quaerunt
1201 2989 1284 3023 [Haec

326 3033 415 3058 ultima
435 3033 579 3065 propositio
604 3033 732 3059 omittitur
761 3040 775 3059 a
801 3032 910 3068 Strab.].
938 3033 990 3060 Ctr.
1020 3033 1152 3065 Ambros„
1173 3034 1233 3060 vin.
1258 3033 1284 3059 in

326 3077 387 3102 Luc.
407 3084 430 3103 c.
453 3077 491 3102 19.
511 3084 536 3103 n.
557 3077 600 3103 81,
628 3099 630 3101 ,

355 3139 357 3141 ·
396 3121 407 3135 ³
428 3122 502 3148 Vers.
516 3122 560 3147 23.
577 3135 612 3141 —
631 3122 755 3155 Sequitur
774 3123 791 3148 1.
811 3122 869 3149 Cor.
890 3123 920 3154 3,
935 3123 976 3148 18.
991 3123 1111 3155 August„
1125 3123 1211 3148 Serm.
1224 3122 1283 3148 174.

326 3165 399 3196 (alias
418 3165 443 3190 8.
461 3165 495 3191 de
515 3164 608 3191 Verbis
626 3166 753 3199 Apostoli)
773 3173 797 3193 c.
816 3167 840 3192 3.
866 3174 890 3192 n.
918 3167 947 3192 3:
974 3167 1118 3199 Sycomora
1138 3166 1178 3193 1101
1199 3167 1284 3192 fatuae

326 3209 413 3235 Latine
432 3210 659 3242 interpretantur...
679 3210 753 3237 Hunc
772 3209 879 3245 [lesum]
907 3218 972 3243 ergo
1000 3212 1092 3238 volens
1121 3211 1211 3237 videre
1239 3212 1284 3237 Za-

324 3254 435 3285 chaeus,
455 3254 481 3279 in
500 3261 554 3287 quo
582 3254 746 3286 figurabatur
774 3261 886 3287 persona
915 3255 1069 3288 humilium,
1097 3262 1149 3281 non
1174 3255 1284 3281 attendit

326 3296 429 3324 turbam
449 3298 651 3331 impedientem,
679 3298 726 3325 sed
754 3299 872 3326 escendlt
898 3305 1085 3332 sycomorum,
1114 3300 1190 3333 quast
1219 3299 1281 3325 fatui

326 3341 397 3373 pomi
416 3341 526 3374 lignum.
545 3341 602 3370 Nos
629 3342 713 3376 enim,
743 3343 829 3377 lnquit
856 3344 997 3377 Apostolus
1025 3343 1057 3379 [Ι.
1085 3343 1145 3371 Cor.
1166 3345 1196 3376 1,
1215 3343 1282 3378 23.],

322 3385 515 3418 praedicamus
544 3386 682 3414 Christum
709 3387 888 3427 crucifioeum,
914 3388 1021 3415 ludaeis
1041 3386 1148 3423 quidem
1170 3387 1283 3415 scanda-

326 3428 400 3462 lum,·
419 3431 523 3457 attende
541 3437 724 3463 sycomorum
743 3431 865 3466 uentibus
883 3435 974 3460 autem
995 3432 1141 3460 stultitia-m
1160 3436 1209 3460 etc.
1229 3432 1281 3459 Crr.

1347 2640 1465 2671 Gregor„
1486 2640 1590 2665 XXth.
1611 2640 1698 2665 Moral.
1717 2646 1739 2665 0.
1761 2639 1802 2665 46.
1822 2647 1847 2665 n.
1867 2640 1911 2665 79.
1929 2653 1965 2659 -
1985 2639 2091 2665 lnt'erius
2111 2646 2160 2671 pro
2180 2639 2211 2665 Iit
2230 2637 2311 2665 huius

1347 2683 1366 2709 C
1378 2683 1398 2708 D
1409 2684 1429 2708 Η
1450 2684 1480 2709 ln
1499 2683 1586 2709 cuius.
2107 2706 2114 2709 .

1418 2726 1429 2741 ⁴
1456 2727 1527 2752 Vers.
1550 2727 1591 2752 18.
1611 2730 1636 2752 01
1656 2728 1704 2757 19;
1723 2728 1770 2753 cfr.
1799 2733 1879 2759 supra
1899 2734 1961 2759 pag.
1982 2728 2047 2760 23t,
2068 2729 2128 2753 nota
2147 2727 2173 2752 7.
2192 2740 2228 2746 —
2247 2726 2311 2752 Sub·

1347 2769 1409 2795 inde
1430 2770 1574 2801 allegantur
1594 2771 1634 2796 Ps.
1654 2771 1701 2803 83,
1722 2771 1746 2796 6.
1766 2773 1791 2796 et
1811 2772 1836 2796 8.

1418 2813 1428 2827 ⁵
1447 2814 1550 2840 Scilicet
1569 2814 1712 2841 ordinaria
1726 2814 1767 2846 (ex
1781 2814 1866 2845 Beda,
1878 2815 1923 2848 qui
1938 2815 2057 2848 sequitur
2070 2816 2190 2847 Gregor„
2206 2814 2310 2840 xxvtt.

1348 2858 1434 2883 Moral.
1454 2865 1477 2883 c.
1498 2857 1539 2883 46.
1559 2865 1585 2884 n.
1603 2858 1657 2892 79.)
1678 2859 1703 2884 in
1723 2860 1784 2885 Luc.
1805 2859 1851 2890 19,
1873 2859 1896 2885 4.
1917 2859 1976 2885 Vat.
1995 2867 2047 2885 non
2061 2860 2181 2891 (nessae,
2200 2859 2247 2885 sed
2266 2859 2310 2885 Be-

1348 2902 1397 2927 dae
1416 2901 1497 2927 verba
1518 2903 1603 2928 affert.

1418 2946 1429 2960 ⁰
1451 2947 1523 2972 Vers.
1542 2947 1574 2978 9,
1593 2947 1740 2973 secundum
1774 2948 1967 2974 translationem
1996 2948 2164 2981 septuaginta
2184 2948 2308 2981 interpre-

1349 2994 1419 3021 tum;
1439 2993 1485 3016 cfr.
1505 2997 1585 3024 supra
1606 2999 1667 3025 pag.
1688 2990 1715 3025 h,
1735 2996 1796 3019 nota
1816 2992 1842 3019 8.

1419 3033 1428 3049 ⁷
1449 3035 1501 3062 Csr.
1520 3043 1600 3068 supra
1620 3044 1648 3063 n.
1668 3037 1692 3062 1.

1417 3078 1428 3093 ⁸
1448 3080 1540 3105 Psalm.
1561 3081 1609 3112 32,
1629 3081 1671 3107 18.
1690 3094 1725 3101 —-
1744 3082 1864 3113 August„
1884 3083 1967 3107 Serm.
1987 3082 2049 3108 174.
2070 3081 2144 3115 (alias
2158 3083 2184 3108 8.
2197 3082 2231 3108 de
2245 3081 2310 3107 Ver-

1347 3123 1388 3149 bis
1407 3124 1533 3158 Apostoli)
1554 3131 1578 3150 c.
1598 3124 1622 3150 t.
1641 3132 1669 3151 n.
1688 3125 1718 3151 A:
1738 3126 1768 3151 Et
1795 3126 1862 3152 vidit
1891 3126 2018 3153 Dominus
2038 3126 2125 3159 ipsum
2150 3127 2310 3152 zachaeum.

1347 3167 1428 3194 visus
1445 3171 1498 3199 est,
1517 3171 1543 3195 et
1562 3169 1640 3203 vidlt;
1669 3170 1716 3196 sed
1745 3170 1792 3197 nisi
1821 3171 1894 3197 visus
1922 3175 2005 3202 esset,
2024 3177 2077 3198 non
2098 3171 2209 3197 videret.
2235 3169 2309 3202 Quos

1346 3212 1418 3238 enim
1433 3213 1659 3246 praedestinavit,
1680 3213 1741 3241 illos
1760 3216 1785 3241 et
1803 3214 1909 3242 vocavit
1932 3214 2025 3250 [Rom.
2044 3216 2069 3249 8,
2089 3215 2153 3249 30.].
2172 3228 2208 3235 -
2229 3216 2310 3247 Supe-

1346 3257 1402 3283 rius
1420 3264 1468 3288 pro
1487 3257 1615 3292 affectum
1634 3258 1656 3284 11
1675 3258 1789 3293 factum.

1416 3297 1428 3314 ³
1447 3302 1479 3328 Ut
1497 3302 1593 3328 dicitur
1611 3308 1692 3335 supra
1711 3310 1738 3329 v.
1758 3304 1790 3335 3,
1808 3307 1867 3336 post
1886 3311 1966 3337 quem
1985 3305 2026 3330 Ps.
2051 3304 2112 3336 137,
2131 3304 2156 3330 6.

1417 3342 1439 3360 ¹⁰
1459 3345 1560 3372 Scilicet
1578 3346 1761 3374 interlinearis
1780 3347 1822 3381 (ex
1842 3348 1975 3381 Ambros„
1993 3348 2057 3375 vui.
2077 3348 2104 3374 ln
2122 3348 2185 3375 Luc.
2214 3353 2237 3373 c.
2266 3346 2309 3372 19.

1347 3396 1371 3415 n.
1392 3389 1444 3421 82.)
1466 3389 1491 3415 in
1511 3391 1573 3416 Luc.
1593 3390 1640 3422 19,
1660 3391 1686 3417 5.

1418 3429 1438 3447 ¹¹
1461 3433 1578 3460 ver-³:13.
1599 3437 1624 3460 et
1642 3434 1668 3460 7.

2337 1409 2424 1431 Christi.
