2476 3921
168 492 295 514 Notandum.

161 757 299 805 Eratlbcrude-

220 791 245 805 is.

169 1289 219 1309 Erat
233 1289 298 1309 fatua.

181 1607 205 1627 Et
221 1608 301 1627 invere-

202 1633 278 1654 cunda.

171 1924 297 1946 Secundum.

317 232 382 265 [224

316 325 347 354 et
378 320 512 362 cognitio
544 319 710 361 pauperis,
740 326 835 360 quem
867 317 1029 358 despexit,
1062 320 1092 348 et
1125 315 1275 348 memoria

316 375 465 411 fratrum,
490 382 570 415 quos
598 372 744 413 reliquit,
768 375 804 403 ut
836 371 874 403 de
903 371 970 403 visa
1004 370 1104 412 gloria
1138 368 1274 410 despecti

317 428 408 460 etde
439 435 538 468 poena
569 425 722 457 inutiliter
753 427 930 457 amatorum
961 423 1097 465 amplius
1130 426 1275 464 torquea-

317 486 370 514 tur
387 494 416 512 ».
443 480 478 512 Et
502 479 578 512 illud
595 482 642 512 est
665 478 833 520 praecipue
850 486 975 515 verum,
1000 476 1125 518 quando
1142 476 1276 508 imitato—

318 543 368 567 res
402 533 556 566 scelerum
591 532 764 564 alienorum
801 534 875 563 sunt
912 530 1076 572 participes
1108 528 1276 570 supplicio-

317 596 406 625 rum;
431 586 514 629 unde
544 585 757 627 Gregorius¹:
788 597 802 612 «
820 584 859 616 Ut
891 586 1070 625 peccatores
1094 582 1125 614 in
1157 580 1276 622 suppli-

318 641 373 674 ciis
388 640 522 682 amplius
538 642 757 681 torqueantur,
774 641 804 670 et
828 646 938 670 eorum
956 636 1106 669 videbunt
1129 635 1275 677 gloriam,

318 702 398 735 quos
421 696 694 733 contempserunt,
719 694 749 723 et
774 691 899 722 illorum
929 698 1077 731 poenam,
1103 697 1182 729 quos
1207 687 1276 719 inu-

319 747 414 779 tiliter
438 748 669 778 amaverunt».
688 763 731 767 -—
757 744 828 775 Erat
852 747 956 775 autem
981 743 1058 774 haec
1083 741 1190 783 petitio
1214 749 1276 773 non

319 800 420 832 solum
445 797 578 830 carnalis
603 800 747 838 respectu
771 796 838 834 sui,
871 804 981 828 verum
1005 794 1099 827 etiam
1132 793 1276 830 crudelis

319 855 462 894 respectu
488 851 642 893 proximi,
668 851 742 892 quia
758 853 887 891 propter
911 857 1049 880 amorem
1075 856 1204 880 suorum
1225 856 1276 887 pa-

318 909 443 937 rentum
468 904 641 936 carnalium
659 903 796 941 volebat,
817 902 902 944 quod
919 902 1053 934 Lazarus
1072 900 1276 942 egrederetur

319 957 421 989 sinum
447 956 562 998 quietis
585 960 616 987 et
640 956 699 987 iret
723 955 752 987 in
780 955 882 986 locum
907 954 1140 995 periculorum,
1165 956 1201 984 ut
1224 961 1276 984 ve-

318 1010 460 1042 rificetur
484 1009 560 1041 iilud
578 1009 607 1040 in
630 1017 666 1041 eo
684 1007 925 1040 Proverbiorum
942 1006 1126 1039 duodecimo
1140 1006 1166 1037 2:
1190 1019 1203 1034 α
1222 1006 1277 1037 No-

320 1064 363 1095 vit
386 1063 489 1095 iustus
512 1063 631 1094 animas
655 1059 867 1094 iumentorum
895 1070 1047 1098 suorum,
1074 1060 1191 1092 viscera
1221 1068 1277 1091 au-

319 1120 380 1149 tem
413 1116 583 1157 impiorum
620 1115 806 1147 crudelia».
842 1114 928 1147 Unde
963 1118 993 1146 et
1028 1113 1190 1151 Christus,
1222 1113 1275 1154 qui

320 1171 488 1207 Lazarum,
513 1169 641 1201 fratrem
672 1168 800 1206 Mariae,
832 1168 870 1200 ad
894 1168 989 1199 vitam
1023 1167 1197 1204 revocavit,
1222 1166 1277 1198 sse-

320 1223 399 1255 visse
423 1222 538 1254 dicitur
561 1222 683 1257 ,ioannis
707 1221 890 1254 undecimo:
921 1235 935 1249 «
953 1221 989 1252 Et
1011 1221 1203 1261 lacrymatus
1230 1223 1277 1252 est

318 1276 403 1309 Iesus
420 1289 449 1307 ».
465 1294 506 1299 —
521 1266 593 1307 Erat
609 1275 700 1307 etiam
716 1273 834 1316 fatua,
859 1275 933 1316 quia
957 1274 1119 1312 credebat,
1137 1274 1208 1315 plus
1225 1282 1277 1305 va-

319 1329 383 1361 lere
408 1328 538 1360 verbum
568 1328 703 1360 hominis
735 1328 851 1360 mortui
873 1336 970 1369 quam
996 1326 1179 1358 immortalis
1203 1326 1275 1364 Dei;

319 1381 403 1413 unde
419 1381 570 1422 impletur
587 1380 663 1412 illud
682 1380 881 1413 Ecclesiastae
897 1380 1016 1416 decimo
1031 1380 1057 1411 3:
1076 1392 1091 1407 κ(
1105 1379 1163 1411 Sed
1180 1379 1210 1411 in
1228 1379 1278 1411 via
1309 1373 1310 1380 ¹

319 1434 434 1467 stultus
449 1434 628 1471 ambulans,
645 1442 718 1466 cum
741 1433 809 1474 ipse
829 1433 868 1465 sit
892 1433 1023 1471 stultus,
1040 1441 1149 1464 omnes
1166 1432 1277 1464 stul-tos

318 1486 461 1518 aestimat
478 1499 493 1514 »
514 1490 572 1518 etc.
597 1485 683 1518 Unde
706 1485 824 1517 Glossa:
848 1499 863 1513 «ι
880 1485 987 1517 Serius
1011 1485 1061 1517 hic
1081 1485 1168 1517 dives
1189 1493 1278 1525 prae-

318 1538 437 1571 dicator
454 1538 561 1580 incipit
577 1547 662 1576 esse,
678 1547 751 1569 cum
770 1537 828 1570 iam
847 1546 904 1570 nec
920 1537 1056 1570 discendi
1083 1540 1206 1578 tempus
1223 1537 1277 1569 ha-

320 1592 391 1624 beat
422 1600 477 1624 nec
513 1591 689 1624 docendi».
713 1609 754 1614 —
770 1591 844 1623 Erat
868 1591 1010 1623 simi-liter
1035 1591 1277 1628 inverecunda,

322 1645 399 1687 quia
420 1654 517 1686 parva
539 1648 708 1686 negaverat
739 1647 770 1676 et
795 1644 885 1676 modo
915 1644 1053 1676 maxima
1079 1644 1277 1685 ‘postu-labat,

322 1701 430 1731 contra
455 1698 530 1730 iilud
548 1697 631 1740 quod
651 1697 766 1730 dicitur
785 1697 986 1730 Ecclesiastici
1005 1701 1119 1739 quarto
1131 1698 1158 1729 ⁴:
1182 1711 1196 1725 «
1213 1698 1277 1729 Non

322 1751 360 1783 sit
384 1755 528 1792 porrecta
552 1760 665 1783 manus
696 1755 750 1783 tua
778 1751 815 1783 ad
840 1751 1054 1792 accipiendum
1079 1755 1110 1783 et
1140 1750 1178 1782 ad
1202 1750 1278 1782 dan-

321 1804 396 1836 dum
421 1803 549 1836 collecta
565 1816 595 1835 ».

411 1857 461 1889 59.
488 1856 588 1895 (Vers.
615 1857 690 1896 29).
725 1857 865 1889 Secundo
897 1861 1050 1899 quantum
1078 1857 1114 1889 ad
1140 1857 1279 1899 denega-

321 1910 439 1942 tionem
464 1910 713 1942 misericordiae
736 1910 921 1951 postulatae
945 1910 1067 1943 subdit:
1096 1911 1133 1942 Et
1158 1910 1205 1942 ait
1230 1910 1279 1942 illi

321 1962 513 1995 Abraham:
540 1963 664 1995 Habent
688 1964 819 2005 Moysen
838 1968 870 1995 >et
896 1962 1103 2004 Propheta-s.;
1135 1963 1280 1994 audiant

321 2016 402 2048 iilos.
421 2017 571 2059 Moysen,
591 2016 627 2048 id
643 2019 690 2048 est
712 2016 886 2048 doctrinam
903 2016 1006 2057 Legis,
1028 2024 1109 2057 quae
1125 2015 1280 2048 audienda

321 2073 367 2102 est
392 2078 449 2110 pro
473 2068 687 2110 magnitudine
707 2069 910 2101 auctoritatis.
930 2068 1019 2107 Nam,
1035 2068 1279 2101 'proverbiorum

310 2122 470 2163 ,vigesimo
493 2121 643 2159 octavo⁵‚
666 2134 682 2150 «
698 2122 752 2163 qui
776 2122 891 2154 avertit
912 2131 1021 2154 aurem
1045 2130 1151 2160 suam,
1169 2130 1207 2154 ne
1223 2131 1279 2154 au-

322 2174 386 2207 diat
409 2175 538 2216 Legem,
562 2175 662 2207 oratio
686 2175 753 2207 eius
785 2175 837 2207 fiet
861 2175 1065 2207 exsecrabilis
1080 2188 1111 2207 ».
1145 2175 1179 2207 Et
1210 2175 1279 2207 ideo

321 2227 444 2260 dicebat
474 2228 631 2269 legislator
666 2228 898 2261 Deuteronomii
929 2228 1087 2270 trigesimo
1123 2228 1277 2268 secundo:

327 2294 341 2308 «
359 2280 485 2319 Audite,
502 2281 596 2320 caeli,
621 2290 701 2323 quae
718 2281 847 2323 loquor,
871 2281 978 2313 audiat
994 2284 1079 2314 terra
1103 2281 1199 2314 verba
1210 2281 1279 2314 oris

321 2333 428 2366 mei».
459 2347 473 2361 u
492 2334 567 2366 Date
591 2334 850 2375 magnificentiam
875 2334 939 2366 Deo
963 2338 1087 2371 uostro;
1121 2334 1174 2366 Dei
1208 2343 1279 2376 per-

322 2386 401 2419 tecta
424 2390 498 2426 sunt
521 2395 617 2428 opera
634 2400 662 2418 ».
690 2387 725 2419 Et
754 2386 870 2419 habent
900 2387 992 2419 etiam
1018 2386 1221 2429 Prophetas,
1242 2387 1277 2420 id

321 2443 368 2472 est
391 2440 565 2472 doctrinam
597 2440 823 2481 Prophetarum
848 2440 1032 2472 audiendam
1067 2450 1123 2481 pro
1147 2441 1277 2473 certitu-

321 2491 392 2523 dine
425 2491 580 2530 veritatis‚
613 2492 786 2524 secundum
811 2492 888 2524 iliud
920 2493 1074 2525 secundae
1100 2494 1179 2525 Petri
1213 2494 1278 2535 pri-

322 2544 414 2576 mo⁸:
445 2557 460 2572 «
478 2544 823 2577 Habemusvfirmiorem
842 2546 1059 2586 propheticum
1084 2555 1278 2584 sermonem,

297 2610 301 2614 ¹
322 2597 371 2628 cui
393 2596 471 2629 bene
488 2597 587 2629 facitis
610 2596 804 2629 attendentes
818 2599 979 2639 ‘tanquam‘
993 2598 1145 2630 lucernae
1162 2599 1276 2631 lucenti

904 228 1097 260 COMMENT.
1123 227 1159 259 IN
1184 225 1423 259 EVANGELIUM
1448 224 1565 257 LUCAE
1590 224 1621 256 C.
1647 223 1721 256 XVI.

1341 314 1371 346 in
1404 314 1571 355 caliginoso
1604 313 1688 350 loco,
1719 312 1817 344 donec
1840 311 1906 344 dies
1930 311 2107 351 illucescat,
2136 316 2167 347 et
2192 312 2303 346 lucifer

1341 366 1462 399 oriatur
1486 366 1517 399 in
1542 365 1690 398 cordibus
1714 364 1827 398 vestris
1844 378 1873 396 ».
1899 364 1958 405 Qui
1977 364 2072 398 huius
2092 364 2226 407 duplicis
2249 365 2303 398 do—

1341 419 1460 452 ctrinae
1485 419 1580 452 verba
1600 422 1661 451 tam
1679 417 1861 451 authentica
1884 421 1915 450 et
1934 420 1996 451 tam
2020 421 2106 454 certa
2127 418 2237 453 audire
2254 428 2304 451 re-

1341 476 1446 511 cusat,
1472 472 1590 504 nullam
1616 480 1747 513 prorsus
1777 470 1871 503 habet
1901 471 2148 505 excusationem.
2174 471 2303 513 Propter

1341 525 1423 566 quod
1441 524 1515 557 dicit
1529 524 1680 556 Dominus
1697 533 1753 565 per
1770 523 1931 558 Ieremiam
1950 523 2135 565 prophetam
2157 524 2304 560 Ieremiae

1341 578 1490 619 vigesimo
1515 581 1606 610 sexto
1621 578 1650 609 ⁷:
1680 590 1695 605 «
1712 577 1743 610 Si
1768 586 1830 610 non
1854 570 2018 609 audieritis
2042 586 2109 615 1116,
2135 580 2170 612 ut
2193 577 2305 613 ambu—

1342 631 1411 663 letis
1434 631 1465 663 in
1490 632 1568 672 Lege
1585 639 1668 669 mea,
1694 639 1788 672 quam
1813 630 1882 663 dedi
1901 630 2004 668 vobis,
2029 633 2065 662 ut
2088 630 2222 663 audiatis
2238 639 2304 663 ser-

1343 694 1449 717 mones
1481 694 1646 717 servorum
1679 693 1823 716 meorum
1856 684 2104 725 Prophetarum,
2137 693 2217 726 quos
2247 693 2305 726 ego

1342 739 1411 771 misi
1436 738 1473 771 ad
1499 748 1553 771 vos
1584 738 1623 770 de
1658 741 1748 770 nocte
1772 746 1983 779 consurgens,
2008 740 2039 770 et
2063 747 2126 771 non
2154 737 2303 776 audistis;

1341 792 1420 824 dabo
1442 792 1571 824 domum
1597 791 1687 824 istam
1713 791 1795 824 sicut
1823 791 1885 823 Silo
1917 794 1948 823 et
1979 791 2091 824 urbem
2116 791 2197 835 hauc
2225 791 2305 825 dabo

1341 846 1371 877 in
1397 845 1643 877 maledictionem
1660 858 1691 876 ».
1718 845 1746 876 Si
1773 844 1869 886 igitur
1893 844 2125 879 inexcusabiles
2149 847 2223 879 sunt
2250 845 2305 887 qui

1341 908 1402 931 non
1427 898 1559 930 audiunt
1584 898 1695 940 Legem
1719 901 1750 930 et
1768 897 1956 939 Prophetas,
1982 897 2306 938 prorsus-inexcusa—

1340 952 1418 984 biles
1439 955 1512 984 sunt
1529 951 1582 993 qui
1601 961 1662 984 non
1687 951 1820 983 audiunt
1843 951 2005 993 Apostolos
2019 954 2052 984 et
2077 951 2304 993 Evangelistas,

1342 1005 1437 1037 im-mo
1462 1014 1518 1037 nec
1543 1005 1641 1047 ipsam
1666 1004 1854 1046 Sapientiam
1883 1004 2088 1037 incarnatam.
2120 1004 2207 1037 Unde
2238 1004 2306 1047 ipsa

1341 1058 1548 1100 conqueritur
1578 1058 1822 1091 Proverhiorum
1854 1057 2000 1100 primoss:
2031 1058 2142 1099 «Quia
2178 1058 2304 1097 vocavi,

1341 1116 1372 1144 et
1396 1111 1562 1149 renuistis,
1587 1111 1714 1144 extendi
1736 1120 1864 1145 manum
1888 1120 2008 1150 meam,
2033 1114 2065 1144 et
2080 1121 2142 1144 non
2167 1111 2226 1144 fuit
2249 1112 2303 1154 qui

1341 1165 1494 1206 aspicere-t
1512 1177 1547 1203 »;
1577 1177 1593 1192 «
1610 1174 1667 1206 ego
1691 1174 1818 1206 quoque
1847 1165 1880 1197 in
1904 1164 2035 1197 interitu
2067 1168 2172 1197 vestro
2197 1164 2305 1198 ridebo

1342 1222 1372 1251 et
1389 1218 1606 1257 subsannabo,
1631 1227 1702 1251 cum
1723 1218 1808 1251 vobis
1825 1218 1885 1251 hoc
1905 1218 1988 1260 quod
2015 1218 2188 1257 timebatiS,
2212 1218 2305 1253 adve-

1342 1272 1424 1305 nerit
1441 1285 1470 1303 ».
1494 1272 1554 1313 Qui
1580 1272 1660 1304 hanc
1678 1271 1885 1313 Sapientiam,
1910 1281 1991 1314 quae
2013 1285 2028 1300 «
2046 1271 2123 1304 soris
2147 1271 2306 1313 praedicat

1342 1326 1371 1357 in
1399 1325 1533 1367 plateis⁰
1549 1338 1581 1363 »,
1605 1334 1666 1357 non
1694 1325 1762 1357 vult
1785 1324 1895 1357 audire
1925 1333 2058 1366 prorsus
2082 1324 2306 1357 inexcusabilis

1342 1383 1405 1417 est,
1431 1380 1505 1421 quia
1524 1379 1580 1411 sihi
1606 1379 1774 1420 perhibent
1790 1378 2004 1411 testimonium
2022 1379 2086 1411 Lex
2111 1382 2142 1411 et
2167 1378 2304 1420 Prophe-

1342 1436 1400 1465 tae.
1418 1432 1504 1465 Unde
1520 1431 1665 1464 Matthaei
1690 1431 1810 1464 decimo
1834 1431 1967 1473 septimo
1982 1432 2023 1463 ¹⁰:
2055 1444 2070 1460 «
2084 1432 2305 1473 Apparuerunt

1342 1486 1387 1518 eis
1411 1486 1530 1527 Moyses
1553 1489 1584 1517 et
1616 1485 1712 1523 Elias,
1738 1493 1809 1517 cum
1834 1494 1870 1517 eo
1902 1485 2067 1527 loquentes
2084 1497 2119 1522 »;
2149 1497 2164 1513 «
2186 1488 2217 1517 et
2242 1494 2304 1517 vox

1344 1539 1382 1571 de
1414 1538 1498 1571 nube
1534 1538 1614 1571 sacta
1648 1543 1717 1571 est:
1750 1539 1803 1571 Hic
1827 1541 1875 1571 est
1899 1538 1994 1571 Filius
2028 1547 2119 1571 meus
2154 1538 2305 1577 dilectus,

1343 1593 1446 1634 ipsum
1471 1592 1576 1625 audite
1591 1606 1622 1624 ω.
1650 1592 1684 1624 Ε1
1702 1595 1867 1634 propterea
1891 1592 2007 1624 dicitur
2023 1591 2062 1624 ad
2087 1592 2241 1625 Hebraeos
2257 1601 2306 1625 se—

1343 1646 1445 1678 cundo
1460 1647 1503 1677 11:
1534 1659 1549 1675 «
1566 1645 1713 1687 Oportet,
1739 1654 1795 1677 uos
1824 1645 1993 1678 observare
2017 1654 2054 1678 ea
2080 1654 2161 1687 quae
2184 1646 2306 1678 audivi-

1345 1707 1433 1736 mus,
1457 1707 1497 1730 ne
1520 1698 1600 1730 forte
1625 1698 1859 1740 pereffluamus.
1886 1698 1914 1730 Si
1940 1698 2022 1731 enim
2048 1698 2101 1740 qui
2127 1707 2183 1740 per
2207 1700 2305 1741 Ange-

1343 1752 1388 1784 los
1412 1752 1515 1784 dictus
1538 1755 1585 1784 est
1602 1761 1705 1784 sermo
1725 1752 1829 1784 vfactus
1846 1756 1892 1784 est
1917 1752 2047 1789 firmus;
2072 1751 2230 1793 quomodo
2246 1762 2303 1786 nos

1343 1804 1546 1846 effugiemus,
1579 1804 1603 1836 si
1630 1808 1746 1836 tantam
1782 1804 2018 1846 neglexerimus
2053 1804 2186 1836 salutem
2203 1807 2243 1836 »2³
2269 1805 2305 1836 Et

1343 1858 1381 1890 ad
1405 1858 1560 1890 Hebraeos
1583 1857 1784 1890 duodecimo:
1816 1870 1831 1885 «
1848 1857 2026 1891 Accessisti‘s
2049 1856 2087 1889 ad
2117 1856 2186 1889 novi
2213 1859 2306 1890 testa-

1345 1910 1441 1942 menti
1470 1910 1671 1942 mediatorem
1708 1910 1809 1942 Iesum
1838 1913 1869 1941 et
1904 1909 2065 1950 sauguinis
2092 1908 2305 1951 aspersionem

1345 1963 1444 1995 multo
1468 1962 1580 1995 melius
1604 1963 1783 2004 loquentem
1809 1971 1903 2004 quam
1929 1962 2011 1995 Abel.
2037 1962 2163 2001 Videte,
2192 1971 2232 1995 ne
2256 1971 2306 1995 re-

1344 2015 1460 2048 cusetis
1484 2015 1662 2057 loquentem
1681 2028 1710 2047 ».

1434 2069 1484 2100 60.
1519 2068 1619 2109 (Vers.
1650 2068 1727 2109 30.).
1757 2068 1862 2101 Tertio
1890 2071 2044 2110 quantum
2076 2068 2115 2101 ad
2142 2068 2305 2101 rationem

1341 2121 1508 2164 petitionis
1528 2122 1720 2164 propositae
1743 2122 1845 2154 addit:
1866 2123 1914 2156 ,At
1940 2122 1990 2154 ille
2006 2122 2109 2155 discit:
2129 2122 2220 2161 Νοη,
2242 2132 2311 2165 pa-.

1344 2179 1391 2208 ter
1416 2174 1610 2214 Abraham,
1635 2176 1691 2208 sed
1714 2176 1745 2208 si
1768 2176 1843 2218 quis
1867 2185 1907 2208 ex
1930 2176 2074 2208 mortuis
2099 2176 2175 2208 ierit
2198 2176 2244 2208 ad
2267 2175 2306 2208 il-

1345 2229 1392 2261 los
1407 2229 1443 2268 ¹2,
1468 2229 1704 2271 poenitentiam
1724 2233 1829 2271 aperit.
1848 2230 1880 2262 ln
1899 2229 1957 2262 hoc
1973 2229 2156 2262 ostendebat
2171 2229 2306 2264 fratrum

1343 2291 1475 2314 suorum
1501 2281 1754 2320 carnalitatem,
1772 2286 1881 2324 utpote
1905 2282 1958 2324 qui
1978 2282 2075 2324 magis
2099 2285 2306 2315 moverentur

1343 2335 1381 2367 ad
1412 2336 1607 2377 corporalem
1640 2336 1875 2369 suscitationem
1907 2345 2002 2378 quam
2034 2336 2082 2368 ad*
2109 2336 2305 2378 spiritualem

1344 2388 1574 2420 revelationem.
1600 2388 1686 2421 Unde
1711 2388 1741 2420 111
1766 2392 1857 2420 erant
1880 2388 1918 2421 de
1942 2397 2077 2423 numero
2101 2388 2244 2427 illorum,
2268 2387 2307 2420 de

1343 2441 1459 2483 quibus
1483 2441 1656 2483 Sapientiae
1681 2442 1818 2474 secundo
1833 2442 1875 2473 ¹³:
1907 2455 1921 2469 (ι
1938 2442 2097 2474 Dixerunt
2121 2441 2206 2483 impii
2223 2441 2306 2483 apud

1343 2495 1527 2536 semetipsos
1559 2495 1729 2536 cogitantes
1762 2504 1822 2527 non
1848 2498 1932 2527 recte
1949 2507 1984 2526 »ε
2015 2507 2029 2523 «
2048 2495 2113 2527 Non
2137 2493 2307 2531 65116111-

1343 2547 1465 2588 gerium
1503 2548 1533 2579 in
1570 2548 1631 2580 fine
1667 2548 1820 2585 hominis,
1857 2551 1888 2580 et
1923 2557 1983 2580 non
2017 2551 2064 2580 est
2095 2547 2149 2589 qui
2182 2546 2307 2588 agnitus

1343 2599 1382 2631 sit
1410 2608 1559 2631 reversus
1582 2600 1622 2632 ab
1650 2599 1757 2632 inseris
1782 2613 1811 2631 ».
1847 2600 1878 2631 111
1910 2600 1968 2632 hoc
2000 2599 2093 2632 etiam
2125 2598 2307 2631 ostendebat

394 2765 401 2779 ²
423 2767 481 2791 Loc.
501 2767 543 2791 111.

392 2809 402 2824 ²
425 2811 496 2836 Vei-s.
517 2811 610 2835 4ομ-
630 2810 747 2836 Subinde
761 2812 974 2843 allegatur-ioan.
995 2814 1043 2843 Η,
1064 2814 1105 2838 35.

392 2853 402 2867 ³
424 2855 498 2880 vers.
521 2856 544 2880 3.
556 2868 598 2874 *-
616 2856 705 2880 Glossa
725 2863 780 2888 seq.
800 2860 839 2881 est
851 2855 1007 2887 ordinaria,
1028 2857 1053 2881 in
1073 2864 1123 2889 qua
1145 2865 1192 2889 pro
1203 2864 1280 2890 prae-

322 2898 424 2925 amtor
454 2899 496 2930 (itn
524 2898 615 2931 ACD)
636 2900 683 2924 ‘alii
709 2899 785 2925 codd.
812 2907 872 2925 cum
899 2904 966 2926 textu
996 2901 1113 2932 originali
1139 2901 1278 2934 maffl'ster.

322 2944 410 2968 (iiossa
430 2944 494 2969 hacc
513 2946 551 2969 est
570 2943 705 2974 Ambros.‚
730 2944 787 2969 Vill.
809 2945 833 2969 in
848 2945 908 2970 Luc.
924 2952 945 2970 e.
961 2946 1002 2970 16.
1021 2953 1048 2971 u.
1072 2946 1118 2971 ⁴9:
1139 2946 1219 2971 Serus
1238 2953 1281 2971 au-

322 2988 535 3013 ‹ematvesiste
561 2988 684 3020 magister
704 2988 859 3020 incipitetc.
887 2989 945 3020 (Pro
971 2989 1065 3016 Serius
1092 2990 1180 3021 plures
1199 2990 1278 3016 codd.

322 3031 487 3057 substituisse
505 3032 628 3058 videntur
648 3031 818 3066 Hieronymi,
840 3034 859 3058 ll
880 3032 1053 3067 Hieronymi:
1073 3033 1188 3066 Sarius).

392 3075 403 3090 ⁴
423 3076 498 3101 Vere.
516 3077 558 3101 36,

392 3119 403 3133 ⁶
423 3120 496 3146 Vers.
517 3121 542 3146 9.
561 3133 595 3139 —
614 3120 731 3146 Subinde
750 3122 895 3153 allegantur
914 3122 989 3147 Deut.
1007 3122 1055 3153 32,
1076 3123 1098 3148 t.
1118 3125 1143 3147 et
1163 3122 1186 3147 3.
1207 3129 1263 3154 seq.

392 3163 403 3178 ⁶
423 3165 497 3190 Vers.
518 3165 560 3190 ts.
571 3176 607 3184 —
620 3165 755 3196 Amin-os„
770 3166 830 3191 vm.
845 3166 869 3191 in
883 3167 981 3192 Lu‹·..>c.
996 3167 1038 3191 16.
1051 3167 1137 3192 0.·191
1152 3167 1210 3198 Quo
1224 3166 1280 3191 loco

321 3209 518 3234 evidentissime
536 3209 651 3235 declarat
670 3210 813 3241 Dominus,
833 3214 908 3235 vetus
933 3214 1117 3236 testamentum
1142 3218 1199 3236 esse
1220 3210 1280 3236 (idei

324 3254 532 3283 tii-momentum,
551 3254 694 3279 retundens
714 3254 850 3285 perfidiam
862 3254 1020 3280 ludaeorum
1040 3258 1065 3279 et
1084 3255 1226 3280 excludens
1239 3261 1280 3279 ne-

323 3296 417 3328 quitias
426 3302 428 3305 ’
437 3297 634 3323 haereticorum.

392 3338 401 3353 ⁷
425 3341 498 3366 Vers.
518 3341 532 3365 t
545 3341 571 3367 6.
590 3341 640 3367 Gsr.
661 3342 764 3367 llieron.
784 3342 809 3367 in
829 3343 900 3367 huuc
918 3342 966 3368 loc.

393 3383 404 3398 ⁸
424 3385 496 3410 Vers.
518 3385 558 3410 24.
578 3389 603 3411 ct
622 3386 663 3411 26.

1415 2769 1425 2783 ³
1445 2771 1522 2795 Prov.
1545 2771 1572 2799 t,
1593 2770 1634 2794 20.
1656 2769 1772 2795 Subinde
1792 2770 1929 2801 respicitur
1949 2770 2018 2795 ioan.
2039 2770 2069 2800 5,
2090 2770 2137 2794 39:
2159 2769 2216 2794 illae
2231 2769 2307 2801 (Scri-

1345 2814 1451 2847 pturne]
1471 2818 1546 2844 suut,
1565 2821 1633 2846 quae
1653 2814 1829 2839 testimouium
1850 2814 1988 2846 perhibent
2006 2815 2040 2839 de
2060 2821 2112 2839 me.

1417 2857 1438 2871 ¹0
1459 2858 1533 2883 Vcrs.
1552 2859 1576 2882 3.
1597 2862 1621 2882 61
1642 2858 1666 2882 5.
1753 2857 1771 2871 ¹¹
1795 2859 1868 2885 Vers.
1893 2859 1943 2884 1-3.
1963 2862 1987 2884 ct
2007 2859 2102 2884 deiude
2124 2860 2169 2889 12,
2190 2858 2231 2884 24.
2252 2865 2306 2890 seq.

1417 2901 1438 2915 ¹²
1460 2902 1517 2927 Vat.
1539 2909 1599 2927 cum
1622 2903 1732 2934 Vulgata
1752 2906 1777 2928 et
1792 2904 1977 2934 pauciscodd.
1999 2910 2059 2935 θοᾶς
2081 2905 2127 2928 cfr.
2152 2904 2177 2929 S.
2197 2903 2307 2933 Thom.,

1344 2945 1398 2972 Cat.
1421 2953 1498 2971 aurea
1521 2946 1544 2971 iu
1566 2947 1625 2972 Luc.
1642 2947 1683 2971 iti.
1701 2954 1725 2971 n.
1746 2947 1770 2971 6.

1416 2989 1437 3005 ¹²³
1458 2991 1532 3017 Vers.
1552 2992 1578 3016 1.
1596 3005 1632 3010 -
1651 2992 1839 3023 'l'heopliylact.
1860 2992 1884 3017 in
1905 2994 1966 3019 Luc.
1986 2993 2035 3023 46,
2056 2993 2151 3019 27-34:
2175 2992 2251 3023 Non,
2271 2991 2307 3016 111-

1344 3033 1415 3065 quit,
1432 3036 1518 3066 paler.
1540 3035 1602 3059 Nam
1622 3035 1850 3067 quemadmodum
1864 3036 1936 3067 ipse,
1950 3037 2098 3068 Scripturas
2117 3036 2234 3067 audiens,
2253 3042 2307 3063 non

1344 3078 1491 3103 crediderat
1510 3082 1535 3103 ot
1555 3078 1654 3104 fabulas
1680 3086 1736 3105 csse
1758 3083 1860 3111 putarat
1879 3087 1907 3105 oa
1929 3087 1998 3112 quoe
2026 3080 2196 3111 dicebantur;
2219 3079 2308 3107 simili-

1345 3125 1382 3147 ter
1401 3122 1479 3147 etiam
1501 3124 1591 3148 t'rntrcs
1610 3130 1671 3149 suos
1691 3131 1718 3149 se
1748 3124 1844 3150 habere
1863 3124 2012 3156 suspicatus
2030 3126 2082 3155 est,
2102 3127 2127 3151 61
2145 3131 2175 3150 ex
2195 3131 2223 3150 56
2243 3123 2308 3149 iudi-

1344 3173 1405 3192 cans
1425 3166 1541 3198 dicebat,
1561 3167 1633 3199 quod
1653 3175 1705 3194 uon
1731 3168 1844 3195 audituri
1864 3168 1916 3195 sint
1940 3168 2105 3200 Scripturas,
2129 3169 2197 3195 sieut
2223 3174 2308 3200 neque

1347 3210 1415 3242 ipse,
1434 3211 1480 3236 sed
1500 3211 1521 3236 si
1541 3212 1601 3243 quis
1619 3219 1650 3236 cx
1671 3212 1780 3237 mortuis
1793 3216 1989 3238 resurrecturus
2007 3216 2089 3245 65561,
2109 3212 2233 3238 credituri
2248 3212 2308 3237 sint.

1346 3254 1398 3279 Cir.
1417 3254 1559 3286 chrysost,
1573 3255 1695 3281 Concion.
1711 3255 1734 3280 4.
1748 3256 1782 3281 de
1795 3257 1900 3286 Lazaro,
1915 3263 1940 3282 n.
1954 3257 1978 3287 2,
1993 3260 2018 3282 et
2031 3257 2150 3289 Gregor.,
2169 3256 2197 3282 ll.
2213 3255 2307 3281 Homil.

1347 3298 1372 3324 in
1392 3300 1491 3330 Evang.
1504 3299 1601 3325 homil.
1621 3299 1662 3325 to.
1682 3307 1708 3327 n.
1730 3300 1761 3330 9,
1780 3307 1811 3325 ex
1825 3307 1878 3333 quo
1897 3300 1988 3327 Glossa
2002 3300 2186 3327 interlinearis
2200 3300 2225 3325 in
2245 3300 2308 3324 Luc.

1346 3343 1387 3373 16,
1414 3343 1461 3368 3οι
1487 3342 1562 3374 Νοη,
1580 3345 1660 3376 puter
1680 3342 1834 3376 Abraham,
1854 3345 1900 3377 qui
1921 3344 2017 3378 [dives]
2037 3344 2119 3370 verbu
2145 3344 2191 3377 Dei
2215 3343 2307 3374 despe-

1344 3390 1416 3413 xerat
1436 3387 1610 3413 1166600606
1630 3395 1680 3414 non
1700 3395 1777 3420 posse
1797 3395 1859 3415 suos
1877 3395 2005 3421 sequaces
2019 3388 2130 3422 [tratres]
2144 3386 2307 3414 aestimabat.

2325 854 2443 892 Notandum
2452 872 2453 876 ,

2325 2079 2430 2101 Tertium.
