2476 3921
762 232 953 265 COMMENT.
982 231 1015 263 lN
1042 230 1278 262 EVANGELIUM
1305 229 1420 262 LUCAE
1444 230 1475 261 C.
1503 229 1545 261 ΙΙΙ.
2108 234 2144 264 81

174 338 188 352 «ι
206 325 305 357 Mittet
336 324 430 356 Filius
458 322 594 355 hominis
626 322 756 364 Angelos
787 330 912 359 suos»;
936 324 968 352 et
999 322 1126 361 postea:

133 369 137 374 ’
175 391 190 406 «
205 378 239 410 Et
255 376 491 419 congregabunt
506 376 622 408 electos
637 375 706 408 eius
721 384 740 406 a
752 378 889 416 quatuor
906 373 1006 406 ventis
1020 385 1035 401 ιι
1052 375 1126 410 etc.;

60 1287 148 1309 Divisio.

31 1553 149 1583 Membrum

42 1585 141 1607 primum.

21 2237 148 2265 secundum.

169 440 226 472 per
249 429 484 472 refulyentiam
501 429 605 466 lucis:
630 428 723 460 Isaiae
740 427 952 469 sexagesimo:
983 439 997 454 α
1010 426 1128 457 Omnes

170 484 219 517 isti
244 483 421 525 congregati
446 485 537 521 sunt,
561 484 716 515 venerunt
740 481 793 513 tibi
811 492 847 519 »;
872 489 928 521 per
944 488 1128 512 consonan-

170 536 253 568 tiam
281 536 413 573 laudis,-
444 535 603 568 Psalmus:
633 547 648 563 τε
673 534 780 567 Salvos
811 542 867 566 nos
897 533 963 571 sac,
996 532 1127 564 Domine

169 589 253 621 Deus
276 585 397 626 noster‘3
422 591 453 620 et
468 596 623 629 congrega
646 596 703 619 nos
722 587 760 619 de
776 586 970 623 nationibus,
995 588 1031 617 ut
1054 593 1127 617 con-

169 642 315 674 fiteamur
338 641 455 673 nomini
474 644 581 673 sancto
605 644 659 672 tuo
675 653 705 671 ».

299 755 464 782 Pandionio
482 754 586 781 Ioannis
606 753 796 781 commendatiu-
814 753 894 780 tortio
914 752 995 787 quoad

431 799 563 834 perfidiam
582 798 692 834 tyranni
711 797 864 833 tripliciter.

257 908 310 941 44.
329 908 429 949 (Vers.
456 908 529 948 18.).
563 906 667 939 Multa
690 907 821 950 quictem
853 910 880 938 et
912 905 983 938 alia
1011 904 1127 937 exhor-

169 966 244 994 tans
273 960 526 1003 evanqelizabat
549 963 607 993 etc.
638 960 740 1001 Supra
776 959 1006 992 commendavit
1038 967 1128 1000 prae-

167 1015 353 1048 dicationem
379 1014 499 1047 {oannis
537 1014 566 1046 in
603 1013 835 1055 comparatione
863 1013 901 1045 ad
936 1012 1127 1054 exigentiam

170 1069 273 1110 pepuli
299 1071 329 1101 et
364 1067 582 1101 excellentiam
607 1067 740 1105 Cliristi3
778 1067 807 1099 in
833 1066 891 1099 hac
928 1068 1017 1107 parte
1045 1074 1128 1098 com-

167 1121 294 1154 mendat
317 1121 347 1153 in
372 1121 604 1162 comparatione
635 1120 673 1153 ad
694 1119 872 1162 perfidiam
907 1119 1064 1162 tyranni,
1098 1119 1127 1151 in

168 1184 231 1217 qua
254 1175 401 1207 laudatur
427 1174 590 1216 patientia,
614 1174 706 1216 quia,
732 1173 973 1206 Proverbiorum
1008 1173 1129 1205 decimo

168 1237 250 1260 nono
269 1229 290 1267 ¹,
320 1240 334 1256 α
351 1227 494 1260 doctrina
517 1227 575 1259 viri
601 1236 657 1269 per
682 1226 861 1268 patientiam
887 1226 1070 1258 noscitur».
1098 1226 1129 1257 ln

169 1281 227 1314 hac
251 1281 348 1323 igitur
372 1283 460 1322 parte
490 1280 593 1322 primo
616 1279 829 1312 introducitur
861 1280 988 1311 loannes
1011 1278 1128 1311 exhor—

169 1338 245 1367 tans
259 1333 421 1376 poputum
437 1332 648 1370 obedientem
664 1332 816 1370 secundo,
834 1332 1018 1373 corripiens
1033 1331 1128 1373 prin-

168 1387 272 1429 cipem
300 1385 614 1428 praevaricantem
639 1385 749 1424 tertio,
780 1385 947 1417 sustinens
970 1385 1128 1416 adversa-

168 1439 259 1472 rium
281 1443 535 1481 persequentem.

257 1492 415 1533 Quantum
451 1501 526 1533 ergo
554 1491 591 1524 ad
627 1490 885 1523 exhortacionem
908 1490 1025 1533 populi
1058 1490 1129 1522 obe-

168 1545 289 1578 dientis
323 1545 456 1578 dicitur:
482 1544 585 1577 structa
620 1544 749 1588 quidem
787 1548 815 1576 et
846 1544 917 1576 alia
949 1542 1129 1576 exhortans

168 1597 422 1641 evangelizabat
448 1597 592 1640 poputo;
625 1597 678 1630 sed
702 1601 805 1630 tamen
840 1597 945 1629 omnia
968 1600 1058 1629 erant
1089 1596 1128 1628 ad

169 1651 285 1684 bonum
302 1650 458 1689 ordinata;
476 1649 631 1683 secundae
643 1650 681 1682 ad
697 1650 875 1682 Corinthios
892 1653 983 1682 sexto
996 1650 1023 1681 ²:
1043 1662 1058 1678 «
1075 1649 1129 1681 Ad—

169 1704 312 1737 iuvantes
342 1704 572 1742 exhortamur,
604 1713 643 1736 ne
675 1703 705 1735 in
739 1712 875 1735 vacuum
908 1702 1041 1745 gratiam
1073 1702 1127 1734 Dei

168 1758 357 1799 recipiatis»
388 1760 465 1795 etc.;
489 1761 520 1789 et
544 1757 663 1798 primae
698 1756 736 1789 ad
760 1755 1052 1789 Thessalonicenses
1080 1763 1128 1787 se-

169 1811 285 1844 cundo:
323 1811 538 1843 «Exhortatio
571 1819 639 1843 mea
670 1819 730 1842 non
763 1809 802 1842 de
825 1818 950 1847 errore,
981 1812 1037 1841 aut
1069 1808 1126 1840 im-

170 1864 322 1897 munditia
352 1873 409 1897 nec
433 1864 463 1896 in
493 1863 581 1902 dolo,
606 1863 660 1896 sed
688 1863 769 1895 sicut
793 1862 913 1904 probati
940 1870 1068 1900 sumus,
1093 1864 1129 1893 ut

168 1916 352 1950 crederetur
387 1917 476 1949 nobis
510 1916 753 1958 Evangelium».
788 1915 823 1948 Et
858 1915 927 1947 ideo
959 1914 1124 1947 subditur:
1154 1939 1157 1943 .

170 1961 451 2012 Evanyelizabat,
485 1969 514 2001 id
549 1973 614 2007 est,
650 1969 732 2001 bona
765 1968 997 2006 annuntiabat;
1035 1967 1128 2000 Isaiae

168 2023 428 2065 quinquagesimo
444 2022 582 2055 secundo
594 2023 622 2055 ³:
652 2035 667 2051 «
685 2023 785 2064 Quam
802 2022 902 2064 pulcri
929 2030 1025 2063 super
1041 2030 1130 2054 mon-

169 2079 215 2109 tes
232 2076 325 2118 pedes
349 2076 564 2108 annuntiantis
584 2079 615 2108 et
627 2075 847 2118 'praedicantis
863 2083 989 2117 pacem,
1006 2083 1129 2106 annun-

169 2129 275 2163 tiantis
299 2129 629 2171 bona‚'praedicantis
654 2129 786 2162 salutem
803 2142 818 2157 »
848 2132 905 2161 etc.

258 2183 310 2216 45.
334 2183 435 2224 (Vers.
457 2184 530 2220 19).
549 2184 709 2224 Quantum
726 2182 763 2215 ad
781 2182 1019 2224 eorreptionem
1032 2183 1129 2224 prin-

168 2237 253 2279 cipis
276 2237 549 2279 praevaricantis
580 2236 745 2269 subditur:
778 2236 922 2268 Herodes
953 2240 1064 2268 autem
1088 2240 1130 2269 te-

168 2288 327 2328 trarcha,
352 2290 390 2322 de
415 2299 479 2332 quo
503 2289 644 2322 habitum
677 2292 724 2321 est
748 2298 845 2330 supra
875 2289 982 2321 eodem
1000 2289 1024 2327 ⁴,
1053 2298 1129 2321 eum

168 2342 395 2384 corriperetur
419 2341 461 2374 ab
492 2341 547 2374 icto
570 2341 608 2373 (te
640 2341 846 2379 Herodiade,
871 2351 976 2373 uxore
1005 2340 1129 2383 fratris

167 2396 246 2434 sui;
270 2395 414 2428 Matthaei
439 2395 560 2428 decimo
576 2399 707 2437 quarto:
738 2408 752 2423 κ
770 2394 898 2427 Dicebat
923 2395 1050 2427 loannes
1073 2395 1129 2427 He-

168 2449 254 2481 rodi:
280 2449 345 2481 Non
370 2448 441 2481 licet
467 2448 520 2481 tibi
546 2448 663 2481 habere
686 2457 754 2481 eam
782 2462 811 2480 ».
844 2449 880 2480 Et
903 2448 941 2480 de
976 2447 1130 2480 omuibus

168 2502 286 2540 malis,
311 2511 396 2545 quae
418 2501 496 2544 feeit
519 2501 672 2534 Herode-s.
700 2502 735 2533 Et
759 2501 801 2533 ita
825 2511 885 2534 nou
911 2501 1059 2543 parcebat
1083 2502 1128 2540 ei;

170 2554 372 2587 Ecclesiastici
408 2554 571 2587 decim05:
602 2555 738 2587 «Gloria
773 2555 924 2592 divitum,
961 2554 1129 2587 honorato-

169 2617 246 2641 rum»
265 2612 296 2641 et
319 2617 495 2650 pauperum
523 2607 614 2640 timor
632 2608 684 2641 Dei
711 2611 774 2646 est,
800 2617 861 2640 non
890 2607 1050 2649 despicere
1074 2608 1130 2640 ho-

168 2661 283 2694 minem
308 2661 427 2694 iustum
452 2670 641 2703 pauperem,
666 2664 697 2694 et
721 2670 781 2693 non
799 2661 1000 2703 magnificare
1025 2661 1129 2694 virum

169 2718 363 2756 peccatorem
381 2714 508 2747 divitem
525 2728 556 2746 ».
579 2714 664 2747 Unde
689 2714 746 2746 sibi
771 2715 920 2756 competit
943 2714 1021 2747 illud
1045 2714 1130 2756 quod

168 2767 284 2800 dicitur
307 2767 345 2800 de
369 2767 468 2800 Eliseo
493 2767 697 2800 Ecclesiastici
730 2762 971 2809 quadragesimo
1002 2771 1129 2800 octavo:

174 2833 189 2848 «
208 2820 238 2852 ln
263 2820 374 2853 diebus
397 2821 463 2854 suis
487 2829 547 2852 non
573 2819 737 2862 pertimuit
753 2820 943 2861 principem,
967 2823 998 2852 et
1023 2824 1130 2862 poten—

240 2997 248 3011 ¹
271 2998 345 3023 Vers.
370 2999 407 3023 11.
427 3013 461 3018 -—
480 2999 598 3024 Vocibus
617 2998 747 3025 laudatur
766 2998 895 3032 patientia
920 2999 979 3025 Vat.
999 2999 1130 3025 interserit

169 3041 296 3068 eiusdem.

239 3084 250 3100 ²
272 3086 345 3112 Vers.
366 3086 393 3117 l,
415 3091 475 3118 post
493 3094 573 3119 quem
594 3087 610 3112 Ι.
632 3088 723 3113 Thess.
743 3088 774 3118 2,
795 3088 819 3113 3.
839 3094 894 3120 seq.
909 3101 943 3106 —
957 3087 1084 3119 Superius
1098 3095 1128 3113 ex

170 3130 218 3157 BC
237 3130 389 3156 addidimus
408 3130 545 3157 ordinata.

240 3173 251 3188 ³
271 3175 345 3200 Vers.
364 3175 388 3200 7.
409 3188 444 3194 -
463 3175 590 3206 Superius
609 3182 657 3207 pro
678 3176 710 3202 Et
729 3174 785 3202 ideo
807 3176 863 3201 Vet.
884 3175 918 3201 Et
935 3174 1016 3202 ratio.

239 3217 250 3233 ⁴
271 3219 345 3244 Vers.
369 3219 410 3244 19.
428 3232 464 3238 -
483 3219 606 3251 Sequitur
625 3219 711 3245 Mattli.
733 3220 778 3250 14,
793 3219 817 3245 4.
831 3219 913 3251 Beda,
934 3220 951 3245 l.
969 3219 996 3245 in
1015 3220 1077 3245 Luc.
1099 3220 1128 3250 3,

172 3263 218 3288 19:
237 3263 313 3295 Quod
334 3270 384 3288 non
414 3263 454 3288 his
482 3261 601 3288 diebus...
626 3263 761 3289 sciendum
787 3267 826 3289 est
851 3270 909 3288 esse
937 3266 1041 3295 gestum
1062 3263 1128 3295 [scil.

169 3307 289 3332 loannem
310 3307 419 3332 missum
439 3313 496 3332 esse
516 3307 540 3332 iu
560 3306 712 3340 carceremJ.
733 3314 826 3333 verum
841 3307 874 3332 ab
894 3308 943 3332 hoc
963 3307 1128 3338 evangelista

170 3353 277 3382 propter
295 3350 507 3382 exaggerandam
526 3350 637 3376 Herodis
657 3351 781 3376 malitiam
808 3350 1035 3385 praeoccupando
1055 3358 1128 3376 com—

170 3397 353 3420 memoratum.

276 3446 306 3473 S.
322 3447 423 3473 Bonae.
435 3461 470 3466 —
483 3448 558 3473 Toni.
574 3447 624 3473 Vll.

1193 318 1235 350 tia
1251 327 1344 350 nemo
1369 318 1441 350 vicit
1458 318 1565 355 illum,
1590 327 1646 350 nec
1671 319 1831 360 superavit
1848 328 1920 351 eum
1947 321 2077 352 verbum
2095 320 2150 352 aii-

1192 372 1319 413 quod».
1346 371 1382 403 Et
1405 371 1479 412 quia
1503 371 1627 412 publice
1645 372 1808 413 peccabat,
1834 372 1956 413 publice
1981 374 2149 414 arguebat,

1192 424 1365 457 secundum
1381 424 1456 456 illud
1475 424 1593 465 primae
1610 425 1647 456 ad
1661 425 1858 457 Timotheum
1877 426 2026 467 quint0⁴³:
2051 440 2065 454 α
2080 427 2150 459 l‘ec-

1192 481 1314 510 cantem
1330 486 1434 510 coram
1459 478 1606 510 omnibus
1622 487 1737 520 argue,
1764 482 1798 510 ut
1814 479 1908 511 ceteri
1935 480 2077 512 timorem
2098 481 2151 512 ha-

1193 531 1329 568 beant»,
1353 533 1384 562 et
1405 531 1464 562 hoc
1488 530 1613 571 quidem
1630 531 1796 569 audacter;
1814 532 1852 563 ad
1878 533 1980 564 Titum
1999 533 2150 565 secundo:

1198 584 1309 616 «Haec
1337 583 1466 624 loquere
1497 586 1527 615 et
1559 583 1730 616 exhortare
1761 588 1792 616 et
1827 594 1923 625 argue
1960 595 2031 617 cum
2067 586 2149 618 omni

1193 636 1325 677 imperio
1342 650 1371 667 ».

1281 689 1332 721 46.
1352 689 1453 730 (Vers.
1472 690 1548 727 20.).
1566 691 1723 730 Quantum
1741 690 1779 722 ad
1792 692 2074 732 .s·uppm·tationem
2092 694 2150 725 ml·
2171 697 2273 718 Tenum*

1191 742 1338 775 versarii
1368 743 1594 785 persequenti-s·
1625 742 1772 775 subditur
1796 744 1833 776 de
1859 745 1992 777 llerode:
2025 746 2151 778 Adiecit

1192 800 1220 828 et
1244 794 1303 828 Ιιοο
1326 805 1427 837 saper
1463 796 1576 828 omnia
1599 800 1626 828 et
1662 796 1795 829 inclusit
1824 797 1978 830 loannem
2018 799 2051 830 in
2075 809 2150 831 ear-

1193 849 1297 881 eere⁷.
1332 849 1367 880 Et
1395 849 1439 881 sic
1467 848 1662 881 verificatum
1687 853 1734 881 est
1763 850 1838 882 illud
1864 851 2064 883 licclesiastiri
2090 857 2150 884 ter-

1194 903 1254 935 tie:
1285 916 1300 930 α
1318 903 1378 935 Cor
1402 911 1536 944 nequam
1561 903 1744 944 gravabitur
1770 903 1798 935 in
1823 904 2001 943 doloribus,
2027 910 2057 938 et
2081 916 2151 947 pee-

1193 959 1280 987 cator
1304 955 1427 987 adiiciet
1451 955 1488 987 ad
1514 955 1704 997 peccandum
1723 969 1756 994 »3
1783 961 1813 989 et
1834 957 1890 988 hoc
1920 958 2000 990 iusto
2026 959 2077 990 liei
2104 959 2150 990 iu-

1193 1008 1290 1046 dici0;
1317 1008 1513 1050 Apocalypsis
1530 1008 1659 1041 ultimo:
1690 1023 1704 1037 «
1721 1010 1779 1051 Qui
1806 1011 1835 1042 in
1853 1011 1998 1043 sordibus
2023 1016 2069 1043 est
2085 1022 2151 1045 sor-

1193 1062 1298 1094 descat
1329 1061 1433 1094 adhuc
1455 1075 1484 1093 n.
1520 1062 1555 1094 Et
1586 1062 1629 1095 sic
1662 1063 1856 1096 verificatum
1885 1068 1931 1096 est
1962 1065 2037 1096 illud
2063 1068 2151 1097 Amos

1193 1115 1345 1157 quintossz
1375 1128 1390 1143 α
1408 1115 1485 1147 Odio
1509 1115 1692 1148 habuerunt
1708 1117 1927 1158 corripientem
1954 1118 1983 1149 in
2011 1123 2098 1159 porta
2116 1132 2150 1155 »;

1193 1169 1275 1202 sicut
1299 1168 1402 1201 Achab
1434 1169 1618 1207 Michaeam,
1645 1170 1725 1202 tertii
1760 1171 1876 1211 Regum
1909 1171 2036 1209 ultimo;
2071 1172 2151 1204 sicut

1193 1222 1334 1254 Sedecias
1352 1221 1527 1259 ieremiam,
1552 1222 1710 1263 trigesimo
1727 1223 1880 1260 secundm
1899 1224 1980 1256 sicut
1995 1225 2074 1256 alius
2096 1225 2151 1257 lle-

1193 1275 1284 1307 rodes
1309 1275 1450 1312 Petrum,
1483 1276 1614 1307 Aetuum
1640 1276 1833 1308 duodecimo.
1859 1277 1988 1318 Propter
2013 1278 2094 1319 quod
2113 1278 2149 1309 ad

1193 1328 1347 1360 Hebraeos
1364 1327 1542 1359 undecimo:
1566 1341 1579 1355 α
1595 1328 1647 1360 Alii
1667 1328 1801 1361 ludibria
1817 1334 1846 1362 et
1864 1330 1995 1362 verbera
2012 1331 2150 1372 experti,

1192 1380 1322 1422 insuper
1345 1384 1376 1412 et
1400 1380 1524 1413 vincula
1548 1384 1578 1413 et
1602 1390 1761 1419 carceres,
1786 1383 1860 1414 secti
1886 1387 1990 1415 sunt»
2020 1387 2077 1415 etc.

1259 1485 1380 1527 Tertio,
1405 1485 1443 1520 de
1468 1485 1621 1530 baptismo
1645 1486 1678 1520 et
1701 1486 1934 1530 praedicatione
1957 1488 2079 1522 Ioannis

1460 1538 1494 1572 in
1518 1539 1675 1583 singulari
1700 1539 1799 1584 quoad
1823 1540 1892 1574 duo.

1282 1647 1335 1679 [47.
1362 1647 1503 1679 Factam
1527 1651 1572 1679 est
1589 1651 1715 1686 autem,
1740 1657 1817 1680 cum
1839 1647 2071 1690 baptizaretur
2095 1654 2152 1682 etr.

1194 1700 1361 1742 Postquam
1378 1700 1607 1733 commendavit
1625 1700 1818 1743 Evangelista
1835 1703 2052 1743 praecursoris
2069 1712 2154 1744 prae-

1192 1750 1378 1786 dicationem
1394 1757 1425 1785 et
1441 1753 1533 1785 officii
1558 1754 1792 1787 exsecutionem
1818 1755 1848 1786 in
1869 1756 2004 1796 generali
2031 1760 2061 1788 et
2085 1766 2153 1797 spe-

1193 1806 1279 1843 ciali,
1305 1806 1355 1838 hic
1380 1805 1577 1838 commendat
1595 1806 1629 1838 in
1653 1806 1825 1849 singulari
1847 1812 1994 1849 respecta
2014 1807 2152 1847 Christi,

1192 1859 1230 1891 ad
1254 1868 1349 1901 quem
1373 1859 1588 1901 principaliter
1613 1863 1675 1891 tota
1700 1860 1888 1901 praedicatio
1919 1861 2059 1893 ordinata
2084 1862 2152 1894 suit.

1193 1913 1278 1945 Sicut
1302 1913 1385 1945 enim
1409 1912 1483 1945 dicit
1507 1913 1572 1954 ipse
1597 1913 1732 1955 Baptista
1757 1914 1877 1946 loannis
1902 1914 2046 1955 primo⁹:
2078 1928 2092 1942 «
2117 1916 2154 1947 [t

1192 1966 1410 1999 manifestetur
1442 1966 1472 1998 in
1506 1966 1613 2003 Israel,
1640 1970 1805 2007 propterea
1827 1967 1896 1999 veni
1922 1976 1979 2008 ego
2009 1968 2040 1999 in
2072 1977 2153 2009 aqua

1192 2019 1353 2061 baptizans
1370 2032 1399 2050 ι».
1426 2019 1620 2051 Describitur
1648 2028 1723 2060 ergo
1747 2019 1797 2051 hic
1822 2019 1993 2060 spiritualis
2026 2028 2153 2061 regene-

1194 2073 1273 2106 ratio
1304 2073 1436 2111 Christi,
1466 2082 1546 2114 quae
1578 2072 1791 2114 principaliter
1815 2073 1933 2104 intenta
1957 2076 2004 2104 cst
2029 2073 2058 2104 in
2089 2076 2151 2104 toto

1194 2126 1340 2168 capitulo.
1366 2126 1462 2158 Habet
1485 2129 1590 2158 autem
1615 2126 1691 2158 haec
1709 2135 1782 2167 pars
1805 2125 1892 2158 duas.
1918 2126 1948 2157 ln
1975 2126 2073 2167 prima
2099 2126 2151 2158 de-
2172 2131 2260 2152 Divisio-

1194 2179 1384 2212 terminatur
1407 2179 1522 2211 Christi
1540 2179 1743 2221 reyeneratio
1758 2179 2033 2216 sacrament(tle's;
2057 2179 2086 2211 in
2105 2189 2151 2211 se-

1193 2233 1296 2266 cunda
1312 2242 1402 2271 ver0,
1419 2232 1534 2265 Christi
1556 2232 1749 2274 yeneatoyz'a
1766 2233 1972 2275 temporales,
1991 2233 2030 2265 ibi
2048 2233 2090 2264 ¹⁰:
2115 2234 2152 2265 Et

1193 2286 1263 2328 ipse
1286 2286 1379 2318 Iesus
1403 2290 1476 2317 erat
1500 2285 1661 2327 incipiem-
1684 2289 1742 2318 etc.

1289 2399 1388 2433 Primo,
1409 2399 1438 2426 de
1457 2399 1651 2433 regeneratione
1671 2398 1771 2426 christi
1793 2400 1979 2426 sacramentali
1999 2400 2055 2426 duo.

1283 2499 1442 2540 Quantum
1466 2498 1503 2530 ad
1535 2498 1673 2539 primum
1699 2497 1761 2530 duo
1794 2498 2055 2530 introducuntur:
2090 2500 2152 2540 pri-

1195 2562 1281 2585 mum
1313 2556 1360 2596 est
1391 2551 1579 2584 humiliatio
1611 2560 1666 2593 per
1699 2551 1926 2592 susceptionem
1960 2553 2148 2584 sacramenti

1195 2606 1226 2639 in
1250 2609 1389 2638 assumta
1425 2605 1638 2642 humanitate;
1676 2603 1848 2637 secundum
1873 2608 1920 2636 est
1955 2604 2152 2645 clarificatio

1195 2669 1251 2702 per
1280 2658 1506 2692 exhibitionem
1533 2658 1698 2691 testimonii
1722 2667 1738 2690 a
1764 2661 1827 2690 tota
1850 2658 2017 2693 Trinitate‚
2049 2658 2087 2690 ibi
2108 2659 2150 2688 ¹¹:

1196 2714 1358 2755 Apertam
1381 2716 1428 2744 est
1450 2711 1578 2743 caetum
1603 2715 1660 2744 etc.

1283 2765 1372 2797 Circa
1400 2765 1628 2806 susceptionem
1661 2765 1850 2797 Sacramenti
1885 2765 1914 2796 in
1940 2764 2039 2796 forma
2071 2764 2151 2797 servi
2167 2766 2318 2795 Τνῑωειῦπῑ·

2180 2797 2205 2814 sti
2221 2794 2319 2813 humilia-

1194 2818 1385 2857 notandum,
1410 2817 1493 2859 quod
1526 2818 1639 2858 triplex
1674 2817 1878 2859 distinguitur
1909 2816 2096 2849 hainiliatio
2122 2817 2150 2848 in
2183 2824 2218 2840 1¹0-

1265 2996 1276 3011 ⁵
1296 2998 1369 3023 Vers.
1390 2997 1432 3022 25.
1452 3004 1508 3030 seq.
1529 2998 1575 3022 l‘ro
1595 3003 1648 3022 non
1663 2995 1795 3029 despicere
1815 2996 1924 3027 Vulgata
1939 2995 2071 3021 recentior
2092 2994 2153 3021 Noli

1194 3042 1336 3076 despicere.
1356 3056 1388 3060 —
1409 3041 1526 3067 Subinde
1545 3041 1669 3072 allegatur
1690 3040 1765 3065 Eccli.
1786 3039 1833 3070 48,
1856 3040 1896 3065 13.
1915 3047 1971 3072 seq.

1264 3084 1276 3099 ⁶
1296 3086 1371 3112 Vers.
1390 3086 1437 3116 20,
1457 3089 1516 3117 post
1534 3091 1613 3118 quem
1635 3085 1683 3109 Tit.
1705 3085 1733 3115 2,
1755 3084 1794 3109 15.

1265 3129 1275 3144 ⁷
1294 3130 1412 3155 Nonnulli
1423 3130 1500 3155 codd.
1511 3135 1655 3158 carcerem,
1666 3128 1738 3160 quod
1752 3128 1829 3152 etiam
1844 3127 1966 3152 exhibent
1979 3127 2054 3153 Cui-d.
2067 3128 2152 3159 Hugo,

1194 3175 1221 3200 B.
1241 3173 1337 3199 Albert.
1358 3177 1383 3198 et
1401 3174 1528 3204 Lyrenus.
1547 3187 1580 3190 —
1603 3173 1658 3197 Duo
1678 3178 1753 3204 seqq.
1773 3172 1820 3196 lori
1840 3176 1899 3196 sunt
1919 3171 1993 3196 Eccli.
2014 3172 2044 3199 3,
2065 3172 2107 3196 2⁹.
2127 3176 2151 3196 ct

1193 3219 1276 3250 Apoc.
1295 3219 1342 3248 22,
1364 3218 1405 3242 11,

1264 3260 1275 3275 ⁸
1294 3262 1369 3287 Vers.
1390 3262 1431 3287 10.
1451 3276 1484 3279 -
1505 3260 1621 3286 Subinde
1641 3261 1785 3291 allegantur
1807 3260 1842 3285 lll.
1864 3260 1928 3291 [teg.
1943 3260 1995 3295 22,
2016 3260 2058 3284 26.
2079 3267 2150 3291 seq.;

1194 3307 1240 3332 ler.
1260 3307 1306 3337 32,
1326 3306 1356 3337 3;
1376 3306 1432 3331 Aet.
1452 3306 1498 3335 ¹1¹2,
1519 3305 1541 3330 3.
1562 3308 1587 3329 et
1607 3303 1685 3329 Hebr.
1708 3305 1754 3334 tt,
1775 3304 1816 3329 36.
1836 3310 1890 3335 seq.

1265 3348 1276 3363 ⁹
1296 3350 1370 3375 Vers.
1390 3350 1433 3374 31.

1266 3393 1285 3408 ¹¹
1309 3394 1382 3418 Vers.
1403 3394 1444 3418 21.

1975 3345 1997 3360 ¹⁰
2017 3347 2090 3372 Vers.
2110 3347 2151 3371 23.

2013 3443 2039 3466 Η
