2476 3921
13 407 121 432 bedientia

3 434 126 463 :irodeundm

1 1371 86 1395 »uaestio
93 1371 133 1393 sol-

25 1401 88 1421 vltur.

0 1532 64 1554 ³rima
77 1531 132 1553 ratio

0 1562 28 1581 est
36 1559 131 1587 mystica.

725 246 921 281 COMMENT.
947 245 984 278 ΙΝ
1007 243 1247 278 EVANGELIUM
1270 241 1388 275 [ΙΙ-(ΒΑΕ
1412 241 1444 274 C.
1470 241 1545 274 XlX.

229 346 280 378 51.
306 343 407 386 (Vers.
433 341 510 382 35).
543 339 649 372 Tertio
676 340 830 380 quantum
854 335 892 368 ad
924 333 1103 376 discipulo-

140 409 219 433 ·rum
254 395 471 431 obedientiam
509 392 694 426 seeundum
713 392 933 436 praeceptum
964 387 1103 420 redeun-

141 453 224 487 tium
249 449 471 492 subiungitur:
499 448 539 480 Et
553 446 725 479 dua-erum
739 443 834 476 illum
859 442 905 474 ad
929 442 1051 480 Iesum,
1068 444 1104 474 ut

140 505 348 548 adimplerent
370 501 487 536 Christi
513 499 710 537 mandatum,
735 497 854 540 quibus
869 496 990 537 supra¹
1015 494 1105 527 dixe-

141 563 209 593 rat:
239 557 387 590 «Solvite
413 559 445 589 et
475 553 621 587 adducite
652 551 729 584 mihi
747 564 778 582 ω.
809 568 850 574 -
880 550 921 582 Ec
943 548 1105 581 iactantes

141 614 334 648 vestimenta
349 619 415 643 sua
429 617 540 650 sup-ra
559 605 709 649 pultum,
726 604 960 646 imposuerant
980 602 1105 639 lesum,

142 672 179 701 ut
209 664 431 702 ostenderent,
463 660 624 694 Christum
660 666 729 692 esse
760 665 866 699 regem
902 654 1105 697 promissum.

142 720 229 755 Unde
244 716 396 753 Matthaei⁴
415 714 565 758 vigesimo
581 712 685 755 primo
698 712 724 743 ²:
755 723 770 739 α
784 710 845 743 Hoc
863 712 963 743 totum
988 708 1105 741 factum

143 778 205 814 est,
229 776 266 807 ut
296 770 523 812 adimpleretur
554 765 640 809 quod
671 765 789 798 dictum
814 766 861 797 est
890 772 946 805 per
969 762 1107 804 Prophe-

143 833 207 862 tam
239 826 418 859 dicentem:
452 821 551 854 Dicite
581 819 664 852 filiae
687 818 784 851 Sion:
815 817 909 856 Ecce,
941 825 1001 849 rex
1033 819 1109 848 tuus

144 880 231 914 venit
255 878 309 911 tibi
343 878 542 913 mansuetus,
567 872 679 906 sedens
710 879 807 913 super
831 870 950 903 asinam
983 872 1015 902 et
1038 868 1111 911 pul-

144 935 211 968 lum
235 932 336 966 filium
360 927 536 971 subiugalis
551 939 583 958 ιο.
609 925 659 959 Sic
678 924 762 958 enim
779 924 916 957 habetur
941 922 1110 956 Zachariae

145 996 245 1021 nono:
275 998 291 1014 α
309 983 440 1017 Exsulta
463 981 552 1020 satis,
576 979 641 1013 filia
663 978 751 1018 Sion,
776 977 889 1016 iubila,
913 977 977 1009 filia
994 976 1111 1009 Ierusa-

145 1042 226 1075 lem:
251 1039 343 1078 Ecce,
368 1046 427 1070 rex
451 1038 528 1068 tuus
552 1033 657 1067 veniet
680 1031 734 1065 tibi
761 1032 865 1064 iustus
895 1033 927 1063 et
954 1030 1109 1063 salvator:

145 1096 212 1138 ipse
243 1100 364 1136 pauper
399 1092 431 1123 et
465 1087 636 1122 ascendens
671 1094 767 1127 super
797 1084 917 1118 asinam
952 1086 984 1116 et
1014 1091 1111 1125 super

145 1148 270 1191 pullum
293 1145 395 1178 filium
418 1142 524 1177 asinae
540 1154 571 1173 ι».
598 1140 644 1172 Ex
668 1139 729 1172 hoc
743 1147 820 1181 ergo
843 1137 1008 1170 manifesto
1032 1136 1111 1169 indi-

147 1202 195 1235 cio
218 1203 250 1234 et
265 1196 451 1242 praehabito
474 1194 598 1228 verbo-‘⁵
620 1192 842 1235 colligebatur,
866 1190 951 1233 quod
967 1189 1113 1223 Christus

147 1258 216 1289 erat
239 1248 336 1286 veru's
358 1259 418 1284 rex
444 1248 641 1282 ludaeorum.

238 1309 290 1340 52.
315 1305 375 1338 Sed
399 1304 459 1336 hoc
482 1305 530 1335 est
553 1299 712 1338 mIrabile‚
737 1298 821 1341 quod
845 1297 1008 1337 Christus,
1040 1305 1112 1330 cum

148 1365 230 1396 esset
254 1367 350 1393 verus
372 1357 458 1389 Deus
481 1358 513 1388 et
538 1367 553 1383 «ι
570 1354 636 1386 Rex
660 1361 772 1395 regum
786 1352 801 1371 4
818 1365 849 1390 n,
873 1350 1042 1384 ascendere
1060 1360 1114 1383 vo-

148 1415 208 1448 luit
231 1421 328 1455 super
350 1409 464 1444 animal
490 1412 552 1441 tam
578 1407 772 1448 despectum.
792 1423 834 1428 —
850 1404 908 1436 Sed
933 1408 1037 1436 tamen
1054 1403 1114 1435 hoc

149 1467 240 1502 valde
262 1463 490 1499 rationabiliter
525 1461 598 1494 fecit
633 1463 664 1492 et
695 1461 826 1501 propter
856 1456 1053 1500 mysterium
1084 1459 1115 1488 et

150 1523 280 1564 propter
310 1516 504 1559 exemplam.
546 1514 676 1556 Propter
717 1510 934 1559 mysterium,
966 1509 1114 1551 inquam,

150 1575 243 1618 quia,
267 1573 350 1606 sicut
373 1574 491 1604 tactum
515 1571 564 1602 est
575 1567 599 1607 ⁵,
623 1575 680 1609 per
701 1564 834 1608 pullum
857 1563 1044 1605 intelligitur
1061 1571 1115 1604 po-

145 1628 247 1671 pulus
271 1625 410 1669 gentilis,
434 1632 491 1666 per
526 1621 661 1654 asinam
685 1619 840 1653 ludaicus.
867 1617 902 1650 Et
925 1616 1013 1656 ideo,
1044 1616 1117 1649 licet

152 1681 231 1714 alter
255 1679 384 1713 deberet
407 1677 465 1710 sibi
490 1674 651 1713 sufficere,
683 1676 787 1706 tamen
812 1679 909 1713 super
940 1673 1116 1711 utrumque

153 1733 307 1772 ascendit,
332 1731 471 1774 primum
495 1737 593 1771 super
616 1727 739 1769 pullum
756 1728 787 1759 et
810 1724 922 1757 deinde
945 1731 1042 1765 super
1057 1722 1118 1755 asi-

153 1797 240 1828 nam,
272 1790 309 1820 ut
339 1784 532 1822 ostenderet,
564 1791 597 1815 se
616 1781 719 1824 primo
750 1781 938 1812 vocaturum
964 1776 1117 1819 populum

153 1842 310 1886 gentium,
333 1838 445 1873 deinde
468 1837 500 1870 in
524 1836 587 1869 fine
609 1833 718 1868 mundi
743 1832 895 1875 populum
924 1831 1119 1864 ludaeorum.

153 1896 240 1930 Unde
252 1897 284 1928 et
295 1894 327 1926 in
339 1890 597 1929 illanobilissima
612 1886 777 1931 prophetia
791 1885 890 1925 Iacob,
903 1884 1031 1917 Genesis
1046 1893 1121 1926 qua-

154 1948 332 1991 dragesimo
354 1954 438 1979 nono
451 1944 464 1964 ⁶
475 1970 483 1984 ,
500 1942 634 1976 dicitur:
657 1954 673 1969 α
690 1940 755 1973 Non
773 1939 936 1972 auferetur
960 1941 1121 1980 sceptrum

154 2002 194 2036 de
217 2001 292 2034 luda
315 2008 373 2033 nec
396 1998 463 2031 dux
488 1996 527 2029 de
546 1995 666 2028 femore
689 1993 772 2032 eius,
804 1992 902 2025 donec
931 1990 1036 2024 veniat
1066 1990 1120 2032 qui

155 2054 328 2090 mittendus
350 2056 414 2091 est;
438 2054 471 2084 et
493 2050 560 2092 ipse
590 2048 652 2082 erit
667 2046 874 2089 ,exspectatio
897 2044 1057 2088 gentium,
1086 2044 1122 2076 li-

140 2109 233 2152 'gans
255 2107 294 2140 ad
325 2106 449 2139 vineam
472 2103 715 2146 pullumyxsuum
746 2102 778 2132 et
812 2098 851 2131 ad
883 2097 996 2136 vitem,
1027 2105 1046 2129 o
1078 2095 1121 2128 fili

57 2653 141 2680 Figura.

156 2163 218 2202 mi,
241 2160 360 2195 asinam
384 2167 484 2191 suam.
509 2147 638 2189 Lavabit
661 2154 693 2186 in
721 2153 795 2186 vino
826 2151 937 2184 stolam
969 2159 1059 2183 suam
1092 2152 1123 2182 et

157 2217 189 2250 in
213 2213 365 2257 sanguine
387 2219 469 2244 uvae
501 2209 630 2252 pallium
655 2215 749 2240 suum
768 2217 802 2244 »;
829 2205 887 2237 hoc
911 2204 971 2237 fuit
994 2203 1026 2235 in
1058 2206 1123 2235 tor-

158 2268 258 2303 culari
282 2265 396 2300 crucis.
429 2263 583 2306 Quoniam
607 2270 683 2303 ergo
715 2258 801 2293 hunc
831 2255 974 2301 pullum,
1006 2256 1124 2290 scilicet

158 2321 312 2366 populum
334 2317 491 2365 gentium,
516 2315 662 2349 Christus
677 2313 716 2347 ad
740 2321 774 2346 se
789 2311 861 2345 duci
887 2311 959 2344 fecit
979 2313 1011 2343 et
1027 2318 1124 2351 super

159 2384 242 2421 eum·
268 2372 408 2407 ascendit
441 2380 499 2414 per
534 2367 746 2402 ministerium
781 2364 1023 2408 Apostolorum;
1055 2362 1124 2396 ideo

160 2430 291 2467 dicitur,
314 2426 400 2470 quod
422 2423 567 2467 discipuli
597 2423 808 2455 metaverant
831 2418 1023 2451 vestimenta
1045 2425 1123 2454 sua,

162 2485 191 2518 id
215 2486 263 2517 est
293 2480 440 2523 exempla
470 2479 567 2517 bona,
591 2485 648 2519 per
679 2483 761 2518 quae
792 2474 1020 2506 converterunt
1050 2479 1125 2512 gen-

161 2542 223 2571 tem
240 2537 343 2575 illam;
360 2534 399 2567 de
415 2532 532 2576 quibus
555 2528 763 2567 vestimentis,
788 2524 987 2569 Apocalypsis
1003 2523 1124 2556 decimo

163 2590 297 2625 sext0⁷:
327 2602 342 2617 α
359 2588 490 2626 Beatus,
521 2584 575 2637 qui
605 2581 741 2618 custodit
770 2580 957 2613 vestimenta
985 2586 1057 2616 sua,
1085 2585 1125 2609 ne

163 2644 269 2678 nudus
300 2640 493 2675 ambulet».
530 2639 561 2671 ln
595 2637 687 2670 cuius
717 2635 852 2677 figuram
883 2632 976 2666 etiam
1008 2630 1124 2663 dicitur

235 2859 244 2874 ²
266 2860 341 2885 vers.
360 2858 404 2884 30.

236 2903 246 2918 ²
267 2904 342 2929 Vers.
363 2902 387 2928 Ιι.
406 2905 432 2928 et
451 2902 481 2933 5,
501 2903 561 2933 post
578 2906 646 2933 quos
666 2899 742 2924 Zacli.
763 2898 796 2930 9,
816 2897 843 2922 9.

235 2946 246 2962 ³
267 2948 325 2973 Vat.
344 2946 418 2980 ponit
436 2944 534 2972 iudicio
554 2943 603 2976 pro
621 2942 718 2970 indicio
737 2946 763 2968 et
782 2940 878 2967 omittit
897 2938 991 2971 verbo,
1011 2944 1060 2970 pro
1073 2942 1127 2969 qno

165 2994 186 3019 G
204 2992 276 3027 facto
286 3002 297 3025 ;
316 2993 334 3017 Β
354 2991 487 3018 substituit
504 2987 659 3023 prophetico
679 2994 728 3020 pro
746 2984 914 3020 praehabito.

237 3036 248 3051 ⁴
267 3037 350 3069 Apoc.
370 3036 416 3068 19,
437 3035 483 3065 16,
502 3035 550 3060 cir.
568 3038 648 3065 supra
671 3039 697 3057 n.
718 3031 761 3057 Π.

238 3080 249 3095 ⁶
268 3080 345 3106 Num.
365 3079 408 3105 46.
426 3085 500 3111 seqq.
512 3091 548 3097 -
561 3076 679 3103 Vocibus
693 3075 765 3102 sicat
782 3075 885 3101 tactum
904 3074 925 3098 G
944 3070 1075 3097 interserit
1087 3076 1131 3095 sit-

167 3124 267 3160 perius.
287 3124 396 3150 Interius
415 3130 464 3156 pro
484 3123 519 3149 Ec
535 3121 593 3148 ideo
613 3120 722 3147 ACDF
741 3112 802 3146 IHeo
821 3120 853 3145 et.

239 3168 251 3184 ⁰
269 3169 345 3196 Vers.
367 3168 406 3193 10.
425 3172 451 3193 et
470 3167 513 3192 ll.
531 3180 567 3185 —
585 3165 638 3192 Ctr.
660 3164 808 3191 Comment.
833 3163 858 3188 S.
884 3161 984 3187 Bonav.
1006 3159 1032 3185 in
1058 3159 1129 3184 loan.

169 3222 193 3240 c.
213 3214 255 3240 12.
274 3220 300 3239 n.
320 3212 364 3239 27.
382 3212 414 3237 ad
436 3212 467 3243 2,
486 3210 531 3237 ubi
550 3210 707 3242 explicatur,
729 3207 866 3241 quomodo
895 3204 1014 3231 Christus
1039 3206 1065 3228 et
1092 3209 1132 3228 su-

172 3266 219 3291 per
238 3258 338 3284 asinam
358 3259 383 3282 et
401 3262 482 3288 snper
501 3255 601 3287 pullum
621 3253 725 3279 sederit.

243 3301 253 3316 ⁷
273 3302 349 3328 Vers.
372 3301 417 3333 15,
436 3302 496 3332 post
514 3305 594 3332 quem
614 3298 651 3324 lll.
670 3298 736 3329 Reg.
756 3296 803 3328 ⁴9,
824 3295 866 3320 19.

243 3345 253 3361 ⁸
273 3347 348 3372 Vers.
369 3344 411 3371 lt.
432 3344 509 3370 ludex
534 3343 575 3369 ille
594 3341 738 3368 vocabatur
764 3339 868 3366 Abdon.
892 3337 945 3365 Cir.
969 3342 1049 3368 supra
1073 3341 1136 3367 pag.-

175 3391 242 3422 253,
261 3394 322 3417 nota
342 3390 366 3415 l.

245 3433 256 3449 ⁹
277 3434 380 3460 Scilicet
405 3431 548 3460 ordc'naria
573 3431 614 3464 (ex
639 3430 724 3463 Beda,
743 3428 789 3462 qui
814 3427 933 3461 sequitur
957 3425 1077 3455 Hieron„
1097 3423 1136 3449 lll.

2059 238 2118 271 [291

1167 331 1251 364 tertii
1275 324 1394 373 Regum
1418 330 1539 363 decimo
1571 338 1670 368 nono,
1695 328 1779 371 quod
1809 341 1824 357 «
1843 328 1923 360 Elias
1946 327 2030 359 misit
2061 326 2126 368 pal-

1168 384 1245 416 lium
1269 392 1364 416 suum
1381 391 1476 425 super
1495 382 1629 415 Eliseum
1643 396 1673 413 n.
1691 381 1843 423 Quoniam
1861 380 1957 422 igitur
1981 380 2039 412 ista
2054 388 2127 412 con-

1168 437 1272 470 versio
1303 436 1384 469 sacta
1414 439 1461 468 est
1493 445 1553 468 non
1587 435 1688 468 solum
1721 443 1777 476 per
1809 433 1987 476 Apostolos,
2016 441 2126 465 verum

1169 491 1262 523 etiam
1286 498 1343 532 per
1375 489 1572 531 septuaginta
1602 488 1789 530 discipulos,
1814 487 1931 529 quibus
1962 486 2129 528 deputatae

1170 546 1244 576 sunt
1279 542 1487 584 particulares
1523 541 1675 574 Ecclesiae
1705 540 1845 582 gentium
1881 547 2129 575 conversarum;

1170 596 1239 629 ideo
1263 596 1295 628 in
1318 595 1416 628 huius
1439 595 1573 637 figuram
1608 594 1725 626 dicitur
1751 593 1889 626 ludicum
1919 591 2130 625 duodecimo⁸

1170 649 1209 682 de
1232 649 1335 682 iudice
1358 648 1509 691 quodam,
1534 647 1589 690 qui
1613 660 1628 676 (ι
1644 646 1756 679 habuit
1778 646 1986 688 quadraginta
2005 645 2085 677 lilios
2101 648 2131 676 et

1171 703 1300 745 triginta
1322 711 1364 735 ex
1395 702 1441 749 eis
1472 705 1619 743 nepotes,
1644 699 1847 733 ascendentes
1878 707 1974 741 super
2007 702 2133 740 septua-

1172 756 1259 799 ginta
1282 756 1385 798 pullos
1408 755 1567 788 asinarum
1585 768 1616 786 n.
1642 754 1678 786 Et
1692 753 1731 786 de
1748 753 1807 786 hoc
1830 752 1977 785 Glossa⁹:
2001 765 2016 780 «
2035 751 2133 784 Vesti-

1172 814 1283 843 menta
1306 809 1524 852 Apostolorum
1547 802 1689 840 doctrina
1722 807 1890 844 virtutum,
1915 805 1964 838 vel
1988 804 2134 837 discretio

1174 864 1411 906 scripturarum
1436 866 1467 895 et
1489 861 1589 904 gratia
1612 860 1799 903 spiritualis,
1823 859 1940 902 quibus
1972 858 2014 891 illi
2040 858 2135 891 corda

1175 917 1339 950 hominum
1363 916 1453 958 prius
1480 915 1565 948 nuda
1595 918 1627 947 et
1650 913 1761 956 frigida
1791 916 1979 955 contegunt,
2006 915 2040 944 ut
2071 920 2135 944 me-

1176 974 1307 1004 reantur
1332 970 1450 1003 habere
1474 977 1628 1002 sessorem
1652 967 1812 1000 Christum
1830 980 1859 998 n.
1878 985 1921 990 -—
1937 966 2019 999 Fecit
2032 966 2133 998 'etiam
2154 969 2251 1000 Smnda
2269 976 2300 990 ra·

1176 1025 1236 1057 hoc
1259 1027 1389 1067 propter
1412 1022 1596 1065 exemplam
1619 1021 1658 1054 ad
1681 1019 1905 1054 conterendum
1931 1019 2134 1061 supercilium
2149 999 2301 1052 ἓῖἷιιῗιωὼ

1176 1077 1405 1120 superborum,
1435 1076 1491 1119 qui
1525 1075 1721 1109 delectantur
1752 1074 1783 1107 in
1815 1073 2016 1106 multitudine
2040 1082 2137 1115 equo-

1177 1141 1249 1165 rum
1279 1135 1311 1164 et
1334 1139 1513 1169 curruum;
1538 1129 1678 1162 Psalmus
1691 1128 1735 1160 ¹⁰:
1766 1141 1780 1156 α
1799 1127 1832 1159 lli
1862 1127 1892 1159 in
1917 1126 2082 1165 curribus,
2107 1130 2137 1159 et

1177 1186 1209 1219 hi
1234 1186 1265 1219 in
1289 1185 1381 1228 equis
1396 1198 1411 1213 »
1441 1188 1515 1222 etc.;
1539 1187 1571 1216 et
1591 1183 1686 1215 Isaiae
1710 1181 1870 1224 trigesimo
1886 1180 2005 1223 primo:
2028 1192 2043 1208 α
2060 1180 2136 1213 Vae!

1177 1231 1233 1283 qui
1261 1238 1456 1272 descendunt
1479 1237 1511 1270 in
1535 1238 1708 1279 Aegyptum
1733 1235 1771 1268 ad
1795 1235 1969 1273 auxilium,
1994 1234 2024 1266 in
2049 1234 2138 1276 equis

1178 1296 1341 1337 sperantes
1364 1295 1395 1325 et
1411 1292 1564 1324 habentes
1586 1290 1731 1323 fiduciam
1750 1297 1846 1331 super
1867 1288 2041 1330 quadrigis,
2065 1287 2139 1329 quia

1179 1347 1297 1381 multae
1321 1348 1426 1379 sunt»
1456 1347 1514 1378 etc.
1539 1343 1629 1385 Quod
1652 1342 1798 1384 exemplo
1822 1350 1879 1374 suo
1902 1340 2047 1373 Christus
2068 1349 2140 1373 con-

1178 1400 1348 1437 demnans,
1373 1407 1434 1430 non
1459 1396 1694 1430 multitudinem
1712 1403 1868 1437 equorum
1893 1393 2021 1432 habuit,
2045 1393 2141 1425 immo

1179 1462 1237 1486 nec
1259 1461 1361 1485 unum
1385 1460 1523 1493 equum,
1548 1449 1601 1482 sed
1617 1457 1714 1491 super
1738 1447 2001 1489 contemptibilem
2020 1446 2140 1488 pullum

1179 1505 1319 1539 ascendit
1350 1505 1383 1537 in·
1405 1504 1455 1537 die
1478 1503 1639 1546 praecipui
1665 1501 1793 1534 honoris
1817 1501 1875 1534 sui.
1900 1500 1986 1533 Unde
2009 1500 2143 1541 Chryso-

1181 1563 1302 1593 stomus
1316 1559 1361 1590 ¹¹:
1392 1571 1407 1587 α
1424 1557 1477 1590 Vis
1508 1564 1697 1598 cognoscere
1721 1554 1993 1587 mansuetudinem
2019 1553 2144 1585 venien-

1181 1613 1248 1646 tis?
1272 1611 1440 1644 Considera
1464 1609 1598 1651 speciem
1622 1608 1776 1640 adventus
1799 1602 1876 1640 eius.
1902 1607 1967 1639 Non
1997 1606 2083 1651 sedet
2114 1606 2144 1638 in

1182 1675 1283 1699 curru
1306 1673 1418 1703 aureo,
1450 1671 1595 1705 purpura
1618 1661 1758 1703 fulgens;
1793 1669 1853 1692 non
1878 1659 2018 1692 ascendit
2048 1667 2144 1701 super

1183 1719 1339 1754 fervidum
1365 1726 1499 1760 equum,
1531 1715 1704 1748 discordiae
1735 1717 1924 1751 amatorem;
1949 1721 2010 1744 non
2035 1712 2146 1744 habuit

1185 1775 1217 1807 in
1240 1772 1377 1806 circuitu
1400 1770 1600 1813 splendentes
1623 1768 1741 1811 gladios
1763 1771 1818 1799 aut
1842 1769 1946 1799 cetera
1961 1769 2146 1798 ornamenta

1186 1826 1376 1861 terribilium
1411 1832 1573 1857 armorum
1589 1848 1596 1861 ‚
1621 1821 1675 1855 sed
1709 1820 1809 1863 quid?
1833 1820 1944 1852 Ramos
1966 1818 2146 1854 frondentes

1186 1880 1364 1914 testimonia
1395 1877 1519 1921 pietatis
1540 1890 1570 1908 n.
1606 1875 1642 1908 Et
1677 1874 1720 1907 sic
1752 1873 1904 1911 ostendit,
1936 1880 2046 1904 verum
2078 1879 2146 1904 esse

1187 1934 1272 1977 quod
1295 1933 1327 1966 in
1351 1932 1472 1965 Psalmo
1486 1931 1512 1950 ¹²
1536 1929 1666 1962 dicitur:
1696 1941 1712 1956 «
1728 1927 1793 1960 Non
1818 1927 1849 1959 in
1873 1924 2055 1958 fortitudine
2071 1923 2143 1966 equi

1187 1988 1381 2021 voluntatem
1406 1983 1533 2018 habebit
1557 1991 1614 2015 nec
1638 1981 1669 2014 in
1692 1980 1777 2014 tibiis
1793 1993 1808 2008 n
1837 1983 1894 2012 etc.

1278 2039 1330 2072 53.
1357 2039 1502 2071 Exeunte
1525 2039 1637 2068 autem
1660 2033 1715 2067 illo
1729 2033 1754 2052 ¹³
1779 2036 1837 2066 etc.
1856 2032 2020 2073 Postquam
2044 2032 2146 2062 osten·
2167 2034 2244 2065 ‚Tertio
2258 2039 2291 2071 re

1187 2095 1248 2134 dit,
1273 2102 1306 2126 se
1330 2094 1516 2135 potestatem
1540 2088 1658 2122 habere
1681 2086 1818 2129 regalem
1843 2094 1898 2127 per
1930 2093 2017 2117 suam
2041 2063 2313 2135 excel-{Jffssffifi'gffi’

1189 2147 1318 2181 lentiam
1350 2146 1381 2178 in
1405 2142 1590 2186 imperando
1621 2144 1652 2174 et
1682 2139 1909 2182 discipulorum
1941 2136 2145 2170 obedientiam
2161 2116 2302 2176 υἷ’τῖῗορῗιιὲῖ

1189 2201 1220 2234 in
1245 2198 1462 2242 obsequendo,
1486 2197 1538 2229 hic
1561 2194 1696 2228 ostendit
1719 2193 1812 2226 tertio
1826 2193 1853 2211 ¹⁴
1873 2201 1934 2234 per
1946 2172 2312 2242 populorum'tssmffizssff

1189 2252 1476 2295 honorificentiam
1500 2251 1534 2283 in
1558 2247 1789 2282 collaudando.
1814 2246 1857 2279 Ad
1881 2246 1940 2278 hoc
1963 2248 2067 2277 autem
2092 2252 2147 2276 ex-
2183 2227 2209 2242 ³⁰
2269 2225 2289 2241 ⁰⁶

1189 2306 1389 2351 primendum
1418 2304 1521 2347 primo
1551 2297 1730 2344 explicatur
1760 2299 1884 2333 devotio
1916 2296 2147 2333 mummium,-

1190 2359 1327 2394 secundo
1351 2367 1441 2397 vero,
1466 2355 1622 2390 cetsicudo
1639 2353 1799 2392 laudum,
1817 2352 1857 2385 ibi
1872 2351 1917 2383 ¹⁵:
1935 2349 2146 2387 Benedictus,

1190 2414 1250 2458 qui
1271 2412 1360 2445 venit
1382 2412 1418 2444 ,en
1441 2410 1574 2443 nomine
1590 2407 1726 2441 Domini
1733 2417 1744 2445 ;
1770 2405 1861 2439 tertio
1877 2413 1969 2442 vero,
1993 2400 2146 2444 confula-

1192 2467 1236 2500 τέο
1260 2465 1470 2503 invidorum,
1494 2463 1554 2496 ibi:
1581 2463 1621 2494 Ec
1644 2460 1783 2505 quidam
1808 2457 2072 2491 Pharisaeorum
2088 2458 2146 2488 etc.

1280 2520 1369 2552 Circa
1392 2517 1592 2565 devotione-m
1616 2515 1712 2557 igitur
1736 2511 1949 2546 laudamimn
1969 2509 2148 2551 exprimen-
2170 2511 2294 2560 {fessfflggssg

1191 2575 1262 2607 dam
1286 2573 1350 2606 duo
1366 2571 1628 2607 introducuntur,
1653 2567 1770 2601 scilicet
1786 2564 1948 2607 expressio
1971 2561 2148 2595 devocionis
2164 2565 2236 2593 populi
2251 2565 2302 2585 duo-

1192 2628 1228 2661 in
1252 2636 1346 2670 opere
1374 2629 1405 2659 et
1428 2623 1592 2667 expressio
1616 2622 1652 2654 in
1674 2628 1822 2654 sermone
1844 2622 1874 2650 ec
1897 2626 1978 2649 voce.

1191 2845 1337 2871 Continent.
1358 2842 1383 2867 in
1403 2841 1489 2866 lllattli.
1515 2839 1563 2870 21,
1582 2838 1606 2862 6.
1633 2843 1703 2868 seq.;
1723 2835 1768 2859 cfr.
1794 2832 1914 2864 Origcn.,
1940 2829 2032 2855 llomil.
2052 2828 2094 2853 37.
2119 2828 2146 2852 in

1191 2888 1265 2921 Luc.)
1286 2888 1311 2913 in
1332 2887 1394 2912 Luc.
1417 2885 1460 2916 19,
1479 2883 1522 2909 35.

1264 2932 1286 2947 ¹⁰
1306 2932 1398 2957 Psalm.
1419 2929 1465 2959 19,
1486 2928 1511 2953 8.
1530 2929 1555 2952 et
1574 2917 1670 2951 deinde
1683 2922 1739 2949 lsai.
1759 2922 1801 2953 31,
1825 2921 1845 2952 Ι,
1865 2919 1910 2945 ubi
1924 2925 1972 2951 pro
1991 2915 2151 2943 descendunt

1193 2978 1212 3005 C
1223 2978 1244 3004 D
1254 2977 1272 3003 F
1291 2973 1457 3002 descenditis.

1265 3021 1285 3036 ¹¹
1306 3020 1402 3047 llomil,
1421 3017 1463 3043 37.
1482 3017 1508 3042 in
1528 3015 1613 3041 Matth.
1629 3013 1670 3044 21,
1684 3012 1708 3037 5.
1723 3010 1782 3043 (Op.
1797 3007 1961 3041 iinpersect.).
1973 3007 2033 3032 Post
2052 3004 2151 3031 discor-

1195 3067 1254 3094 diae
1272 3065 1424 3093 amatorem
1442 3065 1525 3088 textus
1544 3057 1676 3090 originalis
1689 3057 1763 3088 plura
1783 3053 1863 3080 addit.
1883 3053 1932 3078 Pro
1944 3052 1992 3077 aut
2011 3051 2097 3077 cetera
2111 3056 2153 3075 or-

1195 3111 1324 3138 namenta
1343 3109 1364 3134 D
1382 3108 1431 3134 aut
1449 3107 1553 3133 coctum
1572 3103 1710 3129 ornatum.

1268 3154 1290 3169 ¹²
1311 3153 1404 3179 Psalm.
1428 3151 1489 3180 ¹46,
1511 3149 1551 3174 lo.

1268 3198 1290 3213 ¹⁹
1310 3198 1361 3224 Csr.
1381 3202 1460 3228 supra
1480 3200 1540 3226 pag.
1564 3191 1629 3222 487,
1652 3192 1711 3215 nota
1733 3188 1759 3213 9.

1268 3242 1290 3258 ¹⁴
1310 3241 1378 3267 Vide
1397 3246 1475 3272 supra
1495 3245 1521 3263 n.
1541 3237 1583 3263 43.

1269 3285 1291 3301 ¹⁶
1310 3286 1385 3311 Vers.
1404 3284 1437 3309 38
1449 3302 1455 3313 ,
1475 3281 1521 3308 ubi
1540 3280 1598 3306 Vat.
1617 3284 1677 3305 cum
1698 3277 1809 3308 Vulgata
1827 3272 1998 3304 Benedictus,
2021 3270 2068 3305 qui
2085 3269 2155 3297 venit

1197 3338 1249 3359 rex
1267 3330 1296 3357 in
1314 3333 1378 3359 etc.;
1400 3326 1507 3353 interius
1525 3332 1550 3351 n.
1570 3324 1612 3349 56.
1632 3321 1708 3348 codd.
1728 3321 1831 3352 legunt:
1851 3315 2008 3345 Benedictus
2027 3316 2065 3342 est
2083 3321 2151 3345 retr,

1199 3375 1246 3410 qui
1263 3373 1335 3401 venit
1353 3372 1380 3399 in
1399 3375 1462 3402 etc.;
1482 3370 1587 3396 tertium
1606 3367 1717 3393 habetur
1735 3371 1762 3390 v.
1782 3364 1825 3390 39.
1840 3376 1876 3382 -
1889 3362 1937 3387 Pro
1957 3358 2084 3387 celsitudo
2099 3358 2156 3384 lau-

1201 3420 1267 3447 dum
1287 3419 1333 3452 (ita
1354 3417 1432 3442 etiam
1453 3414 1517 3440 intra
1536 3420 1562 3438 n.
1582 3412 1636 3444 60.)
1656 3409 1738 3436 ΑΕΗ
1758 3405 1886 3435 celsitudo
1907 3404 2004 3431 laudis.
