2476 3921
42 902 142 932 Propriae

15 930 96 952 virtutis
111 935 143 950 in-

15 956 99 978 dicium.

17 1114 141 1137 Notandum.

7 1592 46 1613 lint:
53 1592 80 1613 ad
93 1592 151 1613 aedi-

20 1618 135 1641 ficationem

29 1647 125 1667 nostram.

760 220 952 253 COMMENT.
978 221 1014 253 lN
1040 220 1277 253 EVANGELIUM
1302 221 1418 254 LUCAE
1443 221 1474 253 C.
1501 222 1545 254 lll.
2106 225 2145 255 69

161 312 200 345 ad
222 315 348 352 tempus
371 312 524 342 statutum
542 323 572 341 ».
586 309 634 345 vEt
649 309 725 351 quia
741 308 818 341 haec
834 308 1035 351 intelligebat,
1052 308 1121 341 ideo

161 365 292 399 dic-itur:
320 362 524 406 Conferens1
547 362 584 395 in
615 362 712 395 eorde
742 371 821 400 suo,
846 361 1021 394 secundum
1044 361 1120 394 illud

161 416 361 451 Ecclesiastae
384 419 509 449 octavo:
539 409 708 456 &Tempus
735 419 767 447 et
798 414 1031 456 responsionem
1067 423 1121 446 cor

161 469 308 512 sapientis
332 468 476 510 intelligit
491 480 523 507 »;
540 471 572 501 et
586 467 679 500 Marci
704 476 787 500 nono
810 466 925 500 dicitur
942 467 980 500 de
998 467 1122 500 transfi-

160 522 324 566 guratione
348 521 489 560 Domini,
513 520 598 564 quod
620 520 791 562 «discipuli
815 520 1040 553 continuerunt
1056 529 1123 553 ver-

160 577 237 609 bum
252 575 336 617 apud
352 583 385 607 se
401 587 432 606 ».
456 573 600 607 Nondum
616 573 698 606 enim
717 576 868 606 venerant
884 573 1034 615 Apostoli,
1052 573 1121 615 qui-

160 629 220 662 bus
249 641 264 657 «
280 628 389 661 datum
413 630 481 660 erat
504 635 596 659 nosse
612 625 799 668 mysterium
817 626 904 668 regni
923 626 976 658 Dei
994 639 1025 664 »,
1042 626 1123 659 sicut

160 679 443 715 diciturMatthaei
468 679 589 712 decimo
612 680 706 712 tertio
723 680 755 718 ²,
780 679 834 721 qui
867 678 960 711 etiam
990 679 1122 711 invicem

160 734 356 772 conferrent,
369 732 543 766 secundum
561 732 638 765 illud
651 732 693 764 ad·
702 732 825 764 Galatas
841 731 996 764 seeundo:
1015 744 1030 759 «
1044 730 1122 763 Con—

160 787 217 821 tuli
234 796 306 819 cum
324 786 384 818 illis
400 785 613 828 Evangelium,
627 785 709 827 quod
724 784 870 827 praedico
888 784 918 816 in
931 784 1078 826 gentibus
1092 797 1120 815 ».

252 841 322 872 110.
348 839 449 881 (Vers.
476 840 552 880 52).
578 839 738 880 Quantum
762 841 869 871 autem
892 837 930 870 ad
960 837 1123 879 propriae

160 893 294 927 virtutis
326 892 489 925 indiciam
528 892 694 925 subditur:
732 892 772 924 Et
808 892 900 923 lesus
928 890 1124 933 proficiebat

161 951 280 985 aetate,
298 945 415 978 scilicet
431 954 472 978 ex
489 948 579 987 parte
594 944 755 986 corporis,
773 944 855 977 sicut
871 944 1011 983 Samuel;
1029 943 1121 985 primi

161 1001 276 1043 Regum
302 998 478 1032 secundo⁸z
508 1011 524 1026 «
542 998 622 1031 Puer
654 997 780 1031 Samuel
817 997 1000 1039 proficiebat
1028 1000 1123 1038 atque

160 1053 318 1087 erescebat
341 1055 372 1085 et
395 1051 537 1093 placebat
561 1054 623 1083 tam
649 1051 712 1084 Deo
729 1060 823 1093 quam
847 1050 1069 1083 bominibus».
1089 1050 1123 1082 Et

161 1107 218 1140 iste
241 1105 400 1148 profectus
424 1108 491 1137 erat
515 1104 689 1137 secundum
724 1104 918 1143 essentiam,
956 1103 1007 1136 sed
1045 1103 1124 1136 inte-

161 1161 226 1193 rior
243 1158 402 1202 profectus
419 1162 486 1191 erat
510 1157 683 1190 secundum
709 1157 925 1196 evidentiam,
943 1157 981 1190 de
998 1166 1061 1199 quo
1082 1157 1124 1189 di-

161 1214 260 1247 citur:
286 1213 324 1245 Et
346 1211 531 1254 sapientia,
556 1211 674 1244 scilicet
697 1211 728 1243 in
753 1211 931 1250 intellectu,
948 1215 976 1243 et
991 1211 1123 1253 qratia,

161 1267 193 1300 in
227 1266 358 1304 affectu,
394 1265 488 1307 apud
522 1264 643 1303 Deam,
679 1264 797 1297 scilicet
828 1264 1066 1303 honorandum,
1096 1267 1126 1296 et

162 1319 326 1357 homines,
350 1317 566 1351 aedificandos.
592 1318 653 1350 Nec
685 1321 732 1350 est
766 1317 962 1350 eontrarium
987 1317 1014 1349 ei
1039 1317 1124 1359 quod

161 1373 275 1406 dicitur
299 1380 396 1413 supra
420 1362 567 1413 proximo
580 1371 604 1409 4,
629 1370 713 1412 quod
737 1374 805 1403 erat
835 1383 850 1398 «
867 1370 979 1411 plenus
1003 1371 1125 1412 sapien-

161 1426 204 1458 tia
220 1438 250 1464 »;
274 1424 358 1458 unde
393 1424 580 1466 Gregorius:
612 1437 627 1452 α
645 1423 829 1456 proficiebat
864 1423 1031 1465 sapientia,
1062 1433 1123 1455 non

161 1488 218 1521 per
241 1486 400 1511 accessum
425 1476 575 1519 temporis
599 1476 779 1518 accipiendo
796 1476 881 1518 quod
897 1486 960 1509 non
977 1476 1123 1515 habebat,

163 1532 216 1566 sed
239 1532 320 1564 dona
343 1530 461 1573 gratiae
485 1533 516 1563 et
540 1530 728 1572 sapientiae,
752 1539 833 1572 quae
850 1529 995 1568 babebat,
1012 1529 1125 1562 ceteris

162 1585 325 1629 pandendo
341 1596 372 1624 »3
397 1587 427 1617 et
444 1584 504 1616 hoe
520 1583 558 1616 ad
575 1583 821 1617 aedificationem
838 1584 987 1622 aliorum;
1012 1592 1124 1616 secun-

162 1640 219 1673 dae
243 1638 282 1672 ad
304 1637 482 1671 Corinthios
505 1640 632 1670 octavo:
662 1651 677 1666 «
700 1637 902 1670 providemus
930 1637 1029 1676 bona,
1062 1647 1124 1670 non

163 1692 262 1726 solum
280 1700 384 1724 coram
401 1691 475 1729 Deo,
493 1690 546 1723 sed
563 1690 656 1723 etiam
672 1699 777 1723 coram
796 1690 977 1723 hominibus
990 1704 1020 1722 ».
1039 1690 1124 1723 Unde

1184 309 1222 341 ad
1247 313 1387 341 nostram
1411 309 1655 342 aedificationem
1679 312 1861 352 sapientiam
1886 312 1924 344 ad
1950 316 2074 353 tempus
2091 312 2147 344 ab-

1184 361 1330 399 scondit,
1355 365 1391 394 ut
1406 362 1563 401 ostendat,
1580 363 1662 404 quod
1682 372 1738 396 nos
1759 363 1910 396 debemus
1927 368 2030 397 tacere
2048 374 2147 406 usque

1185 414 1224 446 ad
1248 418 1390 456 tempus,
1415 415 1588 447 secundum
1613 415 1689 448 illud
1725 416 1928 449 Ecclesiastici
1956 418 2146 459 vigesimo⁵1

1191 479 1206 495 «
1225 467 1275 499 Est
1307 471 1429 506 tacens,
1455 477 1516 499 non
1549 468 1667 500 habens
1702 478 1829 501 sensum
1864 469 2023 511 loquelae,
2048 475 2078 503 et
2103 476 2148 503 est

1187 523 1309 558 tacens,
1335 520 1435 552 sciens
1459 524 1582 562 tempus
1614 521 1677 562 apti
1715 522 1873 563 temporis.
1905 523 2000 555 llomo
2025 525 2149 565 sapiens

1187 573 1301 605 tacebit
1326 582 1426 615 usque
1462 573 1501 606 ad
1533 577 1657 615 tempus
1674 588 1703 605 ».
1730 575 1788 607 Pro
1812 579 1952 616 tempore
1988 577 2082 608 etiam
2111 577 2148 609 ad

1186 629 1325 658 nostram
1352 626 1484 658 salutem
1510 627 1666 665 ostendit,
1692 628 1865 660 secundum
1900 629 1975 661 illud
2002 630 2149 662 Ecclesia-

1187 679 1255 712 stici
1280 679 1437 721 quartoss:
1468 693 1483 707 «
1500 680 1542 711 Ne
1568 680 1702 711 retineas
1728 681 1859 712 verbum
1886 681 1916 713 in
1943 686 2083 723 tempore
2101 692 2148 713 sa-

1187 731 1308 764 lutis».
1334 731 1436 770 Unde,
1462 732 1536 774 quia
1568 741 1629 764 non
1666 733 1837 774 quaerebat
1871 734 2002 775 gloriam
2039 744 2148 772 suam,

1187 785 1239 817 sed
1265 785 1337 823 Dei,
1363 795 1424 817 non
1449 794 1542 818 suum
1579 786 1797 825 commodum,
1823 787 1875 819 sed
1901 792 2040 820 nostram
2066 790 2149 820 salu-

1187 842 1268 877 tem;
1294 838 1363 871 ideo
1387 848 1492 871 coram
1518 840 1583 872 Deo
1618 844 1646 872 et
1682 839 1870 873 hominibus
1892 842 2043 882 ssi-atiani
2069 842 2151 874 inve-

1187 891 1300 923 niebat.
1328 891 1467 924 Primum
1492 896 1561 924 erat
1585 893 1752 931 iustitiae,
1770 894 1943 926 secundum
1961 895 2149 926 miseriem·-

1187 944 1282 981 diae,·
1306 948 1435 986 propter
1459 945 1541 987 quod
1568 946 1810 979 proverbiorum
1835 947 1969 979 tertio⁷:
2001 961 2015 975 «
2033 948 2150 980 Miseri-

1187 996 1293 1029 cordia
1316 1000 1347 1029 et
1371 997 1487 1029 veritas
1511 1007 1573 1030 non
1591 1001 1620 1030 te
1637 998 1797 1037 deserant,
1815 1003 1845 1031 et
1863 999 2001 1032 invenies
2017 1001 2148 1041 gratiam

1187 1052 1218 1081 et
1241 1048 1435 1090 disciplinam
1460 1049 1572 1082 bonam
1599 1060 1703 1084 coram
1729 1052 1792 1084 Deo
1816 1055 1847 1084 et
1871 1052 2052 1084 hominibus
2070 1066 2098 1083 ».

1281 1104 1352 1134 111.
1381 1103 1425 1135 Ex
1456 1104 1624 1145 praedictis
1655 1105 1752 1147 igitur
1785 1105 1930 1147 colligere
1963 1115 2279 1147 possiiuius,Epssos·1=-

1188 1157 1324 1198 qualiter
1348 1156 1510 1189 intendere
1533 1157 1684 1190 debemus
1709 1159 1815 1191 eattai
1838 1160 1971 1192 (livinae
1996 1160 2149 1192 Maiesta-

1189 1211 1248 1249 tis,
1273 1211 1383 1243 studio
1408 1211 1557 1249 veritatis
1574 1214 1604 1244 et
1620 1211 1771 1255 obsequio
1786 1213 1927 1254 pietatis.
1947 1214 2021 1245 Nam
2040 1214 2148 1245 cullas

1188 1263 1322 1296 (livinae
1357 1263 1540 1296 Maiestatis
1576 1265 1799 1306 praeoccupari
1825 1266 1916 1298 debet
1940 1266 1979 1298 ab
2004 1266 2148 1298 infantia.

1189 1317 1339 1359 praeferri
1372 1316 1464 1349 debet
1495 1318 1607 1350 ceteris
1640 1327 1697 1359 pro
1731 1320 1906 1352 reverentia
1934 1319 2048 1351 divina.
2077 1320 2150 1352 Stu-

1189 1369 1284 1401 diam
1306 1369 1456 1401 veritatis
1479 1368 1571 1401 debet
1596 1378 1663 1402 esse
1688 1380 1759 1402 cum
1777 1370 1880 1403 debita
1896 1371 2066 1410 societate,
2093 1373 2150 1404 sci—

1189 1422 1260 1455 licet
1284 1422 1477 1464 peritorum,
1501 1426 1532 1454 et
1556 1422 1660 1455 debito
1684 1424 1814 1462 ordine,
1832 1428 1868 1456 ut
1892 1425 1981 1466 prius
1998 1425 2037 1457 sit
2061 1426 2151 1458 disci-

1189 1475 1284 1517 pulus
1307 1484 1403 1516 quam
1422 1475 1579 1516 magister.
1609 1475 1806 1519 Obsequium
1829 1477 1962 1518 pietatis
1979 1478 2151 1511 attenditur

1189 1529 1219 1560 in
1245 1529 1321 1567 hoc,
1346 1528 1430 1570 quod
1453 1527 1678 1561 sztbz'teiamur
1702 1530 1783 1571 patri
1808 1530 1979 1572 spirituali,
1998 1531 2063 1564 sive
2080 1541 2152 1564 eor-

1189 1582 1342 1624 ripienti,
1378 1582 1442 1614 sive
1471 1582 1700 1624 praecipienti.
1735 1583 1770 1615 Et
1802 1584 1826 1616 si
1861 1584 1935 1616 baec
1969 1594 2151 1618 servamus.

1189 1639 1265 1668 tunc
1289 1635 1433 1677 sequitur
1457 1635 1532 1668 illud
1559 1636 1642 1677 quod
1667 1636 1779 1669 ultimo
1804 1637 1949 1678 ponitur,
1975 1638 2059 1679 quod
2073 1648 2152 1680 pro-

1188 1689 1322 1731 ficimus
1346 1689 1438 1731 apta!
1463 1689 1565 1721 Deum
1591 1693 1619 1721 et
1643 1688 1798 1722 homines.

1035 1811 1217 1844 Carnutum
1244 1812 1288 1843 lll.

210 1934 335 1972 Tertio,
360 1934 398 1966 de
421 1932 594 1965 nativitate
617 1936 713 1964 caetra
737 1937 867 1965 uterum
895 1932 1078 1975 tripliciter.

257 2042 283 2072 l.
309 2039 431 2072 Αηηο8
456 2039 570 2083 quinto
594 2039 718 2072 decimo
742 2044 800 2073 etc.
827 2041 929 2082 Supra
946 2040 1008 2082 egit
1027 2040 1125 2072 Evan-

164 2094 271 2137 gelista
295 2093 333 2126 de
356 2092 506 2134 mysterio
530 2092 752 2126 incarnationis
776 2094 891 2126 Christi
916 2096 1070 2136 quantum
1087 2093 1125 2125 ad

164 2147 357 2180 nativitatem
390 2146 421 2177 in
456 2149 548 2178 utero
579 2148 610 2178 et
633 2155 674 2178 ex
699 2149 809 2185 uter0;
835 2147 885 2179 hic
909 2147 973 2188 agit
996 2146 1034 2179 de
1058 2147 1125 2188 ipso

165 2203 318 2242 quantum
343 2198 380 2231 ad
405 2198 614 2231 nativitatem
643 2203 741 2232 extra
773 2204 925 2238 uterum,
950 2199 1124 2232 secundum

165 2253 242 2286 illud
265 2252 418 2284 Ambrosii
432 2251 455 2290 ⁹,
480 2252 564 2294 quod
593 2252 686 2292 dicit,
703 2253 793 2286 illum
810 2257 955 2286 renatum
979 2262 1048 2286 esse
1072 2253 1125 2285 Sa-

165 2305 349 2343 oramentis,
374 2305 491 2338 scilicet
522 2306 647 2347 quando
678 2306 855 2348 baptizatus
889 2310 945 2339 est.
972 2306 1007 2338 Et
1031 2306 1125 2338 habet

165 2359 242 2391 haec
266 2368 338 2400 pars
363 2362 441 2397 tres,
466 2359 498 2391 in
522 2368 660 2401 quarum
696 2359 798 2402 prima
821 2359 885 2402 agit
908 2359 946 2392 de
970 2359 1125 2401 baptismo

165 2415 196 2444 et
220 2411 449 2453 praedicatione
474 2412 596 2445 loannis
620 2412 654 2444 in
676 2412 826 2455 yenerali
849 2416 998 2454 respecta
1025 2412 1125 2444 totius

162 2464 280 2506 populi
287 2476 299 2503 ;
323 2465 354 2497 in
371 2465 507 2497 secunda
523 2474 598 2498 vero
609 2491 616 2504 ,
634 2465 669 2498 in
684 2465 822 2508 speciali
837 2469 983 2508 respeetu
1000 2465 1125 2507 specia-

166 2517 248 2549 tiam
261 2527 498 2560 personarum,
516 2518 558 2551 ibi
573 2519 616 2551 ¹⁰:
637 2519 676 2551 Et
692 2518 944 2561 interrogabant
959 2528 1033 2550 euin.
1050 2521 1124 2557 etc.;

1190 1933 1220 1965 in
1245 1932 1354 1970 tertia,
1381 1932 1413 1963 in
1437 1931 1609 1974 singulari
1632 1936 1777 1974 respectu
1798 1931 1941 1971 Christi,
1959 1933 2016 1965 ibi:
2043 1935 2082 1966 Et
2098 1934 2153 1976 fa-

1189 1990 1278 2018 ctum
1301 1989 1365 2023 est,
1401 1985 1481 2016 (lain
1513 1974 1755 2026 baptizaretur.
1789 1985 1824 2017 Et
1848 1985 1925 2018 ordo
1950 1990 2052 2028 patet,
2078 1987 2151 2029 quia

1189 2039 1332 2081 generale
1356 2038 1462 2080 dirigit
1485 2037 1523 2070 all
1540 2038 1692 2079 speciale,
1717 2039 1850 2080 speciale
1867 2039 1905 2071 ad
1930 2039 2097 2081 singulare.

1256 2144 1379 2185 Primo,
1404 2143 1441 2178 de
1465 2142 1620 2187 baptismo
1644 2143 1678 2178 et
1702 2144 1935 2188 praedicatione
1959 2145 2083 2179 loannis

1457 2196 1492 2230 in
1516 2196 1659 2240 generali
1683 2197 1784 2242 quoad
1808 2198 1885 2232 tria.

1278 2304 1436 2345 Quantum
1461 2303 1499 2336 ad
1524 2304 1662 2346 primum
1688 2305 1878 2344 notandum,
1903 2306 1988 2348 quod
2012 2307 2152 2339 doctrina

1189 2361 1220 2390 et
1244 2357 1433 2399 praedicatio
1457 2357 1579 2390 loannis
1603 2358 1841 2391 commendatur
1865 2369 1883 2391 a
1908 2359 2024 2392 tribus:
2042 2360 2153 2402 primo.

1189 2420 1208 2443 a
1231 2410 1385 2452 temporis
1410 2411 1672 2452 opportwnt'tate;
1703 2412 1841 2445 secundo
1870 2421 1962 2451 vero,
1987 2413 2027 2445 ab
2056 2412 2155 2455 offleii

1190 2463 1407 2501 auctoritate,
1425 2463 1466 2495 ibi
1482 2464 1525 2495 ¹¹:
1548 2464 1690 2497 Factum
1706 2469 1753 2497 est
1768 2465 1903 2498 verbam
1929 2466 2062 2498 Domini
2078 2471 2152 2499 etc:

1189 2517 1283 2550 *tertio
1306 2526 1399 2555 vere,
1424 2526 1442 2549 a
1466 2517 1532 2549 zeli
1553 2518 1743 2557 severitate,
1769 2519 1829 2551 ibi:
1856 2519 1991 2552 Dicebat
2013 2529 2090 2562 ergo
2108 2520 2152 2551 all

237 2682 246 2697 ²
267 2684 377 2715 Vulgata
401 2684 496 2710 omittit
519 2684 678 2719 Conferens,
703 2685 775 2718 quod
801 2688 887 2711 tamen
912 2685 1016 2711 exbibet
1042 2685 1127 2717 Beda,

167 2727 260 2754 Homil.
283 2728 308 2754 in
328 2731 387 2754 nota
417 2729 591 2760 praecedente
610 2729 672 2761 cit.;
692 2730 737 2755 cfr.
757 2736 836 2761 supra
856 2737 882 2755 ν.
903 2730 950 2761 lt),
970 2729 1013 2755 ubi
1034 2730 1126 2755 eadem

166 2773 276 2798 recurrit
304 2774 457 2806 propositio.
476 2787 512 2792 —
531 2773 588 2799 Duo
617 2781 692 2807 seqq.
722 2774 772 2799 loci
801 2778 861 2799 sunt
889 2775 970 2800 Eccle.
997 2775 1028 2805 8,
1053 2775 1078 2800 5.
1103 2777 1128 2800 et

167 2817 243 2843 Marc.
263 2818 293 2848 9,
313 2818 337 2843 9.

240 2861 250 2876 ²
270 2863 343 2888 vers.
366 2863 413 2895 Μ;
433 2864 480 2888 cfr.
498 2863 560 2888 Luc.
581 2863 610 2893 8,
632 2863 673 2888 40.
692 2877 728 2882 -
747 2864 870 2897 Sequitur
889 2865 942 2890 Gal.
963 2865 993 2894 2,
1014 2865 1037 2889 2.

237 2905 248 2921 ³
269 2908 344 2933 Vers.
364 2908 406 2933 26.
425 2921 460 2927 ·—
484 2907 590 2933 lnserius
618 2915 666 2940 pro
694 2908 843 2935 secandam
871 2909 1029 2940 essmztiam,
1055 2908 1127 2941 quod

167 2951 294 2983 praebent
312 2951 331 2977 C
351 2951 377 2984 (a
396 2952 511 2978 secunda
531 2952 623 2986 manu)
643 2953 677 2984 H,
697 2953 739 2978 alii
759 2953 836 2979 codd.
857 2957 882 2979 et
903 2954 959 2979 Vat.
978 2952 1127 2979 secundum

168 2994 318 3028 ememplar.
338 2995 390 3021 Csr.
410 2996 449 3021 111.
468 2996 537 3021 Sent.
557 2995 583 3022 d.
605 2996 645 3022 tt.
665 3003 689 3022 a.
709 2997 734 3023 3.
753 3004 779 3029 q.
799 2998 825 3023 2.
838 2997 863 3023 in
878 3004 966 3029 corp.,
980 2996 1024 3022 ubi
1039 2998 1064 3022 S.
1078 2997 1128 3022 Do-

168 3042 223 3065 ctor
242 3040 290 3065 hac
310 3040 390 3065 utitur
410 3040 575 3066 distinctione
593 3042 740 3072 profectus,
765 3042 820 3067 scil.
845 3040 992 3068 secundum
1012 3040 1127 3067 earisteu-

168 3083 234 3110 tiam
254 3087 277 3110 et
297 3083 446 3110 secundum
464 3084 661 3118 apparentiam.
683 3086 749 3111 Vide
768 3085 831 3112 ibid.
850 3086 876 3112 d.
898 3086 938 3110 13.
958 3085 1022 3111 dub.
1043 3085 1067 3110 4.

238 3127 249 3142 ⁴
269 3129 398 3160 lntellige:
419 3130 469 3155 hoc
487 3130 605 3155 secundo
618 3136 676 3162 cap.
689 3137 716 3156 v.
731 3130 773 3156 40.
787 3131 855 3163 (Vat.
869 3130 963 3156 omittit
972 3129 1125 3164 promimo).

168 3186 203 3192 —
222 3173 283 3205 Seq.
302 3173 428 3198 sententia
448 3173 524 3199 etiam
545 3180 559 3198 a
579 3174 654 3200 Petro
673 3174 839 3206 Lombardo,
863 3175 900 3200 ΙΙΙ.
920 3176 991 3200 sent.
1011 3174 1037 3200 d.
1057 3175 1127 3207 Xlll,

169 3216 290 3243 tribuitur
310 3216 458 3251 Greqorio;
478 3217 526 3244 sed
545 3218 601 3250 ipsa
620 3222 674 3250 est,
693 3221 721 3245 ut
734 3219 781 3245 loc.
795 3219 837 3245 cit.
851 3219 1014 3249 notavimus,
1027 3218 1126 3251 Bedae,

169 3261 263 3286 llomil.
290 3262 369 3293 paulo
397 3262 519 3294 superius
546 3263 656 3295 allegata
684 3263 710 3288 in
730 3262 866 3288 Dominica
885 3263 970 3295 prima
993 3266 1053 3295 post
1071 3263 1128 3295 Epi-

170 3305 263 3338 phan.;
276 3306 323 3331 cfr.
336 3304 400 3331 ibid.
413 3313 476 3338 pag.
488 3306 549 3339 32⁴,
562 3310 622 3333 nota
636 3308 662 3333 6.
674 3307 792 3333 Subinde
805 3307 932 3339 allegatur
942 3308 969 3333 ll.
979 3307 1038 3334 Cor.
1050 3308 1074 3339 8,
1085 3309 1128 3334 2¹.

241 3346 252 3362 ⁵
270 3349 346 3375 Vers.
365 3350 389 3375 6.
409 3357 473 3383 seq„
493 3350 540 3376 ubi
567 3358 616 3383 pro
643 3352 748 3386 tempus
775 3351 833 3385 apti
859 3351 986 3385 temporis
1016 3352 1127 3384 Vulgata

170 3393 315 3419 secundum
335 3394 511 3421 recentiorem
529 3395 670 3421 editionem
690 3397 796 3430 tempus
814 3397 918 3429 aptum.

1263 2682 1274 2697 ⁶
1294 2684 1369 2710 Vers.
1390 2685 1432 2710 28.

1262 2726 1272 2742 ⁷
1294 2729 1367 2755 Vers.
1389 2730 1412 2755 3.
1432 2736 1489 2762 seq.
1505 2743 1540 2748 —
1553 2729 1606 2755 Csr.
1625 2730 1734 2760 Alsredi,
1755 2730 1857 2756 abbatis
1871 2730 2007 2761 Rievallss,
2022 2731 2107 2756 Tract.
2123 2730 2154 2755 de

1192 2774 1248 2799 lesu
1269 2780 1352 2804 puero
1371 2773 1506 2799 duodenni
1527 2774 1604 2806 (inter
1624 2781 1704 2806 opera
1724 2774 1870 2806 Bet-nardi).

1263 2816 1274 2831 ⁸
1293 2818 1405 2850 Vulgata
1425 2820 1503 2845 Anno
1523 2820 1621 2845 mitem.
1635 2832 1671 2838 -
1684 2819 1721 2845 De
1740 2819 1835 2851 triplici
1854 2819 1989 2844 nativitate
2009 2820 2055 2844 csr.
2074 2826 2153 2850 supra

1191 2869 1214 2888 c.
1236 2863 1259 2887 =l.
1279 2869 1304 2888 n.
1323 2862 1349 2888 7.

1262 2904 1274 2919 ⁹
1293 2908 1377 2932 serm.
1399 2907 1440 2932 la.
1461 2907 1535 2939 (alias
1555 2907 1607 2940 1l7.)
1629 2907 1662 2933 de
1675 2915 1697 2933 s.
1710 2908 1853 2939 Epiphania
1868 2907 1892 2933 5.
1912 2908 1990 2939 (iuter
2002 2913 2083 2939 opera
2097 2908 2156 2932 Am-

1191 2950 1273 2984 bros.)
1284 2959 1311 2976 n.
1324 2952 1354 2977 2:
1367 2952 1441 2977 Tunc
1455 2952 1525 2977 enim
1540 2955 1615 2978 natus
1629 2951 1790 2982 hominibus,
1806 2951 1884 2977 bodie
1898 2955 2003 2977 renatus
2015 2954 2055 2976 est
2069 2952 2156 2976 Sacra-

1192 2996 1300 3027 mentis;
1314 2999 1375 3022 tunc
1388 3003 1436 3028 per
1455 2997 1590 3028 Virginem
1611 2997 1709 3028 editus,
1723 2996 1802 3022 bodie
1816 3003 1862 3028 per
1876 2996 2029 3027 mysterium
2049 3002 2156 3027 genera-

1192 3044 1241 3067 tus.
1255 3041 1306 3067 Csr.
1321 3040 1385 3067 ibid.
1398 3043 1482 3067 Serui.
1497 3042 1539 3067 Μ.
1554 3042 1627 3075 (alias
1641 3042 1692 3073 ⁴6.)
1707 3048 1734 3067 n.
1757 3041 1780 3066 4.
1800 3044 1824 3066 et
1843 3041 1927 3066 Serm.
1941 3041 2000 3066 1¹35.
2017 3041 2041 3066 in
2055 3047 2156 3072 appen-

1191 3085 1250 3111 dice
1269 3087 1353 3112 serm.
1374 3086 1512 3118 Augustini
1538 3086 1612 3118 (alias
1632 3086 1674 3111 36.
1693 3086 1726 3111 de
1747 3085 1904 3117 Tempore),
1924 3092 1950 3110 n.
1973 3085 1994 3109 l.
2016 3085 2155 3116 Quomodo
2179 3096 2183 3099 «

1192 3130 1359 3162 intelligenda
1379 3130 1411 3156 sit
1431 3132 1494 3156 llaec
1514 3130 1671 3162 propositio,
1692 3129 1716 3154 in
1736 3136 1788 3161 qua
1806 3129 1951 3155 secundum
1966 3129 2079 3154 editores
2097 3136 2156 3161 ope-

1192 3182 1252 3201 rum
1276 3178 1329 3201 tam
1358 3174 1488 3200 Ambrosii
1516 3181 1596 3207 quam
1626 3174 1764 3206 Augustini
1791 3180 1865 3199 error
1887 3173 1977 3199 Felicis
1996 3176 2022 3198 et
2039 3173 2156 3205 Elipandi

1192 3219 1360 3251 exprimitur,
1379 3219 1522 3251 explicatur
1540 3225 1555 3243 a
1576 3219 1601 3243 S.
1621 3219 1731 3243 Doctore
1750 3217 1817 3242 intra
1837 3224 1861 3243 n.
1883 3217 1924 3242 49.

1264 3262 1286 3278 ¹⁰
1306 3264 1381 3289 Vers.
1401 3263 1449 3295 lo;
1469 3263 1543 3289 tertia
1562 3269 1623 3295 pars
1643 3262 1732 3294 incipit
1745 3268 1770 3286 v.
1792 3263 1840 3287 21:
1860 3262 1974 3288 Factum·
1993 3263 2031 3288 es!
2049 3264 2155 3289 autem.

1192 3315 1253 3335 cam
1275 3307 1468 3342 baptizaretur.

1264 3352 1285 3367 ²¹
1307 3354 1380 3379 Vers.
1400 3353 1429 3384 2;
1450 3352 1554 3378 tertium
1574 3351 1684 3377 liabetur
1697 3359 1723 3377 v.
1736 3351 1760 3377 7.
1775 3365 1810 3370 —
1824 3352 1932 3377 lnserius
1947 3358 1996 3383 pro
2015 3350 2069 3377 zeli
2086 3358 2157 3377 serr·

1192 3397 1273 3424 ritate
1293 3398 1350 3423 Vnt.
1369 3396 1422 3423 zeli
1440 3395 1632 3423 sollicitudine.
