2476 3921
158 1216 174 1236 Ν
179 1215 287 1236 otanclum.

158 1958 287 1980 Secundum.

144 2436 240 2456 Christus
255 2442 290 2457 cu-

163 2465 195 2483 rat
210 2463 289 2489 triptici

166 2489 236 2510 modo.

312 274 372 305 108
910 270 1103 302 COMMENT.
1131 271 1166 303 ΙΝ
1191 270 1429 303 EVANGELlUM
1454 271 1570 304 LUCAE
1595 272 1626 303 C.
1653 272 1699 303 lV.

306 370 495 403 synayoya,
513 359 663 391 introivit
679 359 713 390 in
737 359 872 390 domum
891 358 1051 396 Simonis,
1069 363 1105 391 ut
1130 362 1266 400 potestas

307 414 395 450 eius,
431 421 511 454 quae
546 411 755 443 communiter
791 411 986 443 manifestata
1020 411 1125 443 fuerat
1159 420 1265 444 coram

306 466 469 503 omnibus,
495 465 525 496 in
555 464 646 496 domo
681 464 834 496 secretius
869 464 1123 497 manifestaretur
1158 474 1264 497 coram

307 519 500 560 simplicibus
523 523 553 550 et
578 526 681 550 coram
707 517 773 549 suis
789 517 1008 550 imitatoribus.
1035 518 1065 549 ln
1089 518 1183 550 domo
1199 522 1267 550 erat

307 571 427 603 mulier
451 571 608 608 curanda,
632 580 693 602 non
727 570 756 602 in
782 579 954 612 synagoga,
979 570 1018 602 ad
1042 570 1264 603 insinuandum

307 624 390 666 quod
410 624 524 656 dicitur
549 623 668 665 primae
691 623 729 655 ad
754 623 952 655 Timotheum
978 622 1156 655 secundo1:
1179 623 1267 655 «Do—

307 687 377 710 cere
402 682 507 709 autem
532 677 656 709 mulieri
675 686 735 708 non
762 677 953 718 permitto».
977 695 1018 700 -
1044 677 1084 708 Ad
1111 677 1196 709 huuc
1220 677 1267 709 in-

306 739 448 772 gressum
475 730 617 762 movebat
642 730 856 762 misericordia
882 734 1010 772 propter
1036 730 1178 762 mulieris
1210 730 1267 762 mi-

307 784 419 816 seriam
445 783 661 821 relevandam;
686 792 781 824 quam
803 783 971 824 exprimit,
997 792 1069 815 cum
1093 783 1184 815 dicit:
1211 784 1268 816 So-

306 846 386 868 erus
421 841 529 868 aecem
569 834 713 868 Simonis·
738 836 907 868 tenebatur
939 837 1072 878 mayriiS
1095 835 1267 878 febribus,-

307 890 337 921 iu
362 899 426 930 quo
449 889 631 930 designatur
663 889 854 921 infirmitatis
877 889 1031 930 gravitas⁷
1055 898 1136 930 quae
1165 889 1268 931 dispo-

308 943 352 974 nit
376 942 414 974 ad
449 942 600 984 gratiam,
637 942 727 974 iuxta
762 942 839 973 illud
872 942 1075 974 Ecclesiastici
1109 941 1269 983 trigesimo

308 996 409 1036 primo
427 996 455 1026 Ξ”;
479 1008 493 1023 «
510 986 675 1027 lnfirniitas
699 996 803 1036 gravis
828 994 963 1027 sobriam
990 994 1062 1027 sacit
1085 995 1220 1026 animam
1238 1008 1267 1026 ».

310 1048 391 1080 liic-et
414 1052 518 1079 autem
543 1052 624 1080 esset
648 1048 765 1089 gravis,
792 1051 913 1089 poterat
945 1050 1048 1080 tamen
1078 1048 1117 1079 de
1141 1057 1177 1080 ea
1208 1048 1267 1080 dici

308 1101 384 1132 illud
410 1101 529 1132 loannis
554 1100 733 1132 undecimo:
763 1114 777 1127 «
796 1100 964 1132 Infirmitas
989 1101 1064 1132 haec
1089 1110 1150 1132 non
1168 1101 1267 1133 estad

309 1157 456 1190 mortem,
481 1153 535 1185 sed
560 1156 595 1185 ut
612 1153 828 1185 manifestetur
852 1153 951 1194 gloria
968 1153 1020 1185 Dei
1035 1165 1066 1191 »;
1092 1162 1185 1195 quam
1203 1153 1267 1195 glo-

310 1206 385 1238 riam
411 1215 472 1238 non
490 1206 591 1237 solum
616 1205 723 1237 debuit
741 1205 771 1237 in
796 1206 895 1237 altero
912 1214 993 1237 sexu
1018 1205 1197 1244 ostendere,
1215 1206 1267 1238 sed

308 1259 338 1290 in
362 1262 517 1300 utroque,
551 1258 644 1300 quia,
669 1258 751 1290 sicut
774 1262 911 1299 uterque
944 1259 1050 1299 lapsus
1081 1258 1202 1297 fuerat,
1228 1259 1270 1291 ita

308 1312 482 1354 pertinebat
506 1312 544 1343 ad
566 1312 823 1353 redemptionem
848 1311 934 1344 Unde
959 1311 989 1343 in
1007 1311 1121 1344 Christi
1147 1312 1269 1344 nativi-

309 1369 372 1396 tate
395 1364 455 1397 suit
485 1365 593 1405 ioseph
622 1373 694 1397 cum
720 1364 855 1403 Maria33
893 1365 921 1396 in
947 1364 1061 1397 Christi
1090 1365 1269 1406 praediea-

308 1419 409 1457 tione,
434 1419 577 1460 discipuli
603 1423 633 1451 et
658 1418 821 1457 mulieres,
847 1418 1020 1451 secundum
1045 1419 1128 1460 quod
1153 1419 1269 1451 dicitur

308 1471 388 1503 infra
411 1476 535 1504 octavo:
561 1472 591 1503 in
616 1472 780 1513 passione,
806 1472 900 1503 Maria
924 1475 954 1504 et
980 1472 1121 1510 loannes,
1147 1472 1269 1504 loannis

307 1525 427 1557 decimo
452 1534 548 1562 uono;
582 1525 612 1557 in
637 1525 893 1563 resurreetione,
926 1525 1068 1567 discipuli
1093 1530 1123 1557 et
1147 1525 1269 1567 Magda-

310 1578 391 1616 lena,
418 1578 538 1610 loannis
563 1578 721 1620 vigesimo.
748 1578 796 1610 Sic
820 1578 869 1610 vir
886 1582 916 1610 et
941 1579 1053 1611 mulier
1077 1579 1114 1610 ad
1132 1579 1185 1611 Dei
1203 1579 1269 1621 glo-

309 1631 387 1663 riam
424 1631 646 1664 ostendendam
671 1635 842 1669 curantur,
879 1636 909 1663 et
933 1641 951 1663 a
985 1632 1122 1673 graviori
1154 1632 1268 1664 mulier

308 1693 402 1725 quam
427 1684 485 1722 vir,
510 1684 584 1725 quia
608 1684 753 1725 pluribus
778 1684 1017 1725 poenalitatibus
1040 1689 1086 1717 est
1110 1685 1267 1724 subiecta;

308 1736 436 1769 Genesis
460 1736 573 1769 tertio:
605 1749 619 1764 «
637 1736 847 1777 Multiplicabo
863 1746 1031 1769 aerumnas
1056 1741 1126 1769 tuas
1142 1742 1172 1769 et
1196 1747 1268 1770 con-

309 1793 418 1831 ceptus
443 1794 530 1827 tuos;
557 1790 587 1821 in
612 1789 718 1822 dolore
743 1790 845 1831 paries
869 1790 949 1822 filios
973 1794 1003 1822 et
1027 1790 1087 1822 suh
1103 1791 1161 1822 viri
1184 1794 1269 1832 pote-

309 1847 386 1875 state
411 1843 473 1875 eris
490 1856 519 1874 ».

397 1897 449 1927 84.
467 1896 627 1936 Quantum
645 1905 719 1928 vero
744 1896 781 1928 ad
799 1896 1041 1928 intercessionis
1063 1895 1268 1939 suffragium

309 1950 472 1982 subditur:
500 1951 538 1981 Ei
561 1954 765 1992 royauerimi
789 1949 884 1982 illum
913 1960 976 1992 pro
1002 1950 1060 1982 illa
1076 1951 1100 1988 4,
1125 1950 1269 1992 discipuli

308 2007 338 2035 et
355 2003 397 2035 illi
422 2003 475 2044 qui
493 2003 632 2035 aderant.
651 2003 800 2044 Quamvis
816 2003 898 2036 enim
918 2003 1069 2036 Dominus
1086 2004 1160 2036 velit
1176 2003 1268 2042 dare,

309 2057 512 2089 nihilominus
537 2057 603 2089 vult
622 2057 741 2098 rogari,
758 2057 932 2089 secundum
951 2057 1026 2090 illud
1052 2057 1181 2090 Psalmi:
1204 2070 1219 2085 α
1238 2057 1268 2089 ln

308 2110 356 2142 die
381 2110 592 2142 tribulationis
616 2114 688 2143 tuae
721 2110 830 2143 invoca
855 2119 921 2148 me;
958 2120 1066 2143 eruam
1093 2114 1137 2149 te,
1162 2114 1194 2144 et
1218 2111 1269 2143 ho-

309 2163 486 2195 norificabis
511 2172 559 2195 me
573 2176 588 2191 »
605 2175 611 2201 ;
638 2163 731 2195 isaiae
747 2163 1008 2205 quinquagesimo
1031 2167 1159 2196 octavo:
1189 2177 1203 2192 «ι
1223 2164 1267 2196 ln-

311 2215 450 2253 vocabis‚
480 2220 510 2247 et
535 2215 687 2248 Dominus
718 2216 883 2254 exaudiet,
917 2216 1081 2256 clamabis,
1111 2221 1142 2249 et
1169 2217 1268 2250 dicet:

310 2268 385 2300 Ecce
409 2269 517 2300 adsum
533 2282 567 2307 ι),
591 2282 605 2297 «
619 2269 693 2310 quia
711 2269 888 2302 misericors
905 2279 974 2302 sum
986 2296 993 2307 ,
1011 2270 1162 2303 Dominus
1187 2271 1270 2303 Deus

311 2324 384 2353 tuus
402 2335 431 2353 ι».

398 2376 449 2407 82.
477 2376 511 2407 Et
548 2379 637 2414 nota,
674 2376 758 2418 quod
789 2376 940 2408 Dominus
974 2377 1111 2418 aliquem
1147 2378 1270 2409 curavit

309 2428 378 2460 sine
391 2428 561 2470 precibu&
587 2429 668 2461 sicut
684 2429 919 2461 daemoniacum
938 2429 1026 2470 prius
1038 2429 1065 2467 5;
1084 2430 1180 2462 alium
1194 2439 1269 2471 pre-

309 2482 401 2514 cibus
425 2482 560 2520 alienia,
590 2485 625 2514 ut
650 2482 717 2519 hic;
743 2482 838 2514 alium
861 2482 1016 2524 precibus
1039 2483 1208 2525 propriis,
1235 2488 1270 2516 ut

309 2536 389 2567 intra
420 2536 530 2577 quinto
570 2536 737 2576 leprosum.
776 2535 806 2567 ln
842 2544 906 2577 quo
937 2536 1149 2578 significatur,
1186 2537 1269 2578 quod

310 2588 473 2629 tripliciter
497 2588 617 2620 animas
641 2589 830 2629 peccatrices
853 2592 943 2620 curat
967 2589 1067 2630 gratia
1091 2589 1268 2627 salvatoris,

312 2650 395 2673 nunc
420 2641 630 2673 intercedente
654 2640 725 2672 sota
751 2640 947 2683 benignitate
962 2651 1044 2674 surae
1061 2641 1268 2679 elementiae,-

1329 359 1368 391 ad
1393 360 1546 391 Romanos
1570 360 1707 392 secundo
1719 360 1750 392 ⁶:
1772 373 1787 388 c<
1805 361 1848 393 An
1865 361 2009 402 ignoras,
2033 362 2118 403 quod
2134 362 2189 394 Dei
2206 362 2292 395 heni-

1329 411 1432 453 gnitas
1444 412 1482 444 ad
1495 412 1716 453 poenitentiam
1731 416 1760 445 te
1772 413 1900 446 adducit
1912 417 1949 446 »ἲ
1961 415 2050 447 Nunc
2065 415 2292 448 interveniente

1331 464 1479 496 oratione
1506 465 1665 497 Ecclesiae
1674 477 1685 503 ‚·
1711 466 1808 499 iacobi
1833 466 1959 508 quinto:
1989 480 2004 495 «
2022 467 2204 500 lnfirmatur
2221 468 2292 510 quis

1330 516 1362 548 in
1394 517 1506 550 vobis?
1542 518 1670 550 [nducat
1700 519 1901 560 presbyteros
1937 520 2104 559 Ecclesiae,
2140 524 2171 553 et
2202 525 2292 554 orent

1331 579 1427 612 super
1452 580 1542 610 eum,
1567 574 1598 603 et
1620 571 1721 604 oratio
1737 572 1808 604 fidei
1826 573 1958 605 salvabit
1974 573 2137 606 infirmum
2155 587 2185 606 ».
2204 575 2292 607 Nunc

1332 632 1407 656 vero
1431 624 1658 657 interveniente
1687 625 1827 667 proprio
1857 626 2002 668 9emitu;
2035 626 2133 659 Exodi
2157 628 2290 660 sexto⁷:

1337 689 1352 704 «
1371 676 1431 718 Ego
1447 677 1552 709 audivi
1570 678 1722 719 gemitum
1738 678 1876 710 filiorum
1894 678 1987 711 lsrael
2003 691 2032 718 »;
2050 680 2155 721 quarti
2173 680 2291 722 Regum

1334 729 1496 770 vigesimo:
1527 743 1542 757 «
1559 730 1666 762 Audivi
1692 731 1865 768 orationem
1891 735 1976 764 tuam
1993 735 2024 765 et
2041 732 2103 765 vidi
2122 733 2293 774 lacrymam

1333 784 1417 814 tuam
1442 776 1474 814 'et
1497 783 1604 815 sanavi
1622 786 1651 815 te
1666 797 1695 815 ».
1714 784 1749 815 Et
1772 784 1841 816 ideo
1864 784 1986 817 dicebat
2009 785 2113 818 anima
2138 790 2244 819 sancta
2261 787 2292 819 in
2330 812 2332 815 .

1333 831 1470 867 Psalmoz
1501 848 1515 863 «
1534 835 1596 877 Ego
1619 840 1724 869 autem
1749 836 1786 869 ad
1811 837 1978 870 Dominum
2004 838 2152 877 clamavi,
2177 842 2208 871 et
2232 839 2292 872 Do-

1332 888 1437 920 minus
1461 889 1591 921 salvavit
1616 898 1665 921 me
1682 903 1712 921 ».

1422 941 1474 974 83.
1501 942 1602 980 (Vers.
1627 942 1704 982 39.).
1730 944 1889 984 Quantum
1914 944 1952 976 ad
1977 944 2166 977 curationis
2189 955 2291 978 reme-
2310 951 2412 975 Tertium-

1332 994 1426 1026 dium
1451 994 1650 1037 adiungitur:
1677 996 1716 1027 Ec
1738 1000 1833 1028 stan-5
1856 1006 1958 1039 super
1983 997 2089 1036 ittam,
2114 998 2292 1040 imperavit

1332 1045 1437 1088 febri,
1462 1051 1490 1079 et
1514 1047 1639 1079 dimi-sit
1664 1048 1766 1080 illam.
1793 1049 1926 1091 Imperat
1949 1053 2053 1082 autem
2073 1053 2221 1092 tanquam
2238 1051 2292 1083 do-

1332 1099 1438 1132 minus
1461 1104 1492 1132 et
1517 1110 1593 1139 rex,
1619 1101 1699 1133 sicut
1725 1102 1926 1135 Ecclesiastae
1951 1102 2099 1144 quintoss:
2130 1116 2144 1130 «
2164 1103 2293 1146 lnsuper

1332 1161 1391 1185 rex
1420 1154 1585 1186 universae
1618 1158 1720 1187 terrae
1756 1155 1889 1196 imperat
1924 1153 2117 1194 servierilt'i»;
2150 1160 2181 1189 et
2217 1157 2292 1199 quia

1338 1218 1352 1233 «
1370 1215 1433 1238 non
1457 1211 1504 1238 est
1527 1207 1553 1239 ei
1573 1207 1763 1249 impossibile
1779 1217 1871 1240 omne
1888 1208 2021 1241 verbum
2036 1221 2065 1247 »;
2082 1209 2151 1242 ideo
2173 1222 2188 1238 «
2200 1209 2292 1248 dixit,

1333 1263 1364 1291 et
1387 1259 1504 1292 factum
1529 1264 1622 1293 est».
1648 1261 1733 1294 Unde
1756 1261 1795 1293 ad
1828 1265 2030 1303 praeceptum
2065 1263 2134 1295 eius
2165 1263 2293 1296 recessit

1334 1312 1447 1351 febris,
1483 1313 1655 1346 secundum
1692 1314 1769 1347 illud
1805 1315 1934 1347 Psalmi:
1973 1316 2207 1358 «Praeceptum
2238 1326 2292 1358 po-

1333 1366 1413 1405 suit,
1431 1369 1461 1398 et
1485 1375 1547 1398 non
1565 1367 1790 1408 praeteribit».
1808 1368 1868 1400 Nec
1886 1368 2013 1407 mirum,
2030 1369 2104 1410 quia
2116 1369 2128 1388 ⁹
2150 1382 2166 1397 <t
2179 1370 2292 1409 omnia,

1333 1428 1553 1461 quaecumque
1588 1420 1704 1459 voluit,
1733 1420 1805 1453 fecit
1830 1421 1861 1453 in
1897 1422 1982 1454 caelo
2006 1426 2036 1455 et
2068 1422 2099 1454 in
2136 1425 2231 1461 terra,
2261 1423 2293 1455 in

1333 1472 1412 1504 mari
1436 1476 1467 1505 et
1491 1473 1521 1504 in
1546 1473 1692 1506 omnibus
1722 1474 1843 1515 abyssis
1859 1487 1889 1513 »;
1922 1478 1953 1508 et
1986 1475 2133 1508 Ieremiae
2164 1476 2291 1518 quinto:

1338 1538 1353 1552 «
1371 1525 1417 1558 Me
1441 1534 1516 1567 ergo
1552 1535 1613 1558 non
1650 1526 1815 1566 timebitis,
1840 1528 1883 1560 ait
1914 1528 2084 1568 Dominus,
2109 1532 2140 1562 et
2174 1538 2193 1561 a
2216 1529 2293 1563 facie

1333 1586 1402 1610 mea
1437 1588 1499 1610 non
1530 1578 1714 1620 pavebitis?
1746 1580 1805 1620 Qui
1840 1581 1930 1622 posui
1961 1590 2089 1613 arenam
2122 1582 2293 1615 terminum

1332 1630 1430 1669 mari,
1455 1635 1659 1673 praeceptum
1688 1632 1933 1673 sempiternum,
1958 1633 2043 1675 quod
2066 1643 2129 1666 non
2153 1638 2294 1675 praeter-

1332 1684 1435 1716 ibit».
1461 1685 1546 1717 Unde
1572 1685 1653 1717 miro
1677 1685 1769 1718 modo
1792 1686 1821 1717 in
1860 1686 1918 1718 hoc
1949 1686 2096 1728 arguitur
2127 1691 2157 1719 et
2186 1696 2294 1729 repre-

1333 1737 1495 1770 hensibilis
1518 1738 1695 1771 ostenditur
1720 1739 1894 1780 pervicacia
1926 1739 2082 1772 humanae
2106 1740 2292 1779 voluntatis,

1333 1791 1418 1833 quod
1443 1792 1544 1824 omnis
1576 1794 1724 1825 creatura
1759 1791 1929 1831 sensibilis,
1953 1796 1984 1825 et
2019 1793 2104 1835 quod
2127 1793 2199 1835 plus
2227 1796 2292 1832 est,

1276 1847 1279 1851 ’
1332 1843 1472 1876 defectus
1489 1844 1627 1886 poenalis
1643 1845 1747 1878 obedit
1763 1844 1876 1878 divinis
1892 1845 2047 1887 imperiis,
2065 1846 2182 1888 quibus
2198 1846 2293 1879 homo

1334 1897 1521 1930 miserabilis
1544 1898 1737 1930 contradicit.

1423 1951 1475 1982 84.
1502 1951 1660 1984 Postremo
1684 1956 1838 1993 quantum
1854 1952 1893 1985 ad
1905 1952 2072 1995 perfectae
2088 1952 2293 1985 liberationis
2312 1961 2421 1988 Quartum.

1333 2003 1495 2036 indicium
1520 2004 1684 2037 subditur:
1712 2006 1751 2037 Et
1773 2006 1928 2038 continuo
1952 2015 2094 2048 sumens
2121 2006 2294 2038 ministra—

1334 2055 1437 2089 batm.
1463 2057 1524 2089 Hoc
1548 2057 1631 2089 enim
1657 2062 1778 2090 certum
1802 2062 1849 2091 est
1874 2058 2029 2101 perfectae
2053 2059 2224 2092 curationis
2247 2059 2294 2092 in-

1333 2110 1464 2148 dicium,
1490 2110 1573 2152 quod
1605 2111 1710 2143 nullae
1741 2116 1960 2145 remanserunt
1984 2112 2150 2154 reliquiae,
2176 2122 2234 2154 pro
2256 2122 2293 2146 eo

1333 2164 1418 2205 quod
1442 2164 1545 2196 statim
1570 2163 1650 2196 facta
1674 2168 1721 2197 est
1744 2169 1854 2206 potens
1878 2166 1917 2198 ad
1941 2170 2061 2198 motum
2079 2169 2110 2199 et
2126 2170 2236 2208 potens
2252 2167 2291 2199 ad

1333 2217 1530 2259 obsequium.
1560 2217 1646 2250 Unde
1681 2218 1824 2250 surrexit
1847 2223 1878 2251 et
1912 2219 2109 2252 ministrabat
2144 2223 2293 2262 tanquam

1334 2271 1415 2303 hona
1438 2275 1582 2303 matrona
1613 2274 1643 2304 et
1667 2271 1755 2313 quasi
1780 2272 1879 2304 altera
1903 2273 2034 2311 Martha,
2058 2273 2097 2305 de
2121 2282 2184 2315 qua
2211 2272 2293 2306 infra

1335 2325 1456 2358 decimo
1471 2326 1512 2356 ¹¹:
1543 2338 1558 2353 «
1576 2325 1697 2358 Martha
1720 2329 1824 2358 autem
1850 2326 2009 2367 satagebat
2032 2326 2115 2359 circa
2145 2327 2293 2370 frequens

1335 2378 1543 2410 ministerium
1559 2392 1588 2410 ι».
1607 2378 1643 2410 Et
1660 2378 1736 2411 tales
1752 2381 1915 2411 merentur
1931 2378 2071 2411 divinum
2089 2379 2291 2419 beneficium;

1333 2431 1438 2472 quarti
1464 2431 1581 2473 Regum
1606 2435 1720 2473 quarto
1743 2431 1817 2464 dicit
1840 2431 1960 2464 Eliseus
1981 2432 2150 2464 Sunamiti:
2174 2446 2189 2461 «
2205 2433 2292 2471 Ecce,

1334 2483 1441 2516 sedule
1465 2484 1495 2516 in
1520 2477 1666 2517 omnibus
1689 2485 1871 2518 ministrasti
1898 2485 2003 2523 nobis,
2021 2485 2096 2527 quid
2113 2485 2173 2524 vis,
2192 2489 2226 2518 ut
2250 2485 2294 2518 sa-

1334 2537 1412 2569 ciam
1438 2537 1492 2569 tibi
1510 2540 1548 2569 »t
1571 2537 1676 2570 Talem
1713 2538 1839 2571 viduam
1875 2538 1997 2571 dicebat
2028 2538 2192 2581 Apostolus
2226 2548 2294 2573 esse

1334 2589 1506 2631 eligendam
1542 2590 1661 2631 primae
1697 2591 1734 2623 ad
1771 2587 1986 2624 Timotheum
2005 2591 2132 2633 quinto:
2162 2604 2177 2619 «
2196 2591 2294 2625 Vidua

1333 2643 1466 2685 eligatur
1491 2652 1551 2675 non
1577 2644 1681 2676 minus
1705 2644 1868 2686 sexaginta
1891 2654 2064 2683 annorum,
2090 2645 2121 2677 in
2145 2645 2294 2687 operibus

382 2778 389 2792 ¹
414 2779 486 2804 Vers.
508 2779 549 2803 42.
568 2793 603 2797 -
623 2779 749 2810 superius
769 2786 817 2810 pro
836 2779 963 2805 secretius
984 2780 1033 2804 DG
1054 2780 1185 2806 securius.

382 2821 391 2836 ²
413 2824 486 2849 Vera.
507 2824 530 2847 2.
551 2837 587 2842 —
606 2823 728 2855 Sequitur
749 2824 817 2848 loon.
843 2824 881 2851 ll,
903 2823 925 2848 4.
946 2823 1080 2854 Ambros.,
1101 2825 1143 2849 lV.
1165 2825 1189 2849 in
1210 2826 1270 2850 Luc.

312 2875 337 2892 n.
357 2867 407 2892 57:
428 2869 457 2892 Et
476 2868 543 2892 bene
562 2871 666 2892 sani-tus
680 2868 761 2892 Lucas
782 2868 867 2892 virum
882 2868 915 2892 ali
930 2868 1020 2899 spiritu
1035 2869 1165 2901 nequitiae
1183 2869 1272 2894 tibera-

312 2915 365 2936 tum
389 2914 448 2936 ante
468 2912 599 2943 praemisit
626 2915 651 2936 et
670 2911 802 2937 substituit
831 2912 941 2937 feminae
961 2913 1106 2937 sanitatem.
1129 2914 1271 2945 Utrumque

311 2956 380 2980 euim
400 2963 489 2980 sexum
511 2956 636 2981 Dominus
656 2960 793 2981 curaturus
811 2957 970 2987 advenerat,-
990 2960 1015 2982 et
1034 2958 1105 2989 prior
1125 2958 1209 2983 sanari
1230 2958 1271 2983 de-

312 2999 368 3025 buit
391 3001 436 3032 qui
456 3000 527 3031 prior
546 3004 648 3025 creatus
669 3003 720 3031 est,
749 3007 796 3026 nec
817 3001 986 3033 praetermitti
1017 3002 1055 3027 illa
1082 3009 1150 3034 quae
1170 3001 1271 3027 mobili-

312 3047 362 3068 tate
383 3044 465 3075 magis
485 3044 563 3069 animi
583 3052 662 3076 quam
684 3045 811 3075 praxitate
831 3037 993 3076 pet-caverat.
1012 3060 1047 3065 —
1068 3047 1175 3072 luserius
1188 3046 1271 3072 verbo

308 3088 458 3121 pertinebat
478 3089 496 3113 Α
516 3093 541 3114 et
562 3090 618 3114 Vat.
638 3090 738 3114 addunt
758 3090 876 3123 uterque.

382 3131 453 3159 ”cna
468 3141 545 3165 supra
561 3135 584 3164 2,
602 3134 896 3167 16.-Quatuorseqq.
911 3136 957 3161 loci
972 3139 1032 3161 sunt
1047 3137 1108 3161 Luc.
1122 3137 1146 3167 8,
1162 3137 1185 3161 4.
1200 3143 1269 3168 seq.;

313 3179 380 3203 ioan.
406 3180 447 3208 19,
467 3179 508 3203 26.
529 3182 553 3203 ct
573 3179 620 3208 20,
642 3179 666 3204 4.
685 3186 754 3211 seq,
775 3180 839 3204 Gen.
858 3180 887 3209 3,
912 3180 950 3204 46.
969 3194 1004 3198 -
1024 3181 1130 3205 luserius
1150 3188 1198 3212 pro
1210 3187 1270 3213 poe-

313 3223 467 3249 nalitatibus
489 3224 546 3248 Vat.
562 3223 664 3257 poenis.

383 3267 393 3280 ⁶
415 3268 523 3298 Vulgata
545 3274 583 3293 ea.
598 3281 632 3286 —-
647 3267 762 3293 Subinde
775 3269 919 3300 allegantur
934 3270 972 3294 Ps.
988 3269 1034 3300 49,
1054 3269 1099 3299 15,
1114 3270 1168 3294 lsai.
1184 3269 1231 3299 58,
1245 3270 1270 3294 9.

313 3315 337 3335 et
357 3311 435 3336 lixod.
456 3312 502 3342 22,
522 3311 574 3336 27:
596 3312 621 3336 Si
641 3312 791 3337 clamaverit
810 3312 843 3337 ad
864 3319 919 3342 me,
947 3304 1084 3337 exaudiam
1110 3320 1184 3343 eum,
1209 3313 1269 3345 qnia

314 3355 461 3380 misericors
480 3362 555 3385 sunu
575 3357 621 3380 cfr.
642 3355 715 3380 Deut.
738 3355 766 3385 4,
787 3356 833 3380 31:
862 3356 926 3388 Quia
954 3357 1022 3382 Deus
1047 3357 1194 3384 niiseruors
1224 3358 1271 3383 Do-

314 3400 399 3423 minus
419 3399 486 3424 Deus
506 3402 565 3424 tuus
584 3403 630 3424 est.

384 3441 393 3455 ¹⁵
414 3443 497 3473 Supra
518 3450 543 3467 v.
563 3443 605 3467 35.
624 3457 659 3461 —
679 3443 801 3475 Sequitur
821 3444 880 3468 Luc.
902 3444 931 3475 5,
956 3444 994 3469 13,

1405 2781 1417 2796 ⁶
1439 2783 1510 2808 Vers.
1531 2782 1555 2807 4.
1575 2797 1609 2801 —
1629 2782 1746 2808 Subinde
1764 2783 1890 2814 allegatur
1910 2783 1958 2808 lac.
1978 2782 2007 2814 5,
2030 2782 2072 2808 tt.
2090 2782 2142 2809 Ctr.
2161 2783 2246 2814 Beda,
2267 2783 2293 2808 ll.

1336 2826 1360 2851 in
1381 2827 1442 2851 Luc.
1463 2826 1491 2857 t,
1512 2827 1554 2851 38.
1574 2833 1629 2858 seq.

1407 2868 1416 2884 '¹
1438 2871 1511 2896 Vers.
1531 2870 1555 2895 5.
1577 2884 1609 2887 ——
1630 2870 1687 2895 Duo
1706 2877 1779 2903 seqq.
1799 2870 1847 2895 loci
1867 2873 1927 2895 sunt
1946 2871 1987 2895 tv.
2013 2871 2077 2902 fleg.
2096 2870 2145 2902 20,
2165 2871 2190 2896 5.
2210 2874 2235 2895 et
2254 2871 2293 2896 Ps.

1337 2914 1384 2944 54,
1405 2914 1452 2945 47,
1473 2922 1520 2946 pro
1540 2921 1593 2946 quo
1614 2915 1670 2939 Vat.
1691 2914 1739 2945 29,
1759 2914 1784 2939 3.

1407 2956 1417 2971 ³
1438 2959 1511 2984 Vers.
1531 2960 1554 2983 8.
1575 2972 1610 2977 ——
1630 2958 1780 2991 Sequuntur
1800 2959 1862 2984 Luc.
1882 2959 1911 2991 4,
1931 2959 1979 2989 37;
2000 2959 2040 2984 Ps.
2062 2958 2121 2991 448,
2141 2958 2166 2984 5.
2188 2961 2213 2984 et.
2232 2960 2255 2984 6.

1407 3000 1417 3014 ⁹
1438 3003 1468 3028 Ut
1487 3003 1581 3028 dicitur
1600 3003 1624 3027 in
1645 3003 1685 3027 Ps.
1706 3002 1770 3032 434,
1790 3003 1821 3033 6,
1841 3005 1901 3034 post
1918 3010 1999 3035 quem
2019 3004 2066 3028 ler.
2079 3003 2108 3033 5,
2122 3004 2171 3032 22,
2187 3002 2232 3028 ubi
2245 3010 2293 3035 pro

1332 3045 1461 3079 pavebitis
1483 3046 1526 3077 (ita
1547 3047 1677 3072 translatio
1697 3053 1727 3072 ex
1746 3046 1836 3079 Hebr.)
1858 3047 1968 3078 Vulgata
1981 3045 2110 3077 dolebitis,
2130 3049 2155 3071 et
2175 3053 2222 3078 pro
2242 3048 2294 3073 ter-

1335 3089 1440 3115 minum
1459 3090 1532 3115 mro-i
1550 3091 1628 3116 codd.
1647 3091 1792 3117 terminum
1811 3091 1906 3117 maris.

1407 3132 1428 3146 ¹⁰
1450 3134 1559 3166 Vulgata
1579 3135 1651 3160 addit
1670 3134 1732 3161 illis.

1406 3176 1426 3191 ¹¹
1450 3178 1520 3203 Vers⁴
1544 3178 1584 3203 40.
1605 3179 1686 3209 neda,
1708 3179 1732 3204 ΙΙ.
1753 3179 1777 3204 ἰη
1797 3181 1859 3204 Luc.
1880 3178 1907 3209 4,
1928 3179 1973 3204 39:
2001 3179 2119 3204 Naturale
2137 3183 2176 3205 est
2195 3179 2293 3205 febrici-

1335 3222 1464 3252 tantibus,
1484 3222 1623 3254 incipiente
1643 3223 1765 3255 sanitate,
1791 3224 1931 3249 lassescere
1950 3226 1975 3248 et
1994 3224 2180 3255 aegrotationis
2198 3224 2293 3250 sentire

1336 3268 1494 3299 molestiani;
1516 3275 1608 3293 verum
1629 3267 1736 3299 sanitas,
1756 3275 1823 3300 quae
1844 3268 1945 3293 Domini
1964 3269 2097 3294 confertur
2116 3269 2241 3300 imperio,
2260 3269 2294 3294 si-

1336 3312 1388 3337 mul
1407 3316 1458 3337 tota
1479 3313 1554 3338 redit.
1574 3313 1628 3337 Non
1648 3313 1733 3338 solum
1748 3313 1802 3344 ipsa
1817 3312 1897 3344 redit,
1911 3312 1958 3338 sed
1971 3315 1997 3337 et
2009 3315 2080 3338 tanto
2098 3312 2193 3338 robore
2212 3313 2293 3338 comi-

1335 3360 1416 3386 tante,
1431 3360 1458 3383 ut
1471 3357 1508 3382 eis
1522 3356 1653 3387 continuo,
1667 3356 1713 3389 qui
1726 3363 1754 3382 se
1767 3356 1934 3386 adiuverant,
1948 3356 2095 3382 ministrare
2114 3353 2224 3382 sdfflciat
2242 3361 2291 3382 etc.

1334 3415 1369 3420 —
1389 3402 1445 3427 Duo
1465 3408 1537 3438 seqq.
1559 3401 1606 3426 loci
1626 3404 1686 3426 sunt
1705 3401 1746 3426 lV.
1766 3401 1831 3432 neg.
1852 3400 1881 3432 4,
1903 3401 1944 3426 43.
1964 3404 1989 3426 et
2008 3401 2025 3426 1.
2046 3401 2114 3426 Tim.
2134 3400 2162 3433 5,
2183 3401 2206 3426 9.
2230 3401 2268 3426 to.
2300 3423 2303 3425 .
