2476 3921
303 276 367 309 350

303 368 388 396 totus
403 363 496 396 homo
519 361 644 394 divinus
660 368 716 402 per
739 367 879 392 amorem
902 357 1065 395 deificum,
1085 355 1258 389 secundum

303 417 379 449 illud
396 414 521 448 Psalmi:
544 427 559 442 «
572 413 690 446 Defecit
712 421 786 445 caro
808 420 878 444 mea
894 415 924 444 et
949 419 1002 443 cor
1028 419 1151 448 meum;
1175 409 1260 441 Deus

303 469 405 501 cordis
428 468 504 506 mei,
529 471 559 500 et
584 475 656 508 pars
680 474 749 499 mea
773 465 857 497 Deus
880 464 911 496 in
935 467 1101 496 aeternum
1118 475 1149 494 n.

390 522 442 553 48.
470 521 509 552 Et
532 519 600 552 ibat
619 529 680 561 per
704 518 854 551 civitates
877 521 935 550 etc.
962 517 1064 557 Supra
1079 517 1089 535 ¹
1113 514 1259 553 ostendit,

139 583 244 607 seeundo,
253 588 291 609 uer
303 576 369 608 sine
391 574 562 607 cessatione
585 571 724 605 facienda
747 580 815 604 esse
839 571 921 603 bona
944 578 1056 611 opera,
1074 578 1130 611 per
1147 577 1259 601 manu-

139 610 291 666 ”ifflsffi'ffrff‘
301 628 479 661 ductionem
503 626 655 659 naturalis
678 624 834 666 exempli;
852 624 902 656 hic
926 622 1061 655 ostendit
1078 622 1137 654 hoc
1154 621 1258 663 ipsum

148 662 282 716 deiffsissssm‘ffu'
302 690 358 723 per
382 679 682 722 manifestationem
713 677 821 710 divini
851 676 980 709 decreti.
1013 675 1102 717 Quod
1131 674 1259 717 quidem

302 734 477 766 manifestat
500 732 681 774 dupliciter:
707 731 823 773 primo,
855 729 958 772 quoad
981 728 1185 761 severitatem
1209 727 1260 759 di-

303 787 401 819 vinac
431 785 648 818 districtionis
672 785 707 816 in
742 783 943 820 iudicando:
975 781 1131 819 secundo,
1156 780 1259 823 quoad

299 840 533 872 sublimitatem
564 838 697 870 divinae
731 836 957 878 dispositionis
987 835 1023 869 in
1049 835 1259 874 redimendo,

300 893 341 926 ibi
356 893 385 924 ²:
411 893 451 924 In
475 892 549 933 ipsa
573 891 625 923 dic
648 894 858 923 accesserunt
879 889 1026 932 quidam.

395 945 557 977 Severitas
595 948 706 977 autem
745 943 962 975 districtionis
1003 943 1038 975 in
1077 942 1259 975 iudicando

135 1006 166 1027 De
181 1006 281 1036 semita,-
299 998 474 1031 ostenditur
499 997 679 1039 tripliciter:
705 997 817 1038 primo,
842 999 996 1038 quantum
1021 995 1059 1028 ad
1081 995 1259 1039 difficulta-

153 1032 282 1080 sseanffoffa'ss
299 1055 361 1084 tem
385 1052 420 1083 in
454 1050 591 1088 merito;
626 1050 782 1088 secundo,
807 1052 961 1091 quantum
985 1049 1023 1081 ad
1053 1048 1259 1091 rz'yiditatem

299 1105 334 1137 in
359 1104 500 1142 iudicio,
526 1104 567 1136 ibi
582 1104 611 1135 ³:
631 1103 714 1136 Cum
732 1108 843 1136 autem
867 1103 1044 1135 intraverit
1057 1100 1259 1144 paterfami-

298 1158 361 1190 lias
370 1170 381 1196 ;
405 1157 515 1195 tertio,
540 1160 695 1198 quantum
718 1157 756 1189 ad
781 1156 1005 1189 calamitatem
1031 1156 1066 1188 in
1081 1155 1257 1198 supplicio,

133 1217 282 1248 Difficuuasiu
297 1211 357 1243 ibi:
382 1210 435 1242 Ibi
449 1210 511 1242 erit
526 1209 631 1251 fletus.
650 1228 691 1234 —-
711 1209 959 1253 Difficultatem,
977 1218 1058 1251 quae
1082 1209 1117 1241 in
1141 1209 1259 1241 merito

133 1247 284 1301 25:30322331
297 1268 360 1303 est,
385 1263 519 1296 ostendit
543 1263 728 1305 dupliciter,
753 1263 897 1306 exemplo
921 1263 1038 1296 scilicet
1062 1263 1094 1295 in
1122 1262 1203 1295 facto
1227 1265 1259 1295 et

141 1302 202 1319 ΟΜ
296 1318 487 1350 documento
511 1317 541 1349 in
567 1317 672 1349 verbo.

386 1370 438 1402 49.
464 1370 564 1409 (Vers.
590 1371 667 1409 22).
694 1370 796 1402 Primo
813 1369 909 1411 igitur
926 1373 1079 1411 quantum
1097 1369 1134 1401 ad
1151 1379 1257 1402 exem-

152 1431 193 1452 Per
208 1437 278 1452 exem·
293 1424 403 1466 plum,
429 1433 492 1465 quo
515 1423 650 1456 ostendit
673 1423 889 1456 difficultatem
915 1423 1109 1465 ingrediendi
1134 1423 1165 1455 in
1188 1432 1257 1456 cae-

182 1458 246 1485 pffim'
297 1478 381 1515 lum,
405 1477 496 1509 dicit:
525 1478 564 1509 Et
587 1477 656 1509 iba-t
669 1487 730 1519 per
754 1477 902 1509 civitates
926 1480 955 1509 et
971 1476 1122 1514 castella,
1140 1477 1259 1509 docens

296 1535 324 1563 et
348 1531 409 1562 iter
433 1529 561 1572 faciens
591 1530 628 1562 in
652 1530 844 1562 Ierusalem.
870 1530 902 1562 In
927 1530 1005 1568 hoc,
1030 1529 1113 1571 quod
1138 1529 1209 1562 ibat
1230 1533 1260 1562 et

296 1583 478 1621 circuibat,
504 1586 606 1625 patet,
641 1582 726 1624 quod
757 1582 823 1615 sine
856 1582 1027 1615 cessatione
1059 1582 1256 1620 laborabat;

296 1637 379 1670 unde
403 1640 525 1678 poterat
555 1636 660 1668 dicere
695 1635 772 1668 illud
804 1635 959 1668 Psalmi4:
997 1636 1151 1677 «Pauper
1188 1645 1258 1668 sum

296 1700 353 1732 ego
376 1694 407 1722 et
430 1690 460 1721 in
487 1689 648 1722 laboribus
671 1698 689 1721 a
712 1689 876 1722 iuventute
894 1697 1005 1721 mea».
1023 1689 1058 1721 Et
1074 1688 1259 1731 exemplum

296 1743 364 1776 aliis
395 1743 488 1775 dabat
518 1743 556 1775 ad
596 1742 840 1780 laborandum
873 1742 1116 1775 Proverbiorum
1149 1746 1257 1775 sexto:

303 1809 318 1824 «
336 1796 501 1834 Discurre‚
526 1795 655 1834 festina,
680 1796 799 1828 suscita
822 1795 958 1828 amicum
984 1798 1075 1828 tuum
1092 1809 1122 1827 1».
1149 1796 1182 1828 ln
1198 1796 1258 1828 hoc

295 1853 400 1882 autem
426 1848 509 1891 quod
534 1849 570 1880 in
594 1848 777 1881 Ierusalem
797 1849 879 1887 ibat,
897 1852 998 1890 patet,
1017 1848 1100 1890 quod
1125 1848 1164 1881 ad
1178 1858 1258 1890 pas-

295 1903 419 1934 sionem
444 1901 609 1940 currebat;
634 1901 718 1934 unde
742 1901 887 1934 Matthaei
912 1902 1105 1944 vigesimo⁵z
1137 1915 1153 1930 «
1171 1902 1256 1941 Ecce,

294 1955 493 1988 ascendimus
516 1954 750 1996 lerosolymam,
775 1958 806 1987 et
830 1955 924 1988 Filius
954 1955 1090 1988 hominis
1114 1955 1257 1988 tradetur

295 2008 491 2050 principibus
514 2007 711 2040 sacerdotum
737 2011 769 2040 et
792 2008 922 2047 scribis,
947 2012 978 2041 et
1001 2008 1258 2041 condemnabunt

294 2070 366 2094 eum
390 2064 492 2093 morte
508 2074 538 2092 ».
564 2061 600 2093 Et
623 2061 655 2093 in
691 2061 750 2093 hoc
786 2061 969 2102 exemplum
1000 2061 1070 2094 aliis
1100 2061 1194 2094 dabat
1217 2061 1256 2094 ad

292 2114 544 2152 sustinemlum;
567 2114 660 2156 quia,
684 2113 805 2156 primae
837 2114 919 2147 Petri
943 2114 1100 2154 secundo,
1130 2128 1145 2142 «
1161 2114 1252 2147 Chri-

294 2170 362 2200 stus
374 2176 485 2209 passus
497 2170 546 2200 est
561 2176 620 2209 pro
636 2167 737 2206 nobis,
754 2167 844 2200 vobis
860 2167 1043 2209 relinquens
1059 2168 1255 2210 exemplum,

292 2223 329 2253 ut
353 2220 526 2262 sequamini
559 2220 690 2262 vestigia
713 2220 829 2253 eius».
855 2220 941 2253 Unde
973 2220 1073 2253 Iacobi
1102 2221 1254 2263 quint0⁶:

298 2287 313 2302 «
331 2273 517 2315 Exemplum
541 2273 690 2315 accipite,
714 2274 843 2313 fratres,
866 2274 973 2307 exitus
998 2274 1071 2307 mali
1095 2278 1126 2308 et
1149 2275 1256 2318 longa-

292 2326 442 2359 nimitatis
466 2330 496 2359 et
521 2327 636 2360 laboris
667 2331 698 2360 et
722 2327 889 2370 patientiae
913 2328 1101 2370 Prophetas,
1130 2329 1185 2371 qui
1210 2329 1255 2362 lo-

291 2380 356 2413 cuti
380 2384 454 2413 sunt
478 2381 508 2413 in
533 2381 660 2414 nomine
684 2381 818 2414 Domini.
844 2382 1063 2415 sufferentiam
1089 2382 1142 2415 Iob
1165 2382 1255 2416 audi-

142 2440 272 2463 notanuum.
291 2433 347 2466 stis
367 2436 398 2466 et
415 2433 508 2466 finem
526 2433 648 2466 Domini
666 2434 826 2467 vidistis».
841 2453 883 2458 —
898 2435 943 2467 Ex
958 2435 1017 2468 hoc
1034 2435 1131 2477 igitur
1144 2445 1253 2470 exem-

291 2485 343 2529 plo
368 2486 508 2525 Domini,
533 2486 587 2529 qui
605 2489 726 2520 tantum
745 2487 883 2520 laborem
901 2491 932 2520 et
948 2487 980 2520 in
997 2488 1060 2521 fine
1077 2489 1251 2531 passionem

290 2539 455 2578 sustinuit,
479 2542 624 2582 apparet,
649 2540 733 2583 quod
769 2540 987 2574 difficilisest
1017 2541 1122 2575 aditus
1157 2543 1253 2582 caeli;

290 2592 375 2625 unde
398 2591 479 2625 infra
502 2593 614 2626 ultimo
627 2593 654 2625 ⁷:
684 2606 700 2623 «ι
713 2593 820 2626 Nonne
836 2594 978 2635 oportuit
1000 2594 1063 2636 pati
1081 2594 1253 2635 Christum,

289 2648 320 2677 et
343 2645 387 2677 ita
410 2645 529 2679 intrare
552 2646 583 2678 in
608 2646 739 2688 gloriam
764 2655 853 2679 suam
871 2650 909 2679 n?
933 2647 969 2680 Et
992 2647 1066 2680 hinc
1089 2652 1151 2688 est,
1168 2649 1254 2691 quod

289 2701 503 2740 opportunum
529 2702 576 2732 est
599 2691 657 2741 per
681 2699 902 2733 tribulationes
924 2700 1045 2733 intrare
1062 2701 1094 2733 in
1111 2701 1252 2741 caelum;

290 2751 423 2784 Actuum
447 2751 568 2785 decimo
602 2755 737 2795 quarto:
771 2765 787 2782 «
804 2753 862 2786 Per
886 2753 1001 2786 multas
1034 2754 1253 2788 tribulationes

290 2808 414 2846 oportet
437 2814 494 2838 nos
517 2805 637 2839 intrare
661 2806 694 2838 in
719 2815 854 2848 regnum
879 2806 934 2840 Dei
951 2820 982 2839 n.

362 2997 370 3011 ²
392 2998 459 3024 Vide
478 3006 503 3024 n.
524 2999 567 3024 36.

359 3040 370 3055 ³
390 3043 462 3068 Vers.
482 3043 529 3073 25;
549 3043 654 3069 tertium
674 3044 785 3070 habetur
806 3052 832 3070 v.
851 3046 894 3071 28.

359 3085 370 3101 ⁴
390 3087 481 3112 Psalm.
502 3087 550 3118 87,
571 3088 613 3113 16.
631 3102 668 3107 -
687 3089 810 3121 Sequitur
828 3090 907 3115 Prov.
920 3090 950 3120 6,
970 3090 996 3115 3.
1010 3104 1044 3108 —-
1058 3090 1186 3122 Superius
1202 3096 1251 3122 pro

289 3131 319 3156 ln
339 3130 388 3157 hoc
408 3131 428 3156 D
448 3131 492 3157 Ex
511 3131 569 3158 ltoc.
717 3131 728 3146 ⁵
749 3134 823 3159 Vers.
846 3135 887 3159 18.
909 3137 934 3159 et
953 3134 1015 3160 dein
1036 3135 1051 3159 1.
1071 3135 1139 3160 Petr.
1158 3135 1189 3165 2,
1209 3135 1252 3160 2⁴.

358 3173 369 3188 ὅ
389 3175 463 3201 Vers.
486 3176 527 3202 10.
547 3179 573 3201 et
592 3177 635 3202 11.
653 3177 703 3203 Pro
722 3177 871 3211 Prophetas
890 3177 940 3204 AC
953 3179 973 3204 D
993 3178 1203 3212 Prophetarum.

358 3217 368 3232 ⁷
389 3219 464 3245 Vers.
481 3220 523 3245 26.
542 3234 578 3240 —
597 3220 715 3247 Subinde
732 3222 859 3253 allegatur
878 3222 933 3248 Act.
955 3222 1003 3253 14,
1017 3223 1059 3248 21.
1072 3236 1108 3242 -
1121 3223 1251 3254 Superius

287 3270 336 3294 pro
355 3264 461 3289 tantum
480 3263 600 3291 lahorem
619 3264 655 3298 [H
681 3265 756 3291 addit
784 3265 814 3292 in
842 3266 896 3293 vita
920 3266 1071 3301 praesenti]
1100 3267 1122 3292 D
1141 3268 1248 3293 mutum

288 3305 434 3338 laboravit,
453 3310 479 3333 et
496 3307 605 3334 inferius
618 3315 667 3340 pro
686 3310 871 3343 opportunum
889 3312 929 3337 est
949 3311 1005 3336 Vat.
1025 3312 1141 3344 oportet.

358 3349 369 3364 Β
388 3351 482 3377 Psalm.
503 3352 568 3383 121,
597 3353 620 3378 3.
650 3356 676 3378 et
701 3353 724 3379 t.
743 3367 779 3373 —
802 3354 841 3380 De
860 3355 1072 3387 interpretatione
1097 3354 1248 3382 Ierusalem

287 3396 334 3419 cfr.
353 3402 432 3427 supra
452 3402 512 3428 pag.
533 3396 581 3427 42,
600 3400 662 3422 nota
682 3397 707 3424 6.
726 3411 760 3416 -
779 3398 918 3431 Aliquanto
942 3400 1065 3431 superius
1084 3406 1134 3431 pro
1159 3406 1247 3426 exem-

283 3438 333 3471 plo
353 3439 411 3465 Vnt.
430 3439 564 3474 exempla.

1085 2999 1096 3015 ²
1116 3001 1191 3027 Vers.
1211 3001 1253 3026 31.

888 269 1080 302 COMMENT.
1106 268 1143 301 IN
1169 265 1406 300 EVANGELIUM
1430 265 1548 298 LUCAE
1571 269 1603 297 C.
1627 266 1700 299 XIII.

1415 355 1466 387 50.
1492 354 1528 386 Et
1552 357 1643 393 nota,
1668 354 1753 396 quod
1777 354 1809 387 in
1838 354 1888 387 his
1913 354 2018 387 verbis
2042 354 2103 388 tria
2126 355 2216 389 nobis
2239 355 2286 388 in·
2305 364 2355 385 'ri-ia
2368 339 2441 401 mquid

1324 407 1494 440 sinuantur
1517 407 1665 449 exemplo
1687 407 1830 446 Domini,
1855 416 1912 449 per
1943 416 2025 449 quae
2050 408 2192 449 pervenit
2215 409 2287 451 quis
2309 390 2441 465 ‘'geffniffi'ff',

1324 460 1363 492 ad
1386 460 1518 502 gloriam
1542 460 1693 502 paradisi,
1719 461 1837 494 scilicet
1861 461 1948 493 actio
1964 461 2063 500 bona,
2077 462 2287 503 praedicatio
2360 450 2400 467 ³⁰¹¹
2439 450 2441 491 ,Ῐ

1324 522 1400 546 vera
1423 516 1454 546 et
1478 513 1707 556 contemplatio
1732 514 1912 556 tranquilla.
1933 514 2090 556 Operatio
2107 514 2287 548 insinuatur

1324 568 1354 600 in
1381 568 1458 606 hoc,
1482 567 1567 609 quod
1591 567 1661 600 ibat
1680 577 1741 610 per
1765 568 1914 600 civitates
1937 572 1966 600 et
1985 568 2119 601 castella
2127 580 2139 606 ‚·
2151 569 2288 611 praedi-

1324 621 1411 653 catio
1427 630 1503 653 vero
1520 621 1551 653 in
1569 621 1628 654 hoc
1639 647 1646 660 ‚
1663 621 1748 663 quod
1765 621 1836 654 ibat
1850 621 1987 659 docens;
2003 621 2231 663 contemplatio
2254 622 2287 655 in

1325 674 1402 712 hoc,
1427 674 1512 716 quod
1537 675 1599 707 iter
1622 664 1753 717 faciens
1769 675 1805 707 in
1822 674 2024 713 Ierusalem,
2042 684 2124 717 quae
2139 678 2187 708 est
2201 676 2286 709 visio

1322 728 1431 770 pacis,
1450 737 1506 769 per
1523 728 1725 770 anagogiam;
1747 727 1932 761 Psalmusfl:
1962 728 2182 768 «Ierusalem,
2206 738 2288 772 quae

1325 781 1509 814 aedificatur
1533 785 1570 814 ut
1593 782 1703 814 civitas
1718 795 1750 814 ιο.
1781 794 1795 810 «
1815 782 1889 814 Illuc
1906 781 1988 814 enim
2005 782 2216 816 ascenderunt
2234 783 2288 816 tri-

1325 834 1400 873 bus,
1429 835 1533 868 tribus
1564 835 1735 868 Domini».
1774 835 1913 867 Primum
1949 835 2065 868 horum
2095 839 2215 877 spectat
2248 837 2287 870 ad

1321 888 1560 930 prudentiam,
1597 888 1770 921 secundum
1802 888 1841 921 ad
1864 888 2133 931 intelliyentiam,
2159 890 2287 923 tertium

1324 944 1430 974 autem
1461 941 1499 974 ad
1530 942 1742 984 sapientiam.
1776 942 1831 975 Vel
1860 942 1998 984 primum
2034 942 2072 975 ad
2097 942 2287 982 bonitatem,

1325 995 1499 1028 secundum
1524 995 1563 1028 ad
1586 996 1800 1038 disciplinam
1824 999 1856 1028 et
1880 996 2009 1029 tertium
2033 996 2073 1028 ad
2094 996 2289 1036 scientiam,-

1325 1048 1510 1081 Psalmus⁹z
1541 1061 1556 1077 ε(
1573 1049 1745 1081 Bonitatem
1777 1051 1809 1082 et
1838 1049 2032 1091 disciplinam
2065 1053 2096 1082 et
2127 1049 2287 1083 scientiam

1324 1101 1400 1134 doce
1424 1110 1474 1134 me
1491 1115 1521 1134 ».
1624 1114 1637 1128 ο

1415 1156 1466 1187 51.
1478 1155 1579 1195 (Vers.
1593 1155 1670 1195 23).
1685 1155 1828 1188 Secundo
1837 1158 1992 1198 quantum
2005 1155 2044 1188 ad
2056 1156 2290 1205 documentum
2307 1159 2423 1208 3335?-

1324 1207 1359 1239 in
1375 1207 1491 1246 verbo,
1509 1217 1573 1250 quo
1598 1208 1766 1249 respondet
1781 1208 1820 1240 ad
1843 1208 2058 1251 quaestionem
2077 1208 2116 1242 de
2132 1209 2289 1251 paucitate
2410 1203 2415 1208 “

1324 1261 1566 1300 salvandorum,
1590 1261 1712 1294 subdit:
1746 1262 1803 1294 Ait
1834 1267 1947 1302 autem
1971 1261 2021 1294 illi
2043 1262 2203 1306 quidam:
2229 1263 2289 1296 Do-

1323 1314 1430 1353 mine,
1454 1315 1486 1346 si
1505 1315 1614 1356 pauci
1642 1318 1721 1347 sunt
1751 1315 1811 1358 qui
1840 1315 2043 1348 salvantur?
2068 1316 2130 1348 Hoc
2161 1316 2287 1358 quaerit

1323 1368 1399 1407 iste,
1423 1369 1499 1410 quia
1515 1377 1577 1400 non
1594 1368 1738 1401 audierat
1753 1368 1891 1401 divinam
1907 1369 2108 1408 sententiam,
2133 1378 2197 1411 qua
2212 1369 2288 1403 dici-

1323 1425 1376 1454 tur
1400 1421 1544 1454 Matthaei
1575 1421 1724 1463 vigesimo
1739 1422 1781 1454 ¹⁰:
1811 1435 1827 1450 «
1844 1422 1932 1455 Multi
1956 1425 2031 1455 sunt
2054 1423 2169 1462 vocati,
2194 1423 2286 1465 pauci

1323 1484 1399 1508 vero
1422 1475 1511 1508 electi
1529 1487 1560 1514 »;
1585 1475 1617 1507 in
1641 1475 1733 1508 cuius
1757 1475 1891 1518 figuram
1915 1476 2031 1509 dicitur
2055 1476 2212 1510 Michaeae
2240 1486 2288 1510 se-

1324 1528 1438 1570 ptimo:
1468 1541 1484 1557 «
1503 1528 1564 1561 Vae
1587 1528 1682 1561 mihil
1708 1529 1784 1571 quia
1806 1529 1909 1562 factus
1932 1539 2002 1562 sum
2035 1529 2117 1563 sicut
2145 1530 2200 1572 qui
2225 1531 2288 1563 col-

1323 1581 1390 1623 ligit
1414 1581 1444 1613 in
1469 1585 1623 1614 autumno
1648 1591 1789 1615 racemos
1823 1582 1999 1616 vindemiae
2016 1596 2046 1615 ».
2073 1600 2115 1607 —
2141 1583 2195 1616 Vel
2219 1583 2288 1616 ideo

1324 1634 1404 1666 hanc
1428 1634 1643 1676 quaestionem
1668 1634 1817 1674 faciebat,
1842 1639 1879 1668 ut
1902 1636 2097 1669 occasionem
2121 1636 2211 1669 daret
2233 1636 2288 1669 do-

1323 1687 1413 1720 cendi
1437 1687 1535 1719 verbo
1560 1688 1645 1729 quod
1669 1688 1853 1721 ostendebat
1876 1689 2033 1731 exemplo.

1414 1741 1465 1772 52.
1491 1741 1592 1780 (Vers.
1618 1741 1671 1773 23.
1697 1741 1774 1783 et).
1799 1741 1886 1774 Unde
1910 1742 2032 1774 subdit:
2060 1742 2152 1774 Dixit
2175 1746 2287 1775 autem
2302 1745 2431 1794 {ngssngss

1323 1794 1370 1826 att
1392 1793 1465 1826 illos
1480 1795 1525 1837 ¹¹.·
1552 1794 1738 1827 Contendite
1762 1795 1893 1828 intrare
1912 1805 1974 1838 per
1998 1800 2180 1838 angustam
2210 1806 2288 1839 por·
2310 1788 2353 1820 ω’·

1323 1851 1391 1879 tam
1401 1859 1412 1885 ;
1436 1847 1582 1879 Matthaei
1615 1847 1765 1889 septimo:
1795 1848 1929 1889 «Quam
1964 1851 2098 1890 angusta
2135 1852 2225 1891 porta
2257 1853 2288 1882 et

1322 1903 1409 1932 arcta
1443 1900 1490 1932 via
1521 1903 1586 1939 est,
1611 1909 1693 1942 quae
1723 1901 1810 1934 ducit
1833 1901 1873 1933 ad
1897 1901 2011 1940 vitam,
2037 1905 2068 1934 et
2092 1902 2184 1944 pauci
2213 1905 2288 1935 sunt

1321 1953 1376 1995 qui
1400 1953 1565 1986 inveniunt
1588 1956 1700 1987 eamn!
1728 1954 1834 1987 Porta
1857 1954 1917 1987 ista
1940 1957 1988 1987 est
2015 1954 2178 1994 Christus;
2204 1955 2288 1988 Ioan-

1321 2006 1370 2039 nis
1381 2006 1503 2040 decimo
1517 2007 1560 2039 ¹2:
1583 2020 1598 2036 «
1616 2007 1679 2050 Ego
1696 2016 1767 2040 sum
1783 2007 1900 2041 ostium
1912 2020 1943 2047 »;
1961 2008 2027 2050 ipse
2043 2011 2091 2041 est
2107 2008 2184 2047 via;
2201 2008 2287 2042 loan-

1321 2060 1370 2093 nis
1392 2060 1514 2093 decimo
1537 2064 1670 2103 quarto:
1701 2074 1717 2090 «
1734 2061 1796 2104 Ego
1830 2070 1901 2095 sum
1925 2062 1976 2095 via
1991 2074 2023 2101 »;
2051 2075 2067 2091 α
2084 2071 2177 2095 nemo
2200 2062 2288 2096 venit

1321 2113 1360 2146 ad
1388 2114 1510 2147 Patrem
1542 2114 1602 2147 nisi
1635 2123 1692 2157 per
1723 2124 1820 2148 me».
1847 2115 1926 2148 llaec
1957 2116 2015 2148 via
2047 2120 2147 2149 arcta
2178 2119 2226 2149 est
2255 2119 2287 2149 et

1318 2171 1420 2209 porta
1443 2172 1610 2211 anqusta,
1634 2177 1697 2201 non
1729 2172 1860 2211 propter
1892 2169 2079 2211 parvitatem
2110 2170 2286 2211 potentiae,

1321 2220 1375 2254 sed
1399 2225 1530 2264 propter
1560 2222 1784 2256 arctitudinem
1816 2222 1986 2256 modestiae
2009 2226 2041 2256 et
2064 2222 2285 2256 rectitudinem

1320 2275 1474 2315 iustitiae;
1511 2276 1595 2309 unde
1631 2276 1933 2318 Chrysostomus¹⁸z
1964 2277 2089 2309 «Porta
2119 2280 2207 2309 arcta
2236 2280 2284 2309 est

1319 2328 1480 2369 Christus,
1505 2339 1568 2362 non
1585 2330 1747 2372 potestatis
1763 2330 1935 2372 parvitate,
1953 2330 2007 2363 sed
2032 2330 2219 2363 humilitatis
2235 2339 2286 2363 ra—

1320 2381 1414 2415 tione.
1439 2382 1584 2416 Christus
1600 2382 1632 2415 in
1649 2391 1682 2416 se
1699 2392 1761 2415 non
1779 2382 1905 2425 recipit,
1922 2383 1982 2416 nisi
1999 2383 2054 2426 qui
2078 2392 2112 2416 se
2135 2382 2286 2416 exuerint

1319 2444 1338 2467 a
1361 2436 1497 2478 peccatis
1520 2439 1552 2469 et
1574 2436 1779 2479 deposuerint
1799 2445 1924 2470 omnem
1946 2437 2102 2470 sarcinam
2130 2436 2284 2470 mundi».

1319 2489 1356 2521 Et
1378 2492 1546 2531 propterea
1577 2489 1722 2523 Matthaei
1747 2489 1867 2523 decimo
1898 2499 2002 2523 nono:
2032 2503 2048 2519 <t
2072 2490 2205 2523 Facilius
2236 2493 2284 2523 est

1318 2543 1475 2576 camelum
1499 2552 1556 2585 per
1579 2542 1720 2576 foramen
1744 2552 1821 2576 acus
1848 2543 2000 2583 transire,
2024 2552 2121 2586 quam
2153 2542 2282 2576 divitem

1318 2595 1439 2628 intrare
1454 2596 1486 2628 in
1511 2605 1645 2638 regnum
1661 2596 1821 2629 caelorum
1838 2609 1869 2628 ιι.
1892 2596 1962 2629 Ideo
1982 2605 2059 2639 ergo
2075 2600 2178 2639 porta
2204 2595 2280 2628 caeli

1317 2647 1435 2681 dicitur
1458 2653 1622 2691 angusta,
1647 2649 1736 2691 quia,
1760 2649 1819 2682 nisi
1843 2649 1916 2691 quis
1939 2658 1973 2682 se
1996 2649 2117 2692 redigat
2145 2650 2184 2682 ad
2207 2657 2279 2692 par-

1318 2701 1446 2734 vitatem
1469 2705 1500 2734 et
1523 2701 1759 2741 austeritatem,
1783 2711 1846 2734 non
1871 2704 1973 2744 potest
1995 2702 2125 2735 intrare.

1409 2754 1460 2788 53.
1486 2754 1522 2787 Et
1545 2754 1620 2797 quia
1643 2755 1735 2797 pauci
1752 2758 1826 2788 sunt
1849 2755 1942 2795 tales,
1967 2754 2036 2788 ideo
2053 2754 2173 2789 subdit:
2192 2755 2281 2797 Quia
2303 2757 2419 2779 ⁰¹ffi0u¹²³⁸

1317 2807 1435 2847 multi,
1471 2807 1544 2841 dico
1579 2807 1690 2847 vobiS,
1729 2812 1890 2852 quaerent
1923 2808 2076 2847 intrare;
2104 2808 2212 2842 glossa
2233 2809 2281 2841 ¹⁴:
2315 2784 2417 2806 numum.

1388 2999 1400 3014 ⁹
1420 3001 1514 3027 Psalm.
1535 3001 1601 3033 118,
1621 3001 1664 3026 66.

1390 3044 1412 3062 ¹⁰
1431 3046 1505 3071 Vers.
1526 3045 1574 3077 16,
1594 3048 1654 3077 post
1672 3053 1753 3078 quem
1773 3045 1848 3072 Mich.
1868 3046 1902 3077 7,
1922 3046 1946 3072 I.
1993 3056 1996 3060 ¹

1390 3089 1411 3104 ¹¹
1433 3090 1556 3122 Vulgata,
1570 3097 1650 3123 quarn
1664 3090 1686 3119 H
1706 3093 1731 3116 et
1745 3090 1802 3116 vat.
1818 3093 1973 3124 sequuntur,
1989 3091 2047 3124 lpse
2058 3092 2149 3117 autem
2163 3090 2234 3117 dzkcit
2244 3089 2282 3117 ad

1316 3133 1392 3165 illos,
1412 3133 1457 3159 ubi
1486 3135 1576 3160 Glossa
1605 3133 1804 3161 interlinearis:
1824 3135 1891 3168 Quia
1916 3135 1956 3161 ille
1985 3142 2054 3161 unus
2083 3142 2132 3168 pro
2156 3134 2280 3161 omnibus

1316 3178 1473 3211 quaesierat.
1485 3191 1522 3198 —-
1534 3179 1657 3211 Sequitur
1676 3178 1763 3205 Matth.
1783 3179 1815 3210 7,
1836 3179 1883 3210 14,
1902 3186 1983 3213 quem
1997 3179 2076 3206 codd.
2089 3180 2124 3205 ita
2143 3179 2279 3206 exhibent:

1316 3223 1401 3249 Arcta
1412 3224 1460 3249 .est
1475 3222 1520 3249 via
1538 3224 1563 3249 et
1581 3225 1701 3257 anyusta
1717 3225 1814 3257 porta,
1834 3231 1904 3258 quae
1922 3227 1971 3250 etc.

1388 3264 1504 3292 ¹²·Vers.
1524 3268 1549 3292 9.
1568 3270 1594 3293 et
1613 3267 1709 3293 deinde
1729 3268 1777 3300 14,
1797 3268 1822 3293 6.

1387 3309 1410 3325 ¹⁸
1429 3311 1523 3336 Homil.
1545 3312 1587 3337 18.
1606 3311 1632 3337 111
1652 3312 1739 3338 Mattli.
1758 3312 1789 3344 7,
1806 3312 1848 3338 13.
1862 3312 1921 3345 (Op.
1934 3312 2103 3345 imperfect).
2116 3313 2212 3338 Textus
2231 3312 2280 3338 ori-

1314 3355 1407 3387 ginalis
1428 3358 1486 3387 post
1504 3355 1665 3382 humilitatis
1693 3356 1800 3382 ratione
1818 3357 1895 3389 plura
1914 3356 1996 3383 addit.
2020 3369 2057 3376 -
2084 3356 2200 3382 Subinde
2219 3356 2279 3382 alle-

1314 3402 1392 3431 gatur
1411 3400 1498 3425 Matth.
1520 3400 1568 3431 19,
1587 3399 1630 3426 24.
1877 3393 1882 3397 ⁴

1386 3442 1408 3457 ¹¹
1427 3444 1496 3470 llaec
1515 3447 1540 3469 et
1558 3451 1614 3477 seq.
1633 3445 1724 3470 Glossa
1743 3447 1782 3470 est
1801 3443 1985 3471 interlinearis
2005 3446 2045 3478 (ex
2064 3444 2155 3478 Beda).
