2476 3921
777 189 970 222 COMMENT.
996 189 1032 221 ΙΝ
1059 188 1296 221 EVANGELlUM
1321 189 1438 222 LUCAE
1463 190 1494 222 C.
1520 190 1579 222 Vll.

187 278 400 321 ignorantia.-
425 278 520 311 Isaiae
543 278 806 321 quinquagesimo
838 287 920 310 nono
938 279 970 309 ¹:
1005 290 1020 305 «
1043 277 1150 318 Palpa-

188 331 291 364 vimus
321 331 411 374 quasi
444 331 526 364 caeci
557 331 588 363 in
620 331 803 370 meridie»;
827 334 859 364 et
890 330 1150 373 quinquagesimo

186 388 295 418 sexto:
317 397 332 413 «
349 384 568 427 Speculatores
584 384 653 418 eius
668 384 749 417 caeci
774 393 883 417 omnes
899 397 931 416 n.
947 402 992 407 —
1009 383 1039 416 ln
1057 392 1149 416 cura—

188 437 271 470 tione
286 446 362 479 ergo
382 437 480 470 huius
495 437 712 479 quadruplicis
736 436 941 478 aegritudinis
965 435 1150 477 intelligitur

186 491 323 533 perfecta
346 491 468 523 curatio
487 491 657 533 originalis.

276 544 328 576 46.
353 544 512 585 Quantum
538 543 576 576 ad
594 543 788 576 curationem
815 543 984 584 perfectam
1003 542 1042 575 ab
1058 546 1151 575 actu-

18 610 19 641 3
57 606 141 629 curatio
155 611 168 627 a
186 596 235 630 ali
255 600 342 636 nota,
366 596 450 639 quod
475 596 507 629 in
531 596 801 629 consummatione
818 596 986 638 impietatis
1010 595 1041 628 in
1062 600 1150 628 actu-

18 643 19 648 *
46 634 131 691 iffi?
146 638 168 653 ²'
186 650 225 683 ali
250 649 392 692 quinque
416 652 490 682 sunt
513 649 640 691 gradus.
660 649 783 682 Primus
807 652 854 682 est
877 649 1020 681 deviatio
1044 649 1080 681 in
1096 648 1151 681 eli-

28 689 173 743 Qi'issqsssscffii
184 703 309 746 ¹qendo,
333 706 364 735 et
388 703 465 735 haec
490 711 546 744 per
570 703 759 735 caecitatem
782 702 984 744 designatur;
1009 702 1151 734 Threno-

41 740 134 762 ²⁰²³⁸¹¹⁵'
186 766 300 790 norum
317 760 432 799 quarto
445 756 472 788 ²:
494 769 510 784 «
528 756 722 789 Erraverunt
738 756 820 789 caeci
838 756 869 788 in
895 756 1005 798 plateis
1022 768 1058 795 »3
1076 756 1151 798 quia

192 822 208 838 «
224 818 315 843 error
346 812 377 842 et
411 809 556 842 tenebrae
589 808 806 850 peccatoribus
830 813 996 842 concreata
1023 813 1097 842 sunt
1115 823 1150 848 »,

187 862 360 896 secundum
384 862 461 895 illud
491 862 693 895 Ecclesiastici
720 861 895 895 undecimo.
916 881 960 886 —
988 862 1151 895 Secundus

186 920 233 950 est
248 916 456 948 deor-dinatio
476 915 512 948 in
525 915 768 958 prosequendo,
793 924 874 957 quae
891 915 1077 957 intelligitur
1095 925 1150 958 per

186 969 345 1007 elaudos;
373 968 513 1001 psalmus
531 968 558 1000 ³:
589 981 603 996 α
621 967 686 1000 Filii
711 968 802 1001 alieni
828 968 993 1001 inveterati
1018 972 1093 1001 sunt
1120 973 1151 1001 et

186 1022 442 1056 claudicaverunt
465 1030 484 1054 a
511 1021 631 1054 semitis
659 1021 725 1054 suis
749 1034 784 1060 »;
809 1021 893 1054 unde
917 1022 1001 1055 tertii
1032 1023 1149 1064 Regum

185 1075 306 1109 decimo
329 1078 456 1108 octavo:
486 1087 501 1103 «
520 1074 689 1117 Usquequo
712 1074 895 1108 claudicatis
919 1075 950 1108 in
975 1075 1054 1109 duas
1078 1085 1150 1118 par-

186 1133 260 1163 tes»
278 1132 336 1162 etc.
351 1147 393 1153 —
411 1128 550 1167 Tertius,
575 1129 727 1171 eontayz'o
750 1129 786 1161 in
809 1130 1047 1168 conversando,
1069 1139 1151 1172 quae

184 1192 241 1226 per
258 1183 384 1225 lepra-m
408 1182 607 1224 intelligitur;
625 1182 858 1215 Deuteronomii
880 1183 1031 1225 vigesimo
1055 1193 1151 1225 quar-

185 1237 253 1270 to4:
271 1249 287 1265 α
300 1235 440 1269 Observa
455 1235 630 1277 diligenter,
643 1244 683 1268 ne
699 1235 845 1268 incurras
861 1236 983 1278 plagam
1001 1237 1105 1278 leprae
1118 1249 1149 1277 »3

185 1289 354 1323 Ezechielis
380 1288 538 1331 trigesimo
561 1291 675 1321 sexto:
699 1302 714 1317 «
732 1288 922 1321 Mundamini
940 1289 980 1321 ab
1003 1290 1151 1323 omnibus

183 1342 428 1386 inquinamentis
446 1342 558 1375 vestris
575 1355 604 1373 ».
624 1360 665 1365 -—
682 1342 822 1383 Quartus
845 1345 893 1375 est
916 1342 1094 1376 obduratio
1115 1343 1151 1376 in

180 1396 412 1439 perdurando,
428 1404 510 1438 quae
526 1404 582 1437 per
599 1395 796 1428 surditatem
821 1395 1017 1438 intelligitur,
1038 1405 1150 1429 secun-

183 1449 259 1483 dum
283 1448 359 1482 illud
385 1448 539 1481 Psalmi⁵:
569 1461 585 1477 «
606 1448 692 1481 Sicut
716 1449 832 1491 aspidis
856 1449 971 1482 surdae
1003 1453 1034 1482 et
1057 1449 1150 1482 obtu-

184 1502 283 1536 rantis
306 1511 400 1535 aures
425 1511 498 1535 suas
523 1516 552 1533 ».
583 1521 624 1526 —
650 1502 787 1544 Quintus
819 1506 866 1536 est
897 1503 1082 1545 desperatio
1113 1504 1150 1536 in

184 1556 434 1594 contemnendo,
466 1555 541 1597 quia
573 1556 745 1598 «impius,
777 1565 850 1589 cum
886 1556 917 1589 in
954 1557 1148 1599 profundum

183 1609 305 1643 venerit
336 1613 555 1651 peccatorum,
584 1609 756 1642 contemnit
771 1623 803 1649 »‚
829 1610 1071 1643 Proverbiorum
1096 1610 1150 1644 de-

183 1663 266 1697 cimo
281 1667 392 1696 octavo
404 1663 428 1695 ⁶.
454 1663 488 1695 Et
505 1663 582 1696 haec
603 1663 786 1705 designatur
810 1672 867 1706 per
882 1667 1019 1696 mortem
1026 1676 1038 1702 ‚·
1055 1664 1150 1698 Isaiae

183 1717 334 1760 vigesimo
357 1720 483 1750 octavo:
506 1729 521 1745 «
535 1717 751 1750 percussimus
770 1717 880 1751 foedus
904 1727 976 1751 cum
994 1722 1097 1752 morte
1113 1731 1148 1759 »3

183 1775 215 1804 et
238 1771 298 1804 hoc
326 1784 341 1799 a
358 1774 406 1804 est
430 1773 591 1812 peccatum
616 1770 654 1802 ad
678 1774 813 1803 mortem
834 1784 866 1811 n,
891 1771 929 1804 de
953 1781 1017 1814 quo
1033 1772 1150 1805 dicitur

184 1825 304 1868 primae
328 1824 450 1857 Ioannis
474 1824 595 1866 quinto.
623 1843 667 1847 —
694 1824 737 1857 Ab
760 1825 907 1858 omnibus
932 1829 1023 1858 curat
1049 1826 1150 1859 virtus

183 1876 300 1912 Christi
322 1887 379 1920 per
395 1878 528 1920 gratiam
553 1887 658 1916 suam,
676 1887 757 1920 quae
781 1878 942 1921 designata
966 1879 1026 1912 suit
1046 1879 1078 1912 in
1103 1880 1150 1922 pi-

183 1933 283 1971 scina,
306 1932 345 1965 de
368 1940 432 1974 qua
454 1931 570 1964 dicitur
594 1931 716 1965 Ioannis
739 1932 850 1974 quinto
863 1933 886 1972 ⁷,
911 1933 996 1975 quod
1022 1934 1150 1976 «Ange-

182 1986 233 2019 lus
256 1985 378 2018 Domini
403 1985 627 2025 descendebat,
651 1988 683 2019 et
706 1986 892 2019 movebatur
916 1996 1013 2030 aqua,
1039 1990 1070 2020 et
1094 1988 1149 2030 qui

184 2040 271 2084 prior
294 2038 502 2072 descendebat
517 2048 614 2072 sanus
637 2039 747 2079 fiebat,
763 2049 783 2072 a
801 2049 1006 2083 quacumque
1029 2041 1149 2074 detine-

183 2093 278 2127 batur
302 2091 486 2125 infirmitate
509 2105 540 2124 ».
568 2092 603 2124 Et
626 2092 704 2125 haec
728 2097 775 2126 est
803 2106 818 2122 «
843 2093 964 2133 virtus,
996 2103 1079 2136 quae
1110 2095 1149 2128 de

184 2147 237 2180 illo
260 2145 368 2180 exibat
391 2148 422 2178 et
445 2145 575 2178 sanabat
591 2154 699 2179 omnes
715 2159 747 2185 »,
772 2146 946 2179 secundum
970 2147 1056 2189 quod
1072 2147 1149 2181 dici-

184 2203 238 2233 tur
262 2208 360 2242 supra
383 2201 484 2232 sexto.

273 2253 326 2286 47.
354 2253 392 2285 Et
414 2261 490 2285 eum
515 2252 738 2285 discessissent
760 2256 818 2286 etc.
845 2254 971 2296 Supra⁸
1004 2263 1149 2298 compro-

30 2310 126 2333 secundo
141 2306 269 2340 tea-havit
285 2306 501 2339 testimonium
525 2305 646 2338 loannis
663 2314 719 2348 per
742 2306 930 2339 evidentiam
952 2307 1092 2341 veritatis
1116 2309 1148 2341 in

39 2336 160 2359 stimonium

22 2363 234 2419 {ss'ffissffisei
260 2359 311 2393 hic
334 2359 472 2393 secu-ndo
499 2359 682 2401 comprobat
702 2368 759 2401 per
790 2360 989 2394 evidentiam
1012 2361 1149 2395 virtutis

35 2416 170 2465 efflffgtgffi
184 2414 221 2447 in
244 2412 434 2455 testificante
459 2413 590 2445 Ioanne.
616 2412 652 2445 Et
672 2413 748 2445 haec
765 2421 839 2455 pars
863 2413 958 2446 habet
980 2413 1060 2447 duas
1076 2424 1149 2457 par-

22 2450 170 2519 Hgmtggpliei·
184 2470 250 2506 tes,
274 2467 306 2499 in
330 2475 466 2509 quarum
491 2466 593 2508 prima
620 2466 835 2508 multipliciter
859 2466 1027 2500 extollitur
1049 2477 1148 2510 prae-

185 2519 339 2562 rogativa
357 2519 493 2552 virtutis
509 2519 542 2552 in
562 2519 705 2557 Ioanne,·
728 2519 760 2552 in
784 2520 921 2553 secunda
938 2529 1013 2553 vero
1029 2520 1149 2553 redar-

183 2573 303 2616 9uitur
332 2572 476 2616 perfidia
505 2572 748 2605 incredulitatis
771 2572 806 2605 in
828 2573 936 2615 plebe,
969 2574 1010 2607 ibi
1024 2573 1051 2606 ⁹:
1086 2574 1150 2608 Cui

184 2636 262 2670 eryo
285 2625 409 2659 similes
432 2626 544 2658 (licam
568 2624 743 2658 homines?

276 2679 521 2722 Praeroyativa
554 2682 660 2712 autem
692 2679 827 2712 virtutis
850 2680 1027 2713 ostenditur
1051 2680 1148 2715 fuisse

185 2733 434 2775 quadrupliciter
458 2733 489 2766 in
516 2733 648 2772 loanne;
666 2732 768 2774 primo
792 2732 908 2766 scilicet
929 2737 1084 2775 quantum
1108 2733 1148 2766 ad

23 2669 93 2691 Primo
107 2670 173 2692 extol-

33 2696 84 2717 litur
97 2696 165 2724 ipsius

22 2723 88 2744 virtus
102 2723 172 2750 quoad

49 2751 147 2776 quatuor.

258 2925 266 2940 ¹
288 2927 363 2953 Vers.
385 2927 431 2957 10,
450 2929 510 2959 post
528 2934 608 2960 quem
629 2927 675 2958 56,
699 2928 737 2952 10.

257 2970 268 2986 ²
289 2972 362 2997 Vers.
383 2971 424 2997 lt.
443 2985 479 2990 —
498 2971 622 3005 Sequitur
641 2972 718 2997 Eccli.
741 2972 785 3005 tt,
806 2973 848 2998 16.
865 2986 900 2992 -
914 2972 1041 3004 Superius
1061 2973 1150 3005 plures

187 3016 266 3042 codd.
290 3015 413 3041 omittunt
441 3016 523 3048 nota,
551 3015 623 3050 quod
648 3016 677 3042 iu
701 3016 932 3043 consummatione
957 3015 1101 3053 impietatis
1121 3016 1150 3043 in

186 3059 296 3087 actuali.

257 3102 268 3117 ³
287 3104 382 3130 Psalm.
401 3105 448 3136 ¹17,
468 3104 515 3136 46,
534 3105 576 3130 cui
595 3104 764 3137 subiungitur
783 3106 820 3131 ΙΙΙ.
839 3106 904 3137 neg.
929 3105 972 3138 18,
994 3106 1035 3131 2¹.

257 3146 269 3162 ⁴
287 3148 362 3174 Vers.
382 3149 408 3175 8.
428 3162 464 3168 —
483 3148 602 3175 Subinde
620 3149 747 3181 allegatur
765 3150 857 3176 Ezech.
878 3150 925 3183 36,
945 3149 987 3175 25.

258 3190 269 3205 ⁶
288 3192 382 3218 Psalm.
403 3192 452 3223 57,
472 3192 497 3218 5.

258 3234 269 3249 ⁰
288 3236 366 3262 vers.
383 3236 411 3267 3,
431 3240 491 3268 post
509 3243 589 3270 quem
611 3238 665 3263 lsai.
686 3239 732 3270 28,
756 3238 796 3265 15.
818 3241 844 3265 et
862 3239 878 3264 l.
899 3239 966 3265 loan.
986 3239 1015 3270 5,
1037 3239 1085 3265 ⁴6:
1099 3239 1150 3272 Qui

187 3280 243 3312 scit,
262 3281 368 3306 fratrem
387 3287 465 3306 suum
484 3288 594 3313 peccare
614 3286 752 3314 peccatum
771 3290 826 3309 non
839 3283 873 3309 ad
887 3287 1012 3315 mortem,
1026 3287 1110 3317 petat,
1125 3286 1150 3310 et

188 3324 293 3351 dabitur
311 3325 335 3351 ei
354 3325 407 3351 vita
427 3326 545 3358 peccanti
558 3333 608 3352 non
622 3327 655 3353 ad
675 3330 797 3354 mortem.
810 3329 853 3354 Est
872 3331 1010 3361 peccatum
1030 3329 1063 3355 ad
1078 3336 1149 3355 mor-

188 3373 254 3402 tem;
273 3376 326 3395 non
345 3376 394 3401 pro
413 3370 455 3396 illo
474 3370 549 3403 dico,
569 3374 597 3397 ut
615 3375 692 3404 roget
709 3372 777 3405 quis.

295 3422 325 3449 S.
343 3423 448 3450 Bonav.
460 3437 495 3443 —
510 3422 587 3450 Tom.
606 3425 659 3451 Vll.

2115 193 2174 223 177

1214 277 1371 309 meritum
1387 278 1474 310 vitae
1483 290 1494 315 ,·
1518 278 1656 311 secundo
1674 288 1765 317 vero,
1790 284 1943 321 quantum
1969 280 2006 312 ad
2031 280 2176 323 officium

1214 329 1403 368 doctrinae,
1430 330 1469 362 ibi
1486 331 1528 362 ¹⁰:
1555 331 1618 363 Sed
1640 332 1721 374 quid
1744 332 1859 364 existis
1882 333 2013 364 videre?
2032 332 2176 375 Prophe-

1215 386 1284 414 tam
1316 387 1393 421 etc.;
1419 383 1529 421 tertio,
1553 388 1708 425 quantum
1733 385 1770 417 ad
1796 385 1920 417 donum
1943 387 2093 427 qratiam
2112 387 2175 419 ihi:

1215 435 1296 468 Dico
1312 436 1399 468 enim
1416 435 1524 468 vobis:
1544 437 1632 468 Inter
1648 441 1744 469 natos
1765 437 1945 469 mulierum
1963 442 2032 477 etc.;
2051 443 2176 481 quarto,

1215 492 1370 530 quantum
1394 489 1431 521 ad
1454 489 1673 530 praeconium
1689 489 1822 531 lamae,
1849 491 1907 522 ibi:
1936 492 1973 522 Et
1997 492 2105 524 omnts·
2118 502 2177 534 po-

1212 541 1317 583 pulus
1340 542 1481 574 audiens
1505 546 1563 574 etc.

1305 596 1464 636 Quantum
1489 596 1527 628 ad
1552 596 1688 637 primum
1715 597 1903 635 notandum,
1926 598 2009 639 quod
2028 599 2176 631 meritum

1217 648 1298 681 vitae
1314 648 1481 690 dupliciter
1498 649 1735 681 commendatur
1752 650 1781 682 iu
1802 651 1928 682 Ioanne:
1948 651 2061 692 primo,
2078 661 2178 693 quan-

1217 705 1284 734 tum
1299 701 1337 734 ad
1351 702 1574 734 constantiam
1588 705 1733 744 respectu
1745 702 1933 741 difficilium3
1945 704 2082 736 secundo
2093 713 2177 743 vero,

1216 758 1371 797 quantum
1394 754 1432 787 ad
1457 755 1688 788 abstinentiam
1716 760 1859 798 respectu
1884 756 2127 790 delectabilium.

1306 808 1358 840 48.
1385 808 1486 849 (Vers.
1513 809 1589 847 ⁶24).
1616 809 1829 841 lutroducitur
1853 819 1928 851 ergo
1962 811 2061 852 primo
2093 820 2176 843 com-

1215 861 1374 894 mendatio
1405 862 1610 894 constantiae
1642 862 1763 894 loannis
1793 863 1821 894 in
1846 863 1986 896 absentia
2009 864 2178 906 discipulo-

1216 924 1307 954 rum;
1332 918 1462 957 propter
1487 915 1571 957 quod
1595 915 1686 948 dicit:
1708 917 1838 948 Etcum
1854 917 2077 950 dis-cessissent
2092 928 2179 951 nun-

1217 968 1256 1000 tii
1273 968 1410 1001 loannis
1424 969 1460 1008 ¹¹,
1479 969 1634 1002 solutione
1651 970 1843 1011 quaestionis
1859 970 2000 1009 obtenta,
2019 977 2178 1005 reverten-

1216 1025 1263 1054 tes
1280 1025 1429 1064 tanquam
1447 1022 1517 1055 boni
1537 1023 1637 1055 nuntii
1655 1023 1692 1056 ad
1709 1032 1793 1062 eum,
1810 1033 1829 1056 a
1845 1033 1908 1065 quo
1926 1025 2009 1057 missi
2035 1025 2177 1066 fuerant;

1215 1074 1254 1107 de
1278 1075 1395 1116 quibus
1420 1075 1471 1107 lob
1508 1076 1668 1118 trigesimo
1702 1080 1828 1109 octavo:
1860 1078 2038 1120 «Nunquid
2076 1080 2179 1113 mittes

1216 1128 1360 1171 fulgura,
1385 1132 1415 1162 et
1440 1129 1531 1161 ibunt
1561 1133 1592 1162 et
1625 1131 1815 1163 revertentia
1846 1132 1950 1164 dicent
1975 1133 2051 1165 tibi:
2082 1134 2179 1166 Adsu-

1215 1190 1287 1215 mus
1300 1182 1437 1214 »?-1n
1456 1183 1570 1215 horum
1587 1183 1728 1216 absentia
1745 1184 1864 1216 laudari
1882 1185 2015 1218 debebat
2031 1187 2177 1225 loannes,

1216 1239 1251 1268 ut
1275 1236 1460 1269 ostendatur
1484 1237 1552 1269 laus
1581 1246 1649 1269 esse
1680 1247 1768 1276 vera,
1794 1247 1855 1270 non
1887 1239 2079 1278 adulatori&
2111 1240 2178 1274 ideo

1215 1289 1349 1321 dicitur:
1378 1289 1486 1331 Coepit
1510 1290 1549 1322 de
1575 1290 1697 1322 Ioanne
1721 1291 1827 1323 [licere
1851 1292 1897 1323 ad
1921 1293 2039 1324 turbas
2049 1305 2059 1330 ‚·
2076 1293 2177 1335 coepit

1216 1342 1326 1384 utique
1363 1341 1466 1383 ipsum
1504 1342 1606 1374 turbis
1630 1342 1775 1381 laudare,
1801 1352 1839 1376 ne
1865 1344 2026 1377 videretur
2051 1345 2178 1378 Ioannes

1215 1404 1256 1428 ex
1280 1395 1475 1428 dubitatione
1506 1395 1676 1437 discipulos
1708 1396 1745 1428 ad
1770 1396 1929 1429 Christum
1958 1399 2176 1432 transmisisse.

1215 1468 1259 1472 —
1276 1448 1345 1482 Ideo
1369 1448 1478 1490 incipit
1501 1457 1574 1481 eum
1591 1448 1629 1481 de
1645 1450 1818 1481 constantia
1835 1451 2071 1484 commendare:
2091 1452 2178 1493 Quid

1214 1502 1329 1535 existis
1353 1503 1388 1534 in
1412 1502 1579 1534 desertum
1604 1502 1736 1535 villere?
1755 1504 1965 1537 Arundinem
1989 1510 2081 1538 vento
2106 1506 2177 1548 aqi-

1215 1555 1345 1589 tatam?
1369 1555 1458 1598 quasi
1483 1556 1582 1589 dicat:
1613 1566 1674 1589 non
1706 1560 1753 1590 est
1785 1557 1913 1591 loannes
1945 1559 2055 1591 similis
2082 1568 2179 1592 arun-

1214 1610 1297 1649 dini,
1322 1614 1358 1643 ut
1381 1609 1523 1652 quolibet
1557 1610 1696 1652 impulsu
1732 1611 1867 1653 trepidet
1898 1615 1929 1644 et
1960 1613 2178 1652 concutiatur,

1215 1664 1269 1697 sed
1293 1664 1383 1697 fortis
1407 1668 1438 1697 et
1463 1664 1549 1696 fixus
1572 1664 1604 1696 in
1628 1663 1689 1697 fide
1713 1668 1743 1697 et
1766 1665 1798 1697 in
1814 1666 1898 1698 omni
1916 1666 2071 1705 bonitate;
2090 1667 2180 1700 iuxta

1215 1717 1301 1760 quod
1324 1717 1424 1750 lacobi
1448 1717 1551 1760 primo
1568 1718 1610 1749 ¹²:
1641 1731 1655 1745 «
1674 1718 1812 1751 Postulet
1836 1718 1866 1751 in
1892 1719 1952 1752 fide
1976 1720 2054 1752 nihil
2079 1720 2180 1753 haesi-

1215 1774 1303 1811 tans;
1328 1771 1383 1813 qui
1400 1771 1483 1804 enim
1502 1771 1635 1804 haesitat
1659 1771 1768 1804 similis
1792 1775 1839 1805 est
1855 1772 1966 1806 fluctui
1997 1774 2106 1812 maris,
2125 1774 2179 1816 qui

1214 1834 1233 1857 a
1256 1828 1350 1858 vento
1368 1827 1513 1857 movetur
1537 1827 1569 1857 et
1592 1824 1817 1858 circumfertur
1835 1839 1863 1857 n.
1887 1838 1902 1854 «
1921 1826 1974 1858 Vir
1991 1830 2097 1859 autem
2121 1827 2179 1860 du-

1214 1879 1289 1921 plex
1321 1878 1426 1911 animo
1457 1878 1637 1911 inconstans
1665 1881 1713 1911 est
1744 1879 1773 1911 in
1803 1879 1950 1912 omnibus
1985 1881 2040 1914 viis
2065 1882 2177 1914 suis».

1214 1932 1297 1965 Talis
1320 1941 1395 1965 vere
1418 1936 1466 1965 est
1490 1932 1640 1971 arundo,
1666 1941 1727 1965 non
1752 1932 1823 1965 talis
1844 1936 1913 1965 erat
1936 1933 2079 1973 loannes,
2105 1944 2178 1967 cum

1213 1989 1296 2019 esset
1312 1985 1538 2024 sanctissimus,
1563 1994 1635 2018 cum
1659 1985 1783 2018 dicatur
1807 1986 2010 2020 Ecclesiastici
2028 1988 2178 2030 vigesimo

1214 2041 1347 2081 septimo
1361 2039 1402 2070 1³:
1432 2051 1448 2067 «
1462 2039 1558 2071 Homo
1575 2042 1702 2072 sanctus
1718 2039 1749 2071 in
1767 2039 1919 2081 sapientia
1935 2044 2076 2074 remanet
2096 2041 2179 2074 sicut

1214 2093 1277 2132 sol;
1302 2102 1375 2125 nam
1407 2092 1524 2125 stultus
1556 2092 1637 2124 sicut
1668 2092 1743 2125 luna
1768 2096 1910 2125 mutatur
1927 2107 1957 2125 ι).
1983 2094 2072 2127 Tales
2103 2099 2178 2128 sunt

1213 2155 1322 2179 omnes
1345 2145 1464 2185 Sancti,
1489 2145 1663 2178 secundum
1695 2145 1772 2178 illud
1803 2146 1842 2179 ad
1875 2146 2023 2188 Ephesios
2047 2152 2176 2190 quarto:

1218 2200 1311 2232 «Non
1342 2199 1441 2232 simus
1472 2199 1596 2241 parvuli
1629 2198 1820 2232 fluctuantes
1851 2203 1883 2232 et
1913 2200 2178 2234 circumferamur

1213 2253 1297 2286 omni
1315 2256 1409 2286 vento
1424 2252 1585 2286 doctrinae
1609 2252 1638 2285 in
1657 2253 1797 2295 nequitia
1814 2253 1977 2286 hominum
1993 2268 2022 2286 n.
2042 2254 2110 2288 ldeo
2127 2265 2178 2288 ro-

1213 2307 1306 2350 gabat
1331 2306 1445 2339 Paulus
1469 2306 1624 2339 secundae
1648 2306 1684 2339 ad
1710 2307 2003 2341 Thessalonicenses
2020 2309 2176 2342 secundo:

1219 2374 1235 2390 «
1251 2361 1406 2403 Rogamus
1432 2369 1503 2399 vos,
1520 2360 1652 2399 fratres,
1672 2369 1727 2402 per
1743 2360 1914 2393 adventum
1938 2361 2059 2394 Domini
2078 2363 2176 2395 nostri

1213 2413 1282 2446 lesu
1305 2412 1434 2452 Christi,
1458 2416 1494 2446 ut
1517 2422 1579 2445 non
1596 2413 1658 2446 cito
1675 2414 1861 2446 moveamini
1879 2423 1897 2446 a
1914 2418 2019 2448 vestro
2036 2424 2130 2448 sensu
2144 2428 2175 2447 n.

1213 2467 1297 2500 Hanc
1319 2470 1425 2499 autem
1450 2466 1657 2499 constantiam
1682 2467 1734 2509 qui
1761 2466 1830 2500 vult
1854 2467 1982 2510 adipisci
2007 2468 2100 2502 debet
2127 2478 2178 2502 re-

1212 2520 1358 2563 linquere
1373 2519 1528 2553 mundum
1553 2523 1585 2553 et
1608 2520 1698 2553 exire
1714 2520 1753 2553 ad
1779 2521 1923 2554 loannem
1948 2521 1979 2554 in
2004 2521 2176 2562 desertum,

1213 2574 1389 2608 secundum
1414 2574 1498 2617 quod
1520 2574 1636 2607 dicitur
1662 2575 1754 2617 primi
1780 2575 2039 2609 Machabaeorum
2065 2585 2177 2609 secun-

1212 2626 1305 2660 d014:
1325 2627 1546 2660 «Exclamavit
1558 2628 1745 2661 Mathathias
1758 2637 1834 2661 voce
1846 2637 1972 2670 magua:
1991 2628 2177 2671 Omni·s,q1n

1213 2680 1308 2714 habet
1332 2681 1434 2713 zelum
1459 2681 1565 2723 Legis,
1600 2685 1694 2714 exeat
1729 2686 1799 2723 post
1823 2690 1872 2715 me
1890 2694 1919 2720 »ς
1949 2686 1980 2714 et
2012 2683 2176 2724 sequitur,

1213 2734 1299 2777 quod
1327 2734 1449 2767 «multi
1473 2735 1623 2767 exierunt
1647 2735 1678 2767 in
1701 2734 1862 2768 desertum
1882 2749 1911 2767 n.

1285 2926 1295 2941 ⁷
1317 2929 1391 2954 Vers.
1413 2928 1436 2953 4.
1458 2942 1491 2947 —
1512 2929 1636 2961 Sequitur
1654 2929 1717 2954 Luc.
1737 2929 1767 2959 6,
1789 2929 1830 2954 19.

1285 2971 1296 2988 ⁸
1315 2971 1367 2998 Cir.
1387 2979 1467 3004 supra
1487 2979 1514 2998 ιι.
1534 2973 1576 2998 33.
2007 2970 2018 2986 ⁹
2038 2973 2113 2998 Vers.
2134 2973 2177 2998 31.

1286 3014 1308 3030 ¹⁰
1328 3016 1403 3042 Vers.
1423 3016 1470 3047 265
1490 3016 1726 3042 tertium-habetur
1745 3024 1771 3042 v,
1792 3017 1839 3048 28;
1859 3020 1982 3049 quartum
2002 3024 2029 3042 v.
2049 3017 2092 3042 29.

1286 3060 1307 3075 ¹¹
1328 3061 1365 3087 De
1375 3061 1485 3087 lectione
1495 3061 1573 3087 codd.
1587 3062 1634 3087 cfr.
1649 3068 1729 3093 supra
1743 3068 1805 3093 pag.
1824 3061 1886 3092 ¹73,
1899 3065 1959 3087 nota
1974 3062 1999 3086 3.
2011 3075 2047 3080 —
2060 3061 2178 3088 Subinde

1214 3106 1341 3138 allegatur
1360 3105 1405 3131 lob
1424 3105 1472 3137 38,
1492 3105 1535 3131 35.

1286 3148 1308 3164 ¹²
1328 3150 1403 3176 Vers.
1422 3150 1447 3175 6.
1467 3153 1492 3175 et
1507 3150 1531 3175 8.
1553 3164 1587 3168 —-
1606 3149 1658 3176 Cfr.
1678 3150 1764 3183 Beda,
1785 3150 1811 3176 ll.
1832 3150 1857 3176 in
1876 3151 1939 3176 Luc.
1958 3150 1988 3182 7,
2009 3150 2050 3176 24.

1286 3192 1309 3209 ¹⁸
1330 3195 1404 3220 Vers.
1425 3194 1465 3220 l2.
1481 3208 1514 3213 -—
1528 3195 1679 3228 Sequuntur
1698 3195 1763 3227 Eph.
1785 3194 1814 3226 6,
1836 3194 1878 3220 ⁴4.
1903 3194 1959 3227 (ubi
1973 3202 2022 3227 pro
2041 3194 2068 3220 ἑτι
2087 3194 2178 3229 matti·

1215 3238 1253 3266 tia
1272 3238 1321 3265 AC
1332 3239 1353 3265 D
1371 3238 1400 3265 in
1418 3238 1535 3271 astutia,
1555 3239 1602 3272 qui
1621 3239 1700 3265 etiam
1720 3235 1833 3265 subinde
1852 3239 1975 3265 omittunt
1988 3238 2048 3265 Ideo
2062 3238 2179 3273 roqabas

1214 3283 1332 3316 Paulus)
1357 3287 1383 3309 et
1401 3283 1428 3310 ll.
1457 3284 1549 3310 Thess.
1576 3284 1605 3315 2,
1634 3284 1655 3309 l.
1681 3291 1738 3317 seq.
1762 3283 1814 3310 Csr.
1839 3284 1959 3316 Gregor„
1987 3285 2005 3309 1.
2030 3284 2125 3310 Homil.
2150 3284 2177 3309 in

1215 3329 1316 3361 Evang.
1337 3328 1427 3354 homil.
1447 3328 1472 3354 6.
1490 3335 1516 3353 n.
1536 3329 1560 3354 2.

1286 3371 1309 3387 ¹⁶
1330 3373 1404 3399 Vers.
1425 3372 1467 3399 27.
1481 3376 1507 3399 et
1520 3374 1568 3405 29,
1587 3373 1634 3399 ubi
1646 3380 1695 3406 pro
1709 3373 1835 3400 eoeaewnt
1848 3373 1963 3405 Vulgata
1975 3372 2176 3399 descmdertmt.

2034 3426 2066 3450 23

2198 603 2228 624 De
2259 603 2312 624 rimo

2253 636 2288 650 uo.

2206 815 2345 837 Commenda-

2198 844 2231 873 ηπ
2245 845 2343 873 eunoun-

2198 871 2227 890 ιιι
2243 875 2297 890 eius.
