2427 3872
299 276 363 309 724

587 320 650 347 con

297 365 438 398 requiritur
457 365 584 391 excedens
604 365 731 397 gaudium
745 365 778 391 de
791 365 861 391 dono
874 369 936 391 con-

298 416 372 435 cesso
397 413 422 435 et
454 410 582 435 excedens
609 409 769 435 desiderium
799 410 833 436 de
858 410 936 435 conti-

297 454 403 479 nuando
423 454 474 480 235
494 454 527 479 60
542 454 615 478 -ln
632 456 690 479 actu
710 454 935 485 contemplationis

298 505 346 531 per
365 498 492 530 gaudium
512 501 538 523 et
557 498 717 523 desiderium
731 498 820 529 figitur
839 498 934 530 anima⁷

298 543 364 569 sicut
383 543 526 570 comedens
540 542 564 568 in
579 542 638 568 cibo
658 549 705 574 per
723 543 843 568 solatium
857 543 935 568 simul

298 591 323 613 et
341 587 500 613 desiderium
520 586 582 613 ibid.

350 646 385 650 —-
405 633 491 657 Status
509 631 775 663 contemplativorum
795 632 889 658 dicitur
902 632 934 657 le-

298 677 383 702 ctulus
402 675 444 701 Vll
472 675 522 701 446
542 677 576 701 58
594 690 630 694 -
649 677 736 702 Status
755 676 935 708 contemplati-

298 728 393 747 vorum
413 723 452 746 est
470 721 543 746 locus
556 721 665 753 quietis,
678 720 825 746 solitudinis
838 723 864 746 et
876 727 934 746 con-

298 765 409 791 tubernii
429 765 551 796 nuptialis
569 764 631 790 ibid.
644 779 678 783 —-
691 765 717 789 ln
737 765 802 790 lecto
821 767 935 790 contem-

298 810 418 842 plationis
437 809 608 835 admittuntur
620 809 760 842 aliquando
779 812 805 834 et
823 809 896 834 electi
909 811 935 834 et

298 854 404 886 reprobi
423 853 485 880 ibid.

351 912 385 918 -
399 898 587 930 Contemplatio
603 901 801 923 consummatur
814 897 839 923 in
852 900 935 922 osten-

298 942 371 969 sione
390 942 531 968 maiestatis
549 941 670 967 terribilis
689 945 714 967 et
735 942 761 966 in
775 941 935 967 revelatione

298 988 414 1013 veritatis
433 987 564 1012 credibilis
585 987 626 1011 Vll
646 986 697 1011 237
717 986 750 1011 63
770 999 805 1005 -
823 985 934 1017 Spiritus

298 1036 402 1058 sanctus
426 1036 465 1057 est
494 1031 592 1057 stabilis
616 1028 640 1056 in
669 1029 876 1061 contemplativis
902 1030 933 1055 Vl

298 1077 349 1102 457
363 1084 388 1101 v.
402 1077 435 1101 23
449 1091 483 1094 —
497 1076 547 1108 Qui
559 1076 694 1100 elevantur
713 1075 737 1100 in
758 1075 859 1107 apicem
873 1081 935 1100 con-

299 1120 473 1152 templationis
492 1127 544 1145 non
563 1122 672 1151 possunt
694 1119 764 1152 ioqui
784 1119 826 1144 Vll
847 1119 880 1144 49
899 1118 934 1144 34

297 1180 331 1183 -
352 1166 378 1190 tn
396 1165 615 1196 contemplatione
639 1162 804 1189 conversatio
823 1163 934 1189 efficitur

297 1208 531 1241 irreprehensibilis
550 1208 601 1234 234
622 1208 655 1233 55

350 1268 385 1272 —
397 1253 607 1285 Contemplantes
616 1253 814 1278 conformantur
822 1252 934 1278 Domino

298 1300 353 1325 lesu
373 1297 475 1324 Christo
488 1298 531 1323 vit
545 1297 596 1322 234
617 1297 650 1323 55
669 1311 704 1315 -
722 1296 935 1328 Contemplantes

298 1345 358 1368 sunt
386 1342 462 1368 amici
490 1341 597 1371 Christi,
616 1342 661 1375 qui
680 1342 756 1374 quasi
775 1341 802 1366 in
821 1341 934 1367 thalamo

297 1394 357 1413 cum
381 1386 484 1413 Christo
503 1386 638 1412 dormiunt
655 1386 689 1411 Vl
709 1386 760 1411 539
780 1387 795 1411 8
814 1398 850 1405 υ·-
868 1385 935 1412 Con-

297 1431 441 1463 templativi
466 1434 526 1456 sunt
553 1431 631 1455 amici
651 1431 701 1455 628
723 1431 738 1455 3
757 1443 792 1449 --
812 1429 935 1456 Contem-

296 1476 386 1508 plativi
414 1478 474 1501 sunt
497 1474 568 1500 servi
590 1474 636 1499 Dei
655 1474 705 1500 576
727 1474 743 1500 5
760 1487 801 1494 ...,
815 1474 935 1500 Contem-

296 1520 376 1552 platio
403 1519 491 1545 reddit
518 1519 651 1545 hominem
673 1519 726 1544 Deo
746 1517 934 1550 acceptabilem

297 1565 339 1591 vit
360 1564 393 1590 57
423 1564 457 1590 54
481 1579 517 1582 —
536 1563 737 1595 Contemplativi
757 1563 935 1594 gratificantur

297 1617 311 1635 a
342 1610 394 1634 Deo
424 1609 454 1634 Vl
484 1608 536 1634 599
562 1609 577 1633 2
597 1621 632 1627 -
651 1607 852 1639 Contemplativi
879 1607 935 1632 red-

297 1654 362 1679 dunt
381 1654 434 1679 Deo
453 1652 610 1685 obsequium
636 1652 784 1678 devotionis
808 1652 850 1676 vel
876 1651 935 1677 dile-

297 1698 389 1724 ctionis
408 1698 459 1723 628
479 1698 494 1722 3

350 1756 385 1763 —
403 1741 593 1773 Contemplatio
612 1744 650 1766 est
669 1741 733 1766 liber
752 1747 782 1766 ac
799 1740 935 1772 perspicax

297 1790 322 1813 et
340 1787 441 1812 defixus
460 1786 567 1812 intuitus
582 1786 612 1811 Vl
627 1786 660 1811 38
679 1793 706 1811 v.
727 1785 742 1811 4
761 1800 796 1803 —
815 1781 936 1811 Contem-

297 1831 386 1863 plativi
406 1838 460 1856 non
485 1834 583 1856 tantum
609 1830 712 1862 erigere
730 1829 828 1856 debent
845 1828 935 1855 oculos

297 1876 330 1901 ad
349 1876 433 1901 lucem
454 1875 560 1901 Deitatis
578 1875 721 1900 radiantem
732 1894 738 1905 ‚
751 1875 797 1900 sed
810 1874 888 1900 etiam
902 1874 934 1900 ad

296 1920 394 1945 nubem
414 1919 580 1945 humanitatis
599 1918 801 1945 obumbrantem
821 1919 864 1944 Vll
884 1919 935 1944 237

297 1964 330 1989 64
349 1979 384 1982 -
404 1963 630 1995 Contemplantes,
650 1963 675 1988 in
695 1970 809 1996 quorum
827 1966 934 1995 aspectu

296 2009 365 2034 nulla
379 2008 466 2039 figitur
479 2008 568 2039 imago
582 2011 716 2033 creaturae
725 2028 731 2039 ,
747 2007 838 2033 vident
851 2008 934 2033 Deum

296 2053 322 2078 in
336 2060 363 2078 se
377 2053 403 2077 in
417 2052 542 2084 caligine,
555 2052 602 2078 sed
622 2052 709 2084 potius
727 2052 841 2077 sentiunt
854 2059 933 2085 quam

296 2100 459 2128 cognoscunt
478 2097 510 2122 Vl
530 2096 581 2122 256
602 2096 635 2122 43

348 2155 383 2159 -
402 2141 510 2173 Propter
535 2141 603 2167 duos
627 2140 723 2166 modos
742 2141 935 2173 contemplandi

296 2186 379 2211 factus
403 2188 442 2210 est
464 2185 559 2217 duplex
578 2184 643 2210 liber
663 2185 706 2210 Vtt
730 2185 781 2210 235
801 2185 834 2210 59
855 2199 889 2203 -
909 2186 934 2210 ln

294 2229 514 2261 contemplatione
539 2229 643 2254 videtur
661 2229 750 2255 divina
769 2229 892 2255 maiestas
910 2229 935 2255 in

294 2273 420 2299 creaturis
439 2276 464 2299 et
483 2273 573 2298 divina
601 2273 732 2298 humilitas
751 2273 775 2298 in
795 2273 936 2305 scripturis

296 2316 357 2344 ibid.
378 2331 411 2336 ——
431 2318 457 2343 ln
479 2317 698 2349 contemplatione
725 2316 852 2343 Dominus
876 2318 936 2343 San-

295 2363 344 2388 ctis
372 2362 484 2388 ostendit
502 2368 615 2394 regnum
635 2368 713 2387 suum
732 2361 765 2386 Vl
787 2361 837 2387 474
856 2369 882 2387 v.
903 2363 935 2387 40

296 2420 331 2426 -
350 2405 592 2438 Contemplantibus
611 2408 720 2438 apparet
734 2406 802 2431 Deus
815 2409 840 2431 et
852 2408 936 2432 osten-

295 2451 334 2477 dit
353 2450 477 2476 beneficia
506 2458 553 2476 sua
582 2450 634 2476 623
658 2457 673 2476 a
692 2464 727 2469 -——
745 2449 935 2482 Contemplatio

296 2495 403 2521 divinae
421 2495 537 2520 veritatis
556 2495 616 2520 facit
635 2494 740 2520 beatum
761 2495 804 2520 vn
825 2495 875 2520 447
894 2494 935 2520 49.

298 2539 348 2565 449
368 2539 400 2565 53
419 2552 455 2558 —
473 2538 716 2570 Contemplantibus
738 2539 814 2565 datur
834 2546 935 2565 merces

297 2584 373 2615 piena
394 2583 444 2608 450
465 2583 497 2608 57
511 2596 546 2601 -
559 2582 768 2615 Contemplantes
787 2583 935 2609 beatifican-

297 2631 338 2653 tur
357 2628 382 2653 in
402 2627 535 2658 Scriptura
555 2627 587 2652 30
608 2627 641 2652 84

348 2685 385 2691 -
402 2671 586 2702 Contempians
598 2671 672 2696 sedet
684 2672 717 2697 ad
732 2675 933 2698 monumentum

297 2716 491 2747 Scripturarum
512 2715 544 2740 Vl
573 2715 626 2740 619
646 2715 660 2741 4
679 2729 715 2735 —-
733 2715 934 2748 Contemplativi

296 2759 394 2785 debent
412 2759 504 2785 sedere
523 2766 599 2785 secus
612 2759 695 2790 pedes
708 2760 811 2785 Domini
826 2761 868 2786 Vll
882 2761 933 2786 273

298 2804 331 2829 67
350 2818 385 2822 -
403 2803 603 2835 Contemplativi
623 2807 682 2829 sunt
700 2804 819 2830 sedentes
839 2805 863 2829 in
884 2812 935 2830 me-

298 2847 423 2873 ditatione
440 2847 482 2873 vel
510 2850 597 2873 sancta
626 2848 774 2879 collatione,
801 2849 934 2880 plorantes

297 2892 323 2918 in
343 2893 473 2924 oratione,
493 2893 606 2918 fruentes
625 2892 650 2917 in
670 2892 888 2924 contemplatione
902 2894 933 2919 Vl

297 2937 349 2962 623
369 2936 384 2962 4

350 2994 386 2999 -
410 2980 517 3006 Animae
545 2980 764 3012 contemplativae
788 2982 933 3007 necessaria

297 3027 336 3050 cst
354 3025 476 3057 purgatio
504 3032 518 3050 a
543 3024 681 3057 superbia,
701 3025 773 3057 quod
793 3025 821 3050 flt
838 3032 886 3057 per
905 3025 935 3051 ti-

297 3075 398 3095 morem
419 3070 459 3095 Vlt
480 3070 514 3096 57
533 3069 568 3095 55
586 3083 621 3089 -—
634 3069 674 3095 Ad
687 3070 932 3101 contemplationem

297 3113 447 3139 divinarum
474 3114 663 3140 revelationum
692 3117 834 3140 occurrunt
858 3114 933 3147 quasi

297 3157 322 3182 in
336 3157 465 3189 principio
482 3165 625 3189 gravamen
645 3166 675 3184 ex
690 3160 763 3190 parte
782 3160 891 3184 naturae
908 3161 934 3184 et

297 3201 419 3227 iuvamen
446 3209 477 3228 ex
505 3206 579 3234 parte
598 3203 698 3235 gratiae
721 3202 773 3228 235
802 3203 835 3228 56
854 3216 889 3222 -
908 3203 933 3228 ln

297 3246 505 3278 contemplativis
523 3246 602 3273 debet
614 3254 672 3273 esse
685 3247 816 3273 humilitas
828 3246 862 3272 ad
876 3247 934 3279 hoc,

296 3289 369 3322 quod
387 3289 521 3316 abundent
535 3290 662 3317 fructibus
674 3291 822 3318 devotionis
835 3291 886 3317 273
900 3291 934 3317 67

297 3347 332 3353 -
350 3335 546 3367 contemplativi
565 3335 706 3367 irrigantur
731 3335 835 3362 fletibus
863 3342 935 3362 com-

297 3378 446 3409 punctionis
465 3378 526 3405 ibid.
545 3392 580 3399 -
605 3380 704 3406 Vacare
723 3380 845 3412 lacrymis
863 3386 935 3406 com—

297 3422 445 3453 punctionis
463 3426 489 3449 et
507 3423 665 3450 devotionis>
679 3427 718 3450 est
736 3425 853 3450 officium
872 3431 936 3451 con-

1158 277 1272 310 INDEX
1297 278 1424 311 RERUM

975 365 1188 397 templativorum
1208 365 1269 392 ibid.
1288 380 1323 385 —
1346 366 1546 398 Contemplativi
1565 367 1612 394 de-

974 409 1036 435 bent
1054 409 1152 436 habere
1165 411 1294 442 lacrymas
1307 410 1526 443 compunctionis,
1538 418 1612 437 com-

972 454 1101 486 passionis
1120 457 1145 480 et
1164 455 1312 480 devotionis
1330 454 1392 481 ibid.

1025 512 1061 516 —
1079 499 1107 524 ln
1126 499 1347 531 contemplatione
1365 499 1445 525 debet
1463 506 1521 525 esse
1531 502 1611 525 trans-

973 542 1095 574 migratio
1115 543 1157 568 Vll
1172 542 1223 568 434
1243 543 1276 569 23
1290 557 1323 561 --
1338 544 1364 568 ln
1384 543 1612 574 contemplationis

972 586 1102 618 principio
1121 590 1238 618 oportet,
1258 590 1286 613 ut
1314 588 1394 613 homo
1421 587 1498 620 quasi
1522 594 1611 613 conso-

964 630 1043 663 'pitus
1061 637 1076 656 a
1095 631 1216 657 sensibus
1233 631 1359 657 alienetur
1377 632 1453 664 quasi
1472 638 1520 663 per
1544 638 1612 657 som-

972 681 1036 700 num
1054 675 1107 701 235
1125 674 1159 700 57
1177 689 1213 694 -
1230 675 1447 708 Contemplationi
1465 675 1611 701 necessaria

972 722 1011 744 est
1029 718 1126 750 vigilia,
1139 720 1201 752 quia
1214 720 1338 745 citissime
1350 720 1512 746 subtrahitur
1524 719 1611 745 oblata

972 763 1054 795 gratia
1074 762 1108 790 ib.
1128 763 1160 788 59
1180 778 1215 782 -
1234 763 1449 796 Contemplativis
1462 764 1610 790 cavendum

973 812 1030 839 est,
1061 815 1095 833 ne
1125 808 1290 840 decipiantur
1322 808 1347 834 in
1377 809 1470 841 figuris
1501 809 1611 834 ostensis

973 852 1024 877 236
1045 852 1077 877 62

1026 910 1060 914 -
1079 897 1231 931 Exemplum
1251 898 1382 929 perfectae
1409 897 1560 929 vigilantiae
1586 897 1611 923 in

972 940 1175 972 contemplativa
1195 940 1324 966 habemus
1336 941 1363 966 in
1375 941 1477 967 Christo
1499 942 1539 967 Vll
1559 941 1611 967 539

973 984 1006 1009 59
1033 996 1069 1003 -
1093 984 1134 1010 Ad
1152 985 1370 1017 contemplativos
1390 985 1519 1017 pertinent
1538 992 1611 1011 mun-

972 1028 1036 1054 dum
1056 1031 1256 1060 contemnentes,
1271 1032 1297 1055 et
1315 1029 1448 1055 devotioni
1464 1029 1611 1055 insistentes

975 1072 1006 1097 Vl
1034 1073 1082 1098 604
1113 1073 1199 1107 ν..,23
1224 1086 1260 1092 -
1287 1073 1488 1105 Contemplativi
1514 1073 1611 1101 debent

971 1123 1099 1149 quaerere
1117 1117 1233 1150 quietem
1252 1117 1412 1149 spiritualem
1432 1121 1458 1143 et
1471 1119 1562 1150 fugere
1574 1118 1611 1143 ia-

972 1161 1094 1187 ctantiam
1122 1162 1284 1187 mundanam
1312 1163 1431 1195 exemplo
1459 1162 1554 1188 Christi
1584 1162 1610 1188 in

973 1209 1143 1231 monumento
1161 1206 1212 1231 619
1232 1213 1258 1232 v.
1278 1207 1294 1232 2
1313 1220 1349 1225 -
1368 1207 1483 1232 Societas
1501 1213 1555 1232 non
1572 1214 1611 1232 re-

972 1252 1074 1282 pugnat
1092 1250 1223 1276 solitudini
1243 1250 1471 1283 contemplationis
1484 1251 1517 1277 40
1536 1259 1563 1284 q.
1575 1263 1613 1270 --

972 1294 1180 1326 contemplativa
1205 1298 1245 1321 est
1271 1295 1403 1328 quaedam
1431 1295 1544 1321 solitudo
1563 1302 1611 1327 per

973 1338 1088 1371 quietem
1108 1338 1170 1365 ibid.
1188 1352 1224 1358 —
1242 1339 1282 1365 Ad
1310 1339 1425 1372 quietem
1454 1340 1611 1371 contempla-

973 1382 1051 1409 tionis
1068 1383 1178 1408 intratur
1198 1390 1245 1415 per
1273 1383 1439 1409 solitudinem
1459 1384 1510 1409 569
1531 1391 1557 1409 v.
1578 1384 1611 1409 45

1026 1440 1061 1446 -
1079 1427 1280 1459 Contemplativi
1299 1428 1376 1460 longe
1395 1428 1452 1454 fieri
1464 1428 1559 1454 debent
1577 1428 1611 1454 ab

973 1471 1138 1503 amplexibus
1157 1472 1243 1497 carnis
1264 1473 1294 1498 vt
1315 1472 1348 1497 32
1368 1479 1394 1497 v.
1415 1473 1430 1497 8
1445 1472 1612 1498 —Contem-

973 1516 1131 1547 plativorum
1151 1524 1202 1542 non
1221 1519 1260 1542 est
1278 1517 1445 1547 contendere,
1464 1517 1510 1543 sed
1524 1517 1612 1549 potius

974 1562 1060 1586 tacere
1088 1563 1114 1586 et
1141 1561 1234 1597 audire
1258 1565 1283 1586 et
1302 1561 1423 1587 meditari
1443 1562 1486 1587 Vll
1506 1561 1557 1587 273
1578 1562 1610 1587 69

973 1603 1097 1631 —'Viris
1116 1606 1324 1637 contemplativis
1343 1606 1488 1632 necessaria
1509 1609 1548 1632 est
1561 1613 1612 1632 me-

974 1649 1063 1674 ditatio
1081 1656 1171 1675 sacrae
1191 1650 1352 1682 Scripturae‚
1365 1651 1465 1682 puritas
1478 1651 1612 1676 conscien-

974 1694 1037 1724 tiae,
1057 1694 1194 1726 amplexus
1217 1694 1366 1720 devotionis
1390 1695 1506 1720 internae
1526 1695 1558 1721 Vl
1577 1695 1612 1721 74

975 1746 1001 1763 ν.
1020 1739 1053 1764 40

1026 1796 1061 1801 -
1085 1782 1284 1815 Contemplativi
1312 1783 1345 1808 ad
1374 1784 1435 1813 boc,
1461 1783 1533 1816 quod
1562 1784 1613 1809 sint

975 1827 1062 1859 magni
1082 1827 1107 1852 in
1126 1830 1193 1853 statu
1213 1835 1276 1858 suo,
1296 1828 1376 1853 multa
1391 1827 1488 1853 habent
1500 1827 1549 1853 sibi
1563 1829 1612 1854 col-

974 1872 1023 1898 lata
1043 1879 1058 1897 a
1077 1871 1179 1898 Christo
1198 1872 1231 1898 Vt
1251 1873 1284 1897 22
1303 1879 1330 1897 v.
1344 1873 1359 1897 8
1379 1886 1413 1892 —
1432 1872 1612 1904 Contemplati-

974 1917 1014 1942 vis
1033 1917 1158 1949 competit
1176 1923 1241 1949 apex
1268 1917 1364 1943 montis
1392 1917 1432 1942 Vl!
1453 1918 1503 1942 239
1523 1917 1557 1943 72
1577 1931 1612 1936 —

973 1961 1175 1993 Contemplativi
1194 1961 1340 1987 ascendunt
1353 1964 1378 1987 et
1396 1961 1560 1988 descendunt
1572 1969 1612 1988 su-

973 2013 1021 2037 per
1039 2006 1132 2031 Filium
1145 2006 1266 2032 'h'ominis
1279 2006 1330 2032 237
1344 2005 1378 2031 64
1397 2020 1432 2025 -
1450 2006 1613 2038 Contempla-

973 2051 1087 2076 tivorum
1100 2053 1139 2076 est
1148 2051 1231 2076 celare
1241 2051 1361 2076 divinum
1372 2054 1502 2076 secretum
1513 2051 1564 2076 239
1578 2051 1611 2076 69

1026 2109 1057 2114 ·—
1079 2095 1270 2121 Praemittenda
1295 2098 1334 2121 cst
1357 2095 1424 2121 actio
1451 2096 1612 2127 contempla-

974 2139 1036 2165 tioni
1055 2140 1154 2165 ratione
1173 2140 1313 2172 temporis,
1333 2146 1385 2165 non
1410 2139 1511 2165 ratione
1529 2139 1611 2171 digni-

974 2184 1031 2209 tatis
1050 2184 1083 2210 Vt
1104 2184 1155 2209 464
1175 2192 1200 2210 v.
1222 2185 1254 2209 46
1267 2198 1302 2203 -
1316 2183 1517 2216 Contemplativi
1531 2184 1611 2209 modo

973 2228 1081 2261 actioni,
1101 2229 1181 2255 modo
1195 2229 1408 2261 contemplationi
1422 2228 1520 2254 debent
1533 2229 1612 2254 inten-

973 2272 1037 2298 dere
1050 2273 1083 2298 32
1097 2280 1111 2298 a
1125 2287 1160 2293 —
1172 2272 1400 2306 Reprehensibiles
1409 2277 1469 2299 sunt
1479 2273 1534 2306 qui,
1547 2273 1611 2299 dum

974 2317 1064 2343 volunt
1091 2324 1179 2343 arcem
1204 2318 1430 2350 contemplationis
1456 2318 1612 2349 ascendere,

974 2363 1065 2388 volunt
1088 2362 1225 2395 quiescere
1249 2366 1275 2389 et
1302 2363 1336 2389 ad
1360 2362 1477 2388 laborem
1505 2362 1613 2388 actionis

973 2409 1094 2432 recusant
1112 2407 1272 2433 descendere
1291 2407 1333 2432 Vll
1350 2407 1401 2432 236
1416 2407 1449 2432 62
1463 2420 1498 2426 -
1511 2407 1538 2432 ln
1551 2413 1613 2432 con—

974 2451 1141 2483 templatione
1161 2451 1277 2477 medium
1298 2451 1378 2477 teneri
1398 2450 1477 2477 debet
1496 2450 1547 2476 434
1567 2451 1599 2476 23

1025 2510 1060 2513 -
1089 2498 1128 2521 est
1151 2502 1199 2528 per
1217 2503 1246 2521 se
1265 2495 1384 2527 eligenda
1403 2495 1459 2521 sine
1482 2495 1612 2528 querimo-

973 2539 1014 2565 nia
1036 2540 1077 2565 vti
1097 2539 1148 2565 274
1167 2540 1211 2565 70.
1231 2539 1282 2565 275
1302 2540 1336 2565 75
1355 2554 1390 2558 -—
1408 2539 1561 2571 simpliciter
1573 2542 1612 2565 est

973 2584 1064 2610 melior
1089 2584 1141 2610 275
1165 2584 1200 2610 75
1227 2598 1263 2603 -—
1292 2584 1365 2609 Vitae
1393 2585 1612 2616 contemplativae

973 2628 1073 2660 potiora
1092 2631 1153 2654 sunt
1172 2629 1264 2654 merita
1283 2628 1344 2655 ibid.
1363 2642 1398 2646 —
1417 2628 1478 2654 Pars
1498 2631 1611 2653 contem-

972 2673 1131 2705 plativorum
1145 2676 1183 2699 est
1196 2673 1348 2704 simpliciter
1363 2672 1462 2704 optima
1476 2671 1510 2698 ib.
1522 2672 1556 2697 73
1575 2685 1612 2692 —-

973 2717 1034 2742 Pars
1058 2717 1322 2749 contemplativorum
1351 2719 1390 2742 cst
1417 2716 1501 2748 Deus,
1529 2722 1609 2749 quem

972 2761 1107 2793 elegerunt
1117 2761 1318 2792 contemplando
1328 2763 1353 2786 et
1363 2760 1537 2786 desiderando
1548 2759 1609 2787 ibid.

971 2819 1006 2823 -
1025 2804 1225 2836 Contemplativi
1243 2805 1307 2829 nihil
1328 2804 1418 2830 volunt
1436 2804 1572 2836 possidere
1585 2804 1610 2830 in

972 2851 1040 2875 terra
1058 2848 1108 2874 nisi
1127 2849 1208 2874 solam
1229 2848 1345 2880 inopiam
1364 2847 1426 2874 ibid.

1024 2906 1060 2913 —
1079 2892 1286 2924 Contemplativa
1315 2892 1357 2918 hic
1377 2892 1466 2925 incipit
1485 2895 1510 2918 et
1529 2893 1553 2918 in
1575 2894 1611 2919 fu-

971 2940 1030 2963 turo
1049 2937 1136 2963 finitur
1150 2937 1192 2963 Vtt
1206 2937 1258 2962 275
1276 2935 1311 2962 74
1323 2950 1359 2956 --
1371 2936 1432 2969 quia
1453 2938 1609 2970 manentior,

971 2982 1030 3008 ideo
1051 2982 1142 3008 melior
1160 2980 1220 3008 ibid.
1240 2995 1274 3000 -
1294 2985 1410 3007 remanet
1432 2981 1498 3007 sicut
1516 2982 1610 3008 caritas

971 3025 1033 3052 ibid.
1045 3041 1080 3045 —
1093 3029 1220 3059 quantum
1237 3028 1276 3051 est
1289 3025 1323 3051 de
1335 3031 1364 3051 se
1376 3028 1415 3051 est
1427 3026 1609 3058 praeeligenda

972 3070 1031 3096 ibid.
1061 3084 1096 3090 —
1124 3070 1209 3103 magis
1228 3073 1267 3096 est
1292 3069 1464 3096 desideranda
1487 3073 1609 3103 tanquam

971 3121 1001 3140 ea
1021 3121 1089 3147 quae
1108 3115 1199 3141 melior
1212 3117 1237 3140 et
1251 3114 1285 3140 de
1297 3120 1324 3140 se
1338 3113 1536 3146 praeeligenda,
1555 3118 1609 3141 tum

971 3158 1032 3191 quia
1045 3159 1169 3191 securior,
1189 3161 1244 3185 tum
1264 3158 1325 3191 quia
1341 3158 1462 3189 suavior,
1481 3161 1536 3184 tum
1549 3159 1610 3192 quia

971 3202 1087 3229 stabilior
1104 3202 1139 3230 ib.
1156 3203 1191 3229 75

1024 3260 1060 3267 —
1078 3247 1241 3279 significatur
1260 3253 1307 3279 per
1336 3246 1442 3272 Mariam
1470 3246 1542 3272 domi
1570 3254 1611 3273 se—

971 3291 1078 3317 dentem
1099 3292 1131 3317 vt
1151 3291 1202 3318 400
1222 3291 1251 3317 34
1275 3305 1310 3309 -
1328 3290 1529 3323 Contemplativi
1542 3291 1611 3318 intel-

973 3336 1089 3368 liguntur
1107 3342 1155 3369 per
1183 3335 1304 3367 Mariam,
1330 3335 1418 3361 Daniel
1445 3338 1471 3361 et
1490 3336 1609 3363 loannem

973 3380 1024 3406 592
1043 3386 1071 3406 v.
1092 3380 1118 3407 5.
1136 3381 1188 3406 623
1208 3381 1223 3406 2
1237 3394 1272 3399 —-
1284 3379 1515 3412 Contemplationis
1527 3388 1610 3407 exem-

972 3424 1046 3457 plum
1064 3427 1103 3451 est
1122 3424 1200 3450 Maria
1220 3425 1262 3451 Vll
1283 3424 1333 3450 273
1351 3423 1384 3450 67
1406 3437 1439 3443 --
1457 3424 1610 3457 designatur

1932 323 1996 350 CON

1649 374 1696 399 per
1721 367 1860 393 Rachelem
1889 368 1941 394 275
1957 368 2002 394 75.
2027 368 2078 395 434
2103 369 2137 395 23
2161 383 2198 390 -
2221 369 2287 396 Con-

1649 411 1794 443 templativi
1818 412 1965 443 figurantur
1988 413 2015 438 in
2044 413 2149 439 Daniele
2172 413 2223 440 472
2243 414 2286 440 34.

1649 454 1699 480 446
1719 455 1752 480 58
1772 468 1808 474 —
1826 455 2026 488 Contemplativi
2045 457 2226 488 significantur
2238 465 2287 490 per

1648 499 1768 524 loannem
1795 499 1827 524 Vl
1847 500 1898 525 528
1918 500 1947 526 54
1971 514 2007 520 -—-
2025 500 2226 533 Contemplativi
2244 502 2287 528 de·
2335 536 2339 537 ⁷

1647 543 1783 574 signantur
1802 550 1850 575 per
1868 545 1982 576 Angelos
2002 545 2044 571 Vll
2065 545 2117 571 237
2136 545 2170 571 64
2220 564 2223 566 -

1700 600 1735 606 -
1745 587 1947 620 Contemplativi
1957 589 2128 621 designantur
2138 590 2163 615 iu
2176 596 2287 616 ascensu

1647 633 1674 656 et
1691 631 1819 658 descensu
1838 639 1886 664 per
1904 634 2000 659 scalam
2021 633 2097 660 iacob
2115 634 2158 660 Vll
2171 634 2224 660 235
2243 635 2286 660 59.

1648 675 1699 700 236
1719 676 1753 701 62
1772 690 1808 694 -
1826 676 2025 709 Contemplativi
2050 678 2221 710 designantur
2239 685 2287 711 per

1648 726 1785 751 egressum
1804 723 1830 746 et
1857 721 2005 753 ingressum
2031 729 2079 754 per
2106 722 2203 748 ostium
2234 722 2286 748 235

1648 763 1682 789 59
1700 778 1736 782 -
1755 764 1954 797 Contemplativi
1973 766 2145 797 designantur
2158 773 2205 798 per
2216 766 2288 799 aqui-

1649 808 1699 833 larn
1719 810 1745 834 et
1763 809 1819 834 eius
1839 810 1924 841 pullos
1951 809 2013 836 ibid.
2032 824 2066 828 —
2086 810 2287 842 Contemplativi

1648 852 1827 884 significantur
1846 860 1894 885 per
1914 855 2067 885 ierusalem,
2088 853 2131 880 ubi
2145 857 2185 881 est
2197 855 2287 880 lumen

1647 898 1674 922 et
1691 903 1741 928 pax
1761 897 1812 923 447
1833 897 1865 923 47
1879 912 1914 916 -—
1927 897 2128 930 Contemplativi
2146 899 2288 930 designan—

1648 941 1736 966 turain
1755 941 1898 973 discipulis,
1917 943 1963 975 qui
1982 943 2155 969 admittuntur
2173 943 2200 969 in
2213 949 2288 969 mon-

1648 987 1700 1009 tem
1719 985 1747 1010 in
1776 986 2003 1017 transfiguratione
2030 987 2135 1013 Domini
2153 989 2179 1013 et
2196 987 2289 1014 vident

1648 1028 1704 1054 eius
1723 1029 1834 1060 gloriam
1855 1030 1905 1055 472
1924 1030 1967 1056 34.
1988 1031 2039 1056 230
2059 1031 2107 1057 45.Ἰ
2123 1032 2173 1057 232
2192 1031 2226 1057 50

1701 1085 1737 1091 -
1754 1073 1931 1100 Refectorium
1950 1075 2175 1107 contemplationis
2187 1075 2289 1108 signifi-

1647 1119 1721 1152 catur
1739 1124 1786 1149 per
1814 1118 1984 1144 coenaculum
2010 1119 2201 1151 discipulorum
2220 1119 2288 1146 iero-

1647 1161 1754 1193 solymis
1774 1162 1805 1188 Vl
1825 1162 1876 1188 623
1898 1162 1913 1188 4
1926 1177 1961 1181 -
1973 1163 2020 1196 qui
2032 1166 2124 1189 cuncta
2137 1163 2289 1197 relinquunt

1647 1210 1755 1238 propter
1773 1206 1858 1232 Deum
1877 1207 2058 1239 significantur
2082 1215 2130 1240 per
2155 1208 2224 1234 Ruta
2244 1208 2287 1234 Vll

1651 1250 1700 1275 150
1728 1249 1763 1275 57
1790 1265 1826 1268 -
1853 1250 1945 1276 Anima
1972 1251 2174 1283 contemplativa
2193 1251 2289 1278 dicitur

1647 1294 1705 1320 ovis
1724 1297 1831 1326 propter
1851 1294 1986 1321 mititatem
2011 1296 2132 1327 affectus,
2150 1298 2176 1322 et
2194 1295 2289 1322 videns

1648 1342 1756 1371 propter
1773 1339 1987 1365 illuminationem
2007 1339 2152 1366 intellectus
2170 1338 2230 1366 ibid.
2252 1354 2288 1359 —-

1647 1382 1880 1414 Contemplationis
1889 1384 1980 1414 otium,
1990 1384 2062 1416 quod
2076 1383 2228 1416 designatur
2240 1391 2290 1417 per

1649 1434 1788 1453 ascensum
1803 1427 1827 1452 in
1842 1430 1967 1460 montem,
1981 1434 2127 1460 paucorum
2140 1431 2180 1455 est
2192 1429 2243 1455 239
2253 1429 2288 1455 72

1701 1485 1736 1490 -
1748 1472 1811 1497 Boni
1825 1471 2018 1503 praedicatores
2031 1473 2120 1498 volant
2132 1473 2225 1499 adalta
2239 1480 2287 1505 per

1649 1516 1896 1548 contemplationem
1911 1516 1943 1542 Vl
1958 1517 1991 1542 90
2006 1524 2033 1543 ν.
2048 1518 2063 1542 6
2076 1517 2150 1543 —in
2163 1517 2289 1550 religione

1649 1561 1799 1586 vacandum
1819 1564 1858 1586 cst
1877 1561 2088 1593 contemplationi
2106 1561 2142 1587 75
2160 1569 2186 1588 v.
2207 1562 2240 1588 40

1701 1618 1737 1624 ·—-
1755 1606 1842 1638 Aliqui
1861 1606 2056 1638 contemplativi
2080 1609 2105 1632 et
2132 1606 2223 1639 magni
2246 1613 2290 1632 ca·

1648 1649 1711 1676 deut
1730 1650 1754 1675 in
1772 1650 1842 1676 finali
1860 1650 2026 1676 tribulatione
2047 1651 2088 1677 Vll
2108 1650 2158 1677 446
2178 1651 2212 1677 58

1702 1694 1867 1721 Comama-us
1885 1709 1919 1714 -—
1948 1699 1987 1721 est
2011 1695 2038 1721 in
2067 1698 2141 1727 parte
2166 1695 2289 1721 irascibili

1649 1739 1682 1764 Vt
1702 1739 1736 1764 72
1756 1746 1783 1765 v.
1803 1740 1818 1765 3

1701 1796 1737 1802 —
1754 1784 1925 1810 Familiaritas
1939 1786 2047 1815 generat
2060 1786 2239 1816 contemptum
2254 1784 2288 1810 vt

1649 1827 1700 1852 302
1721 1827 1754 1853 84
1775 1828 1829 1860 (83)
1849 1841 1884 1847 —·
1904 1828 2067 1860 Negligentia
2087 1828 2211 1860 importat
2229 1835 2289 1854 con-

1649 1873 1778 1903 temptum
1797 1872 1827 1897 61
1851 1879 1876 1905 q.
1897 1872 1913 1897 5

1701 1929 1737 1935 ——
1754 1915 1886 1942 bonorum
1905 1920 2068 1942 terrenorum
2088 1919 2127 1942 cst
2139 1916 2288 1943 remedium

1648 1963 1739 1986 contra
1757 1961 1893 1987 avaritiam
1914 1961 1947 1987 Vl
1968 1961 2001 1987 46
2020 1968 2034 1987 a
2055 1962 2065 1986 4
2090 1975 2125 1981 -
2138 1962 2239 1994 Pauper
2252 1961 2289 1987 di·

1649 2004 1715 2030 citur
1733 2012 1781 2037 per
1799 2009 1979 2038 contemptum
1994 2006 2171 2038 praesentium
2184 2006 2218 2032 52
2231 2013 2259 2032 v.
2272 2006 2287 2031 8

1702 2062 1737 2068 -
1755 2050 1824 2075 Finis
1842 2049 1901 2076 libri
1920 2051 2090 2077 Ecclesiastae
2118 2054 2157 2077 est
2175 2053 2289 2077 contem·

1648 2095 1709 2125 ptus
1728 2094 1818 2120 mundi
1838 2095 1871 2120 Vl
1890 2102 1917 2128 q.
1935 2096 1961 2128 5,
1980 2103 2005 2121 v.
2026 2096 2041 2121 2
2069 2109 2106 2115 -
2133 2096 2171 2121 De
2196 2094 2288 2122 mundi

1649 2141 1799 2170 contemptu
1826 2140 1904 2171 pauci
1932 2140 2025 2166 audire
2049 2141 2140 2166 volunt
2166 2139 2228 2167 ibid.
2252 2154 2289 2160 —

1649 2181 1850 2209 contemnentes
1863 2184 1993 2210 mundum
2006 2188 2140 2211 merentur
2153 2185 2288 2217 possidere

1649 2232 1762 2258 regnum
1782 2228 1855 2253 titulo
1874 2229 2029 2261 emptionis,
2052 2236 2106 2262 quo
2134 2229 2222 2256 omnia
2240 2236 2288 2255 sua

1649 2270 1714 2296 dant
1731 2278 1780 2303 pro
1807 2278 1890 2304 regno
1919 2272 2040 2299 habendo
2066 2274 2118 2300 615
2136 2274 2152 2299 3
2170 2287 2208 2294 -
2225 2273 2289 2300 con-

1651 2317 1793 2347 temptores
1812 2317 1902 2342 mundi
1922 2320 1982 2343 sunt
2006 2317 2078 2343 cives
2105 2325 2235 2350 supernae
2254 2318 2288 2344 le-

1650 2360 1763 2385 rusalem
1785 2361 1817 2385 10
1836 2368 1863 2393 q.
1885 2360 1901 2386 4
1919 2374 1956 2380 —
1973 2360 2091 2388 Christus
2103 2362 2193 2388 docuit
2211 2369 2289 2388 mun-

1650 2404 1714 2430 dum
1733 2407 1900 2430 contemnere
1919 2406 1966 2431 601
1984 2413 2010 2431 v.
2024 2406 2057 2431 45
2069 2420 2105 2425 -
2116 2406 2288 2433 Contemnere

1651 2448 1779 2474 mundum
1799 2449 1960 2481 significatur
1973 2457 2021 2483 per
2042 2451 2211 2477 calcationem
2232 2458 2288 2477 ma-

1650 2493 1686 2519 ris
1705 2493 1755 2519 567
1777 2494 1802 2519 5.
1821 2495 1867 2520 601
1891 2502 1919 2520 v.
1938 2496 1971 2520 23

1702 2552 1737 2557 —
1757 2539 1833 2571 Quod
1853 2539 1906 2565 Deo
1920 2542 1959 2566 est
1973 2540 2106 2566 inimicum
2121 2544 2287 2567 contemnere

1650 2582 1749 2608 bonum
1769 2586 1808 2609 est
1826 2584 1859 2609 Vl
1879 2584 1894 2609 6
1913 2592 1939 2617 q.
1961 2585 1970 2610 4
1995 2586 2011 2610 1“.
2033 2586 2042 2610 4
2065 2599 2100 2604 -
2120 2584 2287 2617 Temporalia

1649 2629 1816 2653 contemnere
1835 2635 1883 2660 per
1902 2629 1956 2654 vim
1975 2632 2083 2655 naturae
2110 2629 2216 2656 disslcile
2233 2632 2287 2661 est,

1648 2671 1758 2697 efficitur
1772 2675 1858 2698 tamen
1872 2673 1944 2699 facile
1957 2680 2005 2705 per
2018 2674 2118 2699 donum
2131 2673 2231 2706 gratiae
2243 2673 2288 2698 Vtt

1649 2715 1701 2742 405
1720 2715 1753 2741 46
1765 2730 1801 2735 —
1814 2717 1883 2743 Deus
1903 2718 1962 2744 facit
1974 2719 2104 2750 perfectos
2121 2721 2288 2744 contemnere

1648 2761 1801 2792 temporalia
1820 2761 1854 2787 Vt
1873 2761 1924 2787 567
1945 2762 1961 2787 5
1979 2776 2015 2781 —
2033 2762 2117 2788 Facile
2144 2761 2288 2788 contemnit

1648 2805 1733 2831 omnia
1754 2806 1846 2838 quise
1874 2813 1980 2838 semper
2008 2806 2105 2838 cogitat
2130 2805 2286 2832 moriturum

1648 2849 1692 2875 Vll
1711 2850 1762 2876 259
1782 2851 1814 2876 20

1700 2908 1736 2913 -—
1753 2895 1843 2921 Nullus
1862 2896 1942 2921 homo
1962 2894 2168 2921 contemnendus
2185 2897 2225 2921 est
2244 2894 2288 2921 Vll

1648 2938 1699 2964 247
1718 2939 1753 2964 96

1701 2996 1736 3002 -
1754 2983 1928 3010 Contemnere
1941 2983 2024 3009 Deum
2038 2985 2077 3009 est
2089 2990 2215 3016 magnum
2228 2990 2287 3016 pec·

1648 3030 1735 3053 catum
1755 3028 1798 3054 Vll
1818 3028 1864 3053 264
1893 3027 1927 3053 27
1945 3040 1981 3047 ·—
1999 3026 2175 3054 Contemnunt
2201 3028 2286 3054 Deum

1648 3072 1694 3105 qui
1713 3071 1837 3098 obdurati
1855 3075 1916 3098 sunt
1933 3071 2014 3098 corde
2033 3071 2084 3097 449
2105 3071 2120 3098 4

1700 3129 1737 3136 —-
1746 3116 1814 3148 parit
1826 3116 1990 3149 iniquitatem
2003 3116 2048 3142 Vll
2060 3116 2112 3142 328
2126 3117 2160 3143 65
2172 3129 2209 3136 —-
2221 3123 2287 3143 sem—

1649 3161 1767 3193 piternus
1785 3160 1960 3186 comminatur
1978 3160 2168 3192 vaneglorlosis
2181 3161 2227 3187 454
2251 3160 2281 3186 64

1701 3204 1846 3231 Conrsnrio
1858 3218 1894 3223 —
1907 3204 2051 3236 Disputatio
2069 3204 2229 3231 contentiosa
2247 3207 2287 3230 est

1647 3248 1745 3275 inutilis
1758 3249 1790 3274 vt
1804 3249 1832 3274 24
1854 3255 1868 3274 a
1880 3261 1915 3268 —·
1933 3248 2088 3280 prohibetur
2100 3248 2224 3275 mandato
2242 3255 2286 3281 pa-

1649 3293 1752 3319 tientiae
1764 3295 1791 3318 et
1802 3292 1989 3318 beneticentiae
2002 3292 2045 3319 vn
2059 3292 2110 3318 454
2122 3292 2168 3319 70.
2181 3292 2232 3318 455
2249 3291 2286 3319 74

1701 3350 1736 3357 -
1755 3340 1794 3363 est
1806 3336 1913 3369 signum
1929 3336 2027 3363 amoris
2045 3336 2141 3369 privati
2161 3336 2224 3363 boni
2241 3336 2286 3363 Vll

1650 3382 1701 3407 550
1722 3381 1756 3407 35
1769 3394 1805 3401 -
1817 3381 1852 3407 de
1870 3381 1984 3413 primatu
2003 3380 2111 3413 signum
2129 3384 2169 3408 est
2186 3380 2286 3407 amoris

1648 3425 1815 3452 excellentiae
1833 3428 1859 3451 et
1878 3425 1987 3451 dominii
2007 3424 2070 3452 ibid.
