2476 3921
282 292 323 323 82

282 379 421 411 Christo:
459 377 576 418 prima,
610 379 755 418 respectu
788 374 905 417 populi
935 375 1157 414 asweiautin
1192 384 1240 408 se-

283 431 401 469 cunda,
435 433 578 471 respectu
611 429 761 461 ministri
791 428 1018 470 baptizantis,-
1049 429 1158 467 tertia,
1191 438 1240 461 re-

283 488 391 526 spectu
419 483 476 515 Dei
499 482 715 515 exaudientis.

371 537 423 568 48.
449 536 550 577 (Vers.
575 536 652 569 213.
680 534 877 567 Humiliatio
893 538 998 567 autem
1023 538 1169 576 respectu
1182 545 1241 576 po-

140 599 262 620 iiummauo
278 590 353 632 puli
368 588 566 621 associantis
582 591 724 627 notatur,
737 596 809 620 cum
826 587 914 620 dicit:
934 588 1073 619 Factum
1089 591 1145 626 est,
1165 597 1241 620 cum

160 626 236 653 prima.

157 1450 263 1472 Secunda.

127 1823 228 1845 Rationes
243 1823 263 1844 4.

283 643 515 685 baptizaretur
532 641 639 673 omnis
654 641 807 683 populus.
826 641 883 673 Per
897 640 1060 683 populum
1077 640 1165 682 plebs
1182 641 1241 672 hu-

283 696 364 728 milis
381 695 578 737 intelligitur,
597 695 678 727 inter
695 704 774 736 quos
790 694 934 727 Christus
950 694 1079 726 humilis
1095 703 1163 727 esse
1179 703 1241 726 non

282 749 482 791 dedignatur,
515 748 681 790 quoniam,
718 748 890 780 secundum
925 748 1124 785 Psalmum¹‚
1154 756 1241 779 «ex-

283 804 385 835 celsus
408 802 559 834 Dominus
583 806 613 834 et
639 801 769 833 humilia
797 801 925 843 respicit
943 815 973 832 ».
1000 801 1126 833 Ratione
1151 800 1243 832 cuius

282 856 467 888 humilitatis
490 855 605 888 dicitur
622 855 702 887 infra
726 854 875 896 vigesimo
891 854 1045 887 secundo:
1076 867 1090 882 «
1110 854 1171 895 Ego
1186 863 1242 886 au—

283 914 344 942 tem
370 910 399 942 in
425 909 525 941 medio
554 912 693 941 vestrum
718 917 808 947 sum,
842 908 923 941 sicut
946 908 1000 949 qui
1032 907 1241 945 ministrat»,

282 967 312 995 et
329 962 405 994 illud
429 962 521 994 etiam
539 961 659 993 Ioannis
683 961 785 1002 primo
801 960 934 992 dicitur:
965 973 979 988 «
996 959 1114 992 Medius
1137 962 1242 991 autem

283 1020 422 1048 vestrum
448 1015 549 1053 stetit,
574 1024 668 1056 quem
695 1023 750 1046 vos
774 1013 899 1046 nescitis
916 1027 945 1044 ».
978 1013 1013 1045 Et
1036 1016 1126 1050 nota,
1158 1012 1242 1054 quod

283 1070 389 1101 omnis
409 1068 554 1110 populus
577 1067 657 1100 idem
682 1070 745 1105 est,
770 1066 854 1108 quod
878 1065 976 1098 multi
998 1065 1037 1098 de
1061 1066 1177 1107 populo
1200 1083 1241 1089 -

282 1123 373 1164 quia,
399 1122 478 1153 infra
502 1121 635 1162 septimo
652 1121 683 1158 ²,
713 1119 901 1152 «Pharisaei
927 1122 1031 1151 autem
1054 1121 1244 1160 spreverunt

283 1175 445 1207 consilium
470 1174 524 1206 Dei
550 1174 581 1205 in
607 1172 799 1214 semetipsis,
824 1181 886 1204 non
918 1172 1063 1213 baptizati
1088 1171 1243 1213 baptismo

282 1228 402 1260 loannis
419 1241 433 1256 »
456 1246 499 1250 —
515 1230 545 1259 et
562 1227 605 1259 sic
622 1226 775 1267 accipitur
797 1225 941 1257 Matthaei
959 1224 1069 1257 tertio:
1099 1237 1114 1252 «
1132 1223 1244 1256 Exibat

282 1282 319 1314 ad
343 1290 416 1314 eum
451 1280 553 1313 omnis
577 1279 690 1311 Iudaea
724 1282 756 1310 et
778 1278 879 1310 omnis
915 1277 1001 1319 regio
1032 1277 1115 1310 circa
1140 1276 1242 1309 lorda-

282 1343 371 1372 nem,
396 1337 432 1366 ut
455 1331 748 1375 baptizarentur'ab
772 1340 808 1363 eo
825 1344 855 1362 n.

371 1388 423 1420 [29.
450 1385 648 1418 Humiliatio
682 1388 826 1426 respectu
858 1384 1007 1416 ministri·
1036 1382 1244 1425 baptizantis

281 1445 428 1479 notatur,
453 1449 524 1472 cum
550 1438 683 1471 dicitur:
710 1439 749 1470 Et
772 1438 846 1470 Iesu
871 1437 1061 1479 baptizato,
1087 1437 1244 1470 sciliceta

282 1495 411 1532 Ioanne,
437 1502 518 1535 quae
542 1492 600 1524 fuit
618 1491 698 1523 mira
722 1491 899 1528 humilitas,
925 1495 960 1523 ut
976 1490 1128 1523 Dominus
1152 1490 1246 1523 vellet

283 1547 433 1589 baptizari
464 1546 618 1587 baptismo
642 1544 734 1577 servi.
757 1543 842 1576 Unde
872 1543 988 1580 dicitur
1011 1543 1155 1576 Matthaei
1181 1546 1245 1575 ter-

283 1602 326 1633 tio
339 1601 361 1639 ³,
386 1599 470 1642 quod
496 1599 624 1631 loannes
651 1597 746 1629 dixit:
785 1610 799 1624 «
821 1597 882 1638 Ego
902 1606 930 1629 -a
955 1600 984 1629 te
1014 1596 1112 1629 debeo
1145 1595 1244 1638 bapti-

284 1653 346 1686 zari
366 1665 400 1691 »3
425 1656 456 1684 et
476 1651 635 1693 sequitur:
666 1663 680 1678 «
698 1650 768 1682 Sine
786 1650 890 1688 mod0;
916 1650 959 1682 sic
976 1650 1058 1682 enim
1082 1649 1171 1682 decet
1187 1658 1245 1681 nos

283 1705 414 1747 implere
438 1712 561 1736 omnem
588 1703 736 1735 iustitiam
756 1716 790 1741 »,
814 1702 844 1734 id
868 1706 914 1735 est
947 1702 1115 1744 perfectam
1140 1701 1245 1734 humi-

283 1757 415 1794 litatem,
441 1765 503 1798 qua
519 1765 581 1787 non
599 1759 720 1787 tantum
746 1754 901 1796 superiori
919 1758 950 1787 et
973 1754 1055 1796 pari,
1081 1754 1134 1787 sed
1151 1753 1244 1786 etiam

284 1810 422 1843 inferiori
447 1809 579 1842 subiecit
611 1808 825 1850 semetipsum.
860 1807 1036 1849 Baptizatus
1063 1810 1168 1840 autem
1198 1810 1245 1840 est

283 1864 442 1901 Christus,
460 1872 519 1895 non
538 1866 574 1894 ut
597 1861 848 1894 sanctificaretur
865 1861 1033 1903 baptismo,
1055 1861 1107 1893 sed
1124 1864 1161 1893 ut
1177 1861 1245 1892 vim

283 1916 545 1959 regenerativam
559 1916 657 1959 aquis
674 1913 847 1957 conferret.
862 1914 948 1947 Unde
960 1914 1203 1955 Chrysostomus
1215 1917 1243 1946 ⁴:

290 1983 304 1998 «
331 1970 530 2002 Peccatorum
563 1968 778 2001 remissionem
811 1977 873 2000 non
896 1967 1032 2009 accepit,
1062 1967 1115 2000 sed
1147 1976 1245 2009 aquas

285 2022 477 2065 baptizandis
508 2022 655 2062 omnibus
678 2020 938 2054 sanctificavit».
968 2020 1118 2062 Baptizari
1151 2021 1244 2053 etiam

285 2076 402 2115 voluit,
426 2080 462 2108 ut
486 2076 564 2108 aliis
587 2075 770 2118 exemplum
796 2078 823 2107 et
846 2073 994 2116 formam
1019 2073 1129 2113 darec,
1153 2074 1245 2116 quia,

286 2130 458 2163 secundum
484 2129 567 2172 quod
591 2129 707 2162 dicitur
731 2130 864 2161 Actuum
888 2127 1026 2169 primoss'*5
1057 2128 1185 2169 «coepit
1202 2128 1245 2160 le-

286 2193 340 2217 sus
364 2184 466 2217 facere
489 2187 520 2217 et
536 2183 648 2216 docere
662 2195 696 2222 n;
721 2186 758 2215 ut
781 2182 874 2215 etiam
894 2190 951 2214 suo
976 2180 1129 2222 baptismo
1152 2181 1246 2213 ἱππο-

287 2242 433 2276 tesceret,
451 2238 532 2270 sicut
555 2237 671 2270 dicitur
688 2236 809 2269 loannis
833 2235 949 2278 primo:
978 2235 1045 2267 «Ut
1071 2234 1246 2267 manifeste-

287 2294 340 2324 tur
366 2291 394 2323 in
420 2290 545 2323 lsrael»
574 2293 632 2322 616.
658 2289 836 2331 Baptizatus
863 2292 911 2322 est
935 2288 1047 2327 etiam,
1080 2291 1116 2320 ut
1147 2287 1246 2329 bapti-

287 2352 390 2376 smum
409 2343 649 2385 praecursoris
673 2342 875 2385 approbaret
890 2346 921 2375 et
936 2341 1115 2375 ostenderet
1140 2341 1246 2373 Phari—

287 2396 380 2435 saeis,
398 2396 482 2438 quod
507 2396 628 2430 Ioannis
648 2395 825 2431 testimonio
841 2394 1037 2428 credendum
1058 2397 1141 2432 erat,
1167 2393 1248 2426 sicut

287 2449 432 2487 caelesti;
468 2448 506 2481 ad
542 2457 622 2490 quos
657 2447 699 2480 ait
734 2447 879 2480 Matthaei
914 2447 1064 2489 vigesimo
1096 2446 1246 2489 primo⁶:

357 2661 366 2678 ¹
387 2665 564 2696 Psaim.137,
591 2665 615 2690 6.
640 2678 675 2683 —
703 2665 855 2696 Sequuntur
883 2663 944 2688 Luc.
975 2664 1023 2695 22,
1051 2663 1095 2689 27.
1122 2666 1148 2689 et
1176 2664 1244 2689 ioan.

291 2710 317 2741 i,
338 2710 380 2734 26.

357 2752 368 2767 ²
389 2754 462 2779 Vei-s.
481 2754 527 2785 30,
547 2757 607 2786 post
625 2760 705 2787 quem
725 2754 811 2778 Matth.
832 2753 862 2783 3,
883 2752 907 2777 5.

358 2796 368 2811 ⁸
389 2798 464 2823 Vers,
484 2798 524 2823 14.
545 2802 570 2824 et
598 2798 640 2823 15.
659 2812 694 2817 -
720 2798 745 2823 ln
770 2798 796 2823 S.
826 2796 951 2822 Bernardi
980 2795 1138 2828 Sententiis,
1158 2804 1182 2822 n.
1204 2796 1247 2822 37.

289 2843 353 2868 haec
373 2841 516 2867 habentur:
536 2842 686 2872 Humilitas,
706 2842 755 2867 alia
774 2838 919 2873 sufficiens,
945 2841 994 2866 alia
1020 2840 1172 2871 abundans,
1198 2841 1246 2866 alia

287 2885 514 2917 superabundans.
533 2885 683 2917 Sufficiens,
703 2884 781 2911 subdi
800 2885 894 2910 maiori
912 2892 960 2910 nec
980 2885 1112 2916 praeferre
1134 2891 1162 2910 se
1180 2884 1246 2916 puri.

289 2929 445 2961 Abundans,
474 2929 551 2955 subdi
578 2929 635 2961 pari
663 2936 711 2955 nec
737 2930 869 2961 praeferre
897 2936 925 2955 se
954 2929 1059 2955 minori.
1079 2928 1248 2961 Superabun-

289 2973 368 3005 dans,
387 2973 465 2998 subdi
485 2973 588 2998 minori.
608 2972 671 2998 lnde
690 2972 817 2998 Dominus
837 2973 871 2998 ad
890 2973 1011 2998 loannem
1027 2971 1125 3006 [matth.
1139 2970 1247 3004 3,15.];

288 3017 352 3044 Sine
371 3016 449 3043 modo
458 3027 467 3048 ,·
487 3016 525 3044 sic
544 3017 615 3043 enim
634 3016 705 3043 decet
724 3023 773 3043 nos
792 3015 905 3050 implere
923 3023 1028 3043 omnem
1042 3015 1182 3043 iustitiam.
1196 3015 1247 3041 Cir.

289 3062 372 3087 Serin.
392 3062 415 3087 in
436 3061 534 3087 Octava
554 3060 732 3094 Epiphaniae,
750 3068 776 3086 n.
796 3060 820 3086 4.
839 3063 865 3086 et
884 3061 966 3087 Serm.
989 3061 1032 3087 42.
1050 3061 1077 3086 in
1096 3060 1170 3087 Cant.
1183 3068 1210 3086 n.
1223 3061 1248 3091 9,

289 3105 333 3131 ubi
353 3106 436 3131 simile
455 3106 579 3137 proponit
606 3105 640 3131 de
668 3104 778 3132 iustitia.
805 3105 873 3131 Vide
901 3105 979 3131 etiam
998 3105 1116 3131 Glossam
1141 3103 1248 3131 ordina-

288 3150 359 3176 riam
378 3151 450 3182 apud
469 3151 601 3182 Lyranum
627 3151 653 3176 in
682 3150 769 3176 Matth.
798 3150 829 3180 3,
861 3149 905 3182 15,
932 3150 967 3175 de
991 3156 1044 3183 qua
1070 3150 1177 3182 insuper
1202 3149 1248 3174 cfr.

288 3197 351 3220 tom.
372 3195 404 3220 V.
425 3201 486 3227 pag.
507 3195 572 3227 186,
591 3197 650 3220 nota
672 3195 696 3220 1.

359 3237 370 3252 ⁴
389 3239 483 3264 Homil.
503 3237 528 3264 4.
548 3238 621 3269 (alias
640 3239 676 3271 5.)
697 3239 721 3264 in
742 3238 827 3263 Mattli.
849 3237 908 3269 (Op.
922 3237 1067 3269 imperfect.
1081 3237 1148 3263 inter
1167 3244 1248 3269 opera

289 3282 442 3314 chrysost).
463 3283 535 3308 Plura
556 3284 604 3308 bac
624 3283 657 3308 de
670 3289 698 3308 re
717 3282 779 3308 vide
792 3282 833 3308 Ν.
849 3283 919 3308 Sent.
931 3282 957 3308 d.
978 3282 1001 3307 3.
1016 3288 1044 3313 p.
1057 3282 1083 3307 ll.
1104 3289 1127 3307 o.
1142 3282 1165 3307 1.
1179 3289 1206 3314 q.
1223 3282 1247 3307 2.

360 3324 370 3339 ⁶
392 3326 466 3351 Vers.
486 3327 509 3351 l.
534 3325 585 3352 Cir.
614 3325 747 3357 Ambros.,
775 3327 859 3352 Serm.
890 3327 930 3352 12.
951 3318 992 3351 'de
1020 3332 1040 3351 s.
1070 3326 1196 3358 Epiphan.
1223 3327 1248 3351 5.

291 3370 363 3402 <alias
385 3370 438 3403 17.)
458 3377 485 3396 n.
506 3370 529 3395 1.
547 3384 584 3389 -
601 3370 724 3404 Sequitur
743 3371 812 3396 ioan.
833 3371 861 3402 1,
881 3370 924 3396 31.
937 3369 988 3396 Cir.
1004 3370 1029 3395 S.
1043 3370 1155 3401 Bonav.‚
1174 3370 1248 3396 Com-

290 3418 370 3440 ment.
390 3414 414 3440 in
434 3415 502 3440 ioan.
522 3422 545 3440 6.
575 3416 596 3439 1.
616 3422 642 3440 n.
661 3414 709 3446 64,
734 3414 778 3440 ubi
807 3414 833 3440 in
862 3418 920 3440 nota
951 3414 1051 3440 adiecta
1076 3414 1248 3446 allegavimus

291 3459 366 3483 etiam
387 3458 427 3484 lV.
448 3459 516 3484 Sent.
537 3459 562 3485 d.
583 3460 607 3484 2.
626 3466 651 3484 a.
670 3460 693 3484 2.
713 3466 740 3492 q.
762 3460 788 3484 2.
808 3459 831 3484 in
847 3458 897 3484 tine
917 3465 989 3491 corp.
1008 3461 1034 3484 et
1052 3459 1086 3484 ad
1106 3459 1130 3484 3.
1152 3459 1175 3484 1.

877 286 1068 319 COMMENT.
1093 287 1129 319 IN
1153 287 1391 319 EVANGELIUM
1417 286 1534 318 LUCAE
1559 286 1590 318 C.
1618 286 1663 317 ΙΙΙ.

1310 388 1325 403 «
1343 375 1518 417 Baptismus
1544 374 1664 406 loannis
1688 374 1771 407 unde
1795 378 1886 406 erat?
1911 375 1931 406 E
1957 375 2061 414 caelo,
2086 385 2125 408 an
2150 385 2191 409 ex
2207 377 2263 409 ho-

1305 428 1443 460 minibus
1460 441 1475 456 »
1491 431 1502 459 ¹?

1395 481 1446 512 50,
1472 480 1669 512 Humiliatio
1686 483 1791 512 autem
1817 483 1962 521 respectu
1979 481 2039 513 Dei
2057 482 2264 514 exaudientis

1305 537 1443 572 notatur,
1468 542 1540 566 cum
1564 533 1698 566 dicitur:
1726 533 1765 565 Et
1796 537 1926 571 orante,
1951 533 2068 566 scilicet
2090 534 2128 566 ad
2160 535 2264 567 Domi-

1305 596 1399 625 num,
1424 587 1597 620 secundum
1622 587 1699 619 illud
1724 587 1880 619 Psalmi⁷:
1910 600 1925 615 «
1942 587 2092 620 Subditus
2114 591 2181 620 esto
2204 588 2264 620 Do-

1306 641 1390 673 mino
1413 644 1444 673 et
1474 649 1531 673 ora
1553 649 1625 673 eum
1647 652 1683 678 »ς
1708 640 1745 672 ad
1778 640 1933 672 Hebraeos
1964 639 2091 681 quinto:
2122 653 2137 668 a
2154 640 2265 673 Preces

1306 693 1611 735 supplicationesque
1642 693 1680 725 ad
1704 692 1805 725 Deum
1836 692 1988 730 offerens,
2017 692 2187 725 exauditus
2218 695 2265 725 est

1306 755 1364 787 pro
1388 756 1445 779 sua
1469 746 1644 779 reverentia
1660 759 1691 777 ».
1718 745 1801 778 Unde
1827 745 1947 777 loannis
1971 745 2152 778 undecimo:
2182 745 2264 777 «Pa-

1306 803 1371 837 ter,
1396 800 1512 841 gratias
1534 808 1592 841 ago
1609 799 1663 831 tibi
1675 824 1682 837 ,
1699 799 1847 841 quoniam
1864 798 1977 830 audisti
1995 807 2061 837 me;
2078 807 2135 840 ego
2159 802 2263 831 autem

1305 853 1438 885 sciebam
1448 879 1456 891 ,
1474 852 1621 894 quoniam
1635 861 1759 894 semper
1773 860 1822 884 me
1835 851 1925 884 audis
1935 877 1942 890 ,
1955 851 2008 884 sed
2022 856 2151 893 propter
2165 861 2265 893 popu-

1306 906 1388 944 lum,
1405 906 1458 947 qui
1476 909 1566 944 astat,
1583 906 1661 944 dixi,
1679 909 1714 938 ut
1736 905 1879 943 credant,
1898 904 1972 946 quia
1988 908 2023 936 tu
2040 913 2090 937 me
2107 904 2217 937 misisti
2230 918 2261 944 3>-

1307 959 1338 990 ln
1358 959 1504 991 omnibus
1521 958 1680 991 invenitur
1696 958 1848 990 Dominus
1864 967 1979 996 orans,
1997 957 2105 990 sivein
2119 957 2265 999 baptismi

1307 1011 1517 1053 susceptione,
1536 1011 1600 1044 sive
1624 1011 1654 1043 in
1673 1010 1857 1048 solitudine,
1883 1010 1995 1043 sivein
2020 1009 2264 1052 praedicatione,

1307 1065 1371 1097 sive
1395 1065 1426 1096 in
1451 1065 1677 1097 miraculorum
1695 1064 1875 1106 operatione
1899 1067 1929 1096 et
1946 1063 2088 1105 passione
2111 1066 2143 1096 et
2158 1063 2266 1096 Sacra-

1306 1118 1401 1149 menti
1437 1117 1666 1159 dispensatione
1702 1121 1733 1149 et
1767 1117 1888 1149 animae
1923 1116 2206 1155 commendatione,
2230 1119 2267 1149 ut

1307 1169 1449 1202 ostendat
1473 1170 1555 1211 quod
1581 1170 1661 1202 infra
1685 1169 1805 1202 decimo
1821 1169 1955 1202 octavoS
1979 1169 2112 1201 dicitur:
2135 1182 2149 1197 «
2166 1169 2266 1211 Opor-

1308 1225 1351 1255 tet
1375 1232 1497 1264 semper
1522 1232 1613 1255 orare
1637 1226 1668 1255 et
1691 1232 1752 1255 non
1777 1222 1953 1255 deficere».

1398 1276 1449 1307 51.
1474 1276 1583 1308 Oravit
1606 1276 1688 1308 enim
1713 1276 1744 1308 in
1769 1275 1926 1317 baptismi
1947 1276 2167 1318 susceptione,
2185 1275 2267 1308 sicut

1307 1329 1376 1361 hic:
1405 1329 1441 1360 Et
1464 1327 1593 1370 factum
1625 1332 1689 1367 est,
1714 1329 1789 1361 lesu
1818 1328 1989 1370 baptizato
2013 1332 2042 1360 et
2065 1333 2199 1367 orante,
2231 1332 2267 1361 ut

1307 1382 1395 1415 daret
1418 1382 1550 1414 formam
1567 1382 1676 1415 orandi
1700 1381 1920 1414 accedentibus
1936 1381 1975 1414 ad
1998 1381 2160 1423 baptisma.
2170 1401 2218 1419 ,—
2234 1382 2266 1414 In

1307 1435 1427 1467 deserti
1441 1435 1636 1473 solitudine,-
1660 1435 1742 1468 infra
1757 1434 1868 1477 quinto
1881 1435 1912 1467 ⁹:
1935 1448 1949 1463 n
1967 1435 2033 1476 Ipse
2057 1434 2220 1468 secedebat
2235 1435 2267 1467 in

1307 1488 1467 1521 desertum
1492 1491 1523 1520 et
1546 1488 1700 1527 orabat»,
1723 1491 1760 1520 ut
1784 1487 1915 1520 formam
1943 1487 2032 1520 daret
2055 1488 2268 1530 contemplan—

1309 1541 1402 1574 tibus.
1421 1561 1461 1565 —
1481 1542 1512 1574 ln
1532 1542 1799 1584 praedieahonffl
1815 1541 1896 1573 inira
1911 1544 2016 1574 sexto:
2039 1554 2054 1570 «ι
2070 1542 2196 1579 Factum
2221 1545 2268 1574 est

1308 1598 1414 1627 autem
1430 1594 1461 1627 in
1478 1595 1589 1627 diebus
1605 1595 1679 1633 illis,
1696 1595 1774 1627 exiit
1791 1594 1822 1627 in
1836 1598 1987 1633 montem,
2005 1598 2040 1627 ut
2055 1599 2205 1634 oraret»,
2229 1598 2266 1627 ut

1308 1648 1441 1680 formam
1465 1648 1555 1681 daret
1586 1648 1864 1690 praedicatoribus.
1892 1666 1936 1672 ——
1963 1648 1995 1679 In
2024 1648 2268 1681 miraculorum

1309 1701 1516 1744 operatione,·
1541 1702 1661 1734 loannis
1677 1701 1842 1734 undecimo
1856 1701 1896 1733 ¹⁰:
1926 1713 1942 1729 α
1960 1701 2059 1739 Pater,
2076 1701 2192 1743 gratias
2207 1710 2266 1743 ago

1309 1755 1364 1788 tibi
1383 1769 1398 1784 n
1426 1758 1499 1793 616..
1525 1759 1560 1787 ut
1583 1755 1672 1788 daret
1695 1755 1828 1788 formam
1853 1754 2066 1797 operantibus.
2085 1773 2126 1778 —
2143 1754 2175 1787 ln
2189 1764 2269 1797 pas—

1308 1809 1399 1841 sione
1407 1820 1419 1846 ,·
1442 1808 1586 1841 Matthaei
1610 1809 1760 1850 vigesimo
1784 1811 1892 1841 sexto:
1915 1821 1930 1837 a
1948 1808 2135 1850 Progressus
2159 1808 2269 1841 cecidit

1309 1862 1340 1894 in
1357 1861 1466 1894 faciem
1480 1870 1569 1893 suam
1582 1874 1612 1900 n,
1630 1866 1665 1894 ut
1679 1861 1810 1894 sormam
1827 1861 1917 1894 daret
1929 1861 2165 1894 sustinentibus.
2181 1880 2222 1885 —
2236 1861 2267 1893 In

2283 490 2361 512 Tertia.

2290 965 2343 987 Orat
2356 965 2415 986 Chsi-

2280 995 2324 1013 stm
2336 997 2427 1019 semper.

2285 1284 2330 1306 flue
2342 1284 2416 1311 proba-

2299 1314 2334 1332 tur
2347 1310 2416 1337 quoad

2300 1338 2312 1359 7
2318 1339 2418 1359 actiones.

1309 1914 1460 1957 eorporis
1477 1914 1785 1954 administratione;
1804 1915 1885 1947 inira
1904 1914 2055 1957 vigesimo
2075 1914 2212 1947 secundo
2226 1915 2268 1946 ¹1:
2299 1944 2300 1948 ,

1315 1982 1331 1997 α
1343 1969 1475 2010 Accepto
1499 1967 1608 2012 calice,
1632 1968 1748 2009 gratias
1764 1968 1827 2010 egit
1847 1969 1911 2001 Deo
1929 1981 1943 1997 ι)
1956 1994 1963 2007 ,
1981 1971 2017 2000 ut
2033 1967 2165 2000 formam
2181 1968 2270 2000 daret

1309 2020 1534 2055 sacerdotibus.
1553 2039 1594 2044 —-
1609 2021 1641 2052 ln
1657 2021 1799 2063 spiritus
1815 2021 2115 2059 commendatione;
2128 2021 2210 2053 infra
2225 2021 2270 2053 vi-

1309 2075 1429 2118 gesimo
1446 2074 1553 2107 tertio:
1576 2086 1591 2101 «
1610 2073 1713 2112 Pater,
1730 2074 1762 2107 in
1780 2084 1893 2108 manus
1909 2078 1980 2108 tuas
2003 2074 2185 2107 commendo
2208 2074 2270 2116 spi-

1310 2129 1408 2161 ritum
1433 2136 1557 2165 meum;
1574 2130 1605 2159 et
1621 2126 1698 2160 haec
1721 2126 1827 2160 dicens
1850 2127 2070 2170 exspiravit»,
2087 2127 2270 2159 utsormam

1310 2181 1400 2214 daret
1422 2179 1639 2213 morientibus.
1666 2179 1702 2211 Et
1724 2179 1768 2212 sic
1792 2180 1938 2213 omnibus
1961 2183 2009 2213 est
2031 2179 2196 2212 orandum.

1401 2235 1453 2267 52.
1480 2235 1641 2275 Apertum
1672 2237 1720 2264 esc
1741 2233 1869 2265 eaelum
1893 2237 1951 2266 etc.
1986 2234 2057 2266 Post
2080 2232 2271 2267 humiliatio-

1311 2296 1381 2320 nem
1406 2287 1437 2319 in
1462 2286 1659 2328 susceptione
1683 2286 1873 2318 Sacramenti
1898 2286 2045 2319 subditur
2073 2284 2271 2327 clarificatio

1311 2340 1347 2372 in
1370 2339 1565 2373 exhibitione
1589 2338 1768 2372 testimonii
1775 2350 1786 2376 ,·
1810 2343 1840 2371 et
1864 2343 1900 2371 ut
1916 2339 2128 2372 testimonium
2154 2339 2194 2372 sit
2217 2339 2271 2371 fir-

1311 2393 1510 2432 mum„ideo
1534 2392 1710 2425 ostenditur
1739 2400 1807 2424 esse
1831 2391 1926 2424 trium
1953 2400 2158 2433 personarum
2187 2392 2271 2425 omni

1311 2446 1495 2488 exceptione
1508 2446 1664 2479 maiorum
1679 2445 1715 2481 ¹²,
1734 2444 1763 2476 id
1779 2447 1826 2477 est
1842 2452 1993 2486 personae
2006 2444 2071 2477 Filii
2088 2448 2119 2478 et
2135 2443 2271 2487 Spiritus

1382 2659 1394 2675 ⁶
1413 2661 1487 2687 Vers.
1507 2662 1550 2687 25.
1569 2675 1605 2681 —
1623 2662 1742 2693 Hieron,
1765 2661 1781 2686 l.
1799 2660 1946 2695 Comment.
1962 2659 1985 2684 in
2000 2659 2086 2684 Matth.
2100 2659 2129 2689 3,
2145 2659 2186 2684 13.
2201 2666 2269 2691 seq.:

1312 2705 1453 2738 Triplicem
1481 2705 1517 2731 ob
1545 2713 1651 2732 causam
1681 2706 1799 2731 Salvator
1818 2712 1832 2730 a
1852 2705 1947 2730 loanne
1975 2703 2075 2736 accepit
2100 2702 2270 2735 baptismum.

1311 2750 1445 2782 Primum,
1459 2753 1499 2780 ut,
1514 2750 1575 2782 quia
1595 2751 1675 2776 bomo
1694 2753 1770 2775 natus
1789 2752 1858 2781 erat,
1878 2755 1983 2775 omnem
2002 2747 2125 2773 iustitiam
2146 2749 2170 2772 et
2189 2747 2272 2772 humi-

1312 2796 1410 2821 litatem
1430 2793 1507 2826 Legis
1525 2793 1654 2827 impleret.
1674 2794 1809 2826 Secundo,
1829 2797 1856 2819 ut
1876 2793 2034 2825 baptismate
2053 2799 2101 2817 suo
2116 2791 2217 2817 loannis
2230 2790 2272 2816 ba·

1312 2839 1408 2871 ptisma
1427 2836 1622 2869 comprobaret.
1643 2834 1745 2869 Tertio,
1763 2841 1791 2863 ut
1810 2837 1927 2863 iordanis
1940 2843 2022 2870 aquas
2035 2835 2212 2865 sanctificans,
2225 2841 2272 2866 per

1312 2882 1510 2909 descensionem
1535 2880 1688 2911 columbae,
1708 2882 1819 2913 Spiritus
1838 2882 1919 2907 sancti
1940 2882 1967 2906 in
1985 2881 2090 2906 lavacro
2109 2879 2271 2905 credentium

1313 2930 1471 2953 monstraret
1490 2926 1641 2952 adventum.

1384 2969 1393 2985 ⁷
1414 2972 1506 2996 Psalm.
1528 2971 1576 3001 36,
1599 2970 1623 2995 7.
1646 2984 1678 2988 —-
1698 2970 1755 2995 Duo
1784 2977 1858 3002 seqq.
1886 2970 1935 2995 loci
1964 2973 2024 2995 sunt
2049 2969 2127 2995 Hebr.
2148 2969 2178 3001 5,
2197 2969 2224 2994 7.
2248 2971 2273 2993 ct

1314 3016 1381 3041 loun.
1403 3016 1445 3046 11,
1466 3015 1508 3041 41.
1528 3022 1583 3048 seq.

1384 3056 1395 3072 ⁸
1415 3059 1489 3085 Vers.
1512 3060 1535 3085 1.

1384 3100 1396 3116 ⁹
1415 3103 1492 3129 Vers.
1512 3105 1552 3128 16.
1572 3117 1607 3122 -
1627 3102 1742 3128 Subinde
1761 3102 1888 3133 allegatur
1907 3103 1969 3128 Luc.
1988 3103 2018 3134 6,
2040 3102 2081 3127 12.
2098 3115 2134 3120 -
2147 3100 2273 3133 Superius

1314 3153 1362 3178 pro
1376 3146 1477 3172 orandi
1487 3146 1671 3173 accedentibus
1684 3146 1721 3173 ad
1733 3145 1866 3180 baptisma
1886 3146 1907 3170 D
1925 3145 2080 3177 orantibus,
2100 3145 2119 3171 C
2130 3145 2148 3170 F
2160 3146 2180 3169 G
2200 3144 2273 3170 omit-

1314 3194 1370 3216 tunt
1388 3190 1425 3216 ad
1443 3190 1583 3224 baptisma.

1384 3233 1407 3248 ¹⁰
1429 3235 1502 3261 vers.
1523 3235 1565 3261 11.
1585 3250 1618 3254 --
1638 3236 1760 3268 Sequitur
1780 3235 1866 3260 Matth.
1887 3234 1935 3264 26,
1956 3234 1999 3259 39.

1385 3278 1406 3294 ¹¹
1427 3279 1501 3305 Vers.
1523 3280 1568 3311 17,
1588 3283 1647 3311 post
1665 3286 1745 3312 quern
1765 3280 1893 3311 allegatur
1906 3278 1969 3304 Luc.
1982 3278 2029 3309 23,
2045 3277 2086 3303 46.
2099 3290 2134 3297 —
2148 3277 2274 3309 Superius

1314 3327 1374 3356 post
1393 3325 1423 3350 Ιπ
1443 3323 1565 3358 corporis
1595 3324 1652 3349 Vat.
1673 3324 1747 3350 addit
1766 3323 1880 3355 Christi,
1900 3329 1969 3356 quae
1987 3322 2065 3348 etiam
2086 3322 2217 3355 aliquanto
2236 3322 2274 3348 in-

1314 3369 1394 3395 ferius
1412 3376 1461 3402 pro
1481 3368 1515 3396 Et
1531 3368 1570 3395 sic
1589 3368 1712 3395 omnibus
1731 3368 1864 3395 substituit
1883 3367 1916 3395 Et
1935 3367 1963 3394 i‘n
1982 3366 2114 3394 omnibus.

1387 3413 1410 3429 ¹¹
1429 3414 1479 3440 Cir.
1500 3420 1579 3446 supra
1600 3420 1662 3445 pag.
1683 3413 1727 3444 12,
1747 3417 1805 3439 nota
1826 3413 1850 3438 6.
1870 3426 1905 3432 —
1924 3413 1973 3438 Pro
1985 3410 2137 3445 exceptione
2156 3411 2214 3437 Vnt.
2232 3417 2274 3437 ac-

1309 3458 1439 3493 ceptione.

2307 2241 2432 2265 Clariticatio

2289 2270 2369 2292 Christi
2396 2274 2442 2296 pen

2291 2297 2369 2328 triplex
2376 2295 2433 2317 testi·

2290 2329 2392 2346 monium.
