2476 3921
129 1046 199 1072 Quare
209 1044 283 1065 remis-

149 1072 194 1092 sius
207 1073 282 1097 agatur

149 1104 197 1119 cnm
226 1098 280 1124 Tyro

151 1127 173 1146 et
186 1123 273 1146 Sidone.

132 1740 164 1762 De
179 1740 279 1762 secundo.

291 209 355 242 260

290 297 417 335 cinere,
448 295 503 337 qui
535 294 673 336 praefert
703 292 814 326 mortis
845 292 1030 334 imaginem;
1062 291 1155 324 debet
1184 299 1253 324 esse

287 350 400 392 pudor
423 350 455 381 in
479 347 727 381 consideratione
751 346 897 388 sequelae
921 346 986 378 sive
1009 345 1138 378 vilitatis
1161 353 1251 383 suae,

291 407 322 436 et
346 404 405 436 hoc
433 402 464 434 in
495 401 645 434 sessione.
679 400 749 433 Ideo
780 400 855 432 dicit
885 399 1136 440 Hieronymus¹‚
1168 397 1253 440 quod

297 470 312 485 «
329 456 407 489 cinis
431 458 463 488 et
485 454 621 487 cilicium
639 462 729 486 arma
745 456 819 486 sunt
834 452 1063 494 poenitentium
1080 464 1110 483 n.
1129 451 1164 483 Et
1180 459 1253 492 pro-

292 513 400 551 pterea
416 508 564 541 Ieremiae
588 510 701 539 sexto:
731 518 746 534 α
763 505 838 537 Filia
861 504 967 547 populi
993 503 1066 543 mei,
1090 503 1254 544 accingere

292 562 392 595 cilicio
415 565 447 594 et
469 569 637 603 aspergere
660 560 784 598 cinere,
808 559 930 591 luctum
948 556 1100 599 unigeniti
1117 556 1165 588 tac
1181 555 1253 595 tibi,

292 616 452 658 planctum
477 623 621 647 amarum
639 627 668 645 ».
695 613 731 645 Et
761 615 891 654 propter
915 611 1068 653 pudorem
1095 609 1254 642 humilita-

294 669 350 708 tis,
375 668 429 711 qui
453 668 545 700 debet
569 665 725 705 comitari,
749 665 865 698 dicitur
889 664 1036 697 Ieremiae
1052 662 1174 696 decimo
1191 666 1254 695 ter-

294 722 337 754 tio
350 722 380 753 2:
402 734 418 749 α
435 721 490 753 Dic
514 720 579 762 regi
603 723 634 752 et
657 717 871 751 dominatrici:
890 716 1117 754 Humiliamini,
1134 715 1254 753 sedete,

294 774 442 817 quoniam
466 772 632 806 descendet
663 771 701 804 de
730 771 829 812 capite
861 773 967 802 vestro
997 778 1114 801 corona
1137 768 1255 810 gloriae

294 831 418 860 restrae
435 840 465 858 ».
490 826 520 858 Si
544 825 641 867 igitur
665 824 757 856 talem
773 823 919 856 fecissent
935 821 1175 864 poenitentiam,
1192 829 1255 852 non

295 880 447 912 haberent
471 882 588 911 tantam
617 877 720 910 cordis
750 876 917 914 duritiam,
950 884 986 907 ac
1017 883 1074 916 per
1106 874 1166 906 hoc
1197 881 1255 906 nec

295 937 358 964 tam
382 932 495 964 duram
516 930 717 963 sententiam.

384 985 436 1017 24.
462 984 563 1025 (Vers.
585 983 659 1020 14).
679 982 713 1014 Et
730 984 897 1023 propterea
913 979 1096 1021 subiungit:
1121 979 1256 1011 Verum-

295 1042 405 1070 tamen
444 1037 531 1080 Tyro
562 1040 591 1068 el
621 1035 740 1068 Sidoni
769 1033 943 1066 remissius
975 1032 1039 1065 erit
1068 1032 1106 1064 in
1131 1031 1256 1064 iudicio

293 1101 396 1135 quam
419 1090 531 1128 vobis;
547 1089 638 1131 quia,
656 1087 830 1120 secundum
848 1086 932 1129 quod
948 1086 1064 1118 dicitur
1080 1084 1163 1117 infra
1178 1084 1256 1116 duo-

293 1144 456 1182 decimo³‚
487 1156 503 1172 «
519 1151 631 1176 servus
656 1141 757 1174 sciens
782 1141 974 1173 voluntatem
999 1138 1116 1171 domini
1140 1140 1171 1170 et
1194 1146 1257 1170 non

294 1199 410 1231 faciens
434 1196 593 1239 vapulavit
617 1195 725 1228 multis
741 1208 771 1227 n.
797 1194 884 1227 Ratio
907 1197 1012 1226 autem
1035 1192 1131 1226 huius
1147 1194 1195 1224 est
1209 1190 1257 1223 ni-

294 1253 356 1285 mia
378 1251 496 1284 duritia
519 1253 629 1283 contra
651 1252 738 1282 tanta
752 1248 924 1287 beneficia;
949 1246 1032 1280 unde
1049 1246 1087 1278 ad
1104 1246 1258 1278 Romanos

294 1305 431 1338 secundo
455 1304 592 1337 dicitur:
623 1304 698 1335 «An
728 1302 870 1344 ignoras,
903 1300 1051 1342 quoniam
1083 1298 1139 1331 Dei
1170 1298 1257 1331 beni—

294 1359 395 1401 gnitas
429 1357 468 1390 ad
499 1356 721 1399 poenitentiam
754 1359 783 1388 te
814 1354 969 1387 adducit?
1000 1354 1048 1386 Tu
1079 1356 1185 1385 autem
1209 1360 1257 1385 se-

294 1411 433 1445 cundum
458 1411 607 1444 duritiam
632 1413 719 1442 tuam
743 1412 774 1441 et
790 1407 997 1450 impoenitens
1021 1416 1075 1439 cor
1099 1405 1257 1439 thesauri-

295 1475 346 1498 zas
371 1465 425 1497 tibi
451 1464 531 1497 iram
555 1464 586 1496 in
610 1463 660 1496 die
684 1463 750 1495 irae
774 1465 805 1494 et
829 1460 1028 1494 revelationis
1052 1460 1127 1492 iusti
1150 1459 1257 1492 iudicii

295 1519 349 1552 Dei
366 1531 401 1557 »3
426 1518 501 1560 quia
526 1516 730 1550 Ecclesiastici
747 1515 840 1548 tertio
864 1515 994 1547 dicitur:
1024 1526 1040 1542 τι
1056 1513 1116 1545 Cor
1139 1513 1257 1546 durum

294 1573 375 1605 male
400 1571 528 1605 habehit
551 1571 582 1603 in
614 1569 784 1603 novissimo
800 1581 836 1607 »ς
867 1581 882 1597 «
898 1571 930 1601 et
959 1570 1105 1610 peccator
1135 1566 1259 1599 adiiciet

295 1626 334 1658 ad
357 1625 550 1668 peccandum
566 1638 597 1656 ».

385 1680 437 1712 25.
465 1678 566 1720 (Vers.
595 1677 669 1717 151).
692 1676 835 1709 Secundo
852 1684 926 1708 vero
945 1675 1124 1717 increpans
1147 1673 1260 1717 quoa-d

295 1732 517 1766 excellentiam
548 1731 664 1763 mentis
695 1730 818 1763 subdit:
844 1730 885 1761 Et
908 1732 962 1767 ιιι,
995 1726 1258 1770 Capltarnaum,

295 1796 398 1830 usque
422 1786 457 1818 in
481 1784 609 1817 eaelum
632 1783 790 1822 exaltata,
812 1782 930 1815 scilicet
949 1790 1006 1823 per
1029 1780 1259 1822 arrogantiam,

295 1850 399 1884 usque
423 1840 458 1872 in
482 1837 681 1881 z‘nfernum4
704 1835 923 1878 demeryerss,
948 1844 1004 1877 per
1028 1834 1165 1867 divinam
1190 1842 1259 1866 sen-

296 1894 433 1927 tentiam.
459 1892 545 1925 Unde
561 1890 675 1923 Abdiae
699 1889 818 1932 primo:
848 1902 864 1917 α
881 1888 910 1921 Si
935 1888 1094 1921 exaltatus
1111 1887 1209 1920 fueris
1225 1890 1261 1919 ut

295 1947 400 1990 aquila
423 1950 454 1979 et
484 1946 566 1978 inter
595 1944 698 1977 sidera
729 1943 873 1985 posueris
905 1942 1015 1975 nidum
1047 1945 1156 1980 tuum,
1189 1940 1260 1973 inde

294 2000 458 2033 detraham
483 2002 512 2031 te
529 2010 559 2037 »3
577 2001 608 2030 et
625 1997 676 2030 lob
700 1996 864 2038 vigesimo:
888 2008 903 2024 «
920 1995 950 2028 Si
967 1994 1143 2027 ascenderit
1159 2001 1261 2035 usque

296 2055 327 2086 in
351 2053 472 2086 caelum
497 2051 647 2094 superbia.
670 2050 756 2089 eiuS,
780 2053 812 2082 et
843 2052 938 2090 caput
966 2048 1035 2081 eius
1065 2047 1167 2080 nubes
1191 2046 1261 2079 teti-

297 2108 391 2149 gerit;
417 2106 507 2148 quasi
532 2104 768 2146 sterquilinium
784 2103 815 2135 in
837 2102 899 2135 fine
923 2101 1075 2143 perdetur
1092 2113 1122 2132 n.
1138 2100 1261 2132 Dicitur

298 2164 404 2192 autem
424 2159 647 2200 Capharnaum
674 2155 823 2189 exaltata
846 2158 977 2197 propter
1005 2153 1143 2196 plurima
1166 2153 1261 2185 mira-

371 2305 380 2320 ²
400 2305 547 2332 Cominent.
567 2305 592 2330 in
612 2305 681 2330 loan.
701 2305 731 2336 3,
751 2303 784 2329 5:
805 2304 902 2329 Saccus
921 2306 946 2329 et
966 2303 1090 2329 ieiunium
1111 2308 1183 2328 arma
1202 2305 1262 2328 sunt

299 2349 488 2383 poenitentiae,
508 2350 601 2375 auxilia
621 2352 799 2381 peccatorum.
818 2348 869 2374 Csr.
890 2349 950 2374 Vlll.
970 2347 1117 2374 Comment.
1131 2348 1156 2373 in
1170 2348 1262 2373 Ezech.

300 2396 348 2426 27,
362 2396 403 2420 28.
418 2402 488 2427 seq„
503 2394 546 2420 ubi
561 2394 637 2425 dicit,
651 2393 768 2420 cinerem
782 2400 840 2419 esse
852 2393 960 2424 signum
980 2393 1168 2425 poenitentiae,
1181 2395 1206 2418 et
1219 2392 1263 2418 ad-

299 2440 371 2465 ducit
384 2440 447 2465 Luc.
461 2439 508 2471 40,
524 2439 573 2464 43.
587 2438 620 2467 Si
630 2438 657 2464 in
675 2438 772 2472 Tyro...
785 2437 850 2464 olim
863 2437 892 2464 in
905 2444 983 2464 sacco
1002 2439 1028 2464 et
1045 2438 1135 2464 emere
1147 2437 1264 2471 egissent

300 2483 497 2518 poenitentiam.
528 2483 597 2509 ldem
625 2483 770 2508 insinuatur
789 2483 867 2514 Epist.
890 2482 949 2508 430.
971 2482 1044 2515 (alias
1063 2481 1099 2514 8.)
1119 2488 1146 2507 n.
1166 2481 1208 2506 40.
1227 2495 1263 2500 -

301 2528 338 2553 De
357 2527 440 2553 tribus
468 2527 570 2553 actibus
598 2527 785 2559 poenitentiae,
806 2527 862 2552 scil.
880 2526 983 2559 dolore,
1003 2526 1097 2551 timore
1115 2529 1141 2551 et
1159 2525 1263 2557 pudore

301 2572 358 2605 (ubi
377 2579 426 2604 pro
444 2571 566 2605 sequelae
585 2572 645 2597 Vat.
666 2571 770 2605 culpae,
790 2574 816 2597 et
834 2578 883 2603 pro
907 2570 1019 2597 vilitatis
1037 2571 1059 2595 Η
1079 2568 1262 2601 humilitatis),

301 2618 347 2642 cfr.
365 2623 445 2649 supra
464 2623 525 2648 pag.
548 2616 611 2648 483,
630 2619 691 2641 nota
711 2616 742 2646 6,
756 2618 781 2641 et
794 2615 919 2647 August.,
940 2615 974 2640 de
986 2614 1155 2646 Correptione
1168 2616 1194 2639 et
1206 2620 1264 2645 gra-

301 2661 348 2692 tia,
368 2668 390 2686 c.
410 2660 435 2685 5.
454 2667 481 2685 n.
500 2660 525 2685 7.
545 2674 580 2678 —
600 2660 723 2692 Sequitur
744 2661 790 2685 ler.
810 2659 840 2691 6,
860 2659 902 2684 26.

372 2703 382 2719 ²
403 2705 477 2730 Vers.
499 2704 541 2729 48.
560 2717 596 2723 --
615 2704 706 2729 Glossa
725 2702 869 2729 ordinaria
890 2703 931 2736 (ex
949 2702 1031 2735 Beda)
1045 2702 1117 2734 apud
1129 2702 1263 2733 Lyranum

302 2750 326 2775 in
346 2750 410 2774 Luc.
430 2749 477 2781 40,
498 2749 548 2773 43ε
568 2748 600 2774 In
625 2747 710 2774 cilicio
730 2754 823 2778 aspera
843 2746 942 2778 peccati
962 2746 1104 2778 pungentis
1122 2745 1264 2776 memoria,

301 2800 354 2826 qua
374 2793 398 2818 in
419 2792 462 2818 die
481 2792 570 2817 iudicii
589 2792 692 2817 sinistra
705 2798 767 2823 pars
779 2791 913 2816 induenda
932 2794 984 2823 est,
1002 2790 1173 2822 significatur.
1186 2790 1219 2816 In
1231 2789 1264 2816 cz'-

301 2843 366 2863 ‘nere
385 2836 476 2862 mortis
494 2836 683 2867 consideratio,
703 2842 751 2867 per
769 2842 850 2868 quam
864 2837 914 2860 tota
930 2835 1039 2860 humani
1052 2834 1156 2866 generis
1177 2840 1264 2859 massa

303 2882 328 2906 in
348 2881 486 2912 pulverem
514 2883 554 2905 est
581 2879 739 2912 redigenda,
768 2879 905 2911 ssguratur.
935 2880 965 2905 ln
990 2878 1107 2905 sessione
1131 2878 1265 2904 humilitas

303 2925 426 2957 propriae
453 2924 642 2955 conscientiae,
661 2924 732 2949 unde
750 2924 879 2955 Propheta
904 2924 956 2956 (ΡΒ.
976 2923 1042 2954 426,
1062 2923 1117 2956 2.):
1136 2922 1261 2956 Sumite,

300 2971 447 3003 postquam
465 2967 600 3000 sederitis,
621 2968 647 2994 id
665 2971 705 2994 est
724 2967 751 3002 [Ι.
771 2968 837 2994 Petr.
857 2968 888 3001 5,
913 2966 970 3001 6.]:
1000 2966 1193 2994 Humiliamim'
1214 2965 1265 2993 sub

301 3013 404 3048 potenti
421 3020 506 3040 manu
528 3012 575 3039 Dei
591 3016 640 3039 ete.

376 3055 387 3071 ³
406 3058 481 3083 Vers.
501 3057 544 3083 47.
562 3071 597 3075 —-
617 3056 734 3082 Subinde
759 3057 903 3089 allegantur
928 3057 1004 3082 Rom.
1025 3057 1055 3089 2,
1075 3055 1101 3082 4.
1122 3062 1196 3088 seq.;
1221 3056 1265 3081 Ec-

306 3102 346 3127 cli.
366 3103 396 3133 3,
416 3102 460 3127 27.
481 3105 508 3127 ct
527 3102 570 3127 29.

377 3145 388 3160 ¹
406 3147 532 3178 Vulgata:
550 3152 636 3179 usque
648 3144 685 3172 acl
703 3144 808 3172 caelum
821 3144 944 3172 eoealtata
962 3151 1047 3178 usque
1059 3143 1096 3170 ad
1107 3143 1246 3178 infernum
1254 3152 1265 3175 ,-

305 3191 429 3223 Augu'st„
449 3192 533 3216 Serm.
553 3191 613 3216 401.
634 3190 706 3223 (alias
726 3190 768 3216 42.
790 3190 823 3216 de
848 3189 958 3222 Sanctis)
978 3196 1000 3215 c.
1020 3189 1046 3215 7.
1064 3196 1093 3215 n.
1111 3190 1142 3220 8,
1161 3188 1266 3214 exhibet

307 3238 359 3260 tam
378 3235 415 3261 ad
433 3234 538 3261 caelum
556 3242 638 3268 quam
657 3234 685 3261 in
705 3234 810 3261 caelum
829 3237 854 3260 et
872 3234 901 3260 in
926 3234 1081 3268 infernum‚·
1100 3233 1171 3259 Beda
1194 3236 1220 3259 et
1239 3233 1266 3259 S.

307 3280 402 3305 Thom.
422 3278 487 3312 (Cat.
507 3286 586 3305 aurea
606 3279 631 3305 in
652 3279 713 3305 Luc.
740 3279 781 3304 40.
801 3286 826 3304 n.
846 3278 881 3311 4.)
908 3278 936 3304 in
954 3277 1060 3305 caelum
1083 3281 1109 3304 et
1133 3277 1169 3304 ad
1187 3277 1267 3311 infer·-

306 3330 390 3355 num;
409 3324 438 3349 Β,
457 3323 553 3349 Albert.
571 3323 601 3349 in
619 3323 725 3350 caelum
744 3326 769 3348 et
787 3326 840 3349 tam
865 3321 901 3348 ad
919 3322 1057 3356 infernum
1081 3329 1162 3355 quam
1182 3321 1211 3348 in
1229 3321 1267 3348 in-

307 3367 431 3402 fernum,
450 3367 469 3394 C
481 3368 502 3393 D
520 3374 604 3402 usque
623 3367 772 3401 infernum.
790 3381 825 3386 —
844 3367 902 3393 Duo
927 3373 1002 3400 seqq.
1020 3367 1068 3393 loci
1087 3369 1147 3393 sunt
1167 3365 1267 3392 Abdiae

900 202 1093 236 COMMENT.
1119 202 1156 235 IN
1180 200 1420 235 EVANGELlUM
1443 200 1561 233 LUCAE
1586 200 1617 232 C.
1643 200 1678 232 X.

1316 289 1402 329 cula,
1426 298 1508 332 quae
1538 289 1619 322 facta
1642 292 1717 322 sunt
1748 288 1780 321 in
1804 297 1857 327 ea,
1889 288 1928 321 de
1956 287 2073 330 quibus
2105 287 2281 330 superbivit

1317 343 1471 386 amplius,
1495 352 1592 385 quam
1623 342 1772 385 profecit;
1804 341 1888 375 unde
1911 351 2009 384 supra
2040 341 2180 384 quarto⁶
2203 340 2280 374 dici-

1317 400 1393 429 tur:
1427 409 1443 425 α
1467 396 1590 437 Quanta
1622 394 1804 428 audivimus
1837 403 1856 427 a
1890 398 1921 427 te
1956 394 2037 427 facta
2071 394 2103 426 in
2141 394 2280 436 Caphar-

1317 458 1413 482 naum
1431 463 1447 479 2>
1475 452 1534 482 etc.
1568 448 1672 481 Primo
1703 457 1779 490 ergo
1809 448 1947 480 exaltata
1978 451 2026 480 est
2056 449 2186 489 propter
2210 455 2280 479 mu-

1317 512 1395 536 nera
1413 502 1537 535 divinae
1557 501 1691 544 gratiae,
1712 501 1766 534 sed
1786 504 1857 543 post
1876 501 2022 534 demersa
2041 501 2154 533 merito
2174 509 2282 543 super-

1317 555 1396 588 biae.
1416 555 1451 587 Et
1473 555 1534 588 hoc
1550 554 1746 597 praedictum
1770 554 1874 587 suerat
1890 554 1985 587 Isaiae
2009 554 2127 586 nonoss:
2149 552 2165 581 ⁴<t
2179 553 2282 586 Primo

1319 611 1460 650 tempore
1483 607 1626 641 alleviata
1649 610 1697 640 est
1729 611 1815 640 terra
1846 607 1986 640 Zabulon
2010 611 2041 640 et
2069 610 2156 639 terra
2179 606 2282 648 Neph-

1318 661 1429 693 thalim
1445 674 1476 700 n,
1500 661 1618 694 scilicet
1641 669 1698 702 per
1714 660 1932 702 praecedentia
1955 660 2122 699 miracula,
2151 673 2167 688 α
2183 663 2214 693 et
2230 669 2283 692 no-

1319 714 1446 747 vissimo
1469 717 1638 756 aggravata
1661 716 1709 746 est
1740 713 1790 746 via
1814 713 1911 746 maris
1935 726 1970 752 »,
1994 713 2025 745 id
2053 716 2100 746 est
2134 713 2283 755 depressa

1319 767 1351 799 in
1374 766 1489 799 iudicio
1513 770 1642 810 propter
1666 775 1724 799 sua
1746 768 1890 808 peccata,
1915 765 1997 798 sicut
2012 765 2144 808 exponit
2167 765 2282 798 ibidem

1319 820 1435 853 Glossa.
1462 820 1497 852 Et
1529 819 1598 852 ideo
1625 819 1731 852 divina
1761 819 1843 852 dona
1873 819 2072 861 suscipienda
2103 822 2178 851 sunt
2209 827 2282 851 curn
2302 824 2432 848 Notandum.

1319 873 1432 906 timore
1455 877 1487 906 et
1508 882 1621 915 magna
1644 872 1840 911 reverentia,
1864 872 1946 905 sicut
1973 872 2048 905 dicit
2075 871 2246 914 Gregorius
2259 872 2282 911 ⁷,

1319 925 1405 968 quod
1433 938 1449 954 «
1465 935 1539 958 curn
1562 929 1721 968 augentur
1744 925 1843 964 dona,
1865 925 2002 958 rationes
2025 925 2118 958 etiam
2136 928 2284 958 crescunt

1319 978 1475 1012 donorum
1491 992 1523 1011 ».

1410 1033 1463 1064 26.
1489 1032 1590 1073 (Vers.
1619 1032 1693 1072 16).
1721 1032 1787 1073 Qui
1808 1042 1866 1064 vos
1889 1032 1986 1064 audit
2009 1035 2068 1065 etc.
2093 1031 2147 1065 Hic
2170 1035 2285 1074 quarto
2297 1037 2443 1091 &1333ssth

1321 1086 1389 1119 loco
1412 1085 1560 1119 subditur
1584 1085 1835 1118 authenticatio⁸
1859 1085 2122 1128 praedicatorum.
2143 1085 2286 1119 Ostendit
2313 1091 2432 1144 {2³33ss

2345 1144 2396 1166 duo.

1320 1142 1427 1172 autem
1466 1147 1519 1171 eos
1556 1138 1754 1171 authenticos
1790 1141 1858 1171 tum
1894 1142 2024 1180 propter
2062 1139 2282 1172 auctoritatem

1323 1191 1449 1225 Christi
1470 1191 1680 1230 mediatoris,
1705 1195 1773 1223 tum
1796 1191 1888 1224 etiam
1914 1194 2043 1234 propter
2067 1192 2285 1225 auctoritatem

1320 1245 1447 1278 summi
1469 1244 1693 1287 imperatoris.

1412 1299 1514 1331 Primo
1545 1298 1641 1340 igitur
1665 1298 1861 1331 authenticat
1891 1307 1945 1331 eos
1968 1307 2025 1340 per
2053 1299 2287 1331 auctoritatem
2305 1304 2429 1332 Derrim-

1324 1351 1449 1386 Christi
1470 1351 1680 1390 mediatori&
1713 1360 1786 1384 cum
1809 1351 1901 1384 dicit:
1932 1352 1998 1393 Qui
2028 1361 2085 1384 vos
2109 1352 2208 1385 audit
2236 1362 2288 1385 me

1321 1406 1427 1439 audit.
1460 1406 1535 1438 Nam
1566 1405 1624 1448 ipsi
1653 1405 1804 1448 gerebant
1834 1405 1951 1438 Christi
1982 1414 2171 1447 personam;
2203 1405 2287 1438 unde

1322 1460 1486 1502 Apostolus
1510 1459 1666 1492 secundae
1696 1458 1736 1492 ad
1759 1459 1938 1492 Corinthios
1961 1459 2139 1492 secundo⁹:
2169 1472 2185 1488 α
2209 1459 2286 1492 Nam

1321 1518 1353 1547 et
1379 1522 1451 1556 ego,
1475 1512 1501 1546 si
1517 1512 1593 1555 quid
1621 1512 1752 1552 donavi,
1769 1516 1900 1554 propter
1920 1521 1976 1545 vos
1999 1512 2031 1545 in
2052 1521 2186 1555 persona
2201 1512 2289 1545 Chri-

1322 1562 1362 1600 sti
1382 1578 1418 1606 »;
1450 1569 1481 1599 et
1511 1565 1633 1598 decimo
1665 1565 1777 1598 tertio:
1814 1578 1830 1593 «
1857 1566 1902 1598 An
1934 1565 2189 1607 experimentum
2220 1565 2289 1598 eius

1322 1619 1489 1663 quaeritis,
1513 1619 1568 1661 qui
1593 1619 1624 1653 in
1640 1627 1691 1651 me
1715 1618 1856 1661 loquitur
1880 1618 2025 1651 Christus
2042 1621 2079 1651 u?
2099 1618 2135 1651 Et
2150 1618 2220 1651 ideo
2242 1618 2289 1651 di-

1323 1674 1406 1707 citur
1431 1674 1551 1715 primae
1574 1672 1613 1705 ad
1637 1672 1929 1705 Thessalonicenses
1952 1672 2108 1705 secundo:
2127 1685 2143 1701 «
2159 1672 2195 1704 Et
2218 1681 2289 1711 vos,

1323 1736 1395 1760 curn
1420 1726 1618 1769 accepissetis
1641 1735 1659 1758 a
1683 1726 1773 1759 nobis
1797 1726 1931 1759 verbum
1956 1725 2084 1758 auditus
2106 1725 2178 1764 Dei,
2201 1734 2290 1758 acce-

1324 1781 1413 1823 pistis
1436 1780 1514 1813 illud
1538 1789 1601 1812 non
1624 1782 1662 1812 ut
1685 1779 1819 1812 verbum
1840 1779 2020 1818 hominum,
2045 1779 2114 1818 sed,
2142 1779 2224 1812 sicut
2243 1782 2291 1812 est

1324 1843 1413 1873 vere,
1445 1833 1578 1866 verbum
1610 1833 1666 1865 Dei
1692 1845 1722 1865 υ,
1748 1833 1781 1865 ln
1812 1832 1923 1865 auditu
1954 1841 2030 1874 ergo
2061 1832 2290 1874 discipulorum

1324 1887 1441 1920 Christi
1464 1887 1610 1919 Christus
1640 1886 1781 1925 auditur,
1813 1890 1844 1919 et
1868 1886 2012 1919 similiter
2042 1886 2075 1918 in
2106 1888 2289 1928 contemptu

1325 1940 1549 1973 contemnitur.
1574 1958 1620 1963 —
1643 1939 1679 1972 Et
1710 1942 1878 1981 propterea
1910 1939 2034 1972 subdit:
2069 1940 2107 1971 Et
2141 1938 2201 1983 qui
2233 1948 2292 1972 vos

1324 1993 1453 2035 spernit
1473 2002 1524 2025 me
1547 1992 1675 2034 spernit
1682 2004 1694 2030 ;
1715 1992 1798 2025 unde
1823 1992 1992 2025 Ezechielis
2016 1992 2110 2025 tertio
2124 1993 2168 2025 ²⁰:
2197 2005 2214 2021 <z
2230 1992 2291 2025 Do-

1325 2055 1397 2079 mus
1413 2045 1508 2079 lsrael
1528 2046 1640 2078 nolunt
1655 2045 1765 2078 audire
1786 2049 1830 2084 te,
1848 2045 1922 2088 quia
1938 2045 2050 2078 nolunt
2065 2045 2176 2079 audire
2195 2055 2247 2078 me
2259 2059 2290 2078 υ.

1327 2099 1363 2131 Et
1386 2099 1445 2131 hoc
1473 2098 1577 2131 innuit
1600 2098 1745 2131 Matthaei
1769 2098 1920 2140 vigesimo
1944 2098 2073 2141 quinto,
2097 2107 2170 2131 cum
2194 2098 2290 2131 dicit:

1332 2165 1348 2181 α
1371 2151 1528 2194 Quamdiu
1556 2151 1613 2184 uni
1640 2160 1682 2184 ex
1711 2151 1849 2184 minimis
1872 2151 1951 2184 meis
1981 2159 2044 2184 non
2068 2151 2202 2191 fecistis,
2234 2160 2292 2184 nec

1326 2302 1402 2328 Vers.
1422 2302 1446 2327 4.
1466 2304 1492 2327 et
1510 2300 1555 2327 lob
1575 2301 1621 2332 20,
1642 2301 1667 2326 6.
1686 2307 1757 2333 seq.‚
1780 2299 1825 2326 ubi
1845 2307 1894 2332 pro
1916 2299 1944 2325 in
1964 2298 2070 2327 caelum
2089 2299 2138 2332 (ita
2161 2299 2239 2325 etiarn
2259 2300 2293 2325 Se

1327 2346 1471 2378 ptua-ginta
1491 2348 1517 2371 et
1534 2345 1621 2371 versio
1640 2352 1671 2371 ex
1690 2344 1780 2377 Hebr.)
1802 2344 1928 2376 Vulgata,
1948 2344 1968 2369 H
1988 2347 2014 2369 et
2032 2344 2090 2369 Vat.
2109 2342 2146 2370 ad
2164 2343 2279 2370 caelum.

1398 2389 1409 2404 ⁵
1430 2391 1503 2416 vers.
1529 2391 1574 2416 23.
1592 2404 1627 2408 —-
1644 2390 1771 2422 Superius
1793 2396 1842 2421 pro
1857 2390 1970 2422 propter
1995 2387 2121 2422 plurima
2145 2387 2227 2414 ACD
2249 2394 2292 2414 su-

1323 2442 1375 2469 per
1390 2433 1528 2469 plurima,
1548 2437 1574 2460 et
1597 2434 1705 2460 inferius
1723 2440 1772 2465 pro
1795 2434 1907 2467 propter
1931 2439 2049 2459 munera
2068 2431 2181 2458 ACDG
2205 2439 2294 2466 super

1327 2486 1453 2506 munera.

1399 2522 1411 2537 ⁰
1431 2524 1506 2549 Vers.
1526 2524 1554 2556 4,
1574 2522 1620 2548 ubi
1639 2523 1729 2548 Glossa
1749 2521 1933 2549 interlinearis
1953 2521 1995 2554 (ex
2017 2520 2147 2554 llieron.):
2171 2530 2183 2544 ιι
2198 2520 2291 2547 Primo

1328 2569 1460 2601 tempore,
1480 2566 1630 2592 dominicae
1649 2565 1849 2597 incarnationiS,
1871 2564 1999 2591 alleviata
2017 2566 2070 2596 est,
2092 2571 2171 2589 onere
2190 2564 2292 2596 peccati

1328 2611 1456 2642 relevata,
1475 2612 1551 2637 terra
1569 2609 1692 2636 Zabulon
1704 2611 1730 2636 et
1748 2608 1895 2643 Nephthali
1907 2608 2010 2642 [Glossa
2029 2607 2186 2634 ordinaria:
2200 2608 2226 2634 ln
2239 2615 2293 2641 qua

1328 2655 1446 2681 Christus
1465 2655 1582 2687 primum
1602 2654 1766 2686 praedicavit
1783 2657 1809 2679 et
1828 2653 1952 2679 miracula
1972 2653 2045 2683 ἱερὴ,
2064 2652 2101 2678 ibi
2120 2652 2190 2678 enim
2210 2659 2294 2686 aquas

1329 2701 1357 2726 in
1374 2701 1467 2726 vinum
1486 2700 1616 2726 convertit
1633 2698 1697 2732 etc.]
1720 2700 1746 2725 et
1763 2698 1909 2725 novissimo
1927 2699 2082 2732 aggravata
2100 2699 2153 2730 est,
2173 2697 2294 2730 plurimis

1330 2746 1354 2771 in
1374 2752 1464 2771 errore
1483 2744 1663 2774 manentibus,
1684 2743 1800 2775 graviter
1811 2742 1904 2769 amicta
1919 2752 1944 2768 ι.
1961 2743 2052 2768 Glossa
2064 2741 2207 2769 ordinaria
2220 2742 2293 2774 apud

1329 2790 1460 2821 Lyranum
1480 2789 1507 2814 in
1526 2789 1587 2814 Luc.
1610 2788 1657 2819 40,
1678 2788 1726 2813 45;
1743 2787 1777 2813 Et
1789 2789 1818 2814 tu
1838 2786 2034 2821 capharnaum
2048 2790 2097 2812 etc.
2118 2787 2165 2812 Vel
2184 2786 2293 2812 exaltata

1329 2841 1357 2859 es
1376 2832 1491 2865 superbe
1510 2832 1655 2859 resistendo
1674 2839 1749 2858 mene
1769 2832 1972 2864 praedicationi;
1991 2832 2033 2857 vel
2051 2832 2160 2857 exaltata
2185 2838 2213 2857 es
2233 2838 2292 2857 ineo

1329 2877 1442 2910 hospitio
1462 2880 1487 2903 et
1506 2877 1572 2903 meis
1590 2877 1672 2909 signis
1696 2880 1722 2902 et
1741 2875 1896 2909 virtutibus,
1920 2879 1946 2902 et
1969 2876 2028 2902 ideo
2053 2876 2146 2901 maiori
2172 2875 2294 2908 plecteris

1328 2921 1473 2954 supplicio,
1492 2921 1555 2954 quia
1576 2921 1615 2947 his
1633 2921 1742 2947 credere
1761 2920 1874 2946 noluisti.

1400 2963 1410 2979 ⁷
1430 2965 1503 2991 Libr.
1524 2966 1541 2991 l.
1561 2965 1656 2991 Homil.
1675 2965 1702 2992 in
1720 2965 1822 2997 Evang.
1841 2965 1932 2990 homil.
1952 2964 1976 2990 9.
1995 2971 2021 2990 n.
2043 2965 2066 2989 4.

1401 3007 1412 3023 ‘³
1432 3010 1489 3035 Vat.
1508 3010 1563 3043 hic,
1582 3010 1650 3035 sicut
1668 3016 1748 3041 supra
1769 3010 1825 3042 (csr.
1846 3015 1908 3041 pag.
1928 3008 1995 3040 257,
2014 3012 2076 3034 nota
2095 3008 2147 3042 2.),
2165 3009 2294 3035 auctora-

1329 3053 1381 3086 tio,
1401 3054 1423 3079 G
1441 3053 1645 3081 anthentizatio.
1664 3053 1752 3079 Simile
1771 3053 1885 3079 occurrit
1903 3053 2027 3084 interius,
2047 3052 2093 3078 ubi
2112 3060 2161 3085 pro
2183 3052 2293 3079 authen-

1330 3097 1393 3125 ticat
1413 3099 1470 3124 vat.
1490 3099 1629 3130 auctorat,
1652 3098 1673 3124 G
1693 3098 1735 3123 vel
1753 3096 1909 3124 auctorizat
1926 3097 1967 3122 vel
1985 3096 2161 3123 authentizat.

1401 3141 1412 3156 ⁹
1432 3143 1506 3169 vers.
1529 3143 1575 3175 40,
1600 3145 1759 3175 postquem
1787 3142 1835 3174 43,
1860 3142 1886 3167 3.
1911 3142 1973 3167 etl.
2000 3141 2093 3167 Thess.
2118 3142 2149 3173 2,
2175 3141 2223 3172 43,
2247 3140 2293 3167 ubi

1330 3187 1408 3213 codd.
1428 3190 1488 3219 post
1506 3186 1616 3214 auditus
1635 3186 1759 3212 omittunt
1776 3185 1839 3217 Dei,
1859 3188 1885 3211 et
1903 3184 1953 3211 AC
1964 3185 2016 3210 ΒΗ
2035 3185 2061 3211 in
2074 3185 2126 3211 flne
2144 3186 2235 3218 legunt
2246 3184 2294 3212 sed

1329 3233 1361 3258 ut
1379 3230 1491 3258 verbum
1510 3230 1572 3263 Dei,
1592 3231 1690 3256 omisso
1709 3229 1780 3257 sicut
1797 3231 1837 3256 est
1854 3236 1924 3256 vere.
2085 3259 2092 3268 ἱ

1403 3273 1425 3289 ²⁰
1445 3275 1520 3302 Vers.
1538 3275 1566 3301 7.
1584 3288 1621 3294 —-
1638 3275 1696 3300 Duo
1721 3281 1795 3307 seqq.
1819 3273 1868 3299 loci
1894 3276 1954 3299 sunt
1978 3273 2065 3299 Matth.
2090 3273 2133 3305 25,
2160 3272 2203 3298 45.
2226 3276 2252 3298 et
2271 3273 2290 3299 l.

1332 3320 1426 3346 Thess.
1445 3321 1475 3353 5,
1489 3320 1532 3346 49.
1546 3326 1602 3353 seq.
1615 3319 1771 3345 —1nserius
1784 3325 1833 3351 pro
1851 3324 1931 3345 veras
1946 3316 2162 3351 praedicationes
2178 3317 2235 3343 Vat.
2253 3323 2294 3344 ve-

1331 3371 1378 3392 ros
1394 3364 1607 3399 praedicatores.
