<?xml version="1.0" encoding="UTF-8"?>
<!DOCTYPE html PUBLIC "-//W3C//DTD XHTML 1.0 Transitional//EN"
    "http://www.w3.org/TR/xhtml1/DTD/xhtml1-transitional.dtd">
<html xmlns="http://www.w3.org/1999/xhtml" xml:lang="en" lang="en">
 <head>
  <title>
</title>
<meta http-equiv="Content-Type" content="text/html;charset=utf-8" />
  <meta name='ocr-system' content='tesseract 3.04.00' />
  <meta name='ocr-capabilities' content='ocr_page ocr_carea ocr_par ocr_line ocrx_word'/>
</head>
<body>
  <div class='ocr_page' id='page_1' title='image "./doctorisseraphic07bona_0246.png"; bbox 0 0 2476 3921; ppageno 0'>
   <div class='ocr_carea' id='block_1_1' title="bbox 137 1161 283 1209">
    <p class='ocr_par' dir='ltr' id='par_1_1' title="bbox 137 1161 283 1209">
     <span class='ocr_line' id='line_1_1' title="bbox 137 1161 283 1183; baseline -0.014 0"><span class='ocrx_word' id='word_1_1' title='bbox 137 1161 233 1183; x_wconf 80' lang='lat' dir='ltr'>Secunda</span> <span class='ocrx_word' id='word_1_2' title='bbox 249 1166 283 1182; x_wconf 78' lang='lat' dir='ltr'>ex-</span> 
     </span>
     <span class='ocr_line' id='line_1_2' title="bbox 171 1188 250 1209; baseline -0.013 0"><span class='ocrx_word' id='word_1_3' title='bbox 171 1188 250 1209; x_wconf 78' lang='lat' dir='ltr'>citatio.</span> 
     </span>
    </p>
   </div>
   <div class='ocr_carea' id='block_1_2' title="bbox 166 1851 282 1899">
    <p class='ocr_par' dir='ltr' id='par_1_2' title="bbox 166 1851 282 1899">
     <span class='ocr_line' id='line_1_3' title="bbox 166 1851 282 1872; baseline -0.009 0"><span class='ocrx_word' id='word_1_4' title='bbox 166 1851 282 1872; x_wconf 76' lang='lat' dir='ltr'>Haesitatio</span> 
     </span>
     <span class='ocr_line' id='line_1_4' title="bbox 176 1878 273 1899; baseline 0 -1"><span class='ocrx_word' id='word_1_5' title='bbox 176 1878 273 1899; x_wconf 78' lang='lat' dir='ltr'>Herodis.</span> 
     </span>
    </p>
   </div>
   <div class='ocr_carea' id='block_1_3' title="bbox 307 221 371 253">
    <p class='ocr_par' dir='ltr' id='par_1_3' title="bbox 307 221 371 253">
     <span class='ocr_line' id='line_1_5' title="bbox 307 221 371 253; baseline -0.031 0"><span class='ocrx_word' id='word_1_6' title='bbox 307 221 371 253; x_wconf 66' lang='lat'>220</span> 
     </span>
    </p>
   </div>
   <div class='ocr_carea' id='block_1_4' title="bbox 301 301 1262 1777">
    <p class='ocr_par' dir='ltr' id='par_1_4' title="bbox 301 301 1262 1080">
     <span class='ocr_line' id='line_1_6' title="bbox 306 301 1262 341; baseline -0.006 -1"><span class='ocrx_word' id='word_1_7' title='bbox 306 308 448 341; x_wconf 90' lang='lat' dir='ltr'>volebant</span> <span class='ocrx_word' id='word_1_8' title='bbox 471 305 644 338; x_wconf 79' lang='lat' dir='ltr'>doctrinam</span> <span class='ocrx_word' id='word_1_9' title='bbox 669 303 795 341; x_wconf 87' lang='lat' dir='ltr'>audire;</span> <span class='ocrx_word' id='word_1_10' title='bbox 821 303 903 335; x_wconf 91' lang='lat' dir='ltr'>unde</span> <span class='ocrx_word' id='word_1_11' title='bbox 929 303 1060 335; x_wconf 82' lang='lat' dir='ltr'>Actuum</span> <span class='ocrx_word' id='word_1_12' title='bbox 1084 306 1193 335; x_wconf 89' lang='lat' dir='ltr'>octavo</span> <span class='ocrx_word' id='word_1_13' title='bbox 1216 301 1262 334; x_wconf 89' lang='lat' dir='ltr'>di-</span> 
     </span>
     <span class='ocr_line' id='line_1_7' title="bbox 305 354 1261 398; baseline -0.007 -5"><span class='ocrx_word' id='word_1_14' title='bbox 305 361 403 393; x_wconf 89' lang='lat' dir='ltr'>citur:</span> <span class='ocrx_word' id='word_1_15' title='bbox 435 372 449 387; x_wconf 65' lang='lat' dir='ltr'>a</span> <span class='ocrx_word' id='word_1_16' title='bbox 466 358 667 391; x_wconf 82' lang='lat' dir='ltr'>Intendebant</span> <span class='ocrx_word' id='word_1_17' title='bbox 692 357 802 389; x_wconf 81' lang='lat' dir='ltr'><strong>turbae</strong></span> <span class='ocrx_word' id='word_1_18' title='bbox 827 356 876 388; x_wconf 89' lang='grc'><strong>1115</strong></span> <span class='ocrx_word' id='word_1_19' title='bbox 900 364 980 398; x_wconf 88' lang='lat' dir='ltr'>quae</span> <span class='ocrx_word' id='word_1_20' title='bbox 1004 365 1022 388; x_wconf 88' lang='lat' dir='ltr'>a</span> <span class='ocrx_word' id='word_1_21' title='bbox 1046 355 1188 397; x_wconf 88' lang='lat' dir='ltr'>Philippo</span> <span class='ocrx_word' id='word_1_22' title='bbox 1215 354 1261 387; x_wconf 90' lang='lat' dir='ltr'>di-</span> 
     </span>
     <span class='ocr_line' id='line_1_8' title="bbox 305 408 1260 450; baseline -0.005 -5"><span class='ocrx_word' id='word_1_23' title='bbox 305 413 470 450; x_wconf 90' lang='lat' dir='ltr'>cebantur,</span> <span class='ocrx_word' id='word_1_24' title='bbox 502 411 692 443; x_wconf 87' lang='lat' dir='ltr'>unanimiter</span> <span class='ocrx_word' id='word_1_25' title='bbox 724 409 887 442; x_wconf 78' lang='lat' dir='ltr'>audientes</span> <span class='ocrx_word' id='word_1_26' title='bbox 918 412 949 441; x_wconf 92' lang='lat' dir='ltr'>et</span> <span class='ocrx_word' id='word_1_27' title='bbox 984 408 1124 441; x_wconf 90' lang='lat' dir='ltr'>videntes</span> <span class='ocrx_word' id='word_1_28' title='bbox 1155 408 1260 450; x_wconf 83' lang='lat' dir='ltr'>signa,</span> 
     </span>
     <span class='ocr_line' id='line_1_9' title="bbox 303 460 1261 507; baseline -0.005 -10"><span class='ocrx_word' id='word_1_29' title='bbox 303 474 383 507; x_wconf 88' lang='lat' dir='ltr'>quae</span> <span class='ocrx_word' id='word_1_30' title='bbox 414 464 544 496; x_wconf 80' lang='lat' dir='ltr'>faciebat</span> <span class='ocrx_word' id='word_1_31' title='bbox 568 476 598 494; x_wconf 88' lang='lat'>».</span> <span class='ocrx_word' id='word_1_32' title='bbox 634 463 668 494; x_wconf 88' lang='lat' dir='ltr'>Et</span> <span class='ocrx_word' id='word_1_33' title='bbox 699 462 768 494; x_wconf 91' lang='lat' dir='ltr'>ideo</span> <span class='ocrx_word' id='word_1_34' title='bbox 799 462 847 494; x_wconf 91' lang='lat' dir='ltr'>isti</span> <span class='ocrx_word' id='word_1_35' title='bbox 882 471 943 494; x_wconf 89' lang='lat' dir='ltr'>non</span> <span class='ocrx_word' id='word_1_36' title='bbox 976 461 1077 494; x_wconf 89' lang='lat' dir='ltr'>solum</span> <span class='ocrx_word' id='word_1_37' title='bbox 1102 460 1261 502; x_wconf 85' lang='lat' dir='ltr'>praedica-</span> 
     </span>
     <span class='ocr_line' id='line_1_10' title="bbox 304 513 1261 557; baseline -0.005 -7"><span class='ocrx_word' id='word_1_38' title='bbox 304 518 394 555; x_wconf 86' lang='lat' dir='ltr'>bant⁷</span> <span class='ocrx_word' id='word_1_39' title='bbox 420 517 472 549; x_wconf 92' lang='lat' dir='ltr'>sed</span> <span class='ocrx_word' id='word_1_40' title='bbox 504 516 597 549; x_wconf 88' lang='lat' dir='ltr'>etiam</span> <span class='ocrx_word' id='word_1_41' title='bbox 621 516 739 557; x_wconf 89' lang='lat' dir='ltr'>ubique</span> <span class='ocrx_word' id='word_1_42' title='bbox 768 515 938 552; x_wconf 78' lang='lat' dir='ltr'>curabant,</span> <span class='ocrx_word' id='word_1_43' title='bbox 968 518 1003 547; x_wconf 87' lang='lat' dir='ltr'>ut</span> <span class='ocrx_word' id='word_1_44' title='bbox 1026 523 1134 546; x_wconf 88' lang='lat' dir='ltr'>omnes</span> <span class='ocrx_word' id='word_1_45' title='bbox 1158 513 1261 546; x_wconf 91' lang='lat' dir='ltr'>studio</span> 
     </span>
     <span class='ocr_line' id='line_1_11' title="bbox 303 567 1259 611; baseline -0.004 -8"><span class='ocrx_word' id='word_1_46' title='bbox 303 579 413 603; x_wconf 87' lang='lat' dir='ltr'>eorum</span> <span class='ocrx_word' id='word_1_47' title='bbox 436 574 467 602; x_wconf 89' lang='lat' dir='ltr'>et</span> <span class='ocrx_word' id='word_1_48' title='bbox 484 570 579 602; x_wconf 90' lang='lat' dir='ltr'>verbo</span> <span class='ocrx_word' id='word_1_49' title='bbox 596 572 626 601; x_wconf 87' lang='lat' dir='ltr'>et</span> <span class='ocrx_word' id='word_1_50' title='bbox 650 569 738 611; x_wconf 80' lang='lat' dir='ltr'>signo</span> <span class='ocrx_word' id='word_1_51' title='bbox 758 569 975 600; x_wconf 76' lang='lat' dir='ltr'>excitarentur</span> <span class='ocrx_word' id='word_1_52' title='bbox 991 568 1029 600; x_wconf 91' lang='lat' dir='ltr'>ad</span> <span class='ocrx_word' id='word_1_53' title='bbox 1053 567 1259 605; x_wconf 87' lang='lat' dir='ltr'>audiendum;</span> 
     </span>
     <span class='ocr_line' id='line_1_12' title="bbox 304 620 1260 665; baseline -0.004 -10"><span class='ocrx_word' id='word_1_54' title='bbox 304 624 333 655; x_wconf 90' lang='lat' dir='ltr'>in</span> <span class='ocrx_word' id='word_1_55' title='bbox 369 632 431 665; x_wconf 91' lang='lat' dir='ltr'>quo</span> <span class='ocrx_word' id='word_1_56' title='bbox 467 632 526 654; x_wconf 91' lang='lat' dir='ltr'>non</span> <span class='ocrx_word' id='word_1_57' title='bbox 560 623 661 654; x_wconf 91' lang='lat' dir='ltr'>solum</span> <span class='ocrx_word' id='word_1_58' title='bbox 697 621 875 663; x_wconf 83' lang='lat' dir='ltr'>explicatur</span> <span class='ocrx_word' id='word_1_59' title='bbox 906 620 1087 653; x_wconf 87' lang='lat' dir='ltr'>auditorum</span> <span class='ocrx_word' id='word_1_60' title='bbox 1123 620 1260 658; x_wconf 84' lang='lat' dir='ltr'>utilitas,</span> 
     </span>
     <span class='ocr_line' id='line_1_13' title="bbox 303 673 1261 717; baseline -0.005 -8"><span class='ocrx_word' id='word_1_61' title='bbox 303 677 355 709; x_wconf 87' lang='lat' dir='ltr'>sed</span> <span class='ocrx_word' id='word_1_62' title='bbox 384 677 476 708; x_wconf 87' lang='lat' dir='ltr'>etiam</span> <span class='ocrx_word' id='word_1_63' title='bbox 501 675 751 717; x_wconf 88' lang='lat' dir='ltr'>praedicatorum</span> <span class='ocrx_word' id='word_1_64' title='bbox 778 674 918 706; x_wconf 82' lang='lat' dir='ltr'>fidelitas.</span> <span class='ocrx_word' id='word_1_65' title='bbox 943 674 1022 715; x_wconf 93' lang='lat' dir='ltr'>Quia</span> <span class='ocrx_word' id='word_1_66' title='bbox 1045 673 1127 706; x_wconf 91' lang='lat' dir='ltr'>enim</span> <span class='ocrx_word' id='word_1_67' title='bbox 1152 673 1261 705; x_wconf 80' lang='lat' dir='ltr'>circit-</span> 
     </span>
     <span class='ocr_line' id='line_1_14' title="bbox 303 727 1260 769; baseline -0.003 -8"><span class='ocrx_word' id='word_1_68' title='bbox 303 730 412 767; x_wconf 78' lang='lat' dir='ltr'>ibant,</span> <span class='ocrx_word' id='word_1_69' title='bbox 445 729 599 761; x_wconf 89' lang='lat' dir='ltr'>immunes</span> <span class='ocrx_word' id='word_1_70' title='bbox 623 731 713 760; x_wconf 90' lang='lat' dir='ltr'>erant</span> <span class='ocrx_word' id='word_1_71' title='bbox 736 727 775 760; x_wconf 89' lang='lat' dir='ltr'>ab</span> <span class='ocrx_word' id='word_1_72' title='bbox 804 727 975 765; x_wconf 86' lang='lat' dir='ltr'>otiositate;</span> <span class='ocrx_word' id='word_1_73' title='bbox 1011 727 1086 769; x_wconf 89' lang='lat' dir='ltr'>quia</span> <span class='ocrx_word' id='word_1_74' title='bbox 1114 736 1174 768; x_wconf 79' lang='lat' dir='ltr'>per</span> <span class='ocrx_word' id='word_1_75' title='bbox 1205 735 1260 758; x_wconf 87' lang='lat' dir='ltr'>ca—</span> 
     </span>
     <span class='ocr_line' id='line_1_15' title="bbox 302 779 1259 822; baseline -0.003 -8"><span class='ocrx_word' id='word_1_76' title='bbox 302 783 412 820; x_wconf 73' lang='lat' dir='ltr'>stella,</span> <span class='ocrx_word' id='word_1_77' title='bbox 445 782 601 813; x_wconf 86' lang='lat' dir='ltr'>immunes</span> <span class='ocrx_word' id='word_1_78' title='bbox 629 781 669 813; x_wconf 91' lang='lat' dir='ltr'>ab</span> <span class='ocrx_word' id='word_1_79' title='bbox 693 780 842 813; x_wconf 86' lang='lat' dir='ltr'>elatione:</span> <span class='ocrx_word' id='word_1_80' title='bbox 872 780 946 822; x_wconf 89' lang='lat' dir='ltr'>quia</span> <span class='ocrx_word' id='word_1_81' title='bbox 976 779 1259 822; x_wconf 73' lang='lat' dir='ltr'>cvanyetizanteS,</span> 
     </span>
     <span class='ocr_line' id='line_1_16' title="bbox 303 831 1261 875; baseline -0.004 -8"><span class='ocrx_word' id='word_1_82' title='bbox 303 836 457 867; x_wconf 88' lang='lat' dir='ltr'>immunes</span> <span class='ocrx_word' id='word_1_83' title='bbox 485 843 503 865; x_wconf 88' lang='lat' dir='ltr'>a</span> <span class='ocrx_word' id='word_1_84' title='bbox 538 833 731 875; x_wconf 86' lang='lat' dir='ltr'>nugacitate;</span> <span class='ocrx_word' id='word_1_85' title='bbox 768 833 842 874; x_wconf 88' lang='lat' dir='ltr'>quia</span> <span class='ocrx_word' id='word_1_86' title='bbox 877 837 1033 864; x_wconf 79' lang='lat' dir='ltr'>curantes</span> <span class='ocrx_word' id='word_1_87' title='bbox 1068 831 1207 875; x_wconf 82' lang='lat' dir='ltr'>ubique,</span> <span class='ocrx_word' id='word_1_88' title='bbox 1242 841 1261 864; x_wconf 93' lang='lat' dir='ltr'>a</span> 
     </span>
     <span class='ocr_line' id='line_1_17' title="bbox 303 885 1259 930; baseline -0.003 -10"><span class='ocrx_word' id='word_1_89' title='bbox 303 896 508 930; x_wconf 83' lang='lat' dir='ltr'>personarum</span> <span class='ocrx_word' id='word_1_90' title='bbox 533 887 720 928; x_wconf 81' lang='lat' dir='ltr'>acceptione.</span> <span class='ocrx_word' id='word_1_91' title='bbox 756 886 790 917; x_wconf 90' lang='lat' dir='ltr'>Et</span> <span class='ocrx_word' id='word_1_92' title='bbox 815 886 882 918; x_wconf 92' lang='lat' dir='ltr'>ideo</span> <span class='ocrx_word' id='word_1_93' title='bbox 915 886 1007 918; x_wconf 86' lang='lat' dir='ltr'>finem</span> <span class='ocrx_word' id='word_1_94' title='bbox 1041 885 1197 917; x_wconf 87' lang='lat' dir='ltr'>habebant</span> <span class='ocrx_word' id='word_1_95' title='bbox 1229 885 1259 917; x_wconf 91' lang='lat' dir='ltr'>in</span> 
     </span>
     <span class='ocr_line' id='line_1_18' title="bbox 303 938 1261 983; baseline -0.003 -10"><span class='ocrx_word' id='word_1_96' title='bbox 303 951 352 980; x_wconf 75' lang='lat' dir='ltr'>se,</span> <span class='ocrx_word' id='word_1_97' title='bbox 377 942 430 983; x_wconf 91' lang='lat' dir='ltr'>qui</span> <span class='ocrx_word' id='word_1_98' title='bbox 460 944 511 980; x_wconf 82' lang='lat' dir='ltr'>est</span> <span class='ocrx_word' id='word_1_99' title='bbox 538 940 730 972; x_wconf 87' lang='lat' dir='ltr'>sufficienter</span> <span class='ocrx_word' id='word_1_100' title='bbox 761 939 865 971; x_wconf 80' lang='lat' dir='ltr'>dicere</span> <span class='ocrx_word' id='word_1_101' title='bbox 896 939 934 970; x_wconf 88' lang='lat' dir='ltr'>ad</span> <span class='ocrx_word' id='word_1_102' title='bbox 964 938 1198 980; x_wconf 81' lang='lat' dir='ltr'>persuasionem</span> <span class='ocrx_word' id='word_1_103' title='bbox 1231 941 1261 970; x_wconf 87' lang='lat' dir='ltr'>et</span> 
     </span>
     <span class='ocr_line' id='line_1_19' title="bbox 301 991 1261 1033; baseline -0.004 -7"><span class='ocrx_word' id='word_1_104' title='bbox 301 994 459 1026; x_wconf 77' lang='lat' dir='ltr'>auditores</span> <span class='ocrx_word' id='word_1_105' title='bbox 487 993 626 1025; x_wconf 85' lang='lat' dir='ltr'>excitare</span> <span class='ocrx_word' id='word_1_106' title='bbox 645 994 664 1023; x_wconf 87' lang='lat'>¹.</span> <span class='ocrx_word' id='word_1_107' title='bbox 692 993 726 1024; x_wconf 85' lang='lat' dir='ltr'>Et</span> <span class='ocrx_word' id='word_1_108' title='bbox 751 992 801 1024; x_wconf 84' lang='lat' dir='ltr'>liic</span> <span class='ocrx_word' id='word_1_109' title='bbox 832 995 879 1024; x_wconf 91' lang='lat' dir='ltr'>est</span> <span class='ocrx_word' id='word_1_110' title='bbox 903 992 1026 1033; x_wconf 88' lang='lat' dir='ltr'>primus</span> <span class='ocrx_word' id='word_1_111' title='bbox 1050 991 1121 1023; x_wconf 85' lang='lat' dir='ltr'>finis</span> <span class='ocrx_word' id='word_1_112' title='bbox 1147 994 1179 1023; x_wconf 89' lang='lat' dir='ltr'>et</span> <span class='ocrx_word' id='word_1_113' title='bbox 1208 1000 1261 1033; x_wconf 84' lang='lat' dir='ltr'>ge-</span> 
     </span>
     <span class='ocr_line' id='line_1_20' title="bbox 301 1048 424 1080; baseline -0.008 -1"><span class='ocrx_word' id='word_1_114' title='bbox 301 1048 424 1080; x_wconf 88' lang='lat' dir='ltr'>neralis.</span> 
     </span>
    </p>

    <p class='ocr_par' dir='ltr' id='par_1_5' title="bbox 301 1097 1261 1777">
     <span class='ocr_line' id='line_1_21' title="bbox 393 1097 1261 1138; baseline -0.005 -6"><span class='ocrx_word' id='word_1_115' title='bbox 393 1102 442 1132; x_wconf 86' lang='lat'>11.</span> <span class='ocrx_word' id='word_1_116' title='bbox 468 1099 568 1138; x_wconf 82' lang='lat' dir='ltr'>(Vers.</span> <span class='ocrx_word' id='word_1_117' title='bbox 594 1100 648 1136; x_wconf 83' lang='grc'><strong>7.).</strong></span> <span class='ocrx_word' id='word_1_118' title='bbox 674 1098 836 1130; x_wconf 83' lang='lat' dir='ltr'>Secundus</span> <span class='ocrx_word' id='word_1_119' title='bbox 867 1098 938 1130; x_wconf 85' lang='lat' dir='ltr'>finis</span> <span class='ocrx_word' id='word_1_120' title='bbox 961 1098 1026 1130; x_wconf 88' lang='lat' dir='ltr'>sive</span> <span class='ocrx_word' id='word_1_121' title='bbox 1049 1097 1169 1129; x_wconf 87' lang='lat' dir='ltr'>utilitas</span> <span class='ocrx_word' id='word_1_122' title='bbox 1192 1105 1261 1138; x_wconf 88' lang='lat' dir='ltr'>spe-</span> 
     </span>
     <span class='ocr_line' id='line_1_22' title="bbox 301 1149 1261 1191; baseline -0.005 -5"><span class='ocrx_word' id='word_1_123' title='bbox 301 1154 387 1186; x_wconf 88' lang='lat' dir='ltr'>cialis</span> <span class='ocrx_word' id='word_1_124' title='bbox 422 1157 468 1185; x_wconf 89' lang='lat' dir='ltr'>est</span> <span class='ocrx_word' id='word_1_125' title='bbox 499 1152 651 1184; x_wconf 74' lang='lat' dir='ltr'>excitatio</span> <span class='ocrx_word' id='word_1_126' title='bbox 685 1152 893 1183; x_wconf 76' lang='lat' dir='ltr'>audientium</span> <span class='ocrx_word' id='word_1_127' title='bbox 925 1151 970 1182; x_wconf 86' lang='lat' dir='ltr'>ad</span> <span class='ocrx_word' id='word_1_128' title='bbox 1002 1149 1261 1191; x_wconf 77' lang='lat' dir='ltr'>conferendam;</span> 
     </span>
     <span class='ocr_line' id='line_1_23' title="bbox 302 1203 1261 1249; baseline -0.004 -11"><span class='ocrx_word' id='word_1_129' title='bbox 302 1210 455 1249; x_wconf 91' lang='lat' dir='ltr'>quantum</span> <span class='ocrx_word' id='word_1_130' title='bbox 484 1205 520 1237; x_wconf 89' lang='lat' dir='ltr'>ad</span> <span class='ocrx_word' id='word_1_131' title='bbox 554 1214 648 1246; x_wconf 87' lang='lat' dir='ltr'>quam</span> <span class='ocrx_word' id='word_1_132' title='bbox 673 1204 802 1236; x_wconf 88' lang='lat' dir='ltr'>dicitur:</span> <span class='ocrx_word' id='word_1_133' title='bbox 829 1204 967 1235; x_wconf 75' lang='lat' dir='ltr'>Audiuit</span> <span class='ocrx_word' id='word_1_134' title='bbox 983 1208 1093 1235; x_wconf 80' lang='lat' dir='ltr'>autem</span> <span class='ocrx_word' id='word_1_135' title='bbox 1118 1203 1261 1234; x_wconf 77' lang='lat' dir='ltr'>Herodes</span> 
     </span>
     <span class='ocr_line' id='line_1_24' title="bbox 303 1256 1260 1301; baseline -0.004 -9"><span class='ocrx_word' id='word_1_136' title='bbox 303 1258 472 1292; x_wconf 71' lang='lat' dir='ltr'>tetrarcha</span> <span class='ocrx_word' id='word_1_137' title='bbox 504 1258 635 1296; x_wconf 84' lang='lat' dir='ltr'>omnia,</span> <span class='ocrx_word' id='word_1_138' title='bbox 672 1267 755 1301; x_wconf 79' lang='lat' dir='ltr'>qnae</span> <span class='ocrx_word' id='word_1_139' title='bbox 785 1257 904 1297; x_wconf 77' lang='lat' dir='ltr'>fiebant</span> <span class='ocrx_word' id='word_1_140' title='bbox 937 1256 978 1289; x_wconf 91' lang='lat' dir='ltr'>ab</span> <span class='ocrx_word' id='word_1_141' title='bbox 1014 1266 1068 1294; x_wconf 85' lang='lat' dir='ltr'>eo,</span> <span class='ocrx_word' id='word_1_142' title='bbox 1101 1257 1143 1288; x_wconf 88' lang='lat' dir='ltr'>ita</span> <span class='ocrx_word' id='word_1_143' title='bbox 1177 1256 1260 1298; x_wconf 90' lang='lat' dir='ltr'>quod</span> 
     </span>
     <span class='ocr_line' id='line_1_25' title="bbox 302 1309 1260 1351; baseline -0.003 -7"><span class='ocrx_word' id='word_1_144' title='bbox 302 1312 382 1344; x_wconf 85' lang='lat' dir='ltr'>fama</span> <span class='ocrx_word' id='word_1_145' title='bbox 407 1312 540 1344; x_wconf 91' lang='lat' dir='ltr'>nominis</span> <span class='ocrx_word' id='word_1_146' title='bbox 563 1311 677 1343; x_wconf 76' lang='lat' dir='ltr'>Christi</span> <span class='ocrx_word' id='word_1_147' title='bbox 704 1320 764 1342; x_wconf 90' lang='lat' dir='ltr'>non</span> <span class='ocrx_word' id='word_1_148' title='bbox 789 1310 890 1342; x_wconf 88' lang='lat' dir='ltr'>solum</span> <span class='ocrx_word' id='word_1_149' title='bbox 916 1319 970 1351; x_wconf 87' lang='lat' dir='ltr'>per</span> <span class='ocrx_word' id='word_1_150' title='bbox 995 1310 1155 1351; x_wconf 74' lang='lat' dir='ltr'>Apostolos</span> <span class='ocrx_word' id='word_1_151' title='bbox 1178 1309 1260 1342; x_wconf 80' lang='lat' dir='ltr'>defe-</span> 
     </span>
     <span class='ocr_line' id='line_1_26' title="bbox 303 1362 1260 1406; baseline -0.004 -8"><span class='ocrx_word' id='word_1_152' title='bbox 303 1366 432 1398; x_wconf 83' lang='lat' dir='ltr'>rebatur</span> <span class='ocrx_word' id='word_1_153' title='bbox 455 1365 493 1397; x_wconf 90' lang='lat' dir='ltr'>ad</span> <span class='ocrx_word' id='word_1_154' title='bbox 530 1365 648 1406; x_wconf 88' lang='lat' dir='ltr'>plebes,</span> <span class='ocrx_word' id='word_1_155' title='bbox 681 1364 732 1396; x_wconf 92' lang='lat' dir='ltr'>sed</span> <span class='ocrx_word' id='word_1_156' title='bbox 770 1364 861 1396; x_wconf 88' lang='lat' dir='ltr'>etiam</span> <span class='ocrx_word' id='word_1_157' title='bbox 894 1363 931 1395; x_wconf 86' lang='lat' dir='ltr'>ad</span> <span class='ocrx_word' id='word_1_158' title='bbox 969 1372 1074 1405; x_wconf 50' lang='grc'><strong>16665,</strong></span> <span class='ocrx_word' id='word_1_159' title='bbox 1111 1363 1192 1395; x_wconf 83' lang='grc'><strong>51661</strong></span> <span class='ocrx_word' id='word_1_160' title='bbox 1223 1362 1260 1395; x_wconf 89' lang='lat' dir='ltr'>de</span> 
     </span>
     <span class='ocr_line' id='line_1_27' title="bbox 303 1416 1261 1451; baseline -0.003 0"><span class='ocrx_word' id='word_1_161' title='bbox 303 1420 396 1451; x_wconf 87' lang='lat' dir='ltr'>Paulo</span> <span class='ocrx_word' id='word_1_162' title='bbox 420 1418 534 1450; x_wconf 88' lang='lat' dir='ltr'>dicitur</span> <span class='ocrx_word' id='word_1_163' title='bbox 568 1420 697 1450; x_wconf 62' lang='lat' dir='ltr'>actuum</span> <span class='ocrx_word' id='word_1_164' title='bbox 732 1417 862 1449; x_wconf 82' lang='lat' dir='ltr'>nono2:</span> <span class='ocrx_word' id='word_1_165' title='bbox 894 1430 908 1444; x_wconf 72' lang='grc' dir='ltr'>(ι</span> <span class='ocrx_word' id='word_1_166' title='bbox 935 1417 993 1448; x_wconf 82' lang='lat' dir='ltr'>Vas</span> <span class='ocrx_word' id='word_1_167' title='bbox 1024 1416 1183 1448; x_wconf 85' lang='lat' dir='ltr'>electionis</span> <span class='ocrx_word' id='word_1_168' title='bbox 1214 1418 1261 1448; x_wconf 90' lang='lat' dir='ltr'>est</span> 
     </span>
     <span class='ocr_line' id='line_1_28' title="bbox 303 1469 1260 1512; baseline -0.004 -8"><span class='ocrx_word' id='word_1_169' title='bbox 303 1472 396 1509; x_wconf 84' lang='lat' dir='ltr'>mibi,</span> <span class='ocrx_word' id='word_1_170' title='bbox 424 1475 458 1504; x_wconf 92' lang='lat' dir='ltr'>ut</span> <span class='ocrx_word' id='word_1_171' title='bbox 475 1475 577 1512; x_wconf 86' lang='lat' dir='ltr'>portet</span> <span class='ocrx_word' id='word_1_172' title='bbox 602 1480 713 1503; x_wconf 91' lang='lat' dir='ltr'>nomen</span> <span class='ocrx_word' id='word_1_173' title='bbox 736 1479 840 1502; x_wconf 88' lang='lat' dir='ltr'>meum</span> <span class='ocrx_word' id='word_1_174' title='bbox 864 1479 968 1502; x_wconf 86' lang='lat' dir='ltr'>coram</span> <span class='ocrx_word' id='word_1_175' title='bbox 994 1469 1140 1511; x_wconf 81' lang='lat' dir='ltr'>gentibus</span> <span class='ocrx_word' id='word_1_176' title='bbox 1164 1473 1193 1501; x_wconf 89' lang='lat' dir='ltr'>et</span> <span class='ocrx_word' id='word_1_177' title='bbox 1211 1477 1260 1501; x_wconf 88' lang='lat' dir='ltr'>re-</span> 
     </span>
     <span class='ocr_line' id='line_1_29' title="bbox 303 1522 1260 1567; baseline -0.003 -10"><span class='ocrx_word' id='word_1_178' title='bbox 303 1526 393 1567; x_wconf 78' lang='lat' dir='ltr'>gibus</span> <span class='ocrx_word' id='word_1_179' title='bbox 417 1529 447 1557; x_wconf 89' lang='grc'>61</span> <span class='ocrx_word' id='word_1_180' title='bbox 472 1525 543 1557; x_wconf 79' lang='lat' dir='ltr'>filiis</span> <span class='ocrx_word' id='word_1_181' title='bbox 568 1525 659 1556; x_wconf 88' lang='lat' dir='ltr'>lsrael</span> <span class='ocrx_word' id='word_1_182' title='bbox 681 1538 709 1555; x_wconf 88' lang='lat'>».</span> <span class='ocrx_word' id='word_1_183' title='bbox 736 1523 820 1555; x_wconf 86' lang='lat' dir='ltr'>Unde</span> <span class='ocrx_word' id='word_1_184' title='bbox 844 1524 903 1555; x_wconf 90' lang='lat' dir='ltr'>iam</span> <span class='ocrx_word' id='word_1_185' title='bbox 935 1526 1077 1564; x_wconf 79' lang='lat' dir='ltr'>poterant</span> <span class='ocrx_word' id='word_1_186' title='bbox 1101 1522 1260 1554; x_wconf 84' lang='lat' dir='ltr'>auditores</span> 
     </span>
     <span class='ocr_line' id='line_1_30' title="bbox 303 1575 1258 1619; baseline -0.002 -10"><span class='ocrx_word' id='word_1_187' title='bbox 303 1579 405 1610; x_wconf 76' lang='lat' dir='ltr'>dicere</span> <span class='ocrx_word' id='word_1_188' title='bbox 434 1578 508 1610; x_wconf 91' lang='lat' dir='ltr'>illud</span> <span class='ocrx_word' id='word_1_189' title='bbox 541 1577 623 1619; x_wconf 90' lang='lat' dir='ltr'>quod</span> <span class='ocrx_word' id='word_1_190' title='bbox 656 1577 807 1608; x_wconf 83' lang='lat' dir='ltr'>dixerunt</span> <span class='ocrx_word' id='word_1_191' title='bbox 838 1576 1024 1608; x_wconf 84' lang='lat' dir='ltr'>Gabaonitae</span> <span class='ocrx_word' id='word_1_192' title='bbox 1050 1575 1136 1608; x_wconf 89' lang='lat' dir='ltr'>losue</span> <span class='ocrx_word' id='word_1_193' title='bbox 1160 1584 1258 1607; x_wconf 93' lang='lat' dir='ltr'>nono:</span> 
     </span>
     <span class='ocr_line' id='line_1_31' title="bbox 308 1629 1260 1671; baseline -0.004 -7"><span class='ocrx_word' id='word_1_194' title='bbox 308 1645 322 1659; x_wconf 86' lang='lat'>«</span> <span class='ocrx_word' id='word_1_195' title='bbox 346 1631 521 1663; x_wconf 77' lang='lat' dir='ltr'>xudivimus</span> <span class='ocrx_word' id='word_1_196' title='bbox 538 1631 648 1662; x_wconf 85' lang='lat' dir='ltr'>famam</span> <span class='ocrx_word' id='word_1_197' title='bbox 668 1630 822 1671; x_wconf 86' lang='lat' dir='ltr'>potentiae</span> <span class='ocrx_word' id='word_1_198' title='bbox 847 1629 898 1661; x_wconf 87' lang='lat' dir='ltr'>Dei</span> <span class='ocrx_word' id='word_1_199' title='bbox 919 1629 1028 1667; x_wconf 81' lang='lat' dir='ltr'>vestri,</span> <span class='ocrx_word' id='word_1_200' title='bbox 1050 1633 1162 1661; x_wconf 88' lang='lat' dir='ltr'>cuncta</span> <span class='ocrx_word' id='word_1_201' title='bbox 1179 1637 1260 1670; x_wconf 89' lang='lat' dir='ltr'>quae</span> 
     </span>
     <span class='ocr_line' id='line_1_32' title="bbox 303 1682 1259 1723; baseline -0.004 -6"><span class='ocrx_word' id='word_1_202' title='bbox 303 1685 374 1717; x_wconf 76' lang='lat' dir='ltr'>fecit</span> <span class='ocrx_word' id='word_1_203' title='bbox 400 1699 427 1715; x_wconf 87' lang='lat'>».</span> <span class='ocrx_word' id='word_1_204' title='bbox 455 1685 488 1716; x_wconf 83' lang='lat' dir='ltr'>Et</span> <span class='ocrx_word' id='word_1_205' title='bbox 512 1694 553 1717; x_wconf 81' lang='lat' dir='ltr'>ex</span> <span class='ocrx_word' id='word_1_206' title='bbox 579 1685 636 1715; x_wconf 92' lang='lat' dir='ltr'>hoc</span> <span class='ocrx_word' id='word_1_207' title='bbox 660 1683 769 1715; x_wconf 88' lang='lat' dir='ltr'>auditu</span> <span class='ocrx_word' id='word_1_208' title='bbox 793 1683 950 1715; x_wconf 82' lang='lat' dir='ltr'>excitatus</span> <span class='ocrx_word' id='word_1_209' title='bbox 973 1687 1019 1714; x_wconf 85' lang='lat' dir='ltr'>est</span> <span class='ocrx_word' id='word_1_210' title='bbox 1043 1682 1081 1714; x_wconf 89' lang='lat' dir='ltr'>ad</span> <span class='ocrx_word' id='word_1_211' title='bbox 1099 1682 1259 1723; x_wconf 89' lang='lat' dir='ltr'>inquiren-</span> 
     </span>
     <span class='ocr_line' id='line_1_33' title="bbox 303 1735 1258 1777; baseline -0.001 -10"><span class='ocrx_word' id='word_1_212' title='bbox 303 1738 376 1769; x_wconf 85' lang='lat' dir='ltr'>dum</span> <span class='ocrx_word' id='word_1_213' title='bbox 403 1741 433 1769; x_wconf 90' lang='lat' dir='ltr'>et</span> <span class='ocrx_word' id='word_1_214' title='bbox 456 1737 663 1769; x_wconf 82' lang='lat' dir='ltr'>dubitandum</span> <span class='ocrx_word' id='word_1_215' title='bbox 690 1739 816 1777; x_wconf 81' lang='lat' dir='ltr'>propter</span> <span class='ocrx_word' id='word_1_216' title='bbox 849 1736 1029 1767; x_wconf 86' lang='lat' dir='ltr'>varietatem</span> <span class='ocrx_word' id='word_1_217' title='bbox 1054 1735 1258 1776; x_wconf 85' lang='lat' dir='ltr'>opinantium.</span> 
     </span>
    </p>
   </div>
   <div class='ocr_carea' id='block_1_5' title="bbox 395 1783 1266 1830">
    <p class='ocr_par' dir='ltr' id='par_1_6' title="bbox 395 1783 1266 1830">
     <span class='ocr_line' id='line_1_34' title="bbox 395 1783 1266 1830; baseline -0.003 -8"><span class='ocrx_word' id='word_1_218' title='bbox 395 1792 443 1823; x_wconf 74' lang='lat'>102.</span> <span class='ocrx_word' id='word_1_219' title='bbox 460 1790 559 1830; x_wconf 73' lang='lat' dir='ltr'>(Vers.</span> <span class='ocrx_word' id='word_1_220' title='bbox 575 1792 603 1821; x_wconf 85' lang='lat'>7.</span> <span class='ocrx_word' id='word_1_221' title='bbox 618 1790 672 1829; x_wconf 82' lang='lat'>8.).</span> <span class='ocrx_word' id='word_1_222' title='bbox 688 1789 772 1821; x_wconf 88' lang='lat' dir='ltr'>Unde</span> <span class='ocrx_word' id='word_1_223' title='bbox 785 1788 948 1821; x_wconf 87' lang='lat' dir='ltr'>subditur:</span> <span class='ocrx_word' id='word_1_224' title='bbox 966 1789 1004 1820; x_wconf 89' lang='lat' dir='ltr'>Et</span> <span class='ocrx_word' id='word_1_225' title='bbox 1017 1787 1211 1826; x_wconf 73' lang='lat' dir='ltr'>haesitabat,</span> <span class='ocrx_word' id='word_1_226' title='bbox 1225 1783 1266 1819; x_wconf 60' lang='lat' dir='ltr'>eo&#39;</span> 
     </span>
    </p>
   </div>
   <div class='ocr_carea' id='block_1_6' title="bbox 303 1841 1262 2627">
    <p class='ocr_par' dir='ltr' id='par_1_7' title="bbox 303 1841 1262 2627">
     <span class='ocr_line' id='line_1_35' title="bbox 303 1841 1261 1887; baseline -0.004 -11"><span class='ocrx_word' id='word_1_227' title='bbox 303 1844 389 1887; x_wconf 71' lang='lat' dir='ltr'>qaod</span> <span class='ocrx_word' id='word_1_228' title='bbox 405 1844 569 1875; x_wconf 72' lang='lat' dir='ltr'>(liceretur</span> <span class='ocrx_word' id='word_1_229' title='bbox 587 1853 608 1874; x_wconf 93' lang='lat' dir='ltr'>a</span> <span class='ocrx_word' id='word_1_230' title='bbox 625 1842 840 1885; x_wconf 79' lang='lat' dir='ltr'>quibasdam,</span> <span class='ocrx_word' id='word_1_231' title='bbox 858 1842 939 1884; x_wconf 77' lang='lat' dir='ltr'>qaia</span> <span class='ocrx_word' id='word_1_232' title='bbox 958 1842 1096 1873; x_wconf 81' lang='lat' dir='ltr'>loannes</span> <span class='ocrx_word' id='word_1_233' title='bbox 1111 1841 1261 1873; x_wconf 70' lang='lat' dir='ltr'>surrexit</span> 
     </span>
     <span class='ocr_line' id='line_1_36' title="bbox 303 1893 1259 1937; baseline -0.003 -9"><span class='ocrx_word' id='word_1_234' title='bbox 303 1907 325 1929; x_wconf 93' lang='lat' dir='ltr'>a</span> <span class='ocrx_word' id='word_1_235' title='bbox 340 1897 491 1929; x_wconf 56' lang='lat' dir='ltr'>amortuis.</span> <span class='ocrx_word' id='word_1_236' title='bbox 512 1897 545 1927; x_wconf 72' lang='lat' dir='ltr'>lit</span> <span class='ocrx_word' id='word_1_237' title='bbox 560 1896 632 1927; x_wconf 89' lang='lat' dir='ltr'>huic</span> <span class='ocrx_word' id='word_1_238' title='bbox 646 1895 781 1937; x_wconf 88' lang='lat' dir='ltr'>opinioni</span> <span class='ocrx_word' id='word_1_239' title='bbox 798 1894 894 1936; x_wconf 80' lang='lat' dir='ltr'>magis</span> <span class='ocrx_word' id='word_1_240' title='bbox 907 1894 1095 1926; x_wconf 79' lang='lat' dir='ltr'>adhaerebat</span> <span class='ocrx_word' id='word_1_241' title='bbox 1108 1893 1259 1932; x_wconf 88' lang='lat' dir='ltr'>Herodes;</span> 
     </span>
     <span class='ocr_line' id='line_1_37' title="bbox 303 1946 1260 1990; baseline -0.005 -8"><span class='ocrx_word' id='word_1_242' title='bbox 303 1950 385 1983; x_wconf 90' lang='lat' dir='ltr'>unde</span> <span class='ocrx_word' id='word_1_243' title='bbox 411 1949 553 1981; x_wconf 79' lang='lat' dir='ltr'>Matthaei</span> <span class='ocrx_word' id='word_1_244' title='bbox 571 1949 689 1980; x_wconf 83' lang='lat' dir='ltr'>decimo</span> <span class='ocrx_word' id='word_1_245' title='bbox 706 1952 819 1990; x_wconf 88' lang='lat' dir='ltr'>quarto</span> <span class='ocrx_word' id='word_1_246' title='bbox 833 1948 859 1979; x_wconf 84' lang='lat'>³:</span> <span class='ocrx_word' id='word_1_247' title='bbox 883 1960 898 1975; x_wconf 89' lang='lat'>«</span> <span class='ocrx_word' id='word_1_248' title='bbox 915 1946 1038 1979; x_wconf 77' lang='lat' dir='ltr'>Audivit</span> <span class='ocrx_word' id='word_1_249' title='bbox 1062 1946 1196 1978; x_wconf 86' lang='lat' dir='ltr'>Herodes</span> <span class='ocrx_word' id='word_1_250' title='bbox 1217 1946 1260 1978; x_wconf 88' lang='lat' dir='ltr'>fa-</span> 
     </span>
     <span class='ocr_line' id='line_1_38' title="bbox 303 2000 1260 2043; baseline -0.004 -8"><span class='ocrx_word' id='word_1_251' title='bbox 303 2013 384 2035; x_wconf 85' lang='lat' dir='ltr'>mam</span> <span class='ocrx_word' id='word_1_252' title='bbox 416 2003 482 2035; x_wconf 88' lang='lat' dir='ltr'>lesu</span> <span class='ocrx_word' id='word_1_253' title='bbox 513 2006 544 2034; x_wconf 90' lang='lat' dir='ltr'>et</span> <span class='ocrx_word' id='word_1_254' title='bbox 570 2002 613 2033; x_wconf 89' lang='grc'>311</span> <span class='ocrx_word' id='word_1_255' title='bbox 645 2001 750 2043; x_wconf 89' lang='lat' dir='ltr'>pueris</span> <span class='ocrx_word' id='word_1_256' title='bbox 783 2001 864 2033; x_wconf 81' lang='lat' dir='ltr'>suis-z</span> <span class='ocrx_word' id='word_1_257' title='bbox 891 2001 943 2032; x_wconf 88' lang='lat' dir='ltr'>llic</span> <span class='ocrx_word' id='word_1_258' title='bbox 975 2004 1021 2032; x_wconf 90' lang='lat' dir='ltr'>est</span> <span class='ocrx_word' id='word_1_259' title='bbox 1048 2000 1173 2032; x_wconf 87' lang='lat' dir='ltr'>loannes</span> <span class='ocrx_word' id='word_1_260' title='bbox 1207 2000 1260 2031; x_wconf 85' lang='lat' dir='ltr'>Ba-</span> 
     </span>
     <span class='ocr_line' id='line_1_39' title="bbox 305 2053 1261 2097; baseline -0.003 -9"><span class='ocrx_word' id='word_1_261' title='bbox 305 2057 414 2097; x_wconf 87' lang='lat' dir='ltr'>ptista;</span> <span class='ocrx_word' id='word_1_262' title='bbox 438 2056 503 2097; x_wconf 89' lang='lat' dir='ltr'>ipse</span> <span class='ocrx_word' id='word_1_263' title='bbox 527 2055 669 2087; x_wconf 86' lang='lat' dir='ltr'>surrexit</span> <span class='ocrx_word' id='word_1_264' title='bbox 685 2064 702 2085; x_wconf 84' lang='lat' dir='ltr'>a</span> <span class='ocrx_word' id='word_1_265' title='bbox 726 2054 874 2091; x_wconf 86' lang='lat' dir='ltr'>mortuis,</span> <span class='ocrx_word' id='word_1_266' title='bbox 899 2058 929 2085; x_wconf 90' lang='lat' dir='ltr'>et</span> <span class='ocrx_word' id='word_1_267' title='bbox 946 2053 1014 2086; x_wconf 90' lang='lat' dir='ltr'>ideo</span> <span class='ocrx_word' id='word_1_268' title='bbox 1038 2054 1171 2085; x_wconf 86' lang='lat' dir='ltr'>virtutes</span> <span class='ocrx_word' id='word_1_269' title='bbox 1187 2062 1261 2094; x_wconf 88' lang='lat' dir='ltr'>ope-</span> 
     </span>
     <span class='ocr_line' id='line_1_40' title="bbox 304 2107 1262 2148; baseline -0.002 -8"><span class='ocrx_word' id='word_1_270' title='bbox 304 2113 416 2141; x_wconf 84' lang='lat' dir='ltr'>rantur</span> <span class='ocrx_word' id='word_1_271' title='bbox 440 2109 469 2140; x_wconf 91' lang='lat' dir='ltr'>in</span> <span class='ocrx_word' id='word_1_272' title='bbox 496 2109 546 2140; x_wconf 91' lang='lat' dir='ltr'>illo</span> <span class='ocrx_word' id='word_1_273' title='bbox 561 2123 588 2140; x_wconf 84' lang='lat'>».</span> <span class='ocrx_word' id='word_1_274' title='bbox 615 2109 675 2140; x_wconf 85' lang='lat' dir='ltr'>lloc</span> <span class='ocrx_word' id='word_1_275' title='bbox 699 2111 803 2139; x_wconf 83' lang='lat' dir='ltr'>autem</span> <span class='ocrx_word' id='word_1_276' title='bbox 829 2107 1016 2148; x_wconf 83' lang='lat' dir='ltr'>opinabatur</span> <span class='ocrx_word' id='word_1_277' title='bbox 1033 2110 1162 2148; x_wconf 89' lang='lat' dir='ltr'>propter</span> <span class='ocrx_word' id='word_1_278' title='bbox 1186 2107 1262 2139; x_wconf 85' lang='lat' dir='ltr'>emi-</span> 
     </span>
     <span class='ocr_line' id='line_1_41' title="bbox 304 2160 1260 2202; baseline -0.001 -9"><span class='ocrx_word' id='word_1_279' title='bbox 304 2162 449 2194; x_wconf 77' lang='lat' dir='ltr'>nentiam</span> <span class='ocrx_word' id='word_1_280' title='bbox 472 2162 660 2194; x_wconf 72' lang='lat' dir='ltr'>sanctitatis</span> <span class='ocrx_word' id='word_1_281' title='bbox 683 2161 784 2199; x_wconf 76' lang='lat' dir='ltr'>vitae,</span> <span class='ocrx_word' id='word_1_282' title='bbox 810 2161 898 2202; x_wconf 82' lang='lat' dir='ltr'>quia,</span> <span class='ocrx_word' id='word_1_283' title='bbox 923 2160 1004 2192; x_wconf 89' lang='lat' dir='ltr'>sicut</span> <span class='ocrx_word' id='word_1_284' title='bbox 1027 2160 1142 2192; x_wconf 87' lang='lat' dir='ltr'>dicitur</span> <span class='ocrx_word' id='word_1_285' title='bbox 1167 2160 1260 2192; x_wconf 85' lang='lat' dir='ltr'>Marci</span> 
     </span>
     <span class='ocr_line' id='line_1_42' title="bbox 305 2214 1262 2253; baseline -0.001 -6"><span class='ocrx_word' id='word_1_286' title='bbox 305 2218 395 2247; x_wconf 86' lang='lat' dir='ltr'>sexto</span> <span class='ocrx_word' id='word_1_287' title='bbox 407 2216 430 2253; x_wconf 74' lang='lat'>4,</span> <span class='ocrx_word' id='word_1_288' title='bbox 452 2228 466 2242; x_wconf 64' lang='lat' dir='ltr'>a</span> <span class='ocrx_word' id='word_1_289' title='bbox 484 2215 617 2247; x_wconf 86' lang='lat' dir='ltr'>Herodes</span> <span class='ocrx_word' id='word_1_290' title='bbox 635 2215 792 2247; x_wconf 81' lang='lat' dir='ltr'>metuebat</span> <span class='ocrx_word' id='word_1_291' title='bbox 811 2215 972 2252; x_wconf 87' lang='lat' dir='ltr'>loannem,</span> <span class='ocrx_word' id='word_1_292' title='bbox 997 2214 1098 2246; x_wconf 89' lang='lat' dir='ltr'>sciens</span> <span class='ocrx_word' id='word_1_293' title='bbox 1122 2223 1193 2246; x_wconf 89' lang='lat' dir='ltr'>eum</span> <span class='ocrx_word' id='word_1_294' title='bbox 1220 2214 1262 2246; x_wconf 93' lang='lat' dir='ltr'>vi-</span> 
     </span>
     <span class='ocr_line' id='line_1_43' title="bbox 305 2266 1260 2307; baseline 0 -9"><span class='ocrx_word' id='word_1_295' title='bbox 305 2277 375 2299; x_wconf 86' lang='lat' dir='ltr'>rum</span> <span class='ocrx_word' id='word_1_296' title='bbox 402 2268 517 2299; x_wconf 82' lang='lat' dir='ltr'>iustum</span> <span class='ocrx_word' id='word_1_297' title='bbox 543 2271 572 2299; x_wconf 87' lang='lat' dir='ltr'>et</span> <span class='ocrx_word' id='word_1_298' title='bbox 596 2271 736 2299; x_wconf 89' lang='lat' dir='ltr'>sanctum</span> <span class='ocrx_word' id='word_1_299' title='bbox 755 2281 784 2298; x_wconf 86' lang='lat'>».</span> <span class='ocrx_word' id='word_1_300' title='bbox 811 2267 886 2299; x_wconf 86' lang='lat' dir='ltr'>Huic</span> <span class='ocrx_word' id='word_1_301' title='bbox 911 2270 1012 2299; x_wconf 89' lang='lat' dir='ltr'>tamen</span> <span class='ocrx_word' id='word_1_302' title='bbox 1037 2266 1172 2307; x_wconf 89' lang='lat' dir='ltr'>opinioni</span> <span class='ocrx_word' id='word_1_303' title='bbox 1200 2276 1260 2298; x_wconf 90' lang='lat' dir='ltr'>non</span> 
     </span>
     <span class='ocr_line' id='line_1_44' title="bbox 305 2318 1260 2361; baseline -0.001 -9"><span class='ocrx_word' id='word_1_304' title='bbox 305 2320 436 2352; x_wconf 77' lang='lat' dir='ltr'>tirmiter</span> <span class='ocrx_word' id='word_1_305' title='bbox 465 2321 669 2358; x_wconf 52' lang='lat' dir='ltr'>adhaerebam</span> <span class='ocrx_word' id='word_1_306' title='bbox 703 2321 769 2352; x_wconf 90' lang='lat' dir='ltr'>ideo</span> <span class='ocrx_word' id='word_1_307' title='bbox 793 2320 922 2358; x_wconf 81' lang='lat' dir='ltr'>dicitur,</span> <span class='ocrx_word' id='word_1_308' title='bbox 947 2320 1029 2361; x_wconf 88' lang='lat' dir='ltr'>quod</span> <span class='ocrx_word' id='word_1_309' title='bbox 1055 2318 1260 2358; x_wconf 73' lang='lat' dir='ltr'>haesitabat,</span> 
     </span>
     <span class='ocr_line' id='line_1_45' title="bbox 305 2371 1260 2412; baseline -0.002 -7"><span class='ocrx_word' id='word_1_310' title='bbox 305 2374 333 2405; x_wconf 88' lang='lat' dir='ltr'>id</span> <span class='ocrx_word' id='word_1_311' title='bbox 369 2374 432 2411; x_wconf 72' lang='lat' dir='ltr'>est‘,</span> <span class='ocrx_word' id='word_1_312' title='bbox 469 2373 649 2410; x_wconf 69' lang='lat' dir='ltr'>vacillabat,</span> <span class='ocrx_word' id='word_1_313' title='bbox 686 2373 856 2404; x_wconf 79' lang='lat' dir='ltr'>secundum</span> <span class='ocrx_word' id='word_1_314' title='bbox 894 2372 969 2403; x_wconf 92' lang='lat' dir='ltr'>illud</span> <span class='ocrx_word' id='word_1_315' title='bbox 1004 2371 1100 2404; x_wconf 87' lang='lat' dir='ltr'>lacobi</span> <span class='ocrx_word' id='word_1_316' title='bbox 1138 2371 1260 2412; x_wconf 90' lang='lat' dir='ltr'>primo:</span> 
     </span>
     <span class='ocr_line' id='line_1_46' title="bbox 310 2424 1262 2467; baseline -0.003 -9"><span class='ocrx_word' id='word_1_317' title='bbox 310 2440 323 2453; x_wconf 88' lang='lat'>«</span> <span class='ocrx_word' id='word_1_318' title='bbox 342 2426 399 2467; x_wconf 88' lang='lat' dir='ltr'>Qui</span> <span class='ocrx_word' id='word_1_319' title='bbox 427 2426 556 2458; x_wconf 83' lang='lat' dir='ltr'>haesitat</span> <span class='ocrx_word' id='word_1_320' title='bbox 580 2425 688 2457; x_wconf 89' lang='lat' dir='ltr'>similis</span> <span class='ocrx_word' id='word_1_321' title='bbox 712 2428 758 2457; x_wconf 89' lang='lat' dir='ltr'>est</span> <span class='ocrx_word' id='word_1_322' title='bbox 783 2424 891 2456; x_wconf 78' lang='grc'><strong>11116161</strong></span> <span class='ocrx_word' id='word_1_323' title='bbox 919 2424 1031 2461; x_wconf 85' lang='lat' dir='ltr'>maris,</span> <span class='ocrx_word' id='word_1_324' title='bbox 1057 2424 1110 2465; x_wconf 88' lang='lat' dir='ltr'>qui</span> <span class='ocrx_word' id='word_1_325' title='bbox 1135 2433 1153 2455; x_wconf 88' lang='lat' dir='ltr'>a</span> <span class='ocrx_word' id='word_1_326' title='bbox 1171 2427 1262 2456; x_wconf 90' lang='lat' dir='ltr'>vento</span> 
     </span>
     <span class='ocr_line' id='line_1_47' title="bbox 306 2477 1262 2518; baseline -0.003 -7"><span class='ocrx_word' id='word_1_327' title='bbox 306 2483 449 2511; x_wconf 81' lang='lat' dir='ltr'>movetur</span> <span class='ocrx_word' id='word_1_328' title='bbox 474 2483 504 2510; x_wconf 84' lang='lat' dir='ltr'>et</span> <span class='ocrx_word' id='word_1_329' title='bbox 529 2478 750 2510; x_wconf 85' lang='lat' dir='ltr'>circumfertur</span> <span class='ocrx_word' id='word_1_330' title='bbox 776 2491 805 2509; x_wconf 84' lang='lat'>».</span> <span class='ocrx_word' id='word_1_331' title='bbox 831 2496 873 2500; x_wconf 84' lang='lat'>—-</span> <span class='ocrx_word' id='word_1_332' title='bbox 899 2477 933 2509; x_wconf 89' lang='lat' dir='ltr'>Et</span> <span class='ocrx_word' id='word_1_333' title='bbox 959 2477 1016 2509; x_wconf 88' lang='lat' dir='ltr'>hoc</span> <span class='ocrx_word' id='word_1_334' title='bbox 1040 2480 1108 2508; x_wconf 88' lang='lat' dir='ltr'>erat</span> <span class='ocrx_word' id='word_1_335' title='bbox 1132 2480 1262 2518; x_wconf 89' lang='lat' dir='ltr'>propter</span> 
     </span>
     <span class='ocr_line' id='line_1_48' title="bbox 304 2529 1261 2573; baseline -0.002 -10"><span class='ocrx_word' id='word_1_336' title='bbox 304 2533 379 2564; x_wconf 87' lang='lat' dir='ltr'>alias</span> <span class='ocrx_word' id='word_1_337' title='bbox 403 2532 580 2573; x_wconf 78' lang='lat' dir='ltr'>opiniones3</span> <span class='ocrx_word' id='word_1_338' title='bbox 613 2531 696 2563; x_wconf 88' lang='lat' dir='ltr'>unde</span> <span class='ocrx_word' id='word_1_339' title='bbox 721 2530 843 2562; x_wconf 86' lang='lat' dir='ltr'>subdit:</span> <span class='ocrx_word' id='word_1_340' title='bbox 875 2531 898 2561; x_wconf 88' lang='grc' dir='ltr'><em>Α</em></span> <span class='ocrx_word' id='word_1_341' title='bbox 935 2529 1133 2572; x_wconf 75' lang='lat' dir='ltr'>quibusdam</span> <span class='ocrx_word' id='word_1_342' title='bbox 1166 2539 1261 2568; x_wconf 78' lang='lat' dir='ltr'>vero,</span> 
     </span>
     <span class='ocr_line' id='line_1_49' title="bbox 305 2583 1262 2627; baseline -0.002 -10"><span class='ocrx_word' id='word_1_343' title='bbox 305 2585 385 2627; x_wconf 77' lang='lat' dir='ltr'>qaia</span> <span class='ocrx_word' id='word_1_344' title='bbox 423 2584 513 2616; x_wconf 72' lang='lat' dir='ltr'>Elias</span> <span class='ocrx_word' id='word_1_345' title='bbox 548 2584 725 2625; x_wconf 72' lang='lat' dir='ltr'>apparuit,</span> <span class='ocrx_word' id='word_1_346' title='bbox 759 2583 875 2615; x_wconf 81' lang='lat' dir='ltr'>scilicet</span> <span class='ocrx_word' id='word_1_347' title='bbox 910 2583 1081 2614; x_wconf 86' lang='lat' dir='ltr'>dicebatur.</span> <span class='ocrx_word' id='word_1_348' title='bbox 1117 2583 1151 2614; x_wconf 75' lang='lat' dir='ltr'>Et</span> <span class='ocrx_word' id='word_1_349' title='bbox 1186 2583 1262 2615; x_wconf 84' lang='lat' dir='ltr'>haec</span> 
     </span>
    </p>
   </div>
   <div class='ocr_carea' id='block_1_7' title="bbox 906 213 1695 246">
    <p class='ocr_par' dir='ltr' id='par_1_8' title="bbox 906 213 1695 246">
     <span class='ocr_line' id='line_1_50' title="bbox 906 213 1695 246; baseline -0.001 0"><span class='ocrx_word' id='word_1_350' title='bbox 906 214 1098 246; x_wconf 84' lang='lat' dir='ltr'>COMMENT.</span> <span class='ocrx_word' id='word_1_351' title='bbox 1126 214 1162 246; x_wconf 94' lang='lat' dir='ltr'>IN</span> <span class='ocrx_word' id='word_1_352' title='bbox 1186 213 1423 246; x_wconf 82' lang='lat' dir='ltr'>EVANGELIUM</span> <span class='ocrx_word' id='word_1_353' title='bbox 1448 213 1565 246; x_wconf 79' lang='lat' dir='ltr'>LUCAE</span> <span class='ocrx_word' id='word_1_354' title='bbox 1590 213 1621 245; x_wconf 93' lang='lat' dir='ltr'>C.</span> <span class='ocrx_word' id='word_1_355' title='bbox 1648 214 1695 246; x_wconf 89' lang='lat' dir='ltr'>IX.</span> 
     </span>
    </p>
   </div>
   <div class='ocr_carea' id='block_1_8' title="bbox 1324 301 2286 1033">
    <p class='ocr_par' dir='ltr' id='par_1_9' title="bbox 1324 301 2286 1033">
     <span class='ocr_line' id='line_1_51' title="bbox 1327 301 2284 344; baseline 0.001 -10"><span class='ocrx_word' id='word_1_356' title='bbox 1327 301 1403 334; x_wconf 92' lang='grc'><strong>11366</strong></span> <span class='ocrx_word' id='word_1_357' title='bbox 1427 301 1532 343; x_wconf 89' lang='lat' dir='ltr'>opinio</span> <span class='ocrx_word' id='word_1_358' title='bbox 1555 301 1734 334; x_wconf 90' lang='lat' dir='ltr'>credibilior</span> <span class='ocrx_word' id='word_1_359' title='bbox 1759 302 1932 341; x_wconf 89' lang='lat' dir='ltr'>videbatur,</span> <span class='ocrx_word' id='word_1_360' title='bbox 1953 302 2041 344; x_wconf 87' lang='lat' dir='ltr'>quia,</span> <span class='ocrx_word' id='word_1_361' title='bbox 2065 302 2147 335; x_wconf 91' lang='lat' dir='ltr'>sicut</span> <span class='ocrx_word' id='word_1_362' title='bbox 2169 303 2284 335; x_wconf 89' lang='lat' dir='ltr'>dicitur</span> 
     </span>
     <span class='ocr_line' id='line_1_52' title="bbox 1326 354 2285 397; baseline 0.002 -11"><span class='ocrx_word' id='word_1_363' title='bbox 1326 354 1448 387; x_wconf 87' lang='lat' dir='ltr'>Ioannis</span> <span class='ocrx_word' id='word_1_364' title='bbox 1471 354 1608 394; x_wconf 85' lang='lat' dir='ltr'>decimo,</span> <span class='ocrx_word' id='word_1_365' title='bbox 1640 367 1655 383; x_wconf 95' lang='lat'>«</span> <span class='ocrx_word' id='word_1_366' title='bbox 1672 355 1800 387; x_wconf 89' lang='lat' dir='ltr'>loannes</span> <span class='ocrx_word' id='word_1_367' title='bbox 1823 355 1950 397; x_wconf 89' lang='lat' dir='ltr'>quidem</span> <span class='ocrx_word' id='word_1_368' title='bbox 1976 355 2100 397; x_wconf 82' lang='lat' dir='ltr'>signum</span> <span class='ocrx_word' id='word_1_369' title='bbox 2125 355 2197 388; x_wconf 88' lang='lat' dir='ltr'>fecit</span> <span class='ocrx_word' id='word_1_370' title='bbox 2215 355 2285 388; x_wconf 89' lang='lat' dir='ltr'>nul-</span> 
     </span>
     <span class='ocr_line' id='line_1_53' title="bbox 1326 407 2285 450; baseline 0.002 -11"><span class='ocrx_word' id='word_1_371' title='bbox 1326 407 1391 439; x_wconf 90' lang='lat' dir='ltr'>lum</span> <span class='ocrx_word' id='word_1_372' title='bbox 1408 421 1438 439; x_wconf 91' lang='lat'>».</span> <span class='ocrx_word' id='word_1_373' title='bbox 1464 407 1550 440; x_wconf 86' lang='lat' dir='ltr'>Unde</span> <span class='ocrx_word' id='word_1_374' title='bbox 1573 407 1719 440; x_wconf 87' lang='lat' dir='ltr'>Christus</span> <span class='ocrx_word' id='word_1_375' title='bbox 1741 408 1857 441; x_wconf 88' lang='lat' dir='ltr'>faciens</span> <span class='ocrx_word' id='word_1_376' title='bbox 1889 408 2042 441; x_wconf 85' lang='lat' dir='ltr'>miracula</span> <span class='ocrx_word' id='word_1_377' title='bbox 2070 408 2169 450; x_wconf 84' lang='lat' dir='ltr'>magis</span> <span class='ocrx_word' id='word_1_378' title='bbox 2201 408 2285 441; x_wconf 86' lang='lat' dir='ltr'>vide-</span> 
     </span>
     <span class='ocr_line' id='line_1_54' title="bbox 1325 460 2284 495; baseline 0.002 -3"><span class='ocrx_word' id='word_1_379' title='bbox 1325 460 1419 493; x_wconf 89' lang='lat' dir='ltr'>batur</span> <span class='ocrx_word' id='word_1_380' title='bbox 1444 461 1533 493; x_wconf 89' lang='lat' dir='ltr'>Elias.</span> <span class='ocrx_word' id='word_1_381' title='bbox 1562 479 1606 484; x_wconf 83' lang='lat'>—</span> <span class='ocrx_word' id='word_1_382' title='bbox 1630 460 1688 493; x_wconf 88' lang='lat' dir='ltr'>Sed</span> <span class='ocrx_word' id='word_1_383' title='bbox 1713 464 1816 493; x_wconf 91' lang='lat' dir='ltr'>tamen</span> <span class='ocrx_word' id='word_1_384' title='bbox 1840 461 1915 493; x_wconf 90' lang='lat' dir='ltr'>huic</span> <span class='ocrx_word' id='word_1_385' title='bbox 1946 470 2008 493; x_wconf 91' lang='lat' dir='ltr'>non</span> <span class='ocrx_word' id='word_1_386' title='bbox 2039 470 2149 494; x_wconf 90' lang='lat' dir='ltr'>omnes</span> <span class='ocrx_word' id='word_1_387' title='bbox 2179 470 2284 495; x_wconf 88' lang='lat' dir='ltr'>assen-</span> 
     </span>
     <span class='ocr_line' id='line_1_55' title="bbox 1326 513 2285 558; baseline 0.001 -13"><span class='ocrx_word' id='word_1_388' title='bbox 1326 513 1460 552; x_wconf 88' lang='lat' dir='ltr'>tiebant;</span> <span class='ocrx_word' id='word_1_389' title='bbox 1486 516 1614 555; x_wconf 83' lang='lat' dir='ltr'>propter</span> <span class='ocrx_word' id='word_1_390' title='bbox 1638 513 1722 555; x_wconf 91' lang='lat' dir='ltr'>quod</span> <span class='ocrx_word' id='word_1_391' title='bbox 1746 513 1848 546; x_wconf 87' lang='lat' dir='ltr'>addit:</span> <span class='ocrx_word' id='word_1_392' title='bbox 1874 513 1924 546; x_wconf 87' lang='lat' dir='ltr'>Ab</span> <span class='ocrx_word' id='word_1_393' title='bbox 1949 514 2026 546; x_wconf 75' lang='lat' dir='ltr'>aliis</span> <span class='ocrx_word' id='word_1_394' title='bbox 2050 518 2179 553; x_wconf 83' lang='lat' dir='ltr'>autem,</span> <span class='ocrx_word' id='word_1_395' title='bbox 2204 515 2285 558; x_wconf 82' lang='lat' dir='ltr'>quia</span> 
     </span>
     <span class='ocr_line' id='line_1_56' title="bbox 1325 564 2285 610; baseline 0.001 -12"><span class='ocrx_word' id='word_1_396' title='bbox 1325 564 1493 608; x_wconf 75' lang='lat' dir='ltr'>Propheta</span> <span class='ocrx_word' id='word_1_397' title='bbox 1517 575 1607 598; x_wconf 78' lang='lat' dir='ltr'>unus</span> <span class='ocrx_word' id='word_1_398' title='bbox 1629 567 1669 599; x_wconf 87' lang='lat' dir='ltr'>de</span> <span class='ocrx_word' id='word_1_399' title='bbox 1688 567 1837 610; x_wconf 74' lang='lat' dir='ltr'>antiquis</span> <span class='ocrx_word' id='word_1_400' title='bbox 1859 567 2017 599; x_wconf 71' lang='lat' dir='ltr'>surremit.</span> <span class='ocrx_word' id='word_1_401' title='bbox 2044 567 2079 599; x_wconf 89' lang='lat' dir='ltr'>Et</span> <span class='ocrx_word' id='word_1_402' title='bbox 2096 567 2154 600; x_wconf 91' lang='grc'><strong>1106</strong></span> <span class='ocrx_word' id='word_1_403' title='bbox 2178 567 2285 609; x_wconf 88' lang='lat' dir='ltr'>opina-</span> 
     </span>
     <span class='ocr_line' id='line_1_57' title="bbox 1325 619 2285 662; baseline 0.002 -11"><span class='ocrx_word' id='word_1_404' title='bbox 1325 619 1440 652; x_wconf 89' lang='lat' dir='ltr'>bantur</span> <span class='ocrx_word' id='word_1_405' title='bbox 1466 624 1595 661; x_wconf 90' lang='lat' dir='ltr'>propter</span> <span class='ocrx_word' id='word_1_406' title='bbox 1626 619 1780 651; x_wconf 78' lang='lat' dir='ltr'>notitiam</span> <span class='ocrx_word' id='word_1_407' title='bbox 1804 620 1971 657; x_wconf 79' lang='lat' dir='ltr'>veritatis;</span> <span class='ocrx_word' id='word_1_408' title='bbox 1995 620 2086 662; x_wconf 88' lang='lat' dir='ltr'>quia,</span> <span class='ocrx_word' id='word_1_409' title='bbox 2111 620 2285 653; x_wconf 89' lang='lat' dir='ltr'>secundum</span> 
     </span>
     <span class='ocr_line' id='line_1_58' title="bbox 1325 671 2284 710; baseline 0 -6"><span class='ocrx_word' id='word_1_410' title='bbox 1325 671 1402 704; x_wconf 89' lang='lat' dir='ltr'>illud</span> <span class='ocrx_word' id='word_1_411' title='bbox 1433 673 1525 704; x_wconf 83' lang='lat' dir='ltr'>Amos</span> <span class='ocrx_word' id='word_1_412' title='bbox 1549 673 1641 704; x_wconf 90' lang='lat' dir='ltr'>tertio</span> <span class='ocrx_word' id='word_1_413' title='bbox 1657 672 1681 710; x_wconf 83' lang='lat'>⁶,</span> <span class='ocrx_word' id='word_1_414' title='bbox 1711 685 1726 700; x_wconf 75' lang='lat' dir='ltr'>(t</span> <span class='ocrx_word' id='word_1_415' title='bbox 1751 681 1812 704; x_wconf 91' lang='lat' dir='ltr'>non</span> <span class='ocrx_word' id='word_1_416' title='bbox 1843 672 1934 705; x_wconf 86' lang='lat' dir='ltr'>faciet</span> <span class='ocrx_word' id='word_1_417' title='bbox 1957 672 2109 705; x_wconf 89' lang='lat' dir='ltr'>Dominus</span> <span class='ocrx_word' id='word_1_418' title='bbox 2132 672 2284 710; x_wconf 87' lang='lat' dir='ltr'>verbum,</span> 
     </span>
     <span class='ocr_line' id='line_1_59' title="bbox 1324 724 2285 758; baseline 0.001 -2"><span class='ocrx_word' id='word_1_419' title='bbox 1324 724 1382 757; x_wconf 92' lang='lat' dir='ltr'>nisi</span> <span class='ocrx_word' id='word_1_420' title='bbox 1415 725 1603 758; x_wconf 84' lang='lat' dir='ltr'>revelaverit</span> <span class='ocrx_word' id='word_1_421' title='bbox 1625 728 1782 757; x_wconf 90' lang='lat' dir='ltr'>secretum</span> <span class='ocrx_word' id='word_1_422' title='bbox 1808 734 1902 758; x_wconf 88' lang='lat' dir='ltr'>suum</span> <span class='ocrx_word' id='word_1_423' title='bbox 1929 725 1968 757; x_wconf 88' lang='lat' dir='ltr'>ad</span> <span class='ocrx_word' id='word_1_424' title='bbox 1991 734 2099 758; x_wconf 89' lang='lat' dir='ltr'>servos</span> <span class='ocrx_word' id='word_1_425' title='bbox 2115 734 2189 758; x_wconf 89' lang='lat' dir='ltr'>suos</span> <span class='ocrx_word' id='word_1_426' title='bbox 2212 725 2285 757; x_wconf 89' lang='lat' dir='ltr'>Pro-</span> 
     </span>
     <span class='ocr_line' id='line_1_60' title="bbox 1325 778 2286 821; baseline 0.001 -11"><span class='ocrx_word' id='word_1_427' title='bbox 1325 778 1436 820; x_wconf 88' lang='lat' dir='ltr'>phetas</span> <span class='ocrx_word' id='word_1_428' title='bbox 1459 792 1490 810; x_wconf 88' lang='lat'>».</span> <span class='ocrx_word' id='word_1_429' title='bbox 1523 778 1559 811; x_wconf 88' lang='lat' dir='ltr'>Et</span> <span class='ocrx_word' id='word_1_430' title='bbox 1594 778 1638 811; x_wconf 86' lang='lat' dir='ltr'>sic</span> <span class='ocrx_word' id='word_1_431' title='bbox 1670 781 1775 820; x_wconf 88' lang='lat' dir='ltr'>patet,</span> <span class='ocrx_word' id='word_1_432' title='bbox 1810 778 1895 820; x_wconf 90' lang='lat' dir='ltr'>quod</span> <span class='ocrx_word' id='word_1_433' title='bbox 1930 778 2048 820; x_wconf 88' lang='lat' dir='ltr'>triplex</span> <span class='ocrx_word' id='word_1_434' title='bbox 2079 782 2148 811; x_wconf 88' lang='lat' dir='ltr'>erat</span> <span class='ocrx_word' id='word_1_435' title='bbox 2181 778 2286 821; x_wconf 91' lang='lat' dir='ltr'>opinio</span> 
     </span>
     <span class='ocr_line' id='line_1_61' title="bbox 1324 831 2285 874; baseline 0.001 -11"><span class='ocrx_word' id='word_1_436' title='bbox 1324 835 1454 873; x_wconf 88' lang='lat' dir='ltr'>propter</span> <span class='ocrx_word' id='word_1_437' title='bbox 1478 831 1633 873; x_wconf 85' lang='lat' dir='ltr'>triplicem</span> <span class='ocrx_word' id='word_1_438' title='bbox 1667 832 1903 870; x_wconf 84' lang='lat' dir='ltr'>excellentiam,</span> <span class='ocrx_word' id='word_1_439' title='bbox 1928 840 2023 874; x_wconf 88' lang='lat' dir='ltr'>quam</span> <span class='ocrx_word' id='word_1_440' title='bbox 2048 832 2217 864; x_wconf 87' lang='lat' dir='ltr'>audiebant</span> <span class='ocrx_word' id='word_1_441' title='bbox 2246 831 2285 864; x_wconf 88' lang='lat' dir='ltr'>de</span> 
     </span>
     <span class='ocr_line' id='line_1_62' title="bbox 1324 885 2285 927; baseline -0.001 -10"><span class='ocrx_word' id='word_1_442' title='bbox 1324 885 1465 923; x_wconf 84' lang='lat' dir='ltr'>Christo,</span> <span class='ocrx_word' id='word_1_443' title='bbox 1490 885 1608 917; x_wconf 86' lang='lat' dir='ltr'>scilicet</span> <span class='ocrx_word' id='word_1_444' title='bbox 1631 885 1821 924; x_wconf 87' lang='lat' dir='ltr'>sanctitatis,</span> <span class='ocrx_word' id='word_1_445' title='bbox 1843 885 2004 927; x_wconf 86' lang='lat' dir='ltr'>potestatis</span> <span class='ocrx_word' id='word_1_446' title='bbox 2027 888 2058 917; x_wconf 91' lang='lat' dir='ltr'>et</span> <span class='ocrx_word' id='word_1_447' title='bbox 2081 885 2208 917; x_wconf 86' lang='lat' dir='ltr'>notitiae</span> <span class='ocrx_word' id='word_1_448' title='bbox 2232 893 2285 917; x_wconf 86' lang='lat' dir='ltr'>ve-</span> 
     </span>
     <span class='ocr_line' id='line_1_63' title="bbox 1325 938 2284 980; baseline 0.001 -10"><span class='ocrx_word' id='word_1_449' title='bbox 1325 939 1435 971; x_wconf 90' lang='lat' dir='ltr'>ritatis.</span> <span class='ocrx_word' id='word_1_450' title='bbox 1462 938 1497 971; x_wconf 88' lang='lat' dir='ltr'>Et</span> <span class='ocrx_word' id='word_1_451' title='bbox 1520 938 1589 971; x_wconf 89' lang='lat' dir='ltr'>ideo</span> <span class='ocrx_word' id='word_1_452' title='bbox 1614 939 1745 971; x_wconf 87' lang='lat' dir='ltr'>invicem</span> <span class='ocrx_word' id='word_1_453' title='bbox 1770 938 1987 977; x_wconf 86' lang='lat' dir='ltr'>conferebant,</span> <span class='ocrx_word' id='word_1_454' title='bbox 2011 942 2042 971; x_wconf 90' lang='lat' dir='ltr'>et</span> <span class='ocrx_word' id='word_1_455' title='bbox 2065 938 2192 980; x_wconf 90' lang='lat' dir='ltr'>quidam</span> <span class='ocrx_word' id='word_1_456' title='bbox 2211 938 2284 976; x_wconf 83' lang='lat' dir='ltr'>hoc,</span> 
     </span>
     <span class='ocr_line' id='line_1_64' title="bbox 1325 991 1839 1033; baseline 0 -10"><span class='ocrx_word' id='word_1_457' title='bbox 1325 995 1356 1023; x_wconf 89' lang='lat' dir='ltr'>et</span> <span class='ocrx_word' id='word_1_458' title='bbox 1379 991 1505 1033; x_wconf 89' lang='lat' dir='ltr'>quidam</span> <span class='ocrx_word' id='word_1_459' title='bbox 1530 991 1614 1023; x_wconf 90' lang='lat' dir='ltr'>aliud</span> <span class='ocrx_word' id='word_1_460' title='bbox 1635 991 1839 1024; x_wconf 68' lang='lat' dir='ltr'>credebant7.</span> 
     </span>
    </p>
   </div>
   <div class='ocr_carea' id='block_1_9' title="bbox 1418 1043 2429 1099">
    <p class='ocr_par' dir='ltr' id='par_1_10' title="bbox 1418 1043 2429 1099">
     <span class='ocr_line' id='line_1_65' title="bbox 1418 1043 2429 1099; baseline -0.003 -24"><span class='ocrx_word' id='word_1_461' title='bbox 1418 1043 1467 1076; x_wconf 88' lang='grc'>13.</span> <span class='ocrx_word' id='word_1_462' title='bbox 1493 1044 1594 1084; x_wconf 61' lang='grc'><strong>(11615,</strong></span> <span class='ocrx_word' id='word_1_463' title='bbox 1620 1044 1674 1080; x_wconf 86' lang='grc'><strong>9.).</strong></span> <span class='ocrx_word' id='word_1_464' title='bbox 1700 1044 1825 1076; x_wconf 87' lang='grc' dir='ltr'><strong>Τ611165</strong></span> <span class='ocrx_word' id='word_1_465' title='bbox 1849 1047 1954 1076; x_wconf 92' lang='lat' dir='ltr'>autem</span> <span class='ocrx_word' id='word_1_466' title='bbox 1978 1044 2050 1076; x_wconf 84' lang='lat' dir='ltr'>finis</span> <span class='ocrx_word' id='word_1_467' title='bbox 2080 1043 2140 1076; x_wconf 78' lang='lat' dir='ltr'>fuit</span> <span class='ocrx_word' id='word_1_468' title='bbox 2162 1043 2285 1075; x_wconf 77' lang='lat' dir='ltr'>exeita·</span> <span class='ocrx_word' id='word_1_469' title='bbox 2299 1050 2429 1099; x_wconf 54' lang='lat' dir='ltr'>&#39;reffioexei</span> 
     </span>
    </p>
   </div>
   <div class='ocr_carea' id='block_1_10' title="bbox 1324 1095 2285 2032">
    <p class='ocr_par' dir='ltr' id='par_1_11' title="bbox 1324 1095 2285 2032">
     <span class='ocr_line' id='line_1_66' title="bbox 1326 1095 2285 1139; baseline 0.001 -11"><span class='ocrx_word' id='word_1_470' title='bbox 1326 1097 1370 1129; x_wconf 89' lang='lat' dir='ltr'>tio</span> <span class='ocrx_word' id='word_1_471' title='bbox 1405 1095 1645 1138; x_wconf 77' lang='lat' dir='ltr'>conferentium</span> <span class='ocrx_word' id='word_1_472' title='bbox 1680 1097 1726 1128; x_wconf 81' lang='lat' dir='ltr'>ad</span> <span class='ocrx_word' id='word_1_473' title='bbox 1761 1097 2025 1135; x_wconf 72' lang='lat' dir='ltr'>admirandum;</span> <span class='ocrx_word' id='word_1_474' title='bbox 2061 1100 2214 1139; x_wconf 85' lang='lat' dir='ltr'>quantum</span> <span class='ocrx_word' id='word_1_475' title='bbox 2246 1095 2285 1129; x_wconf 84' lang='lat' dir='ltr'>ad</span> 
     </span>
     <span class='ocr_line' id='line_1_67' title="bbox 1325 1149 2285 1192; baseline 0 -10"><span class='ocrx_word' id='word_1_476' title='bbox 1325 1159 1419 1192; x_wconf 91' lang='lat' dir='ltr'>quam</span> <span class='ocrx_word' id='word_1_477' title='bbox 1444 1150 1607 1182; x_wconf 85' lang='lat' dir='ltr'>subditur:</span> <span class='ocrx_word' id='word_1_478' title='bbox 1636 1151 1673 1182; x_wconf 87' lang='lat' dir='ltr'>Et</span> <span class='ocrx_word' id='word_1_479' title='bbox 1696 1150 1746 1182; x_wconf 86' lang='lat' dir='ltr'>ait</span> <span class='ocrx_word' id='word_1_480' title='bbox 1778 1150 1939 1182; x_wconf 75' lang='lat' dir='ltr'>Herodes:</span> <span class='ocrx_word' id='word_1_481' title='bbox 1964 1151 2122 1182; x_wconf 85' lang='lat' dir='ltr'>Ioannem</span> <span class='ocrx_word' id='word_1_482' title='bbox 2151 1159 2208 1192; x_wconf 75' lang='lat' dir='ltr'>eyo</span> <span class='ocrx_word' id='word_1_483' title='bbox 2232 1149 2285 1182; x_wconf 77' lang='lat' dir='ltr'>cte-</span> 
     </span>
     <span class='ocr_line' id='line_1_68' title="bbox 1326 1203 2283 1245; baseline -0.001 -9"><span class='ocrx_word' id='word_1_484' title='bbox 1326 1204 1461 1242; x_wconf 80' lang='lat' dir='ltr'>coltavi,</span> <span class='ocrx_word' id='word_1_485' title='bbox 1487 1207 1633 1245; x_wconf 87' lang='lat' dir='ltr'>tanquam</span> <span class='ocrx_word' id='word_1_486' title='bbox 1664 1204 1820 1236; x_wconf 89' lang='lat' dir='ltr'>bominem</span> <span class='ocrx_word' id='word_1_487' title='bbox 1848 1204 2009 1236; x_wconf 87' lang='lat' dir='ltr'>mortalem</span> <span class='ocrx_word' id='word_1_488' title='bbox 2042 1206 2073 1236; x_wconf 90' lang='lat' dir='ltr'>et</span> <span class='ocrx_word' id='word_1_489' title='bbox 2096 1203 2283 1245; x_wconf 87' lang='lat' dir='ltr'>passibilem.</span> 
     </span>
     <span class='ocr_line' id='line_1_69' title="bbox 1325 1256 2284 1298; baseline -0.001 -9"><span class='ocrx_word' id='word_1_490' title='bbox 1325 1257 1412 1290; x_wconf 88' lang='lat' dir='ltr'>Hunc</span> <span class='ocrx_word' id='word_1_491' title='bbox 1435 1257 1643 1289; x_wconf 86' lang='lat' dir='ltr'>decollaverat</span> <span class='ocrx_word' id='word_1_492' title='bbox 1667 1256 1801 1289; x_wconf 88' lang='lat' dir='ltr'>Herodes</span> <span class='ocrx_word' id='word_1_493' title='bbox 1824 1260 1953 1298; x_wconf 89' lang='lat' dir='ltr'>propter</span> <span class='ocrx_word' id='word_1_494' title='bbox 1978 1256 2099 1289; x_wconf 87' lang='lat' dir='ltr'>Ioannis</span> <span class='ocrx_word' id='word_1_495' title='bbox 2123 1256 2284 1289; x_wconf 88' lang='lat' dir='ltr'>veritatem</span> 
     </span>
     <span class='ocr_line' id='line_1_70' title="bbox 1325 1308 2285 1351; baseline -0.001 -9"><span class='ocrx_word' id='word_1_496' title='bbox 1325 1313 1356 1342; x_wconf 90' lang='lat' dir='ltr'>et</span> <span class='ocrx_word' id='word_1_497' title='bbox 1391 1309 1518 1342; x_wconf 89' lang='lat' dir='ltr'>Herodis</span> <span class='ocrx_word' id='word_1_498' title='bbox 1554 1310 1800 1351; x_wconf 84' lang='lat' dir='ltr'>malignitatem,</span> <span class='ocrx_word' id='word_1_499' title='bbox 1837 1309 2010 1342; x_wconf 89' lang='lat' dir='ltr'>secundum</span> <span class='ocrx_word' id='word_1_500' title='bbox 2046 1309 2130 1351; x_wconf 84' lang='lat' dir='ltr'>quod</span> <span class='ocrx_word' id='word_1_501' title='bbox 2169 1308 2285 1341; x_wconf 91' lang='lat' dir='ltr'>dicitur</span> 
     </span>
     <span class='ocr_line' id='line_1_71' title="bbox 1325 1362 2283 1405; baseline -0.001 -10"><span class='ocrx_word' id='word_1_502' title='bbox 1325 1363 1468 1396; x_wconf 87' lang='lat' dir='ltr'>Matthaei</span> <span class='ocrx_word' id='word_1_503' title='bbox 1493 1363 1612 1395; x_wconf 89' lang='lat' dir='ltr'>decimo</span> <span class='ocrx_word' id='word_1_504' title='bbox 1637 1363 1794 1405; x_wconf 66' lang='lat' dir='ltr'>quartossx</span> <span class='ocrx_word' id='word_1_505' title='bbox 1825 1376 1840 1391; x_wconf 93' lang='lat'>«</span> <span class='ocrx_word' id='word_1_506' title='bbox 1858 1362 1985 1395; x_wconf 87' lang='lat' dir='ltr'>Dicebat</span> <span class='ocrx_word' id='word_1_507' title='bbox 2003 1362 2130 1395; x_wconf 85' lang='lat' dir='ltr'>loannes</span> <span class='ocrx_word' id='word_1_508' title='bbox 2154 1362 2283 1394; x_wconf 86' lang='lat' dir='ltr'>Herodi:</span> 
     </span>
     <span class='ocr_line' id='line_1_72' title="bbox 1325 1415 2285 1458; baseline 0 -10"><span class='ocrx_word' id='word_1_509' title='bbox 1325 1417 1388 1449; x_wconf 89' lang='lat' dir='ltr'>Non</span> <span class='ocrx_word' id='word_1_510' title='bbox 1415 1417 1485 1449; x_wconf 89' lang='lat' dir='ltr'>licet</span> <span class='ocrx_word' id='word_1_511' title='bbox 1509 1417 1563 1448; x_wconf 91' lang='lat' dir='ltr'>tibi</span> <span class='ocrx_word' id='word_1_512' title='bbox 1589 1416 1705 1449; x_wconf 87' lang='lat' dir='ltr'>babere</span> <span class='ocrx_word' id='word_1_513' title='bbox 1722 1425 1856 1449; x_wconf 90' lang='lat' dir='ltr'>uxorem</span> <span class='ocrx_word' id='word_1_514' title='bbox 1881 1416 1988 1448; x_wconf 82' lang='lat' dir='ltr'>fratris</span> <span class='ocrx_word' id='word_1_515' title='bbox 2012 1416 2056 1448; x_wconf 93' lang='lat' dir='ltr'>tui</span> <span class='ocrx_word' id='word_1_516' title='bbox 2075 1428 2110 1454; x_wconf 90' lang='lat'>»;</span> <span class='ocrx_word' id='word_1_517' title='bbox 2127 1419 2158 1449; x_wconf 90' lang='lat' dir='ltr'>et</span> <span class='ocrx_word' id='word_1_518' title='bbox 2181 1415 2285 1458; x_wconf 87' lang='lat' dir='ltr'>sequi-</span> 
     </span>
     <span class='ocr_line' id='line_1_73' title="bbox 1325 1469 2285 1511; baseline 0 -10"><span class='ocrx_word' id='word_1_519' title='bbox 1325 1472 1378 1502; x_wconf 91' lang='lat' dir='ltr'>tur</span> <span class='ocrx_word' id='word_1_520' title='bbox 1404 1473 1488 1511; x_wconf 89' lang='lat' dir='ltr'>post,</span> <span class='ocrx_word' id='word_1_521' title='bbox 1514 1469 1597 1511; x_wconf 88' lang='lat' dir='ltr'>quod</span> <span class='ocrx_word' id='word_1_522' title='bbox 1622 1479 1663 1502; x_wconf 82' lang='lat' dir='ltr'>ex</span> <span class='ocrx_word' id='word_1_523' title='bbox 1690 1470 1746 1502; x_wconf 88' lang='lat' dir='ltr'>bac</span> <span class='ocrx_word' id='word_1_524' title='bbox 1770 1478 1864 1502; x_wconf 87' lang='lat' dir='ltr'>causa</span> <span class='ocrx_word' id='word_1_525' title='bbox 1888 1478 1960 1502; x_wconf 89' lang='lat' dir='ltr'>eum</span> <span class='ocrx_word' id='word_1_526' title='bbox 1984 1469 2158 1502; x_wconf 88' lang='lat' dir='ltr'>decollavit.</span> <span class='ocrx_word' id='word_1_527' title='bbox 2185 1469 2219 1501; x_wconf 88' lang='lat' dir='ltr'>Et</span> <span class='ocrx_word' id='word_1_528' title='bbox 2243 1469 2285 1501; x_wconf 90' lang='lat' dir='ltr'>ita</span> 
     </span>
     <span class='ocr_line' id='line_1_74' title="bbox 1325 1522 2285 1565; baseline -0.003 -9"><span class='ocrx_word' id='word_1_529' title='bbox 1325 1532 1365 1556; x_wconf 80' lang='lat' dir='ltr'>ex</span> <span class='ocrx_word' id='word_1_530' title='bbox 1391 1523 1456 1565; x_wconf 87' lang='lat' dir='ltr'>ipsa</span> <span class='ocrx_word' id='word_1_531' title='bbox 1489 1526 1589 1555; x_wconf 87' lang='lat' dir='ltr'>morte</span> <span class='ocrx_word' id='word_1_532' title='bbox 1622 1523 1738 1555; x_wconf 87' lang='lat' dir='ltr'>iudicat</span> <span class='ocrx_word' id='word_1_533' title='bbox 1769 1522 1800 1555; x_wconf 91' lang='lat' dir='ltr'>in</span> <span class='ocrx_word' id='word_1_534' title='bbox 1830 1523 1959 1561; x_wconf 87' lang='lat' dir='ltr'>Ioanne,</span> <span class='ocrx_word' id='word_1_535' title='bbox 1991 1524 2285 1564; x_wconf 88' lang='lat' dir='ltr'>quantumcumque</span> 
     </span>
     <span class='ocr_line' id='line_1_75' title="bbox 1324 1575 2285 1618; baseline -0.002 -10"><span class='ocrx_word' id='word_1_536' title='bbox 1324 1585 1456 1618; x_wconf 85' lang='lat' dir='ltr'>magnus</span> <span class='ocrx_word' id='word_1_537' title='bbox 1482 1576 1731 1618; x_wconf 79' lang='lat' dir='ltr'>praedicaretur,</span> <span class='ocrx_word' id='word_1_538' title='bbox 1758 1576 1980 1608; x_wconf 84' lang='lat' dir='ltr'>infirmitatem.</span> <span class='ocrx_word' id='word_1_539' title='bbox 1997 1594 2040 1598; x_wconf 97' lang='lat'><strong>—</strong></span> <span class='ocrx_word' id='word_1_540' title='bbox 2059 1575 2093 1607; x_wconf 89' lang='lat' dir='ltr'>Et</span> <span class='ocrx_word' id='word_1_541' title='bbox 2118 1578 2285 1617; x_wconf 87' lang='lat' dir='ltr'>propterea</span> 
     </span>
     <span class='ocr_line' id='line_1_76' title="bbox 1324 1627 2283 1669; baseline -0.001 -9"><span class='ocrx_word' id='word_1_542' title='bbox 1324 1638 1363 1661; x_wconf 86' lang='lat' dir='ltr'>ex</span> <span class='ocrx_word' id='word_1_543' title='bbox 1391 1629 1448 1661; x_wconf 88' lang='lat' dir='ltr'>bac</span> <span class='ocrx_word' id='word_1_544' title='bbox 1473 1628 1706 1669; x_wconf 87' lang='lat' dir='ltr'>comparatione</span> <span class='ocrx_word' id='word_1_545' title='bbox 1729 1627 1945 1660; x_wconf 88' lang='lat' dir='ltr'>admirabatur</span> <span class='ocrx_word' id='word_1_546' title='bbox 1976 1627 2090 1660; x_wconf 88' lang='lat' dir='ltr'>Christi</span> <span class='ocrx_word' id='word_1_547' title='bbox 2116 1627 2283 1665; x_wconf 89' lang='lat' dir='ltr'>virtutem;</span> 
     </span>
     <span class='ocr_line' id='line_1_77' title="bbox 1325 1679 2284 1723; baseline -0.003 -9"><span class='ocrx_word' id='word_1_548' title='bbox 1325 1682 1408 1714; x_wconf 85' lang='lat' dir='ltr'>unde</span> <span class='ocrx_word' id='word_1_549' title='bbox 1432 1682 1554 1714; x_wconf 85' lang='lat' dir='ltr'>subdit:</span> <span class='ocrx_word' id='word_1_550' title='bbox 1593 1682 1675 1722; x_wconf 78' lang='lat' dir='ltr'>Qais</span> <span class='ocrx_word' id='word_1_551' title='bbox 1707 1686 1752 1713; x_wconf 71' lang='lat' dir='ltr'>est</span> <span class='ocrx_word' id='word_1_552' title='bbox 1785 1685 1895 1713; x_wconf 79' lang='lat' dir='ltr'>autem</span> <span class='ocrx_word' id='word_1_553' title='bbox 1911 1679 1991 1722; x_wconf 81' lang='lat' dir='ltr'>Jiie,</span> <span class='ocrx_word' id='word_1_554' title='bbox 2016 1680 2054 1712; x_wconf 82' lang='lat' dir='ltr'>de</span> <span class='ocrx_word' id='word_1_555' title='bbox 2085 1690 2149 1723; x_wconf 80' lang='lat' dir='ltr'>quo</span> <span class='ocrx_word' id='word_1_556' title='bbox 2181 1679 2284 1711; x_wconf 78' lang='lat' dir='ltr'>audio</span> 
     </span>
     <span class='ocr_line' id='line_1_78' title="bbox 1325 1733 2285 1776; baseline -0.003 -9"><span class='ocrx_word' id='word_1_557' title='bbox 1325 1735 1459 1768; x_wconf 70' lang='lat' dir='ltr'>tatia9?</span> <span class='ocrx_word' id='word_1_558' title='bbox 1484 1735 1512 1767; x_wconf 92' lang='lat' dir='ltr'>id</span> <span class='ocrx_word' id='word_1_559' title='bbox 1538 1738 1584 1767; x_wconf 90' lang='lat' dir='ltr'>est</span> <span class='ocrx_word' id='word_1_560' title='bbox 1614 1739 1676 1767; x_wconf 91' lang='lat' dir='ltr'>tam</span> <span class='ocrx_word' id='word_1_561' title='bbox 1708 1743 1819 1776; x_wconf 82' lang='lat' dir='ltr'>magna</span> <span class='ocrx_word' id='word_1_562' title='bbox 1847 1734 2019 1772; x_wconf 87' lang='lat' dir='ltr'>mirabilia;</span> <span class='ocrx_word' id='word_1_563' title='bbox 2045 1733 2127 1766; x_wconf 89' lang='lat' dir='ltr'>unde</span> <span class='ocrx_word' id='word_1_564' title='bbox 2164 1735 2285 1774; x_wconf 86' lang='lat' dir='ltr'>poterat</span> 
     </span>
     <span class='ocr_line' id='line_1_79' title="bbox 1324 1785 2283 1830; baseline -0.004 -9"><span class='ocrx_word' id='word_1_565' title='bbox 1324 1789 1443 1821; x_wconf 90' lang='lat' dir='ltr'>dicere:</span> <span class='ocrx_word' id='word_1_566' title='bbox 1475 1802 1489 1816; x_wconf 86' lang='lat'>«</span> <span class='ocrx_word' id='word_1_567' title='bbox 1507 1788 1583 1830; x_wconf 88' lang='lat' dir='ltr'>Quis</span> <span class='ocrx_word' id='word_1_568' title='bbox 1608 1789 1690 1820; x_wconf 87' lang='lat' dir='ltr'>Deus</span> <span class='ocrx_word' id='word_1_569' title='bbox 1715 1796 1846 1830; x_wconf 85' lang='lat' dir='ltr'>magnus</span> <span class='ocrx_word' id='word_1_570' title='bbox 1870 1788 1951 1820; x_wconf 88' lang='grc'><strong>51661</strong></span> <span class='ocrx_word' id='word_1_571' title='bbox 1975 1788 2058 1819; x_wconf 88' lang='lat' dir='ltr'>Deus</span> <span class='ocrx_word' id='word_1_572' title='bbox 2084 1788 2213 1819; x_wconf 86' lang='lat' dir='ltr'>noster?</span> <span class='ocrx_word' id='word_1_573' title='bbox 2237 1785 2283 1817; x_wconf 92' lang='lat' dir='ltr'>Tu</span> 
     </span>
     <span class='ocr_line' id='line_1_80' title="bbox 1324 1839 2284 1882; baseline -0.004 -8"><span class='ocrx_word' id='word_1_574' title='bbox 1324 1850 1357 1874; x_wconf 92' lang='lat' dir='ltr'>es</span> <span class='ocrx_word' id='word_1_575' title='bbox 1376 1842 1467 1880; x_wconf 82' lang='lat' dir='ltr'>Deus,</span> <span class='ocrx_word' id='word_1_576' title='bbox 1484 1841 1537 1882; x_wconf 91' lang='lat' dir='ltr'>qui</span> <span class='ocrx_word' id='word_1_577' title='bbox 1556 1841 1630 1873; x_wconf 85' lang='lat' dir='ltr'>sacis</span> <span class='ocrx_word' id='word_1_578' title='bbox 1648 1840 1802 1873; x_wconf 89' lang='lat' dir='ltr'>mirabilia</span> <span class='ocrx_word' id='word_1_579' title='bbox 1814 1854 1845 1878; x_wconf 84' lang='lat'>»‚</span> <span class='ocrx_word' id='word_1_580' title='bbox 1863 1840 1967 1882; x_wconf 84' lang='lat' dir='ltr'>qualia</span> <span class='ocrx_word' id='word_1_581' title='bbox 1983 1839 2101 1872; x_wconf 89' lang='lat' dir='ltr'>scilicet</span> <span class='ocrx_word' id='word_1_582' title='bbox 2116 1848 2177 1871; x_wconf 91' lang='lat' dir='ltr'>non</span> <span class='ocrx_word' id='word_1_583' title='bbox 2195 1840 2284 1871; x_wconf 85' lang='lat' dir='ltr'>erant</span> 
     </span>
     <span class='ocr_line' id='line_1_81' title="bbox 1324 1892 2283 1932; baseline -0.003 -6"><span class='ocrx_word' id='word_1_584' title='bbox 1324 1898 1397 1926; x_wconf 90' lang='lat' dir='ltr'>ante</span> <span class='ocrx_word' id='word_1_585' title='bbox 1421 1894 1544 1932; x_wconf 86' lang='lat' dir='ltr'>audita,</span> <span class='ocrx_word' id='word_1_586' title='bbox 1570 1894 1741 1926; x_wconf 84' lang='lat' dir='ltr'>secundum</span> <span class='ocrx_word' id='word_1_587' title='bbox 1767 1893 1842 1925; x_wconf 88' lang='lat' dir='ltr'>illud</span> <span class='ocrx_word' id='word_1_588' title='bbox 1870 1892 1991 1925; x_wconf 86' lang='lat' dir='ltr'>loannis</span> <span class='ocrx_word' id='word_1_589' title='bbox 2015 1902 2114 1925; x_wconf 87' lang='lat' dir='ltr'>nono:</span> <span class='ocrx_word' id='word_1_590' title='bbox 2143 1892 2193 1924; x_wconf 82' lang='lat' dir='ltr'>«A</span> <span class='ocrx_word' id='word_1_591' title='bbox 2218 1899 2283 1923; x_wconf 87' lang='lat' dir='ltr'>sae-</span> 
     </span>
     <span class='ocr_line' id='line_1_82' title="bbox 1326 1943 2282 1988; baseline -0.002 -9"><span class='ocrx_word' id='word_1_592' title='bbox 1326 1948 1398 1980; x_wconf 92' lang='lat' dir='ltr'>culo</span> <span class='ocrx_word' id='word_1_593' title='bbox 1422 1957 1483 1979; x_wconf 92' lang='lat' dir='ltr'>non</span> <span class='ocrx_word' id='word_1_594' title='bbox 1508 1950 1555 1979; x_wconf 87' lang='grc'>651</span> <span class='ocrx_word' id='word_1_595' title='bbox 1571 1947 1713 1979; x_wconf 90' lang='lat' dir='ltr'>auditum</span> <span class='ocrx_word' id='word_1_596' title='bbox 1725 1973 1732 1985; x_wconf 85' lang='lat'>‚</span> <span class='ocrx_word' id='word_1_597' title='bbox 1750 1946 1833 1988; x_wconf 90' lang='lat' dir='ltr'>quod</span> <span class='ocrx_word' id='word_1_598' title='bbox 1850 1946 1921 1988; x_wconf 90' lang='lat' dir='ltr'>quis</span> <span class='ocrx_word' id='word_1_599' title='bbox 1937 1945 2061 1988; x_wconf 88' lang='lat' dir='ltr'>aperuit</span> <span class='ocrx_word' id='word_1_600' title='bbox 2077 1945 2185 1978; x_wconf 91' lang='lat' dir='ltr'>oculos</span> <span class='ocrx_word' id='word_1_601' title='bbox 2201 1943 2282 1977; x_wconf 87' lang='lat' dir='ltr'>caeci</span> 
     </span>
     <span class='ocr_line' id='line_1_83' title="bbox 1325 2000 1504 2032; baseline -0.006 0"><span class='ocrx_word' id='word_1_602' title='bbox 1325 2000 1418 2032; x_wconf 71' lang='grc'><strong>113111)</strong></span> <span class='ocrx_word' id='word_1_603' title='bbox 1447 2003 1504 2031; x_wconf 65' lang='grc'><strong>1316.</strong></span> 
     </span>
    </p>
   </div>
   <div class='ocr_carea' id='block_1_11' title="bbox 1419 2050 2436 2107">
    <p class='ocr_par' dir='ltr' id='par_1_12' title="bbox 1419 2050 2436 2107">
     <span class='ocr_line' id='line_1_84' title="bbox 1419 2050 2436 2107; baseline -0.005 -23"><span class='ocrx_word' id='word_1_604' title='bbox 1419 2053 1468 2084; x_wconf 75' lang='grc'>14.</span> <span class='ocrx_word' id='word_1_605' title='bbox 1494 2053 1633 2093; x_wconf 88' lang='lat' dir='ltr'>Quartus</span> <span class='ocrx_word' id='word_1_606' title='bbox 1658 2052 1728 2084; x_wconf 84' lang='lat' dir='ltr'>finis</span> <span class='ocrx_word' id='word_1_607' title='bbox 1758 2052 1817 2084; x_wconf 82' lang='lat' dir='ltr'>fuit</span> <span class='ocrx_word' id='word_1_608' title='bbox 1853 2051 2006 2084; x_wconf 74' lang='lat' dir='ltr'>excitatio</span> <span class='ocrx_word' id='word_1_609' title='bbox 2038 2050 2285 2083; x_wconf 81' lang='lat' dir='ltr'>admirantium</span> <span class='ocrx_word' id='word_1_610' title='bbox 2299 2058 2436 2107; x_wconf 56' lang='lat' dir='ltr'>Qu³tra¹i³10²¹⁰i</span> 
     </span>
    </p>
   </div>
   <div class='ocr_carea' id='block_1_12' title="bbox 1325 2104 2285 2624">
    <p class='ocr_par' dir='ltr' id='par_1_13' title="bbox 1325 2104 2285 2624">
     <span class='ocr_line' id='line_1_85' title="bbox 1325 2104 2285 2148; baseline -0.002 -10"><span class='ocrx_word' id='word_1_611' title='bbox 1325 2106 1370 2138; x_wconf 74' lang='lat' dir='ltr'>act</span> <span class='ocrx_word' id='word_1_612' title='bbox 1394 2106 1683 2148; x_wconf 58' lang='lat' dir='ltr'>conspicientium</span> <span class='ocrx_word' id='word_1_613' title='bbox 1701 2108 1829 2146; x_wconf 88' lang='lat' dir='ltr'>propter</span> <span class='ocrx_word' id='word_1_614' title='bbox 1845 2104 1929 2146; x_wconf 87' lang='lat' dir='ltr'>quod</span> <span class='ocrx_word' id='word_1_615' title='bbox 1946 2104 2110 2137; x_wconf 87' lang='lat' dir='ltr'>subditur:</span> <span class='ocrx_word' id='word_1_616' title='bbox 2130 2104 2169 2136; x_wconf 88' lang='lat' dir='ltr'>Et</span> <span class='ocrx_word' id='word_1_617' title='bbox 2184 2112 2285 2147; x_wconf 78' lang='lat' dir='ltr'>quae-</span> 
     </span>
     <span class='ocr_line' id='line_1_86' title="bbox 1325 2156 2283 2199; baseline -0.003 -7"><span class='ocrx_word' id='word_1_618' title='bbox 1325 2159 1417 2192; x_wconf 78' lang='lat' dir='ltr'>rebat</span> <span class='ocrx_word' id='word_1_619' title='bbox 1440 2159 1550 2191; x_wconf 82' lang='lat' dir='ltr'>videre</span> <span class='ocrx_word' id='word_1_620' title='bbox 1573 2168 1657 2191; x_wconf 79' lang='lat' dir='ltr'>eum.</span> <span class='ocrx_word' id='word_1_621' title='bbox 1682 2158 1827 2191; x_wconf 89' lang='lat' dir='ltr'>Libenter</span> <span class='ocrx_word' id='word_1_622' title='bbox 1851 2159 1932 2191; x_wconf 88' lang='lat' dir='ltr'>enim</span> <span class='ocrx_word' id='word_1_623' title='bbox 1960 2158 2102 2191; x_wconf 87' lang='lat' dir='ltr'>videmus</span> <span class='ocrx_word' id='word_1_624' title='bbox 2125 2157 2209 2199; x_wconf 89' lang='lat' dir='ltr'>quod</span> <span class='ocrx_word' id='word_1_625' title='bbox 2231 2156 2283 2189; x_wconf 85' lang='lat' dir='ltr'>ad-</span> 
     </span>
     <span class='ocr_line' id='line_1_87' title="bbox 1325 2213 2284 2249; baseline -0.003 -4"><span class='ocrx_word' id='word_1_626' title='bbox 1325 2213 1489 2245; x_wconf 88' lang='lat' dir='ltr'>miramur.</span> <span class='ocrx_word' id='word_1_627' title='bbox 1514 2213 1575 2245; x_wconf 88' lang='lat' dir='ltr'>Hoc</span> <span class='ocrx_word' id='word_1_628' title='bbox 1600 2216 1703 2244; x_wconf 90' lang='lat' dir='ltr'>tamen</span> <span class='ocrx_word' id='word_1_629' title='bbox 1728 2221 1789 2244; x_wconf 92' lang='lat' dir='ltr'>non</span> <span class='ocrx_word' id='word_1_630' title='bbox 1807 2215 1854 2245; x_wconf 90' lang='lat' dir='ltr'>est</span> <span class='ocrx_word' id='word_1_631' title='bbox 1877 2216 1952 2244; x_wconf 92' lang='lat' dir='ltr'>tunc</span> <span class='ocrx_word' id='word_1_632' title='bbox 1968 2214 2148 2249; x_wconf 88' lang='lat' dir='ltr'>assecutus,</span> <span class='ocrx_word' id='word_1_633' title='bbox 2173 2219 2284 2243; x_wconf 90' lang='lat' dir='ltr'>secun-</span> 
     </span>
     <span class='ocr_line' id='line_1_88' title="bbox 1325 2263 2284 2308; baseline -0.002 -10"><span class='ocrx_word' id='word_1_634' title='bbox 1325 2266 1400 2298; x_wconf 89' lang='lat' dir='ltr'>dum</span> <span class='ocrx_word' id='word_1_635' title='bbox 1424 2265 1508 2308; x_wconf 89' lang='lat' dir='ltr'>quod</span> <span class='ocrx_word' id='word_1_636' title='bbox 1532 2265 1648 2298; x_wconf 88' lang='lat' dir='ltr'>dicitur</span> <span class='ocrx_word' id='word_1_637' title='bbox 1672 2265 1772 2298; x_wconf 89' lang='lat' dir='ltr'>Lucae</span> <span class='ocrx_word' id='word_1_638' title='bbox 1796 2265 1918 2297; x_wconf 89' lang='lat' dir='ltr'>decimo</span> <span class='ocrx_word' id='word_1_639' title='bbox 1932 2265 1974 2296; x_wconf 83' lang='lat'>1⁰:</span> <span class='ocrx_word' id='word_1_640' title='bbox 2005 2265 2128 2296; x_wconf 80' lang='lat' dir='ltr'>«Amen</span> <span class='ocrx_word' id='word_1_641' title='bbox 2146 2263 2215 2296; x_wconf 90' lang='lat' dir='ltr'>dico</span> <span class='ocrx_word' id='word_1_642' title='bbox 2231 2272 2284 2296; x_wconf 93' lang='lat' dir='ltr'>vo-</span> 
     </span>
     <span class='ocr_line' id='line_1_89' title="bbox 1326 2316 2284 2360; baseline -0.003 -9"><span class='ocrx_word' id='word_1_643' title='bbox 1326 2319 1383 2357; x_wconf 86' lang='lat' dir='ltr'>bis,</span> <span class='ocrx_word' id='word_1_644' title='bbox 1401 2319 1483 2360; x_wconf 90' lang='lat' dir='ltr'>quod</span> <span class='ocrx_word' id='word_1_645' title='bbox 1501 2319 1590 2351; x_wconf 91' lang='lat' dir='ltr'>multi</span> <span class='ocrx_word' id='word_1_646' title='bbox 1612 2328 1705 2360; x_wconf 83' lang='lat' dir='ltr'>reges</span> <span class='ocrx_word' id='word_1_647' title='bbox 1728 2322 1759 2351; x_wconf 89' lang='lat' dir='ltr'>et</span> <span class='ocrx_word' id='word_1_648' title='bbox 1784 2319 1956 2360; x_wconf 77' lang='lat' dir='ltr'>Prophetae</span> <span class='ocrx_word' id='word_1_649' title='bbox 1984 2317 2154 2349; x_wconf 89' lang='lat' dir='ltr'>voluerunt</span> <span class='ocrx_word' id='word_1_650' title='bbox 2178 2316 2284 2349; x_wconf 89' lang='lat' dir='ltr'>videre</span> 
     </span>
     <span class='ocr_line' id='line_1_90' title="bbox 1326 2370 2282 2413; baseline -0.002 -9"><span class='ocrx_word' id='word_1_651' title='bbox 1326 2381 1406 2413; x_wconf 88' lang='lat' dir='ltr'>quae</span> <span class='ocrx_word' id='word_1_652' title='bbox 1431 2381 1485 2403; x_wconf 91' lang='lat' dir='ltr'>vos</span> <span class='ocrx_word' id='word_1_653' title='bbox 1510 2372 1620 2403; x_wconf 86' lang='lat' dir='ltr'>videtis</span> <span class='ocrx_word' id='word_1_654' title='bbox 1644 2376 1676 2404; x_wconf 87' lang='lat' dir='ltr'>et</span> <span class='ocrx_word' id='word_1_655' title='bbox 1698 2381 1759 2403; x_wconf 89' lang='lat' dir='ltr'>non</span> <span class='ocrx_word' id='word_1_656' title='bbox 1784 2371 1977 2403; x_wconf 87' lang='lat' dir='ltr'>viderunt».</span> <span class='ocrx_word' id='word_1_657' title='bbox 2003 2370 2065 2402; x_wconf 89' lang='grc'><strong>1106</strong></span> <span class='ocrx_word' id='word_1_658' title='bbox 2092 2373 2198 2402; x_wconf 87' lang='lat' dir='ltr'>autem</span> <span class='ocrx_word' id='word_1_659' title='bbox 2222 2379 2282 2402; x_wconf 92' lang='lat' dir='ltr'>non</span> 
     </span>
     <span class='ocr_line' id='line_1_91' title="bbox 1325 2422 2283 2465; baseline -0.002 -9"><span class='ocrx_word' id='word_1_660' title='bbox 1325 2425 1382 2456; x_wconf 85' lang='lat' dir='ltr'>suit</span> <span class='ocrx_word' id='word_1_661' title='bbox 1415 2429 1593 2462; x_wconf 87' lang='lat' dir='ltr'>assecutus,</span> <span class='ocrx_word' id='word_1_662' title='bbox 1629 2424 1704 2465; x_wconf 90' lang='lat' dir='ltr'>quia</span> <span class='ocrx_word' id='word_1_663' title='bbox 1739 2433 1799 2456; x_wconf 93' lang='lat' dir='ltr'>non</span> <span class='ocrx_word' id='word_1_664' title='bbox 1835 2423 1972 2456; x_wconf 86' lang='lat' dir='ltr'>studiose</span> <span class='ocrx_word' id='word_1_665' title='bbox 1996 2422 2170 2465; x_wconf 87' lang='lat' dir='ltr'>quaesivit;</span> <span class='ocrx_word' id='word_1_666' title='bbox 2201 2422 2283 2455; x_wconf 89' lang='lat' dir='ltr'>unde</span> 
     </span>
     <span class='ocr_line' id='line_1_92' title="bbox 1326 2475 2283 2518; baseline 0 -10"><span class='ocrx_word' id='word_1_667' title='bbox 1326 2477 1567 2509; x_wconf 86' lang='lat' dir='ltr'>Proverbiorum</span> <span class='ocrx_word' id='word_1_668' title='bbox 1593 2477 1713 2509; x_wconf 86' lang='lat' dir='ltr'>decimo</span> <span class='ocrx_word' id='word_1_669' title='bbox 1744 2480 1876 2518; x_wconf 91' lang='lat' dir='ltr'>quarto:</span> <span class='ocrx_word' id='word_1_670' title='bbox 1907 2489 1922 2504; x_wconf 87' lang='lat'>«</span> <span class='ocrx_word' id='word_1_671' title='bbox 1939 2476 2068 2517; x_wconf 87' lang='lat' dir='ltr'>Quaerit</span> <span class='ocrx_word' id='word_1_672' title='bbox 2090 2475 2211 2508; x_wconf 92' lang='lat' dir='ltr'>derisor</span> <span class='ocrx_word' id='word_1_673' title='bbox 2235 2484 2283 2508; x_wconf 81' lang='lat' dir='ltr'>sa-</span> 
     </span>
     <span class='ocr_line' id='line_1_93' title="bbox 1327 2528 2282 2571; baseline -0.002 -9"><span class='ocrx_word' id='word_1_674' title='bbox 1327 2530 1472 2571; x_wconf 90' lang='lat' dir='ltr'>pientiam</span> <span class='ocrx_word' id='word_1_675' title='bbox 1498 2534 1529 2562; x_wconf 91' lang='lat' dir='ltr'>et</span> <span class='ocrx_word' id='word_1_676' title='bbox 1553 2539 1613 2561; x_wconf 91' lang='lat' dir='ltr'>non</span> <span class='ocrx_word' id='word_1_677' title='bbox 1639 2529 1802 2562; x_wconf 82' lang='lat' dir='ltr'>invenit».</span> <span class='ocrx_word' id='word_1_678' title='bbox 1828 2528 1913 2566; x_wconf 88' lang='lat' dir='ltr'>Unde</span> <span class='ocrx_word' id='word_1_679' title='bbox 1947 2528 2033 2561; x_wconf 87' lang='lat' dir='ltr'>valde</span> <span class='ocrx_word' id='word_1_680' title='bbox 2057 2528 2186 2561; x_wconf 88' lang='lat' dir='ltr'>sollicite</span> <span class='ocrx_word' id='word_1_681' title='bbox 2210 2537 2282 2561; x_wconf 91' lang='lat' dir='ltr'>con-</span> 
     </span>
     <span class='ocr_line' id='line_1_94' title="bbox 1326 2581 2283 2624; baseline -0.002 -9"><span class='ocrx_word' id='word_1_682' title='bbox 1326 2583 1542 2621; x_wconf 85' lang='lat' dir='ltr'>siderandum,</span> <span class='ocrx_word' id='word_1_683' title='bbox 1567 2582 1702 2624; x_wconf 87' lang='lat' dir='ltr'>qualiter</span> <span class='ocrx_word' id='word_1_684' title='bbox 1725 2582 1817 2615; x_wconf 86' lang='lat' dir='ltr'>debet</span> <span class='ocrx_word' id='word_1_685' title='bbox 1841 2582 1924 2615; x_wconf 89' lang='lat' dir='ltr'>Deus</span> <span class='ocrx_word' id='word_1_686' title='bbox 1948 2581 2076 2624; x_wconf 86' lang='lat' dir='ltr'>quaeri,</span> <span class='ocrx_word' id='word_1_687' title='bbox 2093 2584 2129 2613; x_wconf 85' lang='lat' dir='ltr'>ut</span> <span class='ocrx_word' id='word_1_688' title='bbox 2152 2581 2249 2623; x_wconf 83' lang='lat' dir='ltr'>possit</span> <span class='ocrx_word' id='word_1_689' title='bbox 2264 2590 2283 2613; x_wconf 89' lang='lat' dir='ltr'>a</span> 
     </span>
    </p>
   </div>
   <div class='ocr_carea' id='block_1_13' title="bbox 304 2635 2451 2679">
    <p class='ocr_par' dir='ltr' id='par_1_14' title="bbox 304 2635 2451 2679">
     <span class='ocr_line' id='line_1_95' title="bbox 304 2635 2451 2679; baseline -0.003 -10"><span class='ocrx_word' id='word_1_690' title='bbox 304 2638 408 2679; x_wconf 86' lang='lat' dir='ltr'>opinio</span> <span class='ocrx_word' id='word_1_691' title='bbox 433 2638 596 2670; x_wconf 87' lang='lat' dir='ltr'>videbatur</span> <span class='ocrx_word' id='word_1_692' title='bbox 622 2636 790 2678; x_wconf 87' lang='lat' dir='ltr'>probabilis</span> <span class='ocrx_word' id='word_1_693' title='bbox 815 2639 942 2677; x_wconf 85' lang='lat' dir='ltr'>propter</span> <span class='ocrx_word' id='word_1_694' title='bbox 966 2635 1175 2667; x_wconf 79' lang='lat' dir='ltr'>eminentiam</span> <span class='ocrx_word' id='word_1_695' title='bbox 1205 2645 1262 2677; x_wconf 82' lang='lat' dir='ltr'>po-</span> <span class='ocrx_word' id='word_1_696' title='bbox 2299 2642 2404 2666; x_wconf 75' lang='lat' dir='ltr'>secunao,</span> <span class='ocrx_word' id='word_1_697' title='bbox 2418 2640 2451 2662; x_wconf 75' lang='lat'><strong>(1⁰¹</strong></span> 
     </span>
    </p>
   </div>
   <div class='ocr_carea' id='block_1_14' title="bbox 305 2688 1262 2784">
    <p class='ocr_par' dir='ltr' id='par_1_15' title="bbox 305 2688 1262 2784">
     <span class='ocr_line' id='line_1_96' title="bbox 305 2688 1261 2730; baseline -0.003 -8"><span class='ocrx_word' id='word_1_698' title='bbox 305 2691 436 2722; x_wconf 68' lang='lat' dir='ltr'>testatis:</span> <span class='ocrx_word' id='word_1_699' title='bbox 475 2690 558 2722; x_wconf 85' lang='lat' dir='ltr'>Unde</span> <span class='ocrx_word' id='word_1_700' title='bbox 591 2689 792 2722; x_wconf 82' lang='lat' dir='ltr'>Ecclesiastici</span> <span class='ocrx_word' id='word_1_701' title='bbox 829 2688 1067 2730; x_wconf 79' lang='lat' dir='ltr'>quadragesimo</span> <span class='ocrx_word' id='word_1_702' title='bbox 1101 2689 1261 2720; x_wconf 82' lang='lat' dir='ltr'>octav0⁵:</span> 
     </span>
     <span class='ocr_line' id='line_1_97' title="bbox 310 2741 1262 2784; baseline -0.002 -10"><span class='ocrx_word' id='word_1_703' title='bbox 310 2756 324 2771; x_wconf 87' lang='lat'>«</span> <span class='ocrx_word' id='word_1_704' title='bbox 346 2743 557 2784; x_wconf 64' lang='lat' dir='ltr'>Amplisicatus</span> <span class='ocrx_word' id='word_1_705' title='bbox 588 2746 634 2774; x_wconf 87' lang='lat' dir='ltr'>est</span> <span class='ocrx_word' id='word_1_706' title='bbox 668 2742 745 2773; x_wconf 72' lang='lat' dir='ltr'>lilias</span> <span class='ocrx_word' id='word_1_707' title='bbox 780 2742 809 2773; x_wconf 90' lang='lat' dir='ltr'>in</span> <span class='ocrx_word' id='word_1_708' title='bbox 848 2741 1042 2773; x_wconf 87' lang='lat' dir='ltr'>mirabilibus</span> <span class='ocrx_word' id='word_1_709' title='bbox 1074 2741 1139 2773; x_wconf 92' lang='lat' dir='ltr'>suis</span> <span class='ocrx_word' id='word_1_710' title='bbox 1164 2754 1194 2772; x_wconf 86' lang='lat'>».</span> <span class='ocrx_word' id='word_1_711' title='bbox 1227 2741 1262 2773; x_wconf 83' lang='lat' dir='ltr'>Et</span> 
     </span>
    </p>
   </div>
   <div class='ocr_carea' id='block_1_15' title="bbox 1326 2635 2451 2690">
    <p class='ocr_par' dir='ltr' id='par_1_16' title="bbox 1326 2635 2451 2690">
     <span class='ocr_line' id='line_1_98' title="bbox 1326 2635 2403 2677; baseline -0.003 -9"><span class='ocrx_word' id='word_1_712' title='bbox 1326 2635 1551 2677; x_wconf 85' lang='lat' dir='ltr'>quaerentibus</span> <span class='ocrx_word' id='word_1_713' title='bbox 1575 2635 1672 2668; x_wconf 88' lang='lat' dir='ltr'>videri</span> <span class='ocrx_word' id='word_1_714' title='bbox 1698 2639 1728 2668; x_wconf 91' lang='lat' dir='ltr'>et</span> <span class='ocrx_word' id='word_1_715' title='bbox 1752 2635 1895 2667; x_wconf 91' lang='lat' dir='ltr'>inveniri.</span> <span class='ocrx_word' id='word_1_716' title='bbox 2298 2668 2303 2672; x_wconf 90' lang='lat'>.</span> <span class='ocrx_word' id='word_1_717' title='bbox 2399 2669 2403 2672; x_wconf 24' lang='lat'><em>⁷</em></span> 
     </span>
     <span class='ocr_line' id='line_1_99' title="bbox 2297 2668 2451 2690; baseline 0 -1"><span class='ocrx_word' id='word_1_718' title='bbox 2297 2668 2444 2690; x_wconf 75' lang='lat' dir='ltr'>informatione</span> <span class='ocrx_word' id='word_1_719' title='bbox 2450 2675 2451 2682; x_wconf 61' lang='lat'>¹</span> 
     </span>
    </p>
   </div>
   <div class='ocr_carea' id='block_1_16' title="bbox 1419 2686 2445 2749">
    <p class='ocr_par' dir='ltr' id='par_1_17' title="bbox 1419 2686 2445 2749">
     <span class='ocr_line' id='line_1_100' title="bbox 1419 2686 2445 2749; baseline -0.002 -29"><span class='ocrx_word' id='word_1_720' title='bbox 1419 2689 1467 2720; x_wconf 75' lang='lat'>15.</span> <span class='ocrx_word' id='word_1_721' title='bbox 1488 2689 1526 2720; x_wconf 87' lang='lat' dir='ltr'>Et</span> <span class='ocrx_word' id='word_1_722' title='bbox 1542 2688 1667 2720; x_wconf 72' lang='lat' dir='ltr'>reversi</span> <span class='ocrx_word' id='word_1_723' title='bbox 1681 2688 1828 2730; x_wconf 77' lang='lat' dir='ltr'>Apostoli</span> <span class='ocrx_word' id='word_1_724' title='bbox 1842 2688 2081 2720; x_wconf 35' lang='lat' dir='ltr'>&#39;nuntiaverant</span> <span class='ocrx_word' id='word_1_725' title='bbox 2096 2688 2131 2719; x_wconf 86' lang='lat'>¹¹.</span> <span class='ocrx_word' id='word_1_726' title='bbox 2149 2687 2220 2719; x_wconf 86' lang='lat' dir='ltr'>Post</span> <span class='ocrx_word' id='word_1_727' title='bbox 2235 2686 2282 2719; x_wconf 92' lang='lat' dir='ltr'>in-</span> <span class='ocrx_word' id='word_1_728' title='bbox 2295 2727 2308 2749; x_wconf 63' lang='lat' dir='ltr'>p</span> <span class='ocrx_word' id='word_1_729' title='bbox 2318 2700 2352 2742; x_wconf 49' lang='lat' dir='ltr'>⁰0AE</span> <span class='ocrx_word' id='word_1_730' title='bbox 2364 2700 2445 2749; x_wconf 40' lang='lat' dir='ltr'>magn-¹.</span> 
     </span>
    </p>
   </div>
   <div class='ocr_carea' id='block_1_17' title="bbox 1327 2739 2418 2783">
    <p class='ocr_par' dir='ltr' id='par_1_18' title="bbox 1327 2739 2418 2783">
     <span class='ocr_line' id='line_1_101' title="bbox 1327 2739 2418 2783; baseline -0.004 -10"><span class='ocrx_word' id='word_1_731' title='bbox 1327 2741 1541 2773; x_wconf 88' lang='lat' dir='ltr'>sormationem</span> <span class='ocrx_word' id='word_1_732' title='bbox 1567 2741 1783 2783; x_wconf 84' lang='lat' dir='ltr'>Apostolorum</span> <span class='ocrx_word' id='word_1_733' title='bbox 1821 2741 1932 2773; x_wconf 82' lang='lat' dir='ltr'>factam</span> <span class='ocrx_word' id='word_1_734' title='bbox 1969 2750 2025 2782; x_wconf 88' lang='lat' dir='ltr'>per</span> <span class='ocrx_word' id='word_1_735' title='bbox 2061 2740 2192 2773; x_wconf 87' lang='lat' dir='ltr'>verbum</span> <span class='ocrx_word' id='word_1_736' title='bbox 2217 2739 2282 2772; x_wconf 90' lang='lat' dir='ltr'>sive</span> <span class='ocrx_word' id='word_1_737' title='bbox 2320 2749 2418 2770; x_wconf 76' lang='lat' dir='ltr'>tui-duo.</span> 
     </span>
    </p>
   </div>
   <div class='ocr_carea' id='block_1_18' title="bbox 1292 929 1295 2775">
    <p class='ocr_par' dir='ltr' id='par_1_19' title="bbox 1292 929 1295 2775">
     <span class='ocr_line' id='line_1_102' title="bbox 1292 929 1295 2775; baseline 0 0"><span class='ocrx_word' id='word_1_738' title='bbox 1292 929 1295 2775; x_wconf 95' lang='lat' dir='ltr'> </span> 
     </span>
    </p>
   </div>
   <div class='ocr_carea' id='block_1_19' title="bbox 1005 2854 1588 2857">
    <p class='ocr_par' dir='ltr' id='par_1_20' title="bbox 1005 2854 1588 2857">
     <span class='ocr_line' id='line_1_103' title="bbox 1005 2854 1588 2857; baseline 0 0"><span class='ocrx_word' id='word_1_739' title='bbox 1005 2854 1588 2857; x_wconf 95' lang='lat' dir='ltr'> </span> 
     </span>
    </p>
   </div>
   <div class='ocr_carea' id='block_1_20' title="bbox 305 2933 1261 3405">
    <p class='ocr_par' dir='ltr' id='par_1_21' title="bbox 305 2933 1260 3100">
     <span class='ocr_line' id='line_1_104' title="bbox 377 2933 1260 2968; baseline 0 -9"><span class='ocrx_word' id='word_1_740' title='bbox 377 2934 384 2948; x_wconf 89' lang='lat'>¹</span> <span class='ocrx_word' id='word_1_741' title='bbox 407 2936 463 2960; x_wconf 74' lang='lat' dir='ltr'>Vat.</span> <span class='ocrx_word' id='word_1_742' title='bbox 484 2935 530 2968; x_wconf 80' lang='lat' dir='ltr'>qui</span> <span class='ocrx_word' id='word_1_743' title='bbox 553 2937 591 2961; x_wconf 80' lang='lat' dir='ltr'>est</span> <span class='ocrx_word' id='word_1_744' title='bbox 609 2934 740 2968; x_wconf 69' lang='lat' dir='ltr'>sufficiens</span> <span class='ocrx_word' id='word_1_745' title='bbox 767 2934 802 2960; x_wconf 80' lang='lat' dir='ltr'>ad</span> <span class='ocrx_word' id='word_1_746' title='bbox 823 2934 1026 2967; x_wconf 75' lang='lat' dir='ltr'>persuasionem</span> <span class='ocrx_word' id='word_1_747' title='bbox 1054 2935 1079 2959; x_wconf 79' lang='lat' dir='ltr'>et</span> <span class='ocrx_word' id='word_1_748' title='bbox 1102 2933 1260 2959; x_wconf 81' lang='lat' dir='ltr'>auditorum</span> 
     </span>
     <span class='ocr_line' id='line_1_105' title="bbox 305 2977 1257 3012; baseline 0 -8"><span class='ocrx_word' id='word_1_749' title='bbox 305 2979 498 3005; x_wconf 57' lang='lat' dir='ltr'>excitationem.</span> <span class='ocrx_word' id='word_1_750' title='bbox 520 2980 567 3005; x_wconf 82' lang='lat' dir='ltr'>Pro</span> <span class='ocrx_word' id='word_1_751' title='bbox 592 2979 753 3012; x_wconf 74' lang='lat' dir='ltr'>sufficienter</span> <span class='ocrx_word' id='word_1_752' title='bbox 773 2979 858 3005; x_wconf 68' lang='lat' dir='ltr'>(licere</span> <span class='ocrx_word' id='word_1_753' title='bbox 878 2980 897 3003; x_wconf 91' lang='lat' dir='ltr'>ll</span> <span class='ocrx_word' id='word_1_754' title='bbox 924 2978 1083 3012; x_wconf 70' lang='lat' dir='ltr'>sufficienter</span> <span class='ocrx_word' id='word_1_755' title='bbox 1103 2977 1257 3011; x_wconf 75' lang='lat' dir='ltr'>disponere,</span> 
     </span>
     <span class='ocr_line' id='line_1_106' title="bbox 306 3020 1259 3055; baseline -0.001 -8"><span class='ocrx_word' id='word_1_756' title='bbox 306 3024 349 3054; x_wconf 81' lang='lat' dir='ltr'>qui</span> <span class='ocrx_word' id='word_1_757' title='bbox 370 3024 446 3049; x_wconf 85' lang='lat' dir='ltr'>etiam</span> <span class='ocrx_word' id='word_1_758' title='bbox 461 3025 538 3055; x_wconf 84' lang='lat' dir='ltr'>paulo</span> <span class='ocrx_word' id='word_1_759' title='bbox 559 3024 679 3054; x_wconf 83' lang='lat' dir='ltr'>superius</span> <span class='ocrx_word' id='word_1_760' title='bbox 694 3023 766 3054; x_wconf 78' lang='lat' dir='ltr'>legit:</span> <span class='ocrx_word' id='word_1_761' title='bbox 787 3022 848 3055; x_wconf 77' lang='lat' dir='ltr'>qaia</span> <span class='ocrx_word' id='word_1_762' title='bbox 870 3025 1004 3053; x_wconf 70' lang='lat' dir='ltr'>(uiantes,</span> <span class='ocrx_word' id='word_1_763' title='bbox 1024 3022 1157 3047; x_wconf 78' lang='lat' dir='ltr'>immunes</span> <span class='ocrx_word' id='word_1_764' title='bbox 1176 3020 1259 3046; x_wconf 80' lang='lat' dir='ltr'>abin-</span> 
     </span>
     <span class='ocr_line' id='line_1_107' title="bbox 306 3065 1173 3100; baseline -0.002 -8"><span class='ocrx_word' id='word_1_765' title='bbox 306 3067 391 3098; x_wconf 67' lang='lat' dir='ltr'>vidia,</span> <span class='ocrx_word' id='word_1_766' title='bbox 412 3067 475 3100; x_wconf 80' lang='lat' dir='ltr'>quia</span> <span class='ocrx_word' id='word_1_767' title='bbox 497 3067 608 3100; x_wconf 82' lang='lat' dir='ltr'>ubique,</span> <span class='ocrx_word' id='word_1_768' title='bbox 628 3068 760 3093; x_wconf 79' lang='lat' dir='ltr'>immunes</span> <span class='ocrx_word' id='word_1_769' title='bbox 779 3074 795 3092; x_wconf 87' lang='lat' dir='ltr'>a</span> <span class='ocrx_word' id='word_1_770' title='bbox 813 3073 996 3100; x_wconf 76' lang='lat' dir='ltr'>personarum</span> <span class='ocrx_word' id='word_1_771' title='bbox 1016 3065 1173 3099; x_wconf 78' lang='lat' dir='ltr'>acceptione.</span> 
     </span>
    </p>

    <p class='ocr_par' dir='ltr' id='par_1_22' title="bbox 307 3110 1260 3187">
     <span class='ocr_line' id='line_1_108' title="bbox 376 3110 1260 3143; baseline -0.002 -7"><span class='ocrx_word' id='word_1_772' title='bbox 376 3110 385 3124; x_wconf 88' lang='lat'><strong>²</strong></span> <span class='ocrx_word' id='word_1_773' title='bbox 408 3112 481 3136; x_wconf 86' lang='lat' dir='ltr'>Vers.</span> <span class='ocrx_word' id='word_1_774' title='bbox 502 3112 546 3143; x_wconf 64' lang='lat'>45,</span> <span class='ocrx_word' id='word_1_775' title='bbox 573 3112 613 3137; x_wconf 89' lang='lat' dir='ltr'>cui</span> <span class='ocrx_word' id='word_1_776' title='bbox 634 3112 802 3142; x_wconf 77' lang='lat' dir='ltr'>subiungitur</span> <span class='ocrx_word' id='word_1_777' title='bbox 828 3112 900 3136; x_wconf 77' lang='lat' dir='ltr'>losuc</span> <span class='ocrx_word' id='word_1_778' title='bbox 927 3112 956 3141; x_wconf 83' lang='lat'>9,</span> <span class='ocrx_word' id='word_1_779' title='bbox 982 3111 1006 3135; x_wconf 81' lang='lat'>9.</span> <span class='ocrx_word' id='word_1_780' title='bbox 1028 3111 1097 3143; x_wconf 78' lang='lat' dir='ltr'>(Vnt.</span> <span class='ocrx_word' id='word_1_781' title='bbox 1122 3110 1216 3141; x_wconf 83' lang='lat' dir='ltr'>allegat</span> <span class='ocrx_word' id='word_1_782' title='bbox 1234 3117 1260 3134; x_wconf 88' lang='lat' dir='ltr'>v.</span> 
     </span>
     <span class='ocr_line' id='line_1_109' title="bbox 307 3153 1203 3187; baseline 0.001 -9"><span class='ocrx_word' id='word_1_783' title='bbox 307 3156 345 3179; x_wconf 74' lang='grc'>9-1</span> <span class='ocrx_word' id='word_1_784' title='bbox 359 3156 378 3180; x_wconf 95' lang='lat' dir='ltr'>l.</span> <span class='ocrx_word' id='word_1_785' title='bbox 397 3170 432 3174; x_wconf 97' lang='lat'><strong>—</strong></span> <span class='ocrx_word' id='word_1_786' title='bbox 451 3156 576 3187; x_wconf 83' lang='lat' dir='ltr'>Superius</span> <span class='ocrx_word' id='word_1_787' title='bbox 596 3160 655 3187; x_wconf 86' lang='lat' dir='ltr'>post</span> <span class='ocrx_word' id='word_1_788' title='bbox 674 3155 810 3181; x_wconf 79' lang='lat' dir='ltr'>tetrarcha</span> <span class='ocrx_word' id='word_1_789' title='bbox 829 3155 848 3181; x_wconf 92' lang='lat' dir='ltr'>C</span> <span class='ocrx_word' id='word_1_790' title='bbox 860 3156 910 3180; x_wconf 92' lang='lat' dir='ltr'>DG</span> <span class='ocrx_word' id='word_1_791' title='bbox 923 3156 942 3180; x_wconf 89' lang='lat' dir='ltr'>ll</span> <span class='ocrx_word' id='word_1_792' title='bbox 962 3155 1084 3180; x_wconf 88' lang='lat' dir='ltr'>omittunt</span> <span class='ocrx_word' id='word_1_793' title='bbox 1103 3153 1203 3180; x_wconf 75' lang='lat' dir='ltr'>omnia.</span> 
     </span>
    </p>

    <p class='ocr_par' dir='ltr' id='par_1_23' title="bbox 307 3197 1261 3275">
     <span class='ocr_line' id='line_1_110' title="bbox 376 3197 1261 3231; baseline -0.001 -7"><span class='ocrx_word' id='word_1_794' title='bbox 376 3197 386 3212; x_wconf 77' lang='lat'>²³</span> <span class='ocrx_word' id='word_1_795' title='bbox 407 3200 479 3224; x_wconf 79' lang='lat' dir='ltr'>Vers.</span> <span class='ocrx_word' id='word_1_796' title='bbox 501 3200 523 3224; x_wconf 59' lang='grc'>11.</span> <span class='ocrx_word' id='word_1_797' title='bbox 544 3202 568 3224; x_wconf 85' lang='grc'>61</span> <span class='ocrx_word' id='word_1_798' title='bbox 593 3201 616 3224; x_wconf 77' lang='lat'>2.</span> <span class='ocrx_word' id='word_1_799' title='bbox 637 3199 686 3224; x_wconf 83' lang='lat' dir='ltr'>Csr.</span> <span class='ocrx_word' id='word_1_800' title='bbox 707 3200 829 3231; x_wconf 71' lang='lat' dir='ltr'>August,</span> <span class='ocrx_word' id='word_1_801' title='bbox 856 3200 882 3224; x_wconf 87' lang='lat' dir='ltr'>ll.</span> <span class='ocrx_word' id='word_1_802' title='bbox 900 3199 933 3224; x_wconf 85' lang='lat' dir='ltr'>dc</span> <span class='ocrx_word' id='word_1_803' title='bbox 953 3198 1084 3224; x_wconf 87' lang='lat' dir='ltr'>Consensu</span> <span class='ocrx_word' id='word_1_804' title='bbox 1105 3198 1261 3230; x_wconf 81' lang='lat' dir='ltr'>Evangelist.</span> 
     </span>
     <span class='ocr_line' id='line_1_111' title="bbox 307 3243 1001 3275; baseline 0.001 -8"><span class='ocrx_word' id='word_1_805' title='bbox 307 3251 328 3268; x_wconf 79' lang='grc' dir='ltr'>ι·.</span> <span class='ocrx_word' id='word_1_806' title='bbox 349 3244 389 3268; x_wconf 69' lang='grc'>453.</span> <span class='ocrx_word' id='word_1_807' title='bbox 410 3251 434 3268; x_wconf 91' lang='lat' dir='ltr'>n.</span> <span class='ocrx_word' id='word_1_808' title='bbox 455 3244 496 3275; x_wconf 75' lang='lat'>93,</span> <span class='ocrx_word' id='word_1_809' title='bbox 516 3247 541 3268; x_wconf 87' lang='lat' dir='ltr'>et</span> <span class='ocrx_word' id='word_1_810' title='bbox 562 3244 644 3274; x_wconf 84' lang='lat' dir='ltr'>Beda,</span> <span class='ocrx_word' id='word_1_811' title='bbox 664 3244 700 3269; x_wconf 93' lang='lat' dir='ltr'>lll.</span> <span class='ocrx_word' id='word_1_812' title='bbox 722 3243 747 3268; x_wconf 92' lang='lat' dir='ltr'>in</span> <span class='ocrx_word' id='word_1_813' title='bbox 767 3245 828 3269; x_wconf 84' lang='lat' dir='ltr'>Luc.</span> <span class='ocrx_word' id='word_1_814' title='bbox 850 3244 881 3274; x_wconf 68' lang='lat'>9,</span> <span class='ocrx_word' id='word_1_815' title='bbox 900 3243 925 3268; x_wconf 90' lang='lat'>7.</span> <span class='ocrx_word' id='word_1_816' title='bbox 947 3250 1001 3275; x_wconf 87' lang='lat' dir='ltr'>seq.</span> 
     </span>
    </p>

    <p class='ocr_par' dir='ltr' id='par_1_24' title="bbox 376 3286 1038 3319">
     <span class='ocr_line' id='line_1_112' title="bbox 376 3286 1038 3319; baseline 0 -8"><span class='ocrx_word' id='word_1_817' title='bbox 376 3286 386 3300; x_wconf 73' lang='lat'>¹²</span> <span class='ocrx_word' id='word_1_818' title='bbox 408 3288 481 3313; x_wconf 85' lang='lat' dir='ltr'>Vers.</span> <span class='ocrx_word' id='word_1_819' title='bbox 501 3289 543 3312; x_wconf 69' lang='lat'>20.</span> <span class='ocrx_word' id='word_1_820' title='bbox 565 3301 598 3306; x_wconf 84' lang='lat'>—</span> <span class='ocrx_word' id='word_1_821' title='bbox 622 3287 737 3313; x_wconf 84' lang='lat' dir='ltr'>Subinde</span> <span class='ocrx_word' id='word_1_822' title='bbox 757 3288 882 3319; x_wconf 82' lang='lat' dir='ltr'>allegatur</span> <span class='ocrx_word' id='word_1_823' title='bbox 902 3288 949 3312; x_wconf 82' lang='lat' dir='ltr'>lac.</span> <span class='ocrx_word' id='word_1_824' title='bbox 971 3288 994 3317; x_wconf 82' lang='lat' dir='ltr'>l,</span> <span class='ocrx_word' id='word_1_825' title='bbox 1014 3288 1038 3312; x_wconf 82' lang='grc'>6.</span> 
     </span>
    </p>

    <p class='ocr_par' dir='ltr' id='par_1_25' title="bbox 308 3330 1259 3405">
     <span class='ocr_line' id='line_1_113' title="bbox 376 3330 1259 3363; baseline 0.001 -8"><span class='ocrx_word' id='word_1_826' title='bbox 376 3330 386 3344; x_wconf 81' lang='lat'>⁵</span> <span class='ocrx_word' id='word_1_827' title='bbox 408 3332 482 3356; x_wconf 82' lang='lat' dir='ltr'>Vers.</span> <span class='ocrx_word' id='word_1_828' title='bbox 507 3332 534 3361; x_wconf 74' lang='grc' dir='ltr'>Ιι,</span> <span class='ocrx_word' id='word_1_829' title='bbox 559 3333 600 3357; x_wconf 76' lang='lat' dir='ltr'>cui</span> <span class='ocrx_word' id='word_1_830' title='bbox 627 3332 685 3357; x_wconf 85' lang='lat' dir='ltr'>Vat.</span> <span class='ocrx_word' id='word_1_831' title='bbox 714 3332 854 3363; x_wconf 86' lang='lat' dir='ltr'>praemittit</span> <span class='ocrx_word' id='word_1_832' title='bbox 883 3339 907 3357; x_wconf 84' lang='lat' dir='ltr'>v.</span> <span class='ocrx_word' id='word_1_833' title='bbox 934 3332 956 3356; x_wconf 42' lang='lat' dir='ltr'>sl.</span> <span class='ocrx_word' id='word_1_834' title='bbox 982 3345 1016 3350; x_wconf 91' lang='lat'><em>-</em></span> <span class='ocrx_word' id='word_1_835' title='bbox 1042 3331 1164 3363; x_wconf 88' lang='lat' dir='ltr'>Sequitur</span> <span class='ocrx_word' id='word_1_836' title='bbox 1192 3332 1259 3357; x_wconf 86' lang='lat' dir='ltr'>loan.</span> 
     </span>
     <span class='ocr_line' id='line_1_114' title="bbox 308 3376 416 3405; baseline 0.009 -6"><span class='ocrx_word' id='word_1_837' title='bbox 308 3376 316 3399; x_wconf 86' lang='lat' dir='ltr'>l</span> <span class='ocrx_word' id='word_1_838' title='bbox 325 3377 354 3405; x_wconf 79' lang='lat'>0,</span> <span class='ocrx_word' id='word_1_839' title='bbox 375 3376 416 3400; x_wconf 64' lang='lat' dir='ltr'>sil.</span> 
     </span>
    </p>
   </div>
   <div class='ocr_carea' id='block_1_21' title="bbox 1324 2933 2280 3407">
    <p class='ocr_par' dir='ltr' id='par_1_26' title="bbox 1325 2933 2280 3012">
     <span class='ocr_line' id='line_1_115' title="bbox 1395 2933 2280 2968; baseline -0.003 -8"><span class='ocrx_word' id='word_1_840' title='bbox 1395 2933 1407 2948; x_wconf 69' lang='grc' dir='ltr'><strong><em>θ</em></strong></span> <span class='ocrx_word' id='word_1_841' title='bbox 1426 2935 1499 2960; x_wconf 87' lang='lat' dir='ltr'>Vers.</span> <span class='ocrx_word' id='word_1_842' title='bbox 1518 2935 1543 2960; x_wconf 88' lang='lat'>7.</span> <span class='ocrx_word' id='word_1_843' title='bbox 1563 2935 1611 2960; x_wconf 80' lang='lat' dir='ltr'>Pro</span> <span class='ocrx_word' id='word_1_844' title='bbox 1629 2934 1709 2968; x_wconf 79' lang='lat' dir='ltr'>faciet</span> <span class='ocrx_word' id='word_1_845' title='bbox 1732 2934 1843 2966; x_wconf 81' lang='lat' dir='ltr'>Vulgata</span> <span class='ocrx_word' id='word_1_846' title='bbox 1870 2933 1936 2967; x_wconf 80' lang='lat' dir='ltr'>facit</span> <span class='ocrx_word' id='word_1_847' title='bbox 1955 2933 2011 2967; x_wconf 81' lang='lat' dir='ltr'>(etr.</span> <span class='ocrx_word' id='word_1_848' title='bbox 2031 2940 2110 2965; x_wconf 83' lang='lat' dir='ltr'>supra</span> <span class='ocrx_word' id='word_1_849' title='bbox 2130 2940 2193 2965; x_wconf 85' lang='lat' dir='ltr'>pag.</span> <span class='ocrx_word' id='word_1_850' title='bbox 2214 2933 2280 2963; x_wconf 72' lang='lat'><strong>478,</strong></span> 
     </span>
     <span class='ocr_line' id='line_1_116' title="bbox 1325 2978 2015 3012; baseline 0 -9"><span class='ocrx_word' id='word_1_851' title='bbox 1325 2982 1383 3004; x_wconf 86' lang='lat' dir='ltr'>nota</span> <span class='ocrx_word' id='word_1_852' title='bbox 1402 2978 1454 3011; x_wconf 86' lang='lat'>7.)‚</span> <span class='ocrx_word' id='word_1_853' title='bbox 1474 2978 1554 3004; x_wconf 86' lang='lat' dir='ltr'>CDG</span> <span class='ocrx_word' id='word_1_854' title='bbox 1573 2978 1665 3012; x_wconf 80' lang='lat' dir='ltr'>saciat.</span> <span class='ocrx_word' id='word_1_855' title='bbox 2012 2997 2015 2999; x_wconf 67' lang='lat'>.</span> 
     </span>
    </p>

    <p class='ocr_par' dir='ltr' id='par_1_27' title="bbox 1395 3020 2121 3056">
     <span class='ocr_line' id='line_1_117' title="bbox 1395 3020 2121 3056; baseline -0.001 -8"><span class='ocrx_word' id='word_1_856' title='bbox 1395 3021 1404 3036; x_wconf 85' lang='lat'>⁷</span> <span class='ocrx_word' id='word_1_857' title='bbox 1424 3022 1487 3048; x_wconf 90' lang='lat' dir='ltr'>Cod.</span> <span class='ocrx_word' id='word_1_858' title='bbox 1509 3023 1527 3048; x_wconf 89' lang='lat' dir='ltr'>B</span> <span class='ocrx_word' id='word_1_859' title='bbox 1547 3021 1718 3056; x_wconf 69' lang='lat' dir='ltr'>conseiebant</span> <span class='ocrx_word' id='word_1_860' title='bbox 1735 3023 1759 3048; x_wconf 83' lang='lat' dir='ltr'>et</span> <span class='ocrx_word' id='word_1_861' title='bbox 1778 3020 1954 3048; x_wconf 80' lang='lat' dir='ltr'>diversimode</span> <span class='ocrx_word' id='word_1_862' title='bbox 1972 3020 2121 3048; x_wconf 80' lang='lat' dir='ltr'>credebant.</span> 
     </span>
    </p>

    <p class='ocr_par' dir='ltr' id='par_1_28' title="bbox 1324 3065 2280 3181">
     <span class='ocr_line' id='line_1_118' title="bbox 1395 3065 2279 3099; baseline -0.002 -7"><span class='ocrx_word' id='word_1_863' title='bbox 1395 3065 1405 3080; x_wconf 77' lang='lat'>⁸</span> <span class='ocrx_word' id='word_1_864' title='bbox 1427 3068 1498 3093; x_wconf 71' lang='lat' dir='ltr'>Vera.</span> <span class='ocrx_word' id='word_1_865' title='bbox 1528 3067 1556 3099; x_wconf 66' lang='grc' dir='ltr'>[ις</span> <span class='ocrx_word' id='word_1_866' title='bbox 1581 3068 1626 3092; x_wconf 75' lang='lat' dir='ltr'>cfr.</span> <span class='ocrx_word' id='word_1_867' title='bbox 1656 3074 1682 3092; x_wconf 82' lang='lat' dir='ltr'>v.</span> <span class='ocrx_word' id='word_1_868' title='bbox 1701 3067 1731 3097; x_wconf 73' lang='lat'>35</span> <span class='ocrx_word' id='word_1_869' title='bbox 1761 3065 1873 3092; x_wconf 86' lang='lat' dir='ltr'>subinde</span> <span class='ocrx_word' id='word_1_870' title='bbox 1898 3066 2024 3098; x_wconf 81' lang='lat' dir='ltr'>allegatur</span> <span class='ocrx_word' id='word_1_871' title='bbox 2046 3073 2072 3090; x_wconf 90' lang='lat' dir='ltr'>v.</span> <span class='ocrx_word' id='word_1_872' title='bbox 2099 3065 2145 3091; x_wconf 73' lang='lat'>⁴0:</span> <span class='ocrx_word' id='word_1_873' title='bbox 2165 3065 2279 3091; x_wconf 83' lang='lat' dir='ltr'>Decolla-</span> 
     </span>
     <span class='ocr_line' id='line_1_119' title="bbox 1324 3109 2280 3144; baseline -0.002 -8"><span class='ocrx_word' id='word_1_874' title='bbox 1324 3111 1362 3136; x_wconf 88' lang='lat' dir='ltr'>vit</span> <span class='ocrx_word' id='word_1_875' title='bbox 1381 3111 1501 3136; x_wconf 86' lang='lat' dir='ltr'>loannem</span> <span class='ocrx_word' id='word_1_876' title='bbox 1521 3111 1545 3136; x_wconf 88' lang='lat' dir='ltr'>in</span> <span class='ocrx_word' id='word_1_877' title='bbox 1566 3118 1679 3136; x_wconf 85' lang='lat' dir='ltr'>carcere.</span> <span class='ocrx_word' id='word_1_878' title='bbox 1697 3124 1733 3130; x_wconf 92' lang='lat'><strong>—</strong></span> <span class='ocrx_word' id='word_1_879' title='bbox 1752 3110 1859 3142; x_wconf 73' lang='lat' dir='ltr'>Inferius</span> <span class='ocrx_word' id='word_1_880' title='bbox 1881 3114 1940 3142; x_wconf 83' lang='lat' dir='ltr'>post</span> <span class='ocrx_word' id='word_1_881' title='bbox 1958 3109 2142 3144; x_wconf 78' lang='lat' dir='ltr'>infirmitatem</span> <span class='ocrx_word' id='word_1_882' title='bbox 2162 3109 2218 3134; x_wconf 85' lang='lat' dir='ltr'>Vat.</span> <span class='ocrx_word' id='word_1_883' title='bbox 2237 3109 2280 3135; x_wconf 86' lang='lat' dir='ltr'>ad-</span> 
     </span>
     <span class='ocr_line' id='line_1_120' title="bbox 1326 3154 1444 3181; baseline 0.008 -1"><span class='ocrx_word' id='word_1_884' title='bbox 1326 3154 1363 3180; x_wconf 90' lang='lat' dir='ltr'>dit</span> <span class='ocrx_word' id='word_1_885' title='bbox 1381 3162 1444 3181; x_wconf 85' lang='lat' dir='ltr'>esse.</span> 
     </span>
    </p>

    <p class='ocr_par' dir='ltr' id='par_1_29' title="bbox 1325 3196 2279 3320">
     <span class='ocr_line' id='line_1_121' title="bbox 1396 3196 2279 3231; baseline -0.002 -7"><span class='ocrx_word' id='word_1_886' title='bbox 1396 3197 1407 3211; x_wconf 83' lang='lat'>⁹</span> <span class='ocrx_word' id='word_1_887' title='bbox 1428 3199 1552 3231; x_wconf 80' lang='lat' dir='ltr'>Vulgata,</span> <span class='ocrx_word' id='word_1_888' title='bbox 1571 3205 1650 3231; x_wconf 86' lang='lat' dir='ltr'>quam</span> <span class='ocrx_word' id='word_1_889' title='bbox 1673 3198 1729 3223; x_wconf 85' lang='lat' dir='ltr'>Vat.</span> <span class='ocrx_word' id='word_1_890' title='bbox 1758 3200 1783 3223; x_wconf 88' lang='lat' dir='ltr'>et</span> <span class='ocrx_word' id='word_1_891' title='bbox 1802 3198 1824 3223; x_wconf 84' lang='lat' dir='ltr'>H</span> <span class='ocrx_word' id='word_1_892' title='bbox 1847 3201 2003 3230; x_wconf 80' lang='lat' dir='ltr'>sequuntur,</span> <span class='ocrx_word' id='word_1_893' title='bbox 2033 3196 2099 3229; x_wconf 81' lang='lat' dir='ltr'>Quis</span> <span class='ocrx_word' id='word_1_894' title='bbox 2128 3198 2167 3223; x_wconf 84' lang='lat' dir='ltr'>est</span> <span class='ocrx_word' id='word_1_895' title='bbox 2188 3198 2279 3223; x_wconf 84' lang='lat' dir='ltr'>autem</span> 
     </span>
     <span class='ocr_line' id='line_1_122' title="bbox 1325 3240 2278 3276; baseline -0.003 -8"><span class='ocrx_word' id='word_1_896' title='bbox 1325 3242 1387 3274; x_wconf 79' lang='lat' dir='ltr'>iste,</span> <span class='ocrx_word' id='word_1_897' title='bbox 1407 3242 1438 3269; x_wconf 80' lang='lat' dir='ltr'>de</span> <span class='ocrx_word' id='word_1_898' title='bbox 1457 3249 1509 3276; x_wconf 85' lang='lat' dir='ltr'>quo</span> <span class='ocrx_word' id='word_1_899' title='bbox 1529 3249 1576 3276; x_wconf 69' lang='lat' dir='ltr'>eqo</span> <span class='ocrx_word' id='word_1_900' title='bbox 1596 3241 1662 3268; x_wconf 82' lang='lat' dir='ltr'>talia</span> <span class='ocrx_word' id='word_1_901' title='bbox 1681 3241 1782 3268; x_wconf 83' lang='lat' dir='ltr'>audio?</span> <span class='ocrx_word' id='word_1_902' title='bbox 1801 3255 1837 3260; x_wconf 91' lang='lat'>—</span> <span class='ocrx_word' id='word_1_903' title='bbox 1856 3242 1912 3267; x_wconf 89' lang='lat' dir='ltr'>Duo</span> <span class='ocrx_word' id='word_1_904' title='bbox 1931 3249 2004 3275; x_wconf 86' lang='lat' dir='ltr'>seqq.</span> <span class='ocrx_word' id='word_1_905' title='bbox 2024 3241 2072 3266; x_wconf 89' lang='lat' dir='ltr'>loci</span> <span class='ocrx_word' id='word_1_906' title='bbox 2092 3245 2152 3266; x_wconf 86' lang='lat' dir='ltr'>sunt</span> <span class='ocrx_word' id='word_1_907' title='bbox 2171 3241 2211 3266; x_wconf 86' lang='lat' dir='ltr'>Ps.</span> <span class='ocrx_word' id='word_1_908' title='bbox 2229 3240 2278 3271; x_wconf 84' lang='lat'>76,</span> 
     </span>
     <span class='ocr_line' id='line_1_123' title="bbox 1326 3287 1764 3320; baseline 0 -8"><span class='ocrx_word' id='word_1_909' title='bbox 1326 3287 1368 3312; x_wconf 76' lang='grc'>14.</span> <span class='ocrx_word' id='word_1_910' title='bbox 1390 3294 1445 3319; x_wconf 86' lang='lat' dir='ltr'>seq.</span> <span class='ocrx_word' id='word_1_911' title='bbox 1465 3290 1490 3312; x_wconf 89' lang='grc'>61</span> <span class='ocrx_word' id='word_1_912' title='bbox 1509 3288 1576 3312; x_wconf 81' lang='lat' dir='ltr'>loan.</span> <span class='ocrx_word' id='word_1_913' title='bbox 1596 3287 1627 3319; x_wconf 79' lang='lat'>9,</span> <span class='ocrx_word' id='word_1_914' title='bbox 1648 3287 1690 3312; x_wconf 80' lang='lat'>32.</span> <span class='ocrx_word' id='word_1_915' title='bbox 1709 3293 1764 3320; x_wconf 83' lang='lat' dir='ltr'>seq.</span> 
     </span>
    </p>

    <p class='ocr_par' dir='ltr' id='par_1_30' title="bbox 1395 3329 2099 3363">
     <span class='ocr_line' id='line_1_124' title="bbox 1395 3329 2099 3363; baseline -0.001 -7"><span class='ocrx_word' id='word_1_916' title='bbox 1395 3329 1417 3344; x_wconf 87' lang='lat'>¹⁰</span> <span class='ocrx_word' id='word_1_917' title='bbox 1438 3331 1510 3356; x_wconf 83' lang='lat' dir='ltr'>Vers.</span> <span class='ocrx_word' id='word_1_918' title='bbox 1531 3330 1574 3356; x_wconf 77' lang='lat'>24.</span> <span class='ocrx_word' id='word_1_919' title='bbox 1587 3344 1622 3350; x_wconf 93' lang='lat'><strong>—</strong></span> <span class='ocrx_word' id='word_1_920' title='bbox 1636 3330 1752 3357; x_wconf 86' lang='lat' dir='ltr'>Subinde</span> <span class='ocrx_word' id='word_1_921' title='bbox 1771 3331 1898 3363; x_wconf 78' lang='lat' dir='ltr'>allegatur</span> <span class='ocrx_word' id='word_1_922' title='bbox 1911 3331 1987 3356; x_wconf 85' lang='lat' dir='ltr'>Prov.</span> <span class='ocrx_word' id='word_1_923' title='bbox 2007 3329 2054 3361; x_wconf 71' lang='lat'>44,</span> <span class='ocrx_word' id='word_1_924' title='bbox 2073 3330 2099 3355; x_wconf 88' lang='lat'>6.</span> 
     </span>
    </p>

    <p class='ocr_par' dir='ltr' id='par_1_31' title="bbox 1396 3372 2110 3407">
     <span class='ocr_line' id='line_1_125' title="bbox 1396 3372 2110 3407; baseline 0 -7"><span class='ocrx_word' id='word_1_925' title='bbox 1396 3373 1415 3388; x_wconf 85' lang='lat'>¹¹</span> <span class='ocrx_word' id='word_1_926' title='bbox 1439 3372 1504 3400; x_wconf 84' lang='lat' dir='ltr'>Vide</span> <span class='ocrx_word' id='word_1_927' title='bbox 1523 3382 1601 3406; x_wconf 81' lang='lat' dir='ltr'>supra</span> <span class='ocrx_word' id='word_1_928' title='bbox 1622 3382 1684 3407; x_wconf 81' lang='lat' dir='ltr'>pag.</span> <span class='ocrx_word' id='word_1_929' title='bbox 1704 3375 1770 3405; x_wconf 75' lang='lat'><strong>2¹6,</strong></span> <span class='ocrx_word' id='word_1_930' title='bbox 1789 3377 1876 3400; x_wconf 79' lang='lat' dir='ltr'>notam</span> <span class='ocrx_word' id='word_1_931' title='bbox 1897 3375 1940 3400; x_wconf 79' lang='lat' dir='ltr'>tt.</span> <span class='ocrx_word' id='word_1_932' title='bbox 2108 3384 2110 3386; x_wconf 66' lang='grc'>’</span> 
     </span>
    </p>
   </div>
  </div>
 </body>
</html>
