2476 3921
47 441 155 470 Epilogus.

1073 238 1109 270 ΙΝ
1134 238 1266 271 LUCAM.
2141 247 2160 276 7

176 326 290 359 Christi
322 326 575 369 mammen-ium,
611 326 649 359 ad
685 326 770 368 quod
794 326 844 358 alii
878 335 939 358 non
965 329 1137 367 potuerunt

176 378 346 421 attingere,
370 383 401 412 et
424 378 493 411 ideo
528 378 719 411 describitur
741 388 843 420 super
867 387 944 415 eos:
969 378 1137 410 Ezechielis

175 432 320 474 prim01:
345 433 463 465 Facies
495 432 629 476 aquilae
661 432 811 474 desuper.
838 450 880 456 —-
906 432 941 463 Et
965 431 1008 464 sic
1034 435 1136 473 patet,

175 486 333 528 quomodo
357 486 473 519 veritas
497 485 665 528 respondet
689 486 825 527 figurae,
845 489 951 527 patent
975 485 1067 517 etiam
1087 485 1137 516 illa

175 547 232 571 sex
258 539 460 581 praeambula
482 538 521 571 ad
544 539 734 578 doctrinam,
758 538 876 571 scilicet
893 538 994 579 qualis
1011 537 1136 576 doctor,

174 592 276 634 quatis
300 593 455 632 auditor,
479 593 552 635 quis
575 591 733 635 efficiens,
758 591 830 633 quis
851 591 948 633 fini-5,
967 600 1048 632 quae
1065 600 1137 622 ma-

175 645 277 684 teria,
300 649 332 678 et
355 655 436 688 quae
459 644 592 688 forma,
625 648 656 677 et
688 653 729 677 ex
763 645 822 676 hoc
854 643 1007 685 quaedam
1042 643 1137 676 totius

174 697 257 730 Libri
281 698 436 740 generalis
459 697 672 740 intelligentia.

273 853 508 894 PROLOGUS
538 853 706 894 SANGTI
736 850 1042 893 HIERONYMV.

255 1000 361 1035 Lucas,
385 1000 506 1030 natione
528 998 633 1038 Syrus,
656 998 878 1040 Antiochensi-2,
902 1002 965 1028 arte
982 998 1137 1034 medicus,

173 1049 344 1088 discipulus
360 1048 591 1087 Apostolorum,
615 1051 719 1086 postea
743 1046 838 1077 vei-0⁸
865 1047 989 1077 Paulum
1013 1051 1137 1077 secutus

173 1106 271 1137 usque
303 1097 340 1128 ad
373 1097 545 1137 passionem
575 1097 657 1133 eius,
686 1096 825 1126 serviens
847 1096 972 1126 Domino
995 1096 1059 1125 sine
1082 1096 1138 1125 eri-

173 1147 254 1177 mine
271 1146 352 1186 (nam
370 1150 468 1185 neque
484 1154 611 1176 uxorem
629 1153 763 1184 unquam
787 1144 894 1174 habuit
917 1152 1015 1183 neque
1037 1144 1137 1183 tilios),

173 1196 365 1234 septuaginta
389 1199 417 1225 et
439 1198 572 1234 quatuor
594 1202 742 1224 annorum
766 1193 842 1223 obiit
865 1194 892 1223 iu
916 1194 1058 1233 Bithynia
1075 1193 1138 1233 ple-

174 1253 230 1275 nus
252 1244 365 1284 Spiritu
389 1250 502 1274 saneto.
525 1243 598 1278 Qui,
621 1251 690 1273 eum
717 1243 774 1273 iam
798 1243 911 1281 scripta
928 1247 1028 1272 essent
1044 1243 1138 1272 Evau-

172 1294 250 1334 gelia
285 1302 339 1333 per
361 1293 546 1323 Matthaeum
574 1292 698 1331 quidem
722 1293 749 1322 in
773 1292 900 1328 Iudaea,
925 1300 979 1330 per
1001 1292 1138 1322 Marcum

173 1346 274 1374 autem
298 1343 327 1373 in
351 1342 453 1378 ltalia,
476 1345 581 1372 sancto
606 1341 766 1380 instigante
790 1341 923 1380 Spiritu,
953 1341 980 1370 in
1005 1341 1138 1370 Achaiae

173 1392 313 1431 partibus
330 1391 387 1422 hoc
403 1391 527 1430 scripsit
542 1390 740 1428 Evangelinm
751 1415 758 1427 ‚
774 1390 949 1428 significans
965 1390 1055 1420 etiam
1074 1390 1138 1428 ipse

172 1440 202 1470 in
226 1440 394 1479 principio,
417 1444 485 1469 aute
501 1447 590 1469 suum
604 1439 614 1453 ⁴
631 1438 690 1469 alia
706 1446 772 1468 esse
788 1438 952 1476 descripta.
974 1438 1027 1468 Cui
1053 1442 1138 1468 extra

173 1497 207 1520 ea
223 1498 303 1528 quae
318 1488 394 1519 ordo
411 1487 605 1526 evangelicae
628 1487 836 1526 dispositionis
853 1487 1008 1525 exposcit,
1028 1495 1063 1517 ea
1081 1495 1139 1516 ma-

172 1539 254 1570 xime
277 1538 442 1569 necessitas
466 1537 579 1567 laboris
602 1537 666 1572 fnit,
688 1541 721 1566 ut
745 1537 877 1575 primum
900 1536 1025 1566 Graecis
1049 1535 1140 1566 tideli-

174 1587 244 1624 bus,
268 1588 352 1617 omni
373 1586 607 1625 prophetatione
630 1586 748 1615 venturi
767 1586 794 1614 in
811 1593 934 1614 earnem
958 1585 1010 1614 Dei
1028 1585 1137 1614 Christi

174 1635 361 1666 manifestata
386 1634 612 1670 humanitate⁵,
635 1641 672 1663 ne
694 1633 826 1663 Iudaicis
849 1632 958 1663 sabulis
980 1633 1084 1662 attenti
1109 1633 1137 1662 in

173 1684 238 1714 solo
254 1684 342 1722 Legis
358 1683 510 1713 desiderio
535 1685 725 1717 tenerentur,
744 1689 781 1711 ne
804 1681 849 1711 101
873 1681 1035 1711 haereticis
1057 1680 1139 1710 sabu-

173 1732 209 1771 lis
232 1737 261 1763 et
284 1733 384 1763 stultis
406 1731 672 1762 sollicitationibus
694 1730 827 1764 seducti,
855 1730 1031 1759 exciderent
1053 1738 1069 1759 a
1093 1737 1139 1759 10-

169 1783 278 1817 ritate,
301 1781 489 1818 elaboraret3
523 1780 635 1810 deliine
666 1783 698 1809 ut
727 1779 758 1813 iu
788 1779 940 1817 principio
965 1777 1138 1815 Evangelii,

172 1830 292 1861 Ioannis
314 1830 471 1860 nativitate
495 1833 687 1868 praesumta,
710 1828 760 1857 cui
795 1827 994 1864 Evangelium
1027 1825 1139 1856 scribe-

173 1883 235 1914 ret,
257 1883 288 1920 et
309 1880 337 1909 in
361 1888 421 1918 quo
445 1879 560 1909 electus
585 1877 751 1913 scriberet,
774 1876 932 1911 indicaret,
955 1879 1137 1911 contestans,

173 1929 202 1958 iu
224 1937 257 1959 se
279 1928 430 1968 completa
454 1936 520 1958 esse
544 1935 622 1966 quae
646 1930 746 1956 essent
769 1925 806 1956 ab
829 1925 896 1955 aliis
917 1924 1067 1954 inchoata.
1083 1923 1136 1953 Cui

173 1977 241 2008 ideo
265 1981 333 2016 post
357 1977 543 2016 baptismum
567 1976 632 2006 Filii
658 1975 721 2011 Dei,
738 1983 753 2004 a
771 1974 957 2013 perfectione
972 1972 1139 2011 generatio-

1203 327 1249 356 nis
1273 327 1300 356 in
1323 327 1442 357 Christo
1466 328 1607 366 impletae
1623 329 1648 364 ἢ,
1672 331 1854 368 repetendae
1878 340 1892 360 a
1918 332 2068 370 principio
2091 333 2162 361 nati-

1203 375 1304 405 vitatis
1332 376 1481 406 buinauac
1513 381 1645 415 potestas
1669 379 1815 416 permissa
1839 383 1900 414 est,
1929 383 1960 409 ut
1982 381 2162 418 requirenti-

1203 423 1259 454 bus
1282 424 1518 461 demonstraret,
1543 426 1570 454 in
1593 435 1653 464 quo
1677 427 1910 464 tqiprebendens
1933 432 2013 462 00111,
2031 437 2085 467 pet·
2109 429 2163 458 Na-

1203 473 1274 502 than
1300 473 1393 502 tilitnn
1419 474 1540 503 introitu
1570 475 1754 504 recurrentis
1778 475 1805 504 iu
1835 476 1927 505 Deum
1961 478 2163 513 generationis

1202 521 1352 558 admisso,
1377 523 1602 560 indisparabilis
1626 524 1698 558 llei;
1722 528 1752 553 ut
1776 525 1956 561 praedicans
1990 526 2164 556 hominibus

1202 570 1354 600 Christum
1386 580 1491 606 suum,
1523 571 1646 609 perlecti
1677 581 1753 610 opus
1785 572 1914 602 bominis
1945 574 2042 603 redire
2075 575 2102 603 in
2132 584 2162 604 sc·

1204 628 1258 658 per
1280 619 1388 649 Filium
1413 620 1540 655 faceret,
1564 621 1615 659 qui
1641 629 1694 659 per
1718 621 1810 650 llaxid
1836 626 1951 660 patrem
1975 623 2164 653 venientibus

1204 669 1260 698 iter
1293 668 1460 707 praebebat
1490 670 1517 698 in
1548 668 1676 698 Christo.
1708 670 1760 699 Cui
1793 670 1892 699 Lucae
1924 680 1980 700 non
2014 672 2162 702 immerito

1203 718 1292 747 etiam
1316 717 1548 746 scribendorum
1571 718 1808 756 apostolicorum
1832 722 1961 749 Aetuum
1987 724 2118 757 potestas
2136 721 2164 749 in

1203 765 1394 796 11111115100107
1418 766 1523 801 datur;
1546 770 1577 795 nt
1601 767 1661 795 Deo
1679 767 1706 795 iu
1726 767 1818 796 Deum
1842 767 1946 805 pleno,
1969 772 1997 797 et
2021 769 2082 798 tilio
2101 777 2165 807 per-

1202 816 1326 845 ditionis
1348 815 1514 851 exstincto‚
1531 816 1667 845 oratione
1683 816 1721 845 ab
1738 817 1889 854 Apostolis
1906 817 1981 846 sacta
1994 841 2000 852 ,
2015 821 2095 846 sorte
2114 818 2166 847 llo-

1204 865 1274 894 miui
1306 864 1462 894 electionis
1492 873 1636 894 numerus
1664 865 1888 903 conqueretur,
1919 866 2026 904 sicque
2055 867 2165 896 l’anlus

1203 915 1495 943 consummationem
1526 913 1701 952 apostolicis
1724 914 1851 944 Actibus
1873 915 1976 949 daret,
1998 924 2088 953 qur-m
2112 916 2163 945 diu

1202 966 1306 993 eontra
1323 962 1478 992 stimulum
1496 963 1738 992 recalcitrantem
1757 964 1900 993 Dominus
1916 963 2062 999 elegisset.
2080 964 2164 999 Quod

1203 1012 1371 1050 legentibus
1395 1020 1430 1041 ac
1447 1011 1673 1050 requirentibus
1690 1012 1782 1041 Deum
1799 1013 1853 1042 etsi
1872 1022 1925 1051 per
1941 1013 2057 1049 singula
2075 1022 2163 1051 expe-

1203 1060 1260 1089 diri
1277 1070 1293 1090 a
1312 1060 1398 1089 nobis
1421 1060 1493 1090 utile
1517 1060 1630 1095 suerat,
1646 1061 1746 1090 sciens
1761 1065 1874 1095 tamen,
1891 1061 1971 1100 qnod
1989 1066 2164 1100 operantem

1203 1109 1368 1148 agricolam
1392 1113 1528 1148 oporteat
1546 1109 1583 1139 de
1601 1109 1748 1139 fructibus
1763 1110 1827 1139 suis
1849 1110 1939 1140 edere
1954 1111 1980 1145 ³,
2004 1111 2165 1140 xitaximus

1203 1158 1358 1197 publicam
1382 1158 1600 1195 curiositatem,
1630 1167 1666 1188 ne
1698 1167 1754 1188 uon
1787 1163 1845 1189 tam
1878 1159 2048 1189 xolentitms
2073 1160 2164 1189 licum

1205 1207 1394 1242 videremur,
1417 1216 1509 1246 quam
1533 1208 1756 1238 fastidientibus
1780 1209 1950 1247 prodidisse
1963 1208 1983 1239 ⁹.

1463 1320 1625 1352 lixrosmo
1650 1330 1743 1353 uetes
1769 1321 1910 1353 l'uorout.

1297 1437 1323 1468 1.
1350 1435 1426 1467 Huic
1449 1439 1554 1467 autem
1582 1435 1661 1467 libro
1685 1436 1804 1477 duplex
1827 1437 2039 1478 praemittitur
2064 1437 2166 1478 prolo-

1204 1499 1280 1532 gus,
1306 1498 1390 1522 unus
1414 1493 1460 1522 est
1485 1489 1699 1527 translatoris,
1725 1489 1840 1522 scilicet
1865 1490 1944 1522 beati
1972 1490 2166 1531 Hieronymi,

1204 1544 1285 1576 alius
1310 1552 1385 1575 vero
1408 1542 1565 1581 auctoris,
1591 1542 1708 1575 scilicet
1733 1543 1813 1575 beati
1840 1544 1949 1576 Lucae.
1976 1544 2099 1575 Primus
2124 1544 2166 1575 sie

1205 1596 1331 1637 incipit:
1356 1596 1466 1628 Lucas
1491 1596 1599 1637 Syrus
1627 1599 1705 1633 etc.;
1731 1596 1889 1628 secundus
1913 1596 1974 1628 sie:
2002 1597 2165 1636 Quoniam

1204 1649 1336 1692 quidem
1359 1647 1458 1680 multi
1480 1648 1593 1680 conati
1613 1652 1694 1679 suut
1707 1648 1732 1666 ¹⁰
1756 1651 1814 1680 etc.
1832 1667 1876 1671 -—
1892 1648 1981 1680 Circa
2002 1650 2166 1691 prologum

1203 1700 1394 1742 expositoris
1419 1700 1478 1732 tria
1501 1700 1591 1732 nobis
1615 1700 1840 1733 consideranda
1864 1706 2054 1739 occurrunt,
2087 1711 2167 1743 quae

1203 1754 1234 1786 in
1252 1754 1319 1795 ipso
1343 1753 1473 1795 prologo
1489 1753 1735 1795 exprimuntur,
1754 1754 1871 1786 scilicet
1887 1763 1982 1786 causa
2005 1755 2165 1797 efficiens,

1202 1806 1316 1848 finalis
1341 1810 1371 1839 et
1394 1805 1551 1849 formales
1575 1807 1680 1848 operis
1706 1807 1936 1849 subsequentis.
1964 1808 2101 1840 l’rimum
2124 1808 2167 1840 sa-

1203 1860 1245 1893 cit
1268 1860 1328 1892 ibi:
1355 1860 1480 1898 Lucae,
1498 1859 1608 1903 Syrus
1624 1864 1700 1898 etc.;
1727 1860 1918 1899 secundum,
1943 1861 2002 1893 ibi:
2028 1861 2091 1893 Cui
2113 1872 2167 1893 ex-

1204 1917 1258 1945 tra
1283 1923 1322 1945 ea,
1346 1922 1430 1957 quae
1455 1913 1536 1945 ordo
1560 1918 1638 1952 etc.;
1664 1914 1811 1952 tertium,
1837 1914 1893 1946 ibi:
1922 1914 1984 1947 Cuz'
2009 1914 2077 1946 ideo
2092 1920 2167 1956 pose

1203 1966 1407 2009 baptismum
1431 1970 1489 1999 etc.

245 2133 253 2148 ¹
275 2130 350 2160 Vers.
371 2134 416 2165 10,
436 2141 516 2167 (1110111
541 2141 570 2160 ex
590 2134 611 2158 D
630 2132 824 2165 supplex-imus.
843 2146 878 2151 —
904 2132 953 2157 Pro
971 2137 1054 2164 super
1074 2136 1136 2161 eos,

172 2179 215 2205 ed.
235 2180 244 2204 ⁴t
277 2181 303 2204 et
329 2179 386 2204 Vat.
406 2185 488 2211 super
507 2184 613 2208 omnes,
639 2183 708 2209 quae
727 2176 805 2200 etiam
832 2175 938 2201 interius
962 2177 1022 2206 post
1041 2172 1137 2200 doctri-

172 2229 238 2248 nam
262 2224 458 2255 prosequuntur
486 2219 687 2254 evangelicam,
716 2218 817 2245 scilicet
844 2218 932 2252 qualis
962 2217 1053 2244 debeat
1081 2224 1137 2243 esse

172 2266 265 2293 doctor
282 2270 330 2292 etc.

243 2310 254 2325 ²
274 2312 393 2344 Sequens
412 2311 538 2342 prologus
552 2310 633 2341 ignoti
647 2309 760 2335 auctoris
774 2311 799 2334 et
812 2308 938 2340 expositio
956 2307 1075 2333 eiusdem
1095 2307 1138 2333 de-

172 2359 232 2382 sunt
249 2356 276 2381 in
295 2355 337 2381 ed.
359 2355 368 2380 1
393 2358 418 2380 et
431 2354 555 2379 Vaticana
569 2357 594 2379 et
607 2353 662 2379 aliis
682 2360 740 2378 eam
760 2352 939 2385 sequentibus.
959 2351 1042 2378 Codd.
1056 2352 1138 2378 nostri

172 2399 270 2426 habent
288 2398 492 2431 expositionem,
511 2397 559 2423 sed
578 2404 632 2422 non
652 2397 739 2428 ipsum
761 2397 910 2428 prologum.

243 2444 385 2475 Prologutn
405 2443 488 2474 hunc,
509 2442 600 2473 paucis
627 2441 747 2472 mutatis,
773 2440 940 2473 exhibemus,
961 2444 1038 2472 prout
1057 2444 1139 2467 exstat

173 2489 200 2514 in
218 2488 260 2513 ed.
280 2494 392 2519 operum
421 2486 519 2512 Sedulii
538 2486 622 2518 scoti,
643 2485 688 2518 qui
708 2486 795 2517 ipsum
816 2485 936 2517 exposuit
957 2486 1067 2517 ibligine,
1094 2486 1138 2511 Pa-

173 2533 231 2558 trol.
249 2533 304 2557 Lat.
323 2534 386 2556 tom.
407 2531 467 2556 t03.
486 2531 534 2556 col.
556 2530 625 2561 ‘285;
656 2529 718 2555 ibid.
748 2530 795 2556 col.
825 2530 850 2555 9.
880 2530 992 2556 dicitur:
1016 2531 1138 2558 sedulius

173 2577 272 2607 iunior,
291 2577 393 2601 natione
413 2576 522 2605 Scotus3
542 2574 667 2605 dubium,
682 2581 714 2599 an
730 2575 750 2599 is
769 2574 814 2607 qui
834 2581 877 2600 an.
895 2574 943 2599 721
969 2575 1077 2601 concilio
1091 2576 1139 2602 Ito·

173 2627 251 2646 mano
270 2619 440 2651 subscripsit,
454 2627 485 2645 an
500 2619 579 2652 alins,
599 2626 678 2652 quem
693 2619 902 2650 llepidamnus...
916 2626 957 2644 an.
972 2620 1023 2645 8t8
1038 2621 1137 2646 clarum

174 2665 253 2691 fuisse
272 2665 383 2698 narrat).
401 2665 458 2697 lpse
478 2665 501 2690 in
522 2665 563 2691 ed.
584 2671 695 2696 operum
726 2664 751 2688 S.
781 2664 932 2695 Hieronymi
958 2664 983 2690 in
1003 2669 1075 2691 tomo
1095 2666 1137 2691 xl.

173 2710 222 2735 eol.
242 2710 303 2735 833.
323 2709 420 2740 (studio
440 2709 569 2740 Doinipici
584 2709 717 2741 Vallatsii,
738 2709 856 2734 Veronae
874 2708 949 2741 1742)
971 2710 1136 2742 simpliciter,

173 2755 242 2780 nulla
260 2754 348 2780 addita
367 2754 483 2785 ratione,
503 2756 653 2780 recensetur
673 2754 739 2779 inter
759 2760 840 2785 opera
862 2755 951 2785 spuria
977 2754 1137 2787 Hieronymi.

173 2798 225 2825 Cir.
242 2798 305 2824 ibid.
326 2799 456 2831 Expositio
475 2803 589 2832 quatuor
609 2798 849 2830 Evangelistartun,
869 2798 895 2824 in
917 2799 1017 2831 livang.
1045 2807 1138 2825 sccun-

173 2843 237 2869 dum
258 2844 371 2874 Lucam,
391 2843 436 2869 ubi
458 2844 495 2877 (in
514 2844 656 2876 print-ipio)
677 2850 707 2868 ea
727 2847 883 2882 tanguntur,
904 2844 1011 2876 quaein
1030 2852 1138 2876 praeuo-

172 2891 226 2922 tato
239 2889 350 2921 prologo
365 2888 499 2917 historiam
520 2889 553 2914 de
574 2889 658 2914 Lucae
678 2888 819 2920 Evangelio
833 2893 1011 2920 concernunt3
1031 2890 1064 2915 de
1083 2891 1138 2923 qui-

174 2932 224 2958 bus
245 2933 307 2959 vide
326 2933 404 2958 etiam
424 2933 546 2964 llieron.‚
565 2933 599 2958 de
618 2932 686 2958 Viris
700 2932 817 2958 illustrib.
832 2940 854 2958 c.
868 2933 893 2958 7.
907 2937 933 2959 et
947 2935 1048 2967 Prolog.
1063 2935 1138 2961 Com-

174 2980 283 3003 mentar.
303 2978 328 3003 in
349 2979 447 3010 livang.
473 2978 560 3003 lttattb.
580 2991 615 2996 —
634 2977 674 3002 Ad
703 2978 898 3004 emendandum
928 2980 1069 3012 prologum
1099 2981 1137 3005 usi

174 3029 266 3048 sumus
286 3026 388 3054 praeter
407 3023 448 3048 ed.
470 3022 567 3048 Sedulii
582 3022 672 3055 (quam
687 3022 713 3047 in
727 3030 801 3056 seqq.
815 3023 952 3056 signamus
971 3025 1054 3050 littera
1068 3026 1098 3057 Λ)
1113 3029 1139 3051 01

174 3067 215 3092 ed.
235 3067 353 3092 Vallarsii
374 3066 453 3099 (qnae
473 3069 575 3092 notatur
588 3067 670 3092 littera
684 3068 729 3100 Β)1
742 3068 855 3094 editione
869 3069 986 3095 Postillae
1000 3071 1026 3096 B.
1041 3070 1138 3096 Alberti

174 3118 253 3142 supet·
273 3111 442 3142 Evangeliare
456 3110 517 3144 [sic]
536 3111 622 3137 Lucae
642 3112 792 3145 (llagenau,
815 3113 898 3145 1504,
917 3122 998 3147 qnam
1017 3118 1139 3141 notamus

174 3154 255 3179 littera
275 3154 305 3185 C)
315 3173 321 3184 ‚
335 3157 360 3179 et
373 3155 467 3186 Lyrani
487 3155 568 3180 Biblia
589 3163 662 3182 sacra
676 3164 736 3182 cum
751 3158 840 3183 Glossa
855 3162 904 3184 etc.
919 3160 1046 3190 (Venetiis
1064 3161 1138 3191 1588,

174 3204 241 3230 quae
261 3198 379 3229 signatur
398 3199 479 3225 littera
500 3200 542 3233 D).
573 3201 645 3226 Duae
674 3202 780 3228 ultimae
808 3203 870 3229 edd.
897 3204 1024 3236 praebent
1042 3205 1069 3230 in
1088 3205 1138 3230 [ine

175 3242 276 3273 prologi
297 3243 520 3276 additamentum,
540 3246 612 3278 quod
632 3246 740 3272 interius
759 3248 909 3274 afferemus.

245 3284 256 3299 ⁸
275 3286 340 3312 Edd.
354 3288 373 3313 B
386 3287 405 3313 C
416 3288 437 3314 D
456 3289 578 3316 omittunt
592 3298 661 3318 vero.
677 3291 796 3318 Subinde
816 3300 865 3325 pro
884 3293 1035 3327 passionem
1057 3294 1076 3319 B
1087 3294 1105 3318 C
1118 3295 1138 3319 l)

174 3331 433 3359 consummationem
454 3335 482 3365 (13
503 3334 527 3360 in
548 3336 666 3368 margine
680 3337 974 3370 consessionem,t‘1tiod
995 3338 1072 3363 etiam
1093 3340 1139 3363 ha-

175 3374 218 3401 bet
231 3375 307 3402 Card.
321 3378 424 3410 Ilugo),
443 3382 468 3404 et
483 3387 531 3411 pro
546 3379 639 3407 halwil
657 3382 766 3407 eaedem
780 3382 842 3407 edd.
855 3381 1016 3407 substituunt
1029 3381 1139 3408 hahens.

236 3420 255 3434 '⁴
276 3422 308 3447 lix
328 3422 388 3448 edd.
408 3423 490 3450 nel)
510 3424 660 3453 addidimus
679 3419 770 3451 sun-m.

1275 2128 1286 2143 ¹⁵
1306 2130 1352 2155 Ed.
1372 2130 1391 2156 C
1411 2129 1555 2164 nmuisesta
1575 2132 1642 2156 esset
1670 2130 1826 2156 lmmanitus
1856 2130 1900 2161 (ita
1920 2134 1943 2155 et
1964 2129 2041 2155 Cat-d.
2062 2131 2166 2162 liugom

1202 2174 1280 2199 etiam
1301 2174 1323 2199 D
1342 2173 1447 2200 exhibet
1465 2174 1618 2208 witanifesla.
1638 2188 1674 2193 —
1693 2174 1809 2200 Subinde
1835 2175 1974 2206 respicitur
1995 2174 2046 2199 Tit.
2070 2176 2094 2206 t,
2120 2175 2166 2200 tt:

1202 2219 1258 2244 Non
1278 2219 1440 2245 intendentes
1459 2219 1569 2245 Iudaicis
1589 2219 1690 2245 sabulis.
1710 2219 1761 2244 Ct'r.
1781 2220 1806 2244 11.
1828 2219 1894 2244 Tim.
1910 2220 1941 2249 2,
1960 2219 2047 2244 ¹648.
2061 2224 2085 2244 et
2100 2219 2129 2246 4.
2144 2220 2169 2245 t.

1274 2261 1286 2277 ⁶
1305 2263 1369 2289 Edd.
1390 2263 1408 2289 C
1429 2267 1454 2290 et
1474 2264 1495 2289 D
1514 2264 1616 2290 addunt
1634 2266 1665 2290 et.
1687 2264 1792 2289 interius
1813 2268 1870 2296 post
1891 2263 1998 2289 melma
2012 2263 2098 2297 filium
2121 2264 2168 2289 BC

1203 2308 1328 2334 adiiciunt
1342 2308 1436 2335 David.
1452 2308 1570 2334 Subinde
1584 2316 1632 2341 pro
1651 2307 1853 2342 indispuralu'h's
1875 2307 1921 2333 Dei
1939 2309 1957 2332 B
1977 2307 2168 2341 inseparuln'lis

1203 2353 1259 2384 Dei,
1275 2357 1300 2378 et
1313 2361 1362 2385 pro
1377 2353 1404 2379 in
1418 2352 1571 2380 hominibus
1587 2354 1605 2379 B
1619 2353 1646 2379 in
1661 2353 1799 2383 omnibns,
1821 2353 1840 2377 b
1860 2354 1883 2378 el
1902 2352 2061 2386 praedit-uns
2086 2352 2168 2379 leomi-

1202 2397 1280 2424 m'bus
1300 2405 1348 2430 pro
1371 2400 1398 2425 ul
1413 2398 1577 2432 praedicans
1597 2397 1757 2425 hominibus.

1275 2441 1284 2456 ⁷
1306 2442 1372 2469 Cum
1393 2444 1454 2469 cdd.
1475 2443 1555 2469 BCD
1576 2451 1623 2475 pro
1644 2442 1769 2479 thystri-ip
1798 2442 1982 2473 substituimus
2012 2442 2168 2469 nit'nislert'o.

1203 2501 1239 2507 —
1259 2487 1376 2514 Subinde
1402 2489 1541 2521 respicitur
1565 2490 1633 2513 toan.
1663 2488 1699 2517 t7,
1727 2488 1771 2512 ¹2:
1792 2489 1862 2519 Quos
1881 2487 1973 2512 dedisti
1995 2487 2057 2511 mibi
2083 2492 2170 2512 ensto-

1203 2533 1275 2563 divi3
1296 2537 1321 2558 et
1334 2540 1411 2558 nemo
1426 2541 1456 2559 ex
1476 2534 1513 2559 cis
1533 2533 1622 2564 periitv
1643 2533 1692 2557 nisi
1713 2532 1779 2557 1111115
1799 2532 1968 2563 perditionis;
1987 2539 2034 2562 pro
2053 2539 2121 2564 «pio,
2143 2537 2168 2556 ut

1204 2578 1299 2604 dicitnr
1319 2579 1373 2604 Act.
1396 2579 1419 2609 ’1,
1440 2578 1535 2608 alx-26,
1559 2578 1675 2606 oratione
1699 2579 1773 2607 sarta,
1792 2580 1860 2601 sorte
1881 2576 1977 2601 01001115
1996 2581 2033 2601 est
2054 2576 2168 2601 Δ1111111135.

1203 2623 1241 2648 1)0
1267 2623 1346 2649 Ρ111110
1373 2623 1484 2656 eiusque
1504 2622 1676 2648 conversione
1701 2622 1761 2647 vide
1781 2621 1844 2645 ibid.
1865 2628 1886 2645 0.
1907 2622 1938 2651 9,
1959 2620 2002 2645 nbi
2023 2628 2046 2645 1.
2069 2622 2101 2645 li:
2121 2621 2169 2645 Du-

1203 2675 1262 2694 rum
1289 2672 1328 2694 est
1353 2668 1398 2694 tibi
1425 2672 1513 2694 contra
1540 2668 1674 2693 stimulum
1701 2667 1841 2692 calcitrare.
1862 2679 1897 2684 —
1917 2666 1964 2690 Pro
1985 2673 2061 2699 quein
2084 2666 2128 2691 diu
2151 2667 2168 2690 11

1204 2712 1344 2747 quamdin.

1271 2759 1285 2786 .⁸
1305 2760 1384 2792 Epist.
1406 2760 1432 2784 11.
1454 2759 1521 2784 Tim.
1543 2759 1572 2790 2,
1593 2759 1622 2783 G:
1642 2757 1813 2782 Labor-antem
1834 2747 1975 2788 agricolam
1997 2760 2096 2788 oportet
2118 2757 2169 2788 pri-

1203 2812 1277 2831 mum
1292 2805 1324 2830 110
1348 2803 1476 2830 fructibus
1489 2803 1632 2835 percipere.
1648 2802 1711 2827 lidd.
1733 2801 1822 2831 neb,
1840 2802 1879 2826 liis
1895 2801 1982 2826 verbis
2005 2802 2170 2827 eonsentien-

1204 2849 1256 2881 t'es,
1271 2852 1329 2881 post
1349 2849 1471 2882 oporteat
1490 2847 1589 2873 addunt
1609 2846 1738 2879 priimum.
1752 2860 1786 2864 —
1801 2846 1928 2876 Superius
1947 2846 2004 2870 voci
2024 2845 2168 2878 leglenlibus

1203 2894 1284 2919 BCD
1304 2893 1453 2925 praefigunt
1472 2893 1503 2918 et.
1525 2891 1631 2916 lnt'erius
1651 2894 1708 2922 post
1732 2891 1814 2916 Deum
1836 2891 1854 2915 ll
1875 2890 1947 2915 addit
1960 2890 2167 2916 alemonsernssr.

1203 2938 1222 2964 C
1235 2938 1253 2963 D
1273 2937 1474 2968 demonstrare,
1497 2936 1557 2961 dein
1577 2936 1646 2960 solus
1667 2936 1686 2959 Α
1704 2934 1832 2968 prodesse
1852 2942 1899 2966 pro
1916 2935 2076 2968 lii-mlae'rlissr‘.

1274 2980 1285 2995 ⁹
1305 2982 1370 3007 Edd.
1390 2981 1440 3007 Cn
1469 2981 1632 3012 adiungunt:
1659 2977 1792 3005 Lectorem
1820 2978 1930 3004 obsecro
1953 2979 2100 3004 studiosum
2132 2979 2168 3013 [ti

1203 3026 1333 3061 studiose]
1353 3027 1464 3058 paginas
1484 3029 1662 3051 recensentem
1682 3024 1760 3048 huius
1781 3023 1837 3048 libri
1857 3031 1887 3048 ea
1906 3031 1973 3056 quae
1995 3025 2094 3049 incante
2109 3032 2168 3049 eou-

1204 3075 1241 3097 tra
1261 3079 1305 3097 eas
1325 3071 1374 3096 stili
1394 3070 1588 3103 praecurrentis
1617 3069 1750 3099 designata
1782 3068 1892 3100 xosugto
1922 3073 1994 3095 suut.
2016 3076 2066 3093 non
2089 3069 2168 3093 niodo

1203 3117 1347 3147 coniungat
1366 3116 1462 3142 errori,
1483 3115 1528 3140 5011
1549 3119 1609 3145 peto
1624 3120 1697 3138 meae
1712 3114 1847 3144 ignoscere
1862 3113 2041 3144 ignorantiae:
2061 3118 2084 3137 et
2100 3120 2168 3145 quae

1203 3161 1343 3187 obstinatio
1361 3161 1470 3192 legentis
1494 3159 1616 3190 ampliata
1636 3159 1719 3183 virtus
1739 3158 1858 3182 exercitat
1879 3158 1912 3182 ad
1933 3165 2030 3188 purum
2057 3158 2167 3183 11111ῑί105,

1204 3206 1297 3231 mentis
1326 3212 1399 3230 meae
1430 3203 1562 3230 favoribus
1591 3203 1695 3235 meique
1725 3210 1827 3227 memor
1848 3202 2026 3233 11001011ομ-
2045 3202 2166 3227 Ceterum

1204 3251 1292 3282 plures
1312 3249 1505 3281 propositiones
1525 3248 1625 3280 prologi
1647 3248 1680 3272 ita
1702 3247 1843 3278 ineongrne
1870 3254 2007 3278 expressae
2032 3251 2105 3275 sunt,
2127 3251 2167 3272 nt.

1203 3302 1272 3327 qnae
1291 3295 1323 3320 511
1343 3302 1405 3319 101-11
1426 3294 1513 3321 101-1111,
1536 3293 1576 3318 vix
1596 3292 1646 3318 diei
1673 3292 1763 3323 possit.
1793 3292 1902 3316 Videtur
1931 3295 2015 3316 textus
2043 3298 2099 3315 esse
2126 3291 2166 3316 101

1204 3339 1270 3364 mala
1291 3346 1321 3363 ex
1341 3340 1439 3364 tii-aceo
1460 3338 1583 3363 idiomate
1604 3337 1704 3366 rei-sio,
1725 3336 1765 3361 vel
1787 3336 1847 3360 111111·
1868 3336 1927 3360 inde
1947 3340 2095 3366 eoi-ruptus.

1276 3381 1297 3396 ¹⁰
1318 3384 1380 3407 1.111τ.
1405 3383 1410 3407 1
1424 3403 1428 3411 ,
1454 3383 1473 3406 l.
1487 3396 1521 3401 —-
1536 3381 1726 3413 lixpositionem
1742 3380 1819 3411 primi
1840 3380 1954 3411 prologi,
1969 3386 2038 3411 qnae
2052 3379 2085 3403 ab
2105 3379 2165 3403 edd.

1203 3426 1339 3456 omittitur,
1359 3426 1542 3457 supplevimus
1562 3433 1576 3449 0
1596 3425 1674 3449 codd.

2186 1655 2235 1676 Tria
2250 1655 2323 1676 consi-

2200 1681 2304 1703 denuda.
