2476 3921
19 360 154 384 Profunditas

26 387 153 436 iudiil‘ifm

0 1358 1 1393 i
35 1374 153 1401 Explicatio

44 1401 143 1423 notanda.

744 208 939 242 COMMENT.
965 209 1002 242 IN
1026 208 1267 242 EVANGELlUM
1291 210 1408 243 LUCAE
1433 210 1465 243 C.
1491 211 1578 244 XXII.

261 297 313 331 31.
338 298 440 340 (Vers.
466 299 543 339 22).
573 297 716 331 Secundo
743 301 898 340 quantum
925 297 964 330 ad
988 296 1135 340 profun-

171 351 305 384 ditatem
330 351 536 384 iudiciorum
562 351 622 384 Dei
636 350 802 384 subditur:
821 351 865 384 Et
876 351 1009 394 quidem
1026 350 1136 383 Filius

172 404 336 445 hominis,
360 405 544 438 secundam
568 405 656 448 quod
679 404 853 447 definitum
869 408 927 444 cst,
943 404 1058 442 vadtc;
1076 405 1135 437 hoc

173 462 221 492 est
244 458 419 492 secundum
442 458 587 491 divinum
618 458 782 491 decretum
812 461 844 491 et
867 467 963 491 suum
988 457 1135 500 benepla-

172 512 288 552 citum;
313 512 409 545 Isaiae
430 511 694 554 quinquagesimo
725 511 819 544 tertio
834 512 863 544 ¹:
894 524 910 539 «
926 510 1043 544 Omnes
1078 520 1135 544 nos

172 566 262 609 quasi
293 575 368 599 oves
398 565 594 605 erravimus,
627 565 850 607 unusquisque
881 564 911 597 in
937 565 1019 598 viam
1044 574 1133 598 suam

171 618 348 657 declinavit,
365 622 396 651 et
407 618 517 660 ,posuit
532 618 684 651 Dominus
696 618 728 650 in
741 627 778 651 eo
794 617 978 660 iniquitates
992 618 1135 651 omnium

172 676 317 706 nostrum
334 684 365 712 »3
390 676 421 705 et
445 672 562 705 iterum
586 671 720 705 ibidem:
751 685 767 700 «
785 671 819 704 Et
852 671 1005 704 Dominus
1034 671 1134 704 voluit

172 729 336 759 conterere
370 734 444 759 eum
477 725 508 758 in
543 724 726 758 infirmitate
742 737 773 765 »3
798 729 829 758 et
864 725 997 758 Actuum
1022 725 1132 758 tertio:

177 792 193 808 «ι
209 779 293 812 Deus
317 788 399 821 quae
423 779 657 821 praenuntiavit
680 787 737 821 per
768 788 803 812 os
826 779 967 811 omnium
997 778 1135 821 Prophe-

173 837 297 872 tarum,
322 832 386 875 pati
420 832 582 865 Christum
615 841 729 870 suum,
765 832 907 874 implevit
941 832 1032 865 sic».
1058 832 1134 865 Nam

171 887 265 920 Isaias
288 886 362 919 dicit
385 887 481 919 Isaiae
507 886 771 929 quinquagesimo
788 885 923 919 terti02:
943 886 1134 928 «Tanquam

171 940 239 973 ovis
262 939 301 973 ad
324 940 510 973 occisionem
534 940 670 972 ducetur
683 952 714 978 »;
738 943 770 972 et
786 940 987 972 Threnorum
1004 939 1133 972 ultimo:

176 1006 192 1022 «
209 994 344 1036 Spiritus
367 994 432 1026 oris
456 993 573 1032 nostri,
598 993 744 1026 Christus
771 993 924 1026 Dominus
953 997 1064 1035 captus
1087 997 1135 1026 est

171 1047 204 1080 in
229 1047 363 1089 peccatis
398 1046 515 1080 nostris
531 1059 562 1086 »3
587 1050 618 1079 et
650 1047 787 1080 Danielis
823 1056 921 1080 nono:
953 1060 968 1076 «
986 1047 1056 1080 Post
1080 1047 1135 1080 he-

171 1100 340 1133 bdomadas
363 1100 527 1143 sexaginta
542 1101 621 1134 duas
637 1100 798 1133 occidetur
822 1100 968 1133 Christus
984 1113 1014 1140 »;
1032 1103 1063 1133 et
1079 1100 1135 1132 Za-

172 1155 298 1187 chariae
321 1154 442 1187 decimo
471 1154 579 1187 tertio:
610 1154 723 1196 «Quid
755 1157 830 1187 sunt
861 1154 970 1196 plagae
1002 1154 1079 1186 istae
1103 1154 1135 1186 in

171 1208 274 1241 medio
299 1217 451 1241 manuum
475 1211 630 1241 tuarum?
653 1208 690 1240 Et
712 1207 810 1240 dicet:
835 1207 886 1240 His
903 1207 1048 1250 plagatus
1064 1216 1135 1240 sum

173 1262 205 1294 in
229 1262 321 1294 domo
345 1270 456 1294 eorum
481 1261 536 1304 qui
560 1261 731 1304 diligebant
755 1270 848 1294 me».

262 1316 314 1349 32.
340 1315 462 1348 Passio
485 1315 583 1357 igitur
606 1315 722 1348 Christi
755 1314 814 1347 fuit
845 1314 983 1356 definita
1011 1323 1030 1346 a
1053 1314 1134 1353 Deo,

171 1369 231 1403 fuit
254 1369 348 1402 etiam
372 1369 430 1402 sibi
453 1369 581 1411 placita
612 1372 641 1401 et
665 1372 800 1410 accepta
812 1368 837 1407 ³,
867 1371 898 1401 et
929 1371 1032 1400 tamen
1057 1366 1136 1410 affe-

172 1428 245 1456 ctus
282 1423 466 1465 proditoris
497 1423 557 1455 fuit
593 1422 770 1465 displicens
805 1426 835 1455 et
865 1431 1066 1464 perversius,-
1105 1424 1136 1453 et

172 1477 242 1510 ideo
265 1477 430 1510 subditur:
471 1477 702 1509 Verumtamen
732 1485 793 1508 vae
828 1474 956 1508 homini
984 1474 1052 1513 illi,
1073 1484 1136 1516 per

172 1540 267 1574 quem
292 1530 468 1562 tradetur!
492 1530 581 1572 quia,
606 1529 678 1562 licet
701 1528 863 1572 ineffeetu
886 1529 926 1561 sit
950 1527 1134 1567 concordia,

173 1584 204 1616 in
228 1583 394 1616 voluntate
427 1587 531 1616 tamen
563 1586 610 1616 est
642 1591 766 1616 summa
800 1582 1028 1624 discrepantia,
1061 1582 1135 1624 quia

172 1638 258 1671 Deus
289 1638 349 1670 hoc
380 1637 504 1670 volebat
535 1646 577 1670 ex
608 1637 767 1676 caritate,
793 1636 971 1669 secundum
995 1635 1073 1668 illud
1096 1635 1135 1668 ad

175 1691 324 1734 Ephesios
347 1691 529 1724 secundo4:
559 1704 575 1719 «
591 1690 677 1723 Deus
699 1693 825 1729 autem,
849 1689 904 1732 qui
928 1689 1016 1722 dives
1040 1693 1088 1722 est
1103 1689 1136 1721 in

172 1745 406 1784 misericordia,
432 1748 562 1788 propter
584 1744 714 1777 nimiam
738 1744 900 1777 caritatem
919 1757 933 1773 n
955 1747 1032 1783 etc.;
1050 1747 1081 1776 et
1097 1743 1136 1776 ad

174 1801 327 1833 Romanos
350 1799 479 1842 quinto:
501 1811 516 1827 (ι
530 1798 735 1831 Commendat
750 1801 855 1830 autem
873 1798 957 1830 Deus
974 1797 1136 1830 caritatem

174 1862 263 1887 suam
288 1852 319 1885 in
343 1849 450 1891 nobis,
475 1852 643 1894 quoniam,
667 1860 740 1884 cum
763 1851 868 1884 adhuc
884 1854 1065 1893 peccatores
1088 1859 1136 1883 es-

175 1915 299 1946 semus,
323 1906 469 1939 Christus
493 1914 551 1947 pro
585 1897 677 1937 nobis
705 1907 853 1937 mortuus
875 1907 924 1937 est
936 1917 966 1935 ».
991 1903 1137 1936 Christus

174 1960 299 1993 volebat
329 1968 371 1992 ex
405 1959 607 1996 obedientia;
638 1958 677 1990 ad
709 1958 923 1999 Philippenses
955 1956 1135 1989 secundo⁵:

182 2026 197 2042 «
213 2012 393 2046 Humiliavit
417 2011 639 2054 semetipsum,
663 2011 764 2044 factus
796 2010 944 2043 obediens
972 2018 1075 2052 usque
1097 2009 1137 2042 ad

175 2070 310 2099 mortem
330 2080 345 2094 n
373 2068 432 2099 etc.
457 2065 561 2098 Iudaei
593 2065 740 2098 volebant
773 2073 815 2097 ex
850 2063 1059 2101 crudelitate;
1084 2064 1136 2095 Sa—

177 2119 311 2162 pientiae
335 2118 517 2152 secund0⁶:
547 2131 562 2147 «
578 2117 773 2151 Contumelia
796 2121 827 2150 et
859 2120 1017 2150 tormento
1040 2117 1136 2150 inter-

177 2182 326 2216 rogemus
361 2181 435 2205 eum
452 2185 482 2204 ».
514 2172 644 2204 «Morte
675 2171 860 2213 turpissima
893 2170 1137 2204 condemnemus

177 2235 298 2259 eum».
323 2226 415 2259 Iudas
449 2228 556 2258 autem
587 2226 647 2258 hoc
678 2225 802 2258 volebat
837 2233 879 2257 ex
914 2223 1082 2263 avaritia,
1106 2227 1138 2256 et

176 2280 246 2313 ideo
277 2283 380 2323 potest
412 2279 470 2312 sibi
503 2283 682 2321 competere
712 2278 790 2311 illud
818 2278 952 2310 Actuum
986 2277 1136 2310 octav0⁷:

184 2333 351 2367 «Pecunia
387 2337 442 2366 tua
477 2336 582 2366 tecum
619 2333 659 2366 sit
694 2332 725 2365 in
761 2331 1015 2374 perditionem».
1051 2330 1138 2364 Unde

179 2390 311 2429 apparet
335 2387 365 2419 in
390 2387 463 2419 luda
488 2386 564 2419 illud
589 2386 674 2428 quod
697 2386 813 2418 dicitur
837 2385 956 2427 primae
980 2384 1018 2417 ad
1035 2385 1138 2417 Timo-

179 2440 289 2473 theum
321 2443 429 2472 sexto:
471 2439 562 2480 «Qui
599 2439 709 2471 volunt
740 2438 852 2470 divites
891 2438 959 2470 fieri
996 2437 1139 2470 incidunt

179 2493 210 2525 in
235 2493 437 2526 tentationem
462 2496 493 2525 et
517 2493 548 2524 in
573 2492 721 2534 laqueum
752 2491 898 2524 diaboli»
929 2496 1006 2530 etc.;
1031 2493 1063 2523 et
1087 2500 1138 2524 ve-

178 2546 334 2579 rificatum
358 2549 405 2579 est
428 2545 522 2579 etiam
548 2545 627 2578 illud
653 2544 858 2578 Ecclesiastici
885 2544 1023 2576 decimo:
1054 2557 1069 2572 <x
1087 2544 1138 2577 Ni-

180 2600 225 2632 hil
248 2603 295 2633 est
319 2599 459 2642 iniquius
483 2587 584 2642 quam⁸
604 2607 710 2631 amare
732 2597 909 2640 pecuniam.
936 2597 990 2629 Hic
1007 2597 1090 2629 enim
1108 2600 1139 2629 et

179 2653 315 2685 animam
340 2661 429 2686 suam
454 2652 596 2685 venalem
628 2652 740 2691 habet,
757 2650 912 2693 quoniam
938 2650 970 2682 in
994 2649 1058 2682 vita
1081 2658 1139 2682 sua

252 2855 261 2870 ¹
282 2856 356 2881 Vei-s.
377 2856 402 2881 6.
421 2858 446 2881 et
466 2856 513 2887 10,
541 2858 601 2888 post
628 2862 697 2888 qnos
725 2855 780 2881 Act.
810 2855 840 2886 3,
871 2855 919 2885 18,
939 2853 982 2880 ubi
1003 2860 1052 2885 pro
1071 2859 1140 2886 quae

181 2898 294 2926 ACDll
315 2899 368 2934 qui.

252 2942 262 2958 ²
283 2944 359 2970 Yers.
372 2944 398 2969 7.
408 2959 442 2962 —
457 2944 522 2970 Tres
535 2950 609 2976 seqq.
623 2943 672 2969 loci
686 2946 747 2969 sunt
760 2944 856 2969 Thren.
871 2942 900 2976 4,
914 2943 962 2978 2ος
976 2943 1040 2968 Dan.
1054 2942 1083 2973 9,
1097 2941 1140 2966 26.

182 2991 207 3014 et
226 2989 304 3014 Zach.
325 2989 373 3020 13,
393 2989 419 3014 6.

254 3032 264 3046 ³
284 3033 342 3058 Vut.
361 3032 507 3067 affectata.;
526 3032 573 3058 sed
593 3033 638 3057 cfr.
658 3033 694 3057 lll.
713 3034 783 3058 Sent.
802 3033 829 3058 d.
848 3033 890 3058 20.
904 3031 968 3058 dub.
983 3032 1007 3057 3.
1020 3045 1055 3050 —
1074 3029 1142 3056 Sub-

182 3077 245 3103 inde
264 3084 312 3109 pro
331 3077 442 3111 affectus
458 3076 607 3110 proditoris
627 3076 740 3103 ACDll
759 3077 868 3111 effectus
886 3075 1042 3110 proditoris.

253 3120 264 3135 ⁴
285 3122 360 3147 Vers.
379 3121 409 3153 4,
428 3124 488 3153 post
505 3128 585 3154 quem
605 3121 680 3147 Rom.
700 3121 731 3152 5,
751 3122 775 3147 8.

254 3165 265 3180 ⁵
286 3167 358 3191 Vers.
377 3167 403 3191 8.

254 3209 265 3224 ⁰
286 3210 361 3235 Vers.
381 3210 423 3235 19.
437 3214 496 3242 (pro
510 3211 642 3236 tormento
662 3209 712 3236 AC
731 3210 835 3243 timore,
857 3211 909 3236 DG
929 3211 1047 3242 terrore)
1061 3213 1086 3235 et
1099 3210 1142 3235 20.

184 3268 218 3272 —
232 3254 280 3279 Pro
294 3253 388 3281 ludaei
405 3253 528 3280 volebant
547 3253 565 3279 C
576 3254 628 3279 DH
648 3253 764 3281 Iudaeus
783 3254 907 3288 i=0leI1at‚·
927 3258 1034 3287 postea·
1052 3252 1144 3281 crude-

186 3298 258 3325 litate
277 3298 302 3323 111
322 3298 343 3323 l)
362 3298 476 3324 secunda
497 3305 592 3324 manus
610 3298 711 3324 addidit
729 3300 754 3325 et
772 3298 882 3325 invidia.

256 3342 266 3357 '¹
288 3343 360 3368 Vers.
381 3344 424 3368 20.
444 3357 477 3361 —-
497 3343 554 3368 Duo
579 3349 653 3376 seqq.
678 3343 728 3369 loci
753 3347 813 3369 sunt
833 3344 849 3369 l.
870 3344 939 3369 Tim.
958 3344 989 3376 6,
1009 3344 1035 3369 9.
1054 3345 1080 3369 et
1099 3343 1145 3368 Ec-

186 3388 225 3413 1-11,
250 3388 294 3420 10,
317 3388 357 3413 10.

2096 214 2159 246 549

1200 298 1332 340 proiecit
1367 299 1475 332 intima
1507 309 1611 333 5113».
1637 301 1723 334 Unde
1755 301 1845 335 ludas
1875 302 2011 344 perdidit
2047 303 2160 341 vitam,

1200 351 1336 393 perdidit
1359 352 1513 392 animam,
1539 354 1674 395 perdidit
1696 355 1829 394 famam,
1854 355 1988 397 perdidit
2012 356 2116 388 omnia
2132 360 2162 388 et

1200 405 1337 438 incurrit
1369 407 1578 440 calamitatem
1610 410 1788 448 aeternam;
1814 409 1898 442 unde
1933 409 1964 442 in
1999 409 2160 442 Psalmoss:

1207 458 1317 491 «Cum
1351 459 1527 499 iudicatur,
1560 464 1653 493 exeat
1685 462 1942 494 condemnatus»
1979 466 2054 501 etc.;
2087 462 2162 494 Mat-

1201 512 1285 545 thaei
1310 513 1461 555 vigesimo
1485 517 1593 546 sexto:
1623 527 1639 543 <x
1656 514 1775 547 Bonum
1793 518 1861 548 erat
1885 515 1930 554 ei,
1947 515 1972 548 si
1992 520 2083 548 natus
2100 525 2161 548 non

1200 565 1344 599 fuisset»
1373 570 1432 600 etc.

1291 620 1343 653 33.
1369 620 1470 661 (Vers.
1501 620 1577 661 23).
1604 621 1709 654 Tertio
1732 625 1887 664 quantum
1918 622 1955 654 ad
1977 623 2161 664 puritatem

1201 673 1438 715 Apostolorum
1465 673 1590 707 Cltristi
1613 675 1793 717 subiungit:
1819 676 1858 707 Et
1893 676 1960 717 ipsi
1987 681 2162 717 coeperant

1200 736 1361 770 quaerere
1384 727 1471 760 inter
1493 738 1542 767 se,
1567 728 1642 772 quis
1666 732 1745 761 esset
1768 739 1807 761 επ
1831 729 1896 768 eis,
1930 729 1989 772 qui
2019 728 2077 762 ltoc
2107 728 2161 772 fct-

1200 784 1319 813 cturus
1341 785 1431 813 esset.
1456 781 1580 814 Beda⁹:
1610 795 1625 810 α
1642 781 1803 814 Noverunt
1826 782 1989 821 undecim,
2007 782 2091 824 quod
2115 783 2162 815 ni-

1201 834 1246 867 hil
1270 834 1331 867 tale
1349 834 1578 876 cogitaverunt,
1596 835 1648 868 sed
1666 835 1737 877 plus
1754 836 1887 868 credunt
1903 836 2049 878 Magistro
2065 845 2159 878 quam

1201 888 1259 920 sibi
1276 900 1307 927 »3
1332 888 1416 921 unde
1439 888 1584 921 Matthaei
1611 889 1760 931 vigesimo
1783 893 1874 922 sexto
1890 889 2020 922 dicitur:
2051 902 2065 917 «
2083 889 2161 922 Con-

1200 942 1315 986 tristati
1342 941 1448 981 valde,
1474 945 1647 984 coeperunt
1670 942 1784 985 singuli
1801 942 1922 975 dicere:
1939 942 2086 984 Nunquid
2103 951 2160 984 ego

1201 1004 1290 1034 sum,
1323 995 1512 1028 Dominen?
1547 995 1633 1028 Unde
1664 996 1800 1037 Apostoli
1835 999 1926 1028 erant
1962 996 2159 1034 innocentes,

1200 1049 1276 1091 quia
1299 1058 1356 1082 nec
1372 1049 1571 1082 consentanei
1588 1052 1679 1082 erant
1694 1049 1830 1082 malitiae
1847 1058 1904 1082 nec
1920 1049 2014 1082 etiam
2035 1049 2159 1082 conscii.

1200 1103 1363 1136 Turbatur
1386 1105 1491 1135 autem
1515 1102 1649 1144 quilibet
1672 1103 1703 1135 in
1728 1111 1761 1135 se
1785 1106 1817 1136 et
1839 1103 1877 1136 de
1901 1112 1948 1142 se,
1974 1112 2012 1135 ne
2037 1103 2076 1136 ab
2093 1103 2161 1135 aliis

1201 1156 1386 1189 crederetur
1410 1164 1478 1188 esse
1502 1155 1587 1194 talis,
1612 1159 1643 1188 et
1666 1156 1759 1188 etiam
1778 1159 1907 1198 propter
1925 1155 2161 1188 haesitationem

1200 1209 1239 1243 de
1263 1210 1348 1249 aliis;
1366 1210 1450 1242 unde
1468 1209 1589 1242 loannis
1612 1209 1734 1242 decimo
1759 1209 1852 1242 tertio
1867 1210 1910 1241 ¹⁰:
1933 1222 1948 1238 a
1966 1209 2162 1251 aspiciebant

1200 1263 1345 1305 discipuli
1369 1262 1408 1295 ad
1432 1262 1583 1302 invicem,
1608 1263 1816 1302 haesitantes,
1841 1263 1880 1296 de
1908 1272 1972 1305 quo
1995 1263 2160 1295 diceret».

1202 1317 1285 1348 111161
1309 1325 1417 1349 01111165
1448 1320 1551 1348 13111611
1588 1315 1694 1348 Simon
1718 1316 1846 1355 Petrus,
1880 1316 1955 1358 quia
1990 1316 2162 1348 ferventior

1201 1373 1287 1408 erat,
1319 1369 1500 1411 diligentius
1530 1369 1731 1411 'requirebam
1768 1369 1851 1403 unde
1887 1369 2008 1402 loannis
2041 1369 2162 1402 decimo

1201 1423 1312 1456 tertio:
1343 1423 1480 1455 «Innuit
1511 1422 1616 1455 Simon
1649 1423 1760 1455 Petrus
1792 1422 1836 1454 illi
1871 1422 2042 1464 discipulo,
2067 1429 2161 1464 quem

1200 1476 1349 1519 diligebat
1372 1476 1472 1515 lesus,
1490 1479 1521 1508 et
1536 1475 1618 1508 dixit
1642 1476 1688 1508 ei:
1713 1476 1790 1518 Quis
1813 1479 1878 1515 est,
1895 1476 1934 1508 de
1950 1485 2014 1518 quo
2037 1475 2162 1508 dicit»?

1200 1529 1309 1562 Maluit
1332 1533 1438 1562 autem
1473 1529 1643 1567 Dominus,
1672 1529 1758 1571 quod
1792 1538 1901 1575 omnes
1935 1529 2162 1566 turbarentur,

1201 1592 1298 1624 quam
1329 1582 1414 1625 quod
1450 1582 1501 1615 ille
1533 1582 1680 1615 omnibus
1712 1583 1932 1624 detegeretur,
1965 1585 2002 1614 ut
2030 1581 2162 1614 formam

1201 1636 1305 1676 daret,
1329 1635 1415 1679 quod
1438 1645 1499 1668 non
1525 1638 1573 1669 est
1595 1636 1756 1669 occultum
1781 1635 1893 1668 vitium
1910 1635 2043 1668 faciliter
2059 1635 2164 1677 publi-

1202 1690 1352 1730 candu1n;
1382 1693 1513 1733 propter
1538 1690 1623 1732 quod
1649 1689 1851 1723 Ecclesiastici
1875 1689 1998 1722 decimo
2022 1698 2105 1722 nono
2119 1690 2162 1721 ¹1:

1207 1757 1222 1772 «
1240 1743 1359 1776 Audisti
1383 1743 1517 1776 verbum
1541 1743 1695 1776 adversus
1725 1742 1909 1785 proximum
1933 1745 2050 1775 tuum?
2074 1742 2165 1774 Com-

1202 1797 1357 1830 moriatur
1381 1797 1413 1829 in
1437 1800 1486 1836 te,
1510 1796 1627 1835 fidens,
1652 1796 1802 1838 quoniam
1826 1805 1889 1828 non
1913 1799 1944 1828 te
1958 1795 2162 1837 dirumpet».

1202 1851 1320 1883 Tamen
1355 1850 1472 1882 Simoni
1509 1850 1601 1882 Petro
1629 1858 1686 1891 per
1710 1849 1854 1882 Ioannem
1890 1848 2056 1887 indicavit,
2081 1848 2163 1881 sicut

1201 1903 1318 1936 dicitur
1343 1902 1464 1935 Ioannis
1488 1902 1609 1935 decimo
1633 1902 1745 1934 tertio:
1774 1914 1790 1930 α
1807 1902 1859 1935 1116
1883 1905 1947 1941 651,
1965 1902 2016 1935 cui
2041 1910 2098 1944 ego
2115 1901 2162 1934 in-

1202 1957 1335 1990 tinctum
1358 1965 1470 1998 panem
1494 1964 1671 1997 porrexero
1687 1968 1718 1995 »;
1742 1956 1818 1997 quia
1841 1965 1902 1988 non
1920 1958 2088 1997 reputatur
2105 1964 2163 1997 pu-

1201 2009 1330 2048 blicum,
1354 2009 1438 2051 quod
1462 2017 1503 2041 ex
1528 2008 1658 2041 caritate
1681 2008 1720 2041 ad
1744 2008 1897 2041 cautelam
1922 2007 2062 2050 praelato
2077 2007 2163 2040 dete-

1202 2063 1288 2106 gitur
1312 2066 1442 2105 propter
1465 2061 1644 2104 perleulum
1667 2061 1840 2094 vitandum.

1293 2168 1415 2212 Tertio,
1440 2167 1478 2202 de
1500 2166 1630 2212 provida
1653 2166 1829 2202 eruditione
1852 2166 2073 2212 discipulorum

1559 2220 1711 2256 dicuntur
1734 2220 1804 2256 duo.

1293 2329 1345 2363 34.
1371 2330 1478 2362 Facta
1501 2333 1548 2362 est
1570 2333 1681 2362 autem
1696 2332 1726 2361 ec
1740 2328 1900 2361 eontentio
1917 2331 1974 2362 etc.
1994 2329 2161 2371 Postquam

1203 2384 1369 2426 descripsit
1392 2382 1655 2416 machinationem
1680 2382 1864 2425 proditionis
1880 2386 1912 2416 et
1934 2383 2162 2429 institutionem

1204 2437 1395 2470 Sacramenti
1419 2437 1544 2476 altaris,
1578 2436 1629 2469 hic
1653 2436 1746 2469 tertio
1760 2437 1786 2456 ¹2
1814 2436 1963 2469 describit
1985 2436 2164 2478 providam

1203 2491 1421 2523 eruditionem
1455 2489 1709 2532 discipulorum.
1745 2490 1782 2522 Et
1817 2490 1966 2532 quoniam
1996 2489 2163 2532 dupliciter

1203 2547 1335 2586 paratur
1359 2544 1454 2576 homo
1477 2543 1516 2576 ad
1540 2543 1683 2576 ruinam:
1707 2543 1758 2577 vel
1785 2552 1843 2585 per
1867 2543 2105 2586 arroyantiam
2128 2543 2164 2576 in

1201 2597 1388 2639 prosperae,
1413 2597 1461 2630 vel
1486 2606 1543 2639 per
1567 2590 1827 2630 inconstantiam
1851 2597 1887 2630 in
1903 2597 2070 2635 adversis;
2094 2596 2164 2629 ideo

1202 2658 1276 2691 pars
1308 2649 1366 2682 ista
1399 2649 1494 2683 habet
1524 2649 1613 2683 duas.
1644 2650 1677 2683 In
1708 2658 1846 2693 quarum
1878 2650 1979 2692 prima
2010 2650 2164 2693 reprimit

1275 2850 1286 2865 Β
1305 2851 1399 2877 Psalm.
1420 2852 1485 2883 108,
1504 2851 1529 2877 7.
1550 2855 1575 2877 ct
1595 2851 1691 2877 deinde
1710 2851 1797 2876 Matth.
1811 2851 1860 2882 26,
1874 2851 1922 2882 24,
1937 2850 1982 2876 ubi
1997 2858 2045 2883 pro
2058 2851 2164 2876 Bonum

1204 2897 1264 2923 erat
1281 2896 1305 2922 ei
1322 2895 1405 2922 ACD
1424 2895 1527 2923 Multus
1546 2895 1572 2929 [2⁷
1591 2887 1698 2928 Meliiis]
1719 2896 1778 2921 erat
1797 2896 1845 2921 etc.

1275 2939 1287 2955 ⁰
1305 2940 1375 2966 Libr.
1396 2941 1438 2966 Vl.
1459 2940 1484 2966 in
1504 2941 1565 2966 Luc.
1586 2941 1634 2972 22,
1648 2940 1696 2970 23,
1710 2939 1756 2965 ubi
1769 2939 1888 2972 sequitur
1901 2939 2019 2968 Hieron..
2033 2939 2076 2964 lV.
2089 2938 2164 2964 Coni-

1206 2988 1285 3011 ment.
1304 2985 1329 3010 in
1348 2985 1435 3010 lllntth.
1455 2985 1503 3014 26,
1523 2985 1567 3009 22.
1585 2984 1634 3009 Pro
1654 2982 1794 3009 Noverunt
1812 2986 1837 3008 et
1857 2982 2042 3016 coyitarerunt
2055 2982 2125 3008 Beda
2138 2986 2163 3007 et

1205 3030 1310 3056 llieron.
1331 3029 1468 3055 Noverunt
1480 3032 1506 3053 et
1518 3027 1673 3061 cogitarant
1691 3027 1723 3059 (ll
1743 3034 1804 3053 cum
1818 3027 1908 3052 Glossa
1922 3026 2092 3053 interlineari
2100 3035 2108 3052 .-
2124 3033 2163 3052 co-

1206 3073 1380 3108 yitavercmt).
1397 3086 1433 3091 —
1452 3071 1575 3104 Sequitur
1594 3071 1681 3096 Matth.
1700 3071 1750 3102 26,
1769 3071 1811 3096 22.

1278 3117 1301 3132 ¹⁰
1320 3118 1396 3143 Yers.
1415 3117 1457 3142 22.
1476 3130 1512 3135 -
1532 3115 1648 3141 Subinde
1667 3115 1793 3147 allegatur
1806 3115 1875 3140 loan.
1898 3115 1942 3146 13,
1963 3114 2007 3140 24.
2025 3128 2061 3133 -
2081 3115 2164 3147 Supe-

1207 3163 1262 3189 rius
1282 3162 1338 3188 Vat.
1359 3161 1454 3187 omittit
1471 3167 1528 3186 esse
1547 3159 1616 3186 talis.

1279 3206 1299 3220 ¹¹
1322 3206 1395 3232 Vers.
1417 3205 1458 3230 10.
1473 3219 1506 3223 —
1520 3204 1643 3237 Sequitur
1662 3205 1731 3230 loan.
1753 3204 1799 3234 l3,
1819 3203 1862 3228 26.
1882 3202 1935 3229 Csr.
1955 3203 2068 3234 Bonav„
2089 3202 2164 3229 Com-

1207 3255 1288 3278 ment.
1307 3251 1332 3276 in
1351 3251 1419 3276 loun.
1438 3257 1461 3276 e.
1482 3250 1522 3275 13.
1542 3257 1568 3275 11.
1587 3248 1677 3274 29-34.
1696 3251 1721 3274 et
1741 3255 1766 3274 n.
1786 3248 1826 3274 41.
1847 3255 1902 3280 seq.

1279 3294 1300 3310 ¹²
1320 3295 1371 3322 Csr.
1390 3302 1471 3327 supra
1490 3302 1514 3320 n.
1537 3295 1561 3320 1.
1579 3307 1614 3313 -
1633 3294 1757 3325 August„
1777 3293 1893 3318 Enarrat.
1914 3293 1940 3318 in
1959 3293 1999 3318 Ps.
2025 3292 2068 3318 74.
2088 3299 2113 3318 n.
2138 3293 2162 3317 l:

1208 3342 1322 3373 Utraque
1342 3339 1405 3373 [vita
1425 3339 1520 3365 scilicet
1539 3345 1666 3370 prospera
1685 3340 1710 3363 et
1728 3337 1851 3370 adversa]
1871 3337 1991 3363 cavenda
2005 3340 2052 3368 est,
2069 3337 2118 3365 illa.
2132 3343 2164 3362 ne

1209 3388 1374 3417 corrumpam
1394 3384 1458 3414 ista,
1478 3390 1511 3409 ne
1531 3384 1642 3414 frangat.

2177 630 2261 651 Puritas
2272 632 2317 657 Apo

2193 658 2302 678 stolorum.

2184 1535 2313 1557 Notandum.

2183 2602 2271 2623 Divisio.
