<?xml version="1.0" encoding="UTF-8"?>
<!DOCTYPE html PUBLIC "-//W3C//DTD XHTML 1.0 Transitional//EN"
    "http://www.w3.org/TR/xhtml1/DTD/xhtml1-transitional.dtd">
<html xmlns="http://www.w3.org/1999/xhtml" xml:lang="en" lang="en">
 <head>
  <title>
</title>
<meta http-equiv="Content-Type" content="text/html;charset=utf-8" />
  <meta name='ocr-system' content='tesseract 3.04.00' />
  <meta name='ocr-capabilities' content='ocr_page ocr_carea ocr_par ocr_line ocrx_word'/>
</head>
<body>
  <div class='ocr_page' id='page_1' title='image "./doctorisseraphic07bona_0053.png"; bbox 0 0 2476 3921; ppageno 0'>
   <div class='ocr_carea' id='block_1_1' title="bbox 794 249 2162 288">
    <p class='ocr_par' dir='ltr' id='par_1_1' title="bbox 794 249 2162 288">
     <span class='ocr_line' id='line_1_1' title="bbox 794 249 2162 288; baseline -0.002 -6"><span class='ocrx_word' id='word_1_1' title='bbox 794 250 986 282; x_wconf 80' lang='lat' dir='ltr'>COMMENT.</span> <span class='ocrx_word' id='word_1_2' title='bbox 1014 250 1048 281; x_wconf 89' lang='lat' dir='ltr'>lN</span> <span class='ocrx_word' id='word_1_3' title='bbox 1074 249 1311 282; x_wconf 65' lang='lat' dir='ltr'>EVANGELlUM</span> <span class='ocrx_word' id='word_1_4' title='bbox 1337 250 1453 283; x_wconf 69' lang='lat' dir='ltr'>LUCAE</span> <span class='ocrx_word' id='word_1_5' title='bbox 1477 251 1508 283; x_wconf 90' lang='lat' dir='ltr'>C.</span> <span class='ocrx_word' id='word_1_6' title='bbox 1536 252 1554 283; x_wconf 90' lang='lat'>1.</span> <span class='ocrx_word' id='word_1_7' title='bbox 2120 258 2162 288; x_wconf 72' lang='lat'>⁶27</span> 
     </span>
    </p>
   </div>
   <div class='ocr_carea' id='block_1_2' title="bbox 18 339 1143 2766">
    <p class='ocr_par' dir='ltr' id='par_1_2' title="bbox 185 339 1142 380">
     <span class='ocr_line' id='line_1_2' title="bbox 185 339 1142 380; baseline -0.004 -6"><span class='ocrx_word' id='word_1_8' title='bbox 185 341 247 374; x_wconf 89' lang='lat' dir='ltr'>bile</span> <span class='ocrx_word' id='word_1_9' title='bbox 271 341 411 374; x_wconf 88' lang='lat' dir='ltr'>humeris</span> <span class='ocrx_word' id='word_1_10' title='bbox 428 354 459 379; x_wconf 64' lang='grc' dir='ltr'>ι),</span> <span class='ocrx_word' id='word_1_11' title='bbox 489 343 524 372; x_wconf 83' lang='lat' dir='ltr'>ut</span> <span class='ocrx_word' id='word_1_12' title='bbox 549 339 645 372; x_wconf 88' lang='lat' dir='ltr'>verbo</span> <span class='ocrx_word' id='word_1_13' title='bbox 672 339 799 371; x_wconf 87' lang='lat' dir='ltr'>virtutis</span> <span class='ocrx_word' id='word_1_14' title='bbox 822 348 897 371; x_wconf 87' lang='lat' dir='ltr'>suae</span> <span class='ocrx_word' id='word_1_15' title='bbox 922 347 972 371; x_wconf 91' lang='lat' dir='ltr'>me</span> <span class='ocrx_word' id='word_1_16' title='bbox 1004 341 1107 380; x_wconf 87' lang='lat' dir='ltr'>portet</span> <span class='ocrx_word' id='word_1_17' title='bbox 1122 339 1142 369; x_wconf 89' lang='lat'>¹.</span> 
     </span>
    </p>

    <p class='ocr_par' dir='ltr' id='par_1_3' title="bbox 190 390 1143 434">
     <span class='ocr_line' id='line_1_3' title="bbox 190 390 1143 434; baseline -0.003 -9"><span class='ocrx_word' id='word_1_18' title='bbox 190 406 206 422; x_wconf 74' lang='lat' dir='ltr'>or</span> <span class='ocrx_word' id='word_1_19' title='bbox 224 394 318 426; x_wconf 83' lang='lat' dir='ltr'>Porro</span> <span class='ocrx_word' id='word_1_20' title='bbox 334 391 562 434; x_wconf 71' lang='lat' dir='ltr'>multifariam</span> <span class='ocrx_word' id='word_1_21' title='bbox 587 391 760 434; x_wconf 74' lang='lat' dir='ltr'>multisque</span> <span class='ocrx_word' id='word_1_22' title='bbox 782 392 889 423; x_wconf 75' lang='lat' dir='ltr'>modis</span> <span class='ocrx_word' id='word_1_23' title='bbox 913 391 991 423; x_wconf 84' lang='lat' dir='ltr'>olim</span> <span class='ocrx_word' id='word_1_24' title='bbox 1015 390 1143 423; x_wconf 76' lang='lat' dir='ltr'>loeutus</span> 
     </span>
    </p>

    <p class='ocr_par' dir='ltr' id='par_1_4' title="bbox 185 443 1142 487">
     <span class='ocr_line' id='line_1_4' title="bbox 185 443 1142 487; baseline -0.003 -9"><span class='ocrx_word' id='word_1_25' title='bbox 185 450 230 478; x_wconf 78' lang='lat' dir='ltr'>est</span> <span class='ocrx_word' id='word_1_26' title='bbox 257 446 342 478; x_wconf 75' lang='lat' dir='ltr'>Deus</span> <span class='ocrx_word' id='word_1_27' title='bbox 367 445 528 478; x_wconf 82' lang='lat' dir='ltr'>Patribus</span> <span class='ocrx_word' id='word_1_28' title='bbox 552 445 587 477; x_wconf 81' lang='lat' dir='ltr'>in</span> <span class='ocrx_word' id='word_1_29' title='bbox 613 443 800 487; x_wconf 73' lang='lat' dir='ltr'>Prophetis,</span> <span class='ocrx_word' id='word_1_30' title='bbox 826 449 857 476; x_wconf 89' lang='lat' dir='ltr'>et</span> <span class='ocrx_word' id='word_1_31' title='bbox 880 444 948 476; x_wconf 85' lang='lat' dir='ltr'>aliis</span> <span class='ocrx_word' id='word_1_32' title='bbox 973 444 1002 475; x_wconf 93' lang='lat' dir='ltr'>in</span> <span class='ocrx_word' id='word_1_33' title='bbox 1034 443 1142 481; x_wconf 88' lang='lat' dir='ltr'>corde,</span> 
     </span>
    </p>

    <p class='ocr_par' dir='ltr' id='par_1_5' title="bbox 184 496 1141 537">
     <span class='ocr_line' id='line_1_5' title="bbox 184 496 1141 537; baseline -0.003 -6"><span class='ocrx_word' id='word_1_34' title='bbox 184 498 252 531; x_wconf 88' lang='lat' dir='ltr'>aliis</span> <span class='ocrx_word' id='word_1_35' title='bbox 287 498 438 537; x_wconf 88' lang='lat' dir='ltr'>inaure,</span> <span class='ocrx_word' id='word_1_36' title='bbox 473 498 541 530; x_wconf 79' lang='lat' dir='ltr'>aliis</span> <span class='ocrx_word' id='word_1_37' title='bbox 565 498 595 530; x_wconf 90' lang='lat' dir='ltr'>in</span> <span class='ocrx_word' id='word_1_38' title='bbox 631 507 704 536; x_wconf 88' lang='lat' dir='ltr'>ore,</span> <span class='ocrx_word' id='word_1_39' title='bbox 728 497 797 530; x_wconf 88' lang='lat' dir='ltr'>aliis</span> <span class='ocrx_word' id='word_1_40' title='bbox 833 498 862 529; x_wconf 92' lang='lat' dir='ltr'>in</span> <span class='ocrx_word' id='word_1_41' title='bbox 892 497 979 535; x_wconf 88' lang='lat' dir='ltr'>visu,</span> <span class='ocrx_word' id='word_1_42' title='bbox 1008 496 1076 528; x_wconf 85' lang='lat' dir='ltr'>aliis</span> <span class='ocrx_word' id='word_1_43' title='bbox 1112 496 1141 528; x_wconf 93' lang='lat' dir='ltr'>in</span> 
     </span>
    </p>

    <p class='ocr_par' dir='ltr' id='par_1_6' title="bbox 185 551 1143 590">
     <span class='ocr_line' id='line_1_6' title="bbox 185 551 1143 590; baseline -0.002 -6"><span class='ocrx_word' id='word_1_44' title='bbox 185 561 295 590; x_wconf 47' lang='lat' dir='ltr'>manu]</span> <span class='ocrx_word' id='word_1_45' title='bbox 322 552 416 590; x_wconf 91' lang='lat' dir='ltr'>mihi,</span> <span class='ocrx_word' id='word_1_46' title='bbox 438 561 512 590; x_wconf 89' lang='lat' dir='ltr'>oro,</span> <span class='ocrx_word' id='word_1_47' title='bbox 538 555 574 583; x_wconf 92' lang='lat' dir='ltr'>ut</span> <span class='ocrx_word' id='word_1_48' title='bbox 597 552 650 583; x_wconf 85' lang='lat' dir='ltr'>siat</span> <span class='ocrx_word' id='word_1_49' title='bbox 675 551 765 583; x_wconf 87' lang='lat' dir='ltr'>iuxta</span> <span class='ocrx_word' id='word_1_50' title='bbox 798 551 927 583; x_wconf 86' lang='lat' dir='ltr'>verbum</span> <span class='ocrx_word' id='word_1_51' title='bbox 953 554 1061 588; x_wconf 86' lang='lat' dir='ltr'>tunm;</span> <span class='ocrx_word' id='word_1_52' title='bbox 1087 558 1143 582; x_wconf 84' lang='lat' dir='ltr'>nec</span> 
     </span>
    </p>

    <p class='ocr_par' dir='ltr' id='par_1_7' title="bbox 183 601 1143 644">
     <span class='ocr_line' id='line_1_7' title="bbox 183 601 1143 644; baseline -0.003 -8"><span class='ocrx_word' id='word_1_53' title='bbox 183 601 271 642; x_wconf 87' lang='lat' dir='ltr'>volo,</span> <span class='ocrx_word' id='word_1_54' title='bbox 297 606 332 636; x_wconf 91' lang='lat' dir='ltr'>ut</span> <span class='ocrx_word' id='word_1_55' title='bbox 356 605 409 636; x_wconf 88' lang='lat' dir='ltr'>liat</span> <span class='ocrx_word' id='word_1_56' title='bbox 430 604 504 636; x_wconf 91' lang='lat' dir='ltr'>mihi</span> <span class='ocrx_word' id='word_1_57' title='bbox 530 607 585 636; x_wconf 84' lang='lat' dir='ltr'>aut</span> <span class='ocrx_word' id='word_1_58' title='bbox 601 603 819 636; x_wconf 75' lang='lat' dir='ltr'>declamatorie</span> <span class='ocrx_word' id='word_1_59' title='bbox 844 602 1071 644; x_wconf 83' lang='lat' dir='ltr'>praedicatum,</span> <span class='ocrx_word' id='word_1_60' title='bbox 1088 605 1143 634; x_wconf 90' lang='lat' dir='ltr'>aut</span> 
     </span>
    </p>

    <p class='ocr_par' dir='ltr' id='par_1_8' title="bbox 183 655 1142 699">
     <span class='ocr_line' id='line_1_8' title="bbox 183 655 1142 699; baseline -0.002 -10"><span class='ocrx_word' id='word_1_61' title='bbox 183 656 359 698; x_wconf 87' lang='lat' dir='ltr'>figuraliter</span> <span class='ocrx_word' id='word_1_62' title='bbox 376 657 531 699; x_wconf 79' lang='lat' dir='ltr'>signatum</span> <span class='ocrx_word' id='word_1_63' title='bbox 543 682 550 695; x_wconf 88' lang='lat'>,</span> <span class='ocrx_word' id='word_1_64' title='bbox 567 661 622 688; x_wconf 88' lang='lat' dir='ltr'>aut</span> <span class='ocrx_word' id='word_1_65' title='bbox 639 655 845 697; x_wconf 77' lang='lat' dir='ltr'>imaginaliter</span> <span class='ocrx_word' id='word_1_66' title='bbox 865 655 1071 693; x_wconf 87' lang='lat' dir='ltr'>somniatum,</span> <span class='ocrx_word' id='word_1_67' title='bbox 1089 655 1142 687; x_wconf 87' lang='lat' dir='ltr'>sed</span> 
     </span>
    </p>

    <p class='ocr_par' dir='ltr' id='par_1_9' title="bbox 181 708 1142 751">
     <span class='ocr_line' id='line_1_9' title="bbox 181 708 1142 751; baseline -0.002 -9"><span class='ocrx_word' id='word_1_68' title='bbox 181 710 311 742; x_wconf 87' lang='lat' dir='ltr'>silenter</span> <span class='ocrx_word' id='word_1_69' title='bbox 334 710 536 751; x_wconf 89' lang='lat' dir='ltr'>inspiratum,</span> <span class='ocrx_word' id='word_1_70' title='bbox 562 709 767 751; x_wconf 77' lang='lat' dir='ltr'>personaliter</span> <span class='ocrx_word' id='word_1_71' title='bbox 792 708 1002 747; x_wconf 85' lang='lat' dir='ltr'>incarnatum,</span> <span class='ocrx_word' id='word_1_72' title='bbox 1032 717 1142 750; x_wconf 85' lang='lat' dir='ltr'>corpo-</span> 
     </span>
    </p>

    <p class='ocr_par' dir='ltr' id='par_1_10' title="bbox 184 761 1141 795">
     <span class='ocr_line' id='line_1_10' title="bbox 184 761 1141 795; baseline -0.002 0"><span class='ocrx_word' id='word_1_73' title='bbox 184 763 292 795; x_wconf 85' lang='lat' dir='ltr'>raliter</span> <span class='ocrx_word' id='word_1_74' title='bbox 309 763 529 795; x_wconf 89' lang='lat' dir='ltr'>invisceratum</span> <span class='ocrx_word' id='word_1_75' title='bbox 548 776 562 791; x_wconf 87' lang='lat'>»</span> <span class='ocrx_word' id='word_1_76' title='bbox 589 775 604 791; x_wconf 91' lang='lat'>«</span> <span class='ocrx_word' id='word_1_77' title='bbox 619 762 758 795; x_wconf 82' lang='lat' dir='ltr'>Verbum</span> <span class='ocrx_word' id='word_1_78' title='bbox 771 771 844 794; x_wconf 88' lang='lat' dir='ltr'>caro</span> <span class='ocrx_word' id='word_1_79' title='bbox 861 761 975 794; x_wconf 87' lang='lat' dir='ltr'>sactum</span> <span class='ocrx_word' id='word_1_80' title='bbox 990 775 1005 790; x_wconf 72' lang='grc' dir='ltr'><strong>υ</strong></span> <span class='ocrx_word' id='word_1_81' title='bbox 1024 762 1046 792; x_wconf 79' lang='lat'>².</span> <span class='ocrx_word' id='word_1_82' title='bbox 1065 762 1101 793; x_wconf 86' lang='lat' dir='ltr'>Et</span> <span class='ocrx_word' id='word_1_83' title='bbox 1117 761 1141 794; x_wconf 92' lang='lat' dir='ltr'>si</span> 
     </span>
    </p>

    <p class='ocr_par' dir='ltr' id='par_1_11' title="bbox 182 814 1142 857">
     <span class='ocr_line' id='line_1_11' title="bbox 182 814 1142 857; baseline -0.002 -9"><span class='ocrx_word' id='word_1_84' title='bbox 182 816 225 848; x_wconf 80' lang='lat' dir='ltr'>ita</span> <span class='ocrx_word' id='word_1_85' title='bbox 249 816 319 854; x_wconf 83' lang='lat' dir='ltr'>fiet,</span> <span class='ocrx_word' id='word_1_86' title='bbox 346 820 420 848; x_wconf 87' lang='lat' dir='ltr'>tunc</span> <span class='ocrx_word' id='word_1_87' title='bbox 444 819 553 857; x_wconf 90' lang='lat' dir='ltr'>potero</span> <span class='ocrx_word' id='word_1_88' title='bbox 576 815 681 847; x_wconf 84' lang='lat' dir='ltr'>dicere</span> <span class='ocrx_word' id='word_1_89' title='bbox 713 815 782 853; x_wconf 89' lang='lat' dir='ltr'>tibi,</span> <span class='ocrx_word' id='word_1_90' title='bbox 807 814 891 856; x_wconf 93' lang='lat' dir='ltr'>quod</span> <span class='ocrx_word' id='word_1_91' title='bbox 915 814 997 847; x_wconf 81' lang='lat' dir='ltr'>dixit</span> <span class='ocrx_word' id='word_1_92' title='bbox 1028 815 1142 847; x_wconf 89' lang='lat' dir='ltr'>mulier</span> 
     </span>
    </p>

    <p class='ocr_par' dir='ltr' id='par_1_12' title="bbox 183 867 1142 910">
     <span class='ocr_line' id='line_1_12' title="bbox 183 867 1142 910; baseline -0.002 -9"><span class='ocrx_word' id='word_1_93' title='bbox 183 869 375 910; x_wconf 74' lang='lat' dir='ltr'>sarephtana</span> <span class='ocrx_word' id='word_1_94' title='bbox 393 869 474 901; x_wconf 86' lang='lat' dir='ltr'>Eliae</span> <span class='ocrx_word' id='word_1_95' title='bbox 491 868 573 901; x_wconf 89' lang='lat' dir='ltr'>tertii</span> <span class='ocrx_word' id='word_1_96' title='bbox 589 869 705 909; x_wconf 78' lang='lat' dir='ltr'>Regum</span> <span class='ocrx_word' id='word_1_97' title='bbox 721 867 842 900; x_wconf 88' lang='lat' dir='ltr'>decimo</span> <span class='ocrx_word' id='word_1_98' title='bbox 858 867 1006 909; x_wconf 86' lang='lat' dir='ltr'>septimo:</span> <span class='ocrx_word' id='word_1_99' title='bbox 1025 880 1039 895; x_wconf 88' lang='lat'>«</span> <span class='ocrx_word' id='word_1_100' title='bbox 1054 867 1142 900; x_wconf 87' lang='lat' dir='ltr'>Nunc</span> 
     </span>
    </p>

    <p class='ocr_par' dir='ltr' id='par_1_13' title="bbox 182 921 1142 1008">
     <span class='ocr_line' id='line_1_13' title="bbox 182 921 1142 964; baseline 0 -10"><span class='ocrx_word' id='word_1_101' title='bbox 182 922 326 964; x_wconf 78' lang='lat' dir='ltr'>cognovi,</span> <span class='ocrx_word' id='word_1_102' title='bbox 351 922 498 963; x_wconf 91' lang='lat' dir='ltr'>quoniam</span> <span class='ocrx_word' id='word_1_103' title='bbox 524 922 571 954; x_wconf 90' lang='lat' dir='ltr'>vi1·</span> <span class='ocrx_word' id='word_1_104' title='bbox 595 922 649 954; x_wconf 91' lang='lat' dir='ltr'>Dei</span> <span class='ocrx_word' id='word_1_105' title='bbox 675 930 708 954; x_wconf 90' lang='lat' dir='ltr'>es</span> <span class='ocrx_word' id='word_1_106' title='bbox 729 925 778 960; x_wconf 86' lang='lat' dir='ltr'>tu,</span> <span class='ocrx_word' id='word_1_107' title='bbox 802 924 834 954; x_wconf 88' lang='lat' dir='ltr'>et</span> <span class='ocrx_word' id='word_1_108' title='bbox 859 921 991 954; x_wconf 89' lang='lat' dir='ltr'>verbum</span> <span class='ocrx_word' id='word_1_109' title='bbox 1018 921 1071 953; x_wconf 90' lang='lat' dir='ltr'>Dei</span> <span class='ocrx_word' id='word_1_110' title='bbox 1090 930 1142 954; x_wconf 88' lang='lat' dir='ltr'>ve-</span> 
     </span>
     <span class='ocr_line' id='line_1_14' title="bbox 182 975 584 1008; baseline 0 -1"><span class='ocrx_word' id='word_1_111' title='bbox 182 984 253 1008; x_wconf 89' lang='lat' dir='ltr'>rum</span> <span class='ocrx_word' id='word_1_112' title='bbox 279 975 308 1007; x_wconf 92' lang='lat' dir='ltr'>in</span> <span class='ocrx_word' id='word_1_113' title='bbox 333 984 387 1008; x_wconf 86' lang='lat' dir='ltr'>ore</span> <span class='ocrx_word' id='word_1_114' title='bbox 413 979 467 1008; x_wconf 90' lang='lat' dir='ltr'>tuo</span> <span class='ocrx_word' id='word_1_115' title='bbox 491 979 584 1008; x_wconf 87' lang='lat' dir='ltr'>est».</span> 
     </span>
    </p>

    <p class='ocr_par' dir='ltr' id='par_1_14' title="bbox 271 1028 1142 1070">
     <span class='ocr_line' id='line_1_15' title="bbox 271 1028 1142 1070; baseline -0.001 -9"><span class='ocrx_word' id='word_1_116' title='bbox 271 1030 322 1061; x_wconf 89' lang='lat'>70.</span> <span class='ocrx_word' id='word_1_117' title='bbox 349 1029 385 1060; x_wconf 88' lang='lat' dir='ltr'>Et</span> <span class='ocrx_word' id='word_1_118' title='bbox 408 1029 555 1070; x_wconf 88' lang='lat' dir='ltr'>quoniam</span> <span class='ocrx_word' id='word_1_119' title='bbox 581 1029 611 1060; x_wconf 90' lang='lat' dir='ltr'>in</span> <span class='ocrx_word' id='word_1_120' title='bbox 638 1028 689 1060; x_wconf 89' lang='lat' dir='ltr'>tali</span> <span class='ocrx_word' id='word_1_121' title='bbox 715 1037 869 1061; x_wconf 88' lang='lat' dir='ltr'>consensu</span> <span class='ocrx_word' id='word_1_122' title='bbox 894 1031 1064 1070; x_wconf 88' lang='lat' dir='ltr'>conceptus</span> <span class='ocrx_word' id='word_1_123' title='bbox 1095 1032 1142 1061; x_wconf 87' lang='lat' dir='ltr'>est</span> 
     </span>
    </p>

    <p class='ocr_par' dir='ltr' id='par_1_15' title="bbox 19 1081 1141 1126">
     <span class='ocr_line' id='line_1_16' title="bbox 19 1081 1141 1126; baseline 0.002 -15"><span class='ocrx_word' id='word_1_124' title='bbox 19 1089 168 1112; x_wconf 66' lang='lat' dir='ltr'>nisoessimn-</span> <span class='ocrx_word' id='word_1_125' title='bbox 181 1081 234 1126; x_wconf 85' lang='lat' dir='ltr'>Dei</span> <span class='ocrx_word' id='word_1_126' title='bbox 260 1081 368 1120; x_wconf 86' lang='lat' dir='ltr'>Filius,</span> <span class='ocrx_word' id='word_1_127' title='bbox 393 1084 424 1113; x_wconf 89' lang='lat' dir='ltr'>et</span> <span class='ocrx_word' id='word_1_128' title='bbox 448 1081 642 1122; x_wconf 88' lang='lat' dir='ltr'>propositum</span> <span class='ocrx_word' id='word_1_129' title='bbox 668 1090 762 1113; x_wconf 91' lang='lat' dir='ltr'>suum</span> <span class='ocrx_word' id='word_1_130' title='bbox 787 1085 951 1114; x_wconf 85' lang='lat' dir='ltr'>assecutus</span> <span class='ocrx_word' id='word_1_131' title='bbox 973 1085 1020 1113; x_wconf 86' lang='lat' dir='ltr'>est</span> <span class='ocrx_word' id='word_1_132' title='bbox 1044 1082 1141 1122; x_wconf 81' lang='lat' dir='ltr'>Ange—</span> 
     </span>
    </p>

    <p class='ocr_par' dir='ltr' id='par_1_16' title="bbox 59 1117 1141 1176">
     <span class='ocr_line' id='line_1_17' title="bbox 59 1117 1141 1176; baseline -0.001 -9"><span class='ocrx_word' id='word_1_133' title='bbox 59 1117 126 1144; x_wconf 75' lang='lat'>⁸⁰¹¹¹⁵&#39;</span> <span class='ocrx_word' id='word_1_134' title='bbox 181 1134 246 1173; x_wconf 90' lang='lat' dir='ltr'>lus;</span> <span class='ocrx_word' id='word_1_135' title='bbox 270 1134 339 1167; x_wconf 87' lang='lat' dir='ltr'>ideo</span> <span class='ocrx_word' id='word_1_136' title='bbox 356 1134 517 1176; x_wconf 89' lang='lat' dir='ltr'>sequitur:</span> <span class='ocrx_word' id='word_1_137' title='bbox 545 1135 584 1166; x_wconf 82' lang='lat' dir='ltr'>Et</span> <span class='ocrx_word' id='word_1_138' title='bbox 599 1134 748 1167; x_wconf 71' lang='lat' dir='ltr'>discessit</span> <span class='ocrx_word' id='word_1_139' title='bbox 764 1134 805 1167; x_wconf 83' lang='lat' dir='ltr'>ab</span> <span class='ocrx_word' id='word_1_140' title='bbox 830 1134 888 1166; x_wconf 78' lang='lat' dir='ltr'>itta</span> <span class='ocrx_word' id='word_1_141' title='bbox 907 1134 1061 1176; x_wconf 69' lang='lat' dir='ltr'>Anyelas.</span> <span class='ocrx_word' id='word_1_142' title='bbox 1081 1135 1141 1166; x_wconf 90' lang='grc' dir='ltr'>Ηο6</span> 
     </span>
    </p>

    <p class='ocr_par' dir='ltr' id='par_1_17' title="bbox 181 1187 1142 1229">
     <span class='ocr_line' id='line_1_18' title="bbox 181 1187 1142 1229; baseline 0 -9"><span class='ocrx_word' id='word_1_143' title='bbox 181 1188 264 1220; x_wconf 89' lang='lat' dir='ltr'>enim</span> <span class='ocrx_word' id='word_1_144' title='bbox 288 1187 477 1220; x_wconf 82' lang='lat' dir='ltr'>ostendebat</span> <span class='ocrx_word' id='word_1_145' title='bbox 493 1188 588 1225; x_wconf 84' lang='lat' dir='ltr'>sacto,</span> <span class='ocrx_word' id='word_1_146' title='bbox 613 1188 697 1229; x_wconf 86' lang='lat' dir='ltr'>quod</span> <span class='ocrx_word' id='word_1_147' title='bbox 722 1188 858 1229; x_wconf 84' lang='lat' dir='ltr'>Raphael</span> <span class='ocrx_word' id='word_1_148' title='bbox 882 1188 995 1220; x_wconf 83' lang='lat' dir='ltr'>Tobiae</span> <span class='ocrx_word' id='word_1_149' title='bbox 1019 1188 1142 1220; x_wconf 82' lang='lat' dir='ltr'>dicebat</span> 
     </span>
    </p>

    <p class='ocr_par' dir='ltr' id='par_1_18' title="bbox 180 1240 1141 1282">
     <span class='ocr_line' id='line_1_19' title="bbox 180 1240 1141 1282; baseline 0 -9"><span class='ocrx_word' id='word_1_150' title='bbox 180 1240 292 1279; x_wconf 87' lang='lat' dir='ltr'>verbo,</span> <span class='ocrx_word' id='word_1_151' title='bbox 316 1240 429 1272; x_wconf 82' lang='lat' dir='ltr'>Tobiae</span> <span class='ocrx_word' id='word_1_152' title='bbox 453 1240 638 1273; x_wconf 87' lang='lat' dir='ltr'>duodecimo</span> <span class='ocrx_word' id='word_1_153' title='bbox 652 1241 678 1272; x_wconf 67' lang='grc'>3;</span> <span class='ocrx_word' id='word_1_154' title='bbox 709 1253 724 1268; x_wconf 89' lang='lat'>«</span> <span class='ocrx_word' id='word_1_155' title='bbox 740 1241 877 1282; x_wconf 81' lang='lat' dir='ltr'>Tempus</span> <span class='ocrx_word' id='word_1_156' title='bbox 900 1244 965 1279; x_wconf 85' lang='lat' dir='ltr'>est,</span> <span class='ocrx_word' id='word_1_157' title='bbox 983 1244 1018 1273; x_wconf 89' lang='lat' dir='ltr'>ut</span> <span class='ocrx_word' id='word_1_158' title='bbox 1035 1249 1141 1273; x_wconf 84' lang='lat' dir='ltr'>rever-</span> 
     </span>
    </p>

    <p class='ocr_par' dir='ltr' id='par_1_19' title="bbox 182 1293 1141 1336">
     <span class='ocr_line' id='line_1_20' title="bbox 182 1293 1141 1336; baseline 0 -10"><span class='ocrx_word' id='word_1_159' title='bbox 182 1297 231 1326; x_wconf 88' lang='lat' dir='ltr'>tar</span> <span class='ocrx_word' id='word_1_160' title='bbox 267 1293 305 1326; x_wconf 90' lang='lat' dir='ltr'>ad</span> <span class='ocrx_word' id='word_1_161' title='bbox 341 1303 412 1326; x_wconf 89' lang='lat' dir='ltr'>eum</span> <span class='ocrx_word' id='word_1_162' title='bbox 449 1294 501 1336; x_wconf 89' lang='lat' dir='ltr'>qui</span> <span class='ocrx_word' id='word_1_163' title='bbox 536 1303 585 1327; x_wconf 90' lang='lat' dir='ltr'>me</span> <span class='ocrx_word' id='word_1_164' title='bbox 618 1294 752 1332; x_wconf 87' lang='lat' dir='ltr'>misit»;</span> <span class='ocrx_word' id='word_1_165' title='bbox 781 1297 813 1327; x_wconf 86' lang='lat' dir='ltr'>et</span> <span class='ocrx_word' id='word_1_166' title='bbox 835 1294 873 1327; x_wconf 89' lang='lat' dir='ltr'>de</span> <span class='ocrx_word' id='word_1_167' title='bbox 907 1295 995 1327; x_wconf 84' lang='lat' dir='ltr'>Petro</span> <span class='ocrx_word' id='word_1_168' title='bbox 1026 1294 1141 1327; x_wconf 86' lang='lat' dir='ltr'>dicitur</span> 
     </span>
    </p>

    <p class='ocr_par' dir='ltr' id='par_1_20' title="bbox 181 1346 1140 1388">
     <span class='ocr_line' id='line_1_21' title="bbox 181 1346 1140 1388; baseline -0.001 -9"><span class='ocrx_word' id='word_1_169' title='bbox 181 1347 314 1379; x_wconf 82' lang='lat' dir='ltr'>Actuuni</span> <span class='ocrx_word' id='word_1_170' title='bbox 343 1346 544 1385; x_wconf 81' lang='lat' dir='ltr'>duodecimo,</span> <span class='ocrx_word' id='word_1_171' title='bbox 578 1347 660 1388; x_wconf 88' lang='lat' dir='ltr'>quod</span> <span class='ocrx_word' id='word_1_172' title='bbox 694 1347 761 1388; x_wconf 87' lang='lat' dir='ltr'>ipso</span> <span class='ocrx_word' id='word_1_173' title='bbox 792 1347 904 1379; x_wconf 87' lang='lat' dir='ltr'>educto</span> <span class='ocrx_word' id='word_1_174' title='bbox 935 1346 973 1379; x_wconf 91' lang='lat' dir='ltr'>de</span> <span class='ocrx_word' id='word_1_175' title='bbox 996 1355 1140 1385; x_wconf 85' lang='lat' dir='ltr'>carcere,</span> 
     </span>
    </p>

    <p class='ocr_par' dir='ltr' id='par_1_21' title="bbox 33 1399 1140 1441">
     <span class='ocr_line' id='line_1_22' title="bbox 33 1399 1140 1441; baseline -0.001 -10"><span class='ocrx_word' id='word_1_176' title='bbox 33 1407 161 1430; x_wconf 70' lang='lat' dir='ltr'>Notandum.</span> <span class='ocrx_word' id='word_1_177' title='bbox 186 1412 201 1428; x_wconf 82' lang='lat'>«</span> <span class='ocrx_word' id='word_1_178' title='bbox 218 1399 367 1432; x_wconf 87' lang='lat' dir='ltr'>continuo</span> <span class='ocrx_word' id='word_1_179' title='bbox 391 1399 532 1432; x_wconf 77' lang='lat' dir='ltr'>discessit</span> <span class='ocrx_word' id='word_1_180' title='bbox 557 1400 692 1441; x_wconf 77' lang='lat' dir='ltr'>Angelus</span> <span class='ocrx_word' id='word_1_181' title='bbox 715 1400 754 1431; x_wconf 87' lang='lat' dir='ltr'>ab</span> <span class='ocrx_word' id='word_1_182' title='bbox 779 1410 815 1432; x_wconf 87' lang='lat' dir='ltr'>eo</span> <span class='ocrx_word' id='word_1_183' title='bbox 832 1413 861 1431; x_wconf 87' lang='lat'>».</span> <span class='ocrx_word' id='word_1_184' title='bbox 881 1399 1017 1432; x_wconf 80' lang='lat' dir='ltr'>Recessit</span> <span class='ocrx_word' id='word_1_185' title='bbox 1039 1399 1078 1431; x_wconf 87' lang='lat' dir='ltr'>ab</span> <span class='ocrx_word' id='word_1_186' title='bbox 1106 1408 1140 1431; x_wconf 88' lang='lat' dir='ltr'>ea</span> 
     </span>
    </p>

    <p class='ocr_par' dir='ltr' id='par_1_22' title="bbox 181 1452 1142 1494">
     <span class='ocr_line' id='line_1_23' title="bbox 181 1452 1142 1494; baseline -0.001 -9"><span class='ocrx_word' id='word_1_187' title='bbox 181 1453 329 1494; x_wconf 79' lang='lat' dir='ltr'>Angelus,</span> <span class='ocrx_word' id='word_1_188' title='bbox 355 1452 406 1485; x_wconf 87' lang='lat' dir='ltr'>sed</span> <span class='ocrx_word' id='word_1_189' title='bbox 432 1453 583 1485; x_wconf 81' lang='lat' dir='ltr'>remansit</span> <span class='ocrx_word' id='word_1_190' title='bbox 615 1462 685 1485; x_wconf 84' lang='lat' dir='ltr'>cum</span> <span class='ocrx_word' id='word_1_191' title='bbox 711 1462 748 1485; x_wconf 83' lang='lat' dir='ltr'>ea</span> <span class='ocrx_word' id='word_1_192' title='bbox 778 1453 831 1486; x_wconf 92' lang='lat' dir='ltr'>Dei</span> <span class='ocrx_word' id='word_1_193' title='bbox 857 1453 968 1490; x_wconf 82' lang='lat' dir='ltr'>Filius;</span> <span class='ocrx_word' id='word_1_194' title='bbox 1001 1452 1142 1484; x_wconf 81' lang='lat' dir='ltr'>discessit</span> 
     </span>
    </p>

    <p class='ocr_par' dir='ltr' id='par_1_23' title="bbox 181 1504 1139 1547">
     <span class='ocr_line' id='line_1_24' title="bbox 181 1504 1139 1547; baseline -0.001 -10"><span class='ocrx_word' id='word_1_195' title='bbox 181 1508 334 1547; x_wconf 89' lang='lat' dir='ltr'>quantum</span> <span class='ocrx_word' id='word_1_196' title='bbox 367 1505 405 1537; x_wconf 88' lang='lat' dir='ltr'>ad</span> <span class='ocrx_word' id='word_1_197' title='bbox 436 1505 670 1547; x_wconf 75' lang='lat' dir='ltr'>apparentiam,</span> <span class='ocrx_word' id='word_1_198' title='bbox 703 1506 756 1538; x_wconf 89' lang='lat' dir='ltr'>sed</span> <span class='ocrx_word' id='word_1_199' title='bbox 793 1508 1014 1538; x_wconf 84' lang='lat' dir='ltr'>remanserunt</span> <span class='ocrx_word' id='word_1_200' title='bbox 1050 1504 1139 1537; x_wconf 92' lang='lat' dir='ltr'>multi</span> 
     </span>
    </p>

    <p class='ocr_par' dir='ltr' id='par_1_24' title="bbox 181 1558 1141 1601">
     <span class='ocr_line' id='line_1_25' title="bbox 181 1558 1141 1601; baseline 0 -11"><span class='ocrx_word' id='word_1_201' title='bbox 181 1562 334 1601; x_wconf 77' lang='lat' dir='ltr'>quantuni</span> <span class='ocrx_word' id='word_1_202' title='bbox 371 1558 409 1590; x_wconf 89' lang='lat' dir='ltr'>ad</span> <span class='ocrx_word' id='word_1_203' title='bbox 446 1558 636 1597; x_wconf 88' lang='lat' dir='ltr'>custodiam;</span> <span class='ocrx_word' id='word_1_204' title='bbox 673 1559 872 1592; x_wconf 85' lang='lat' dir='ltr'>Canticorum</span> <span class='ocrx_word' id='word_1_205' title='bbox 911 1559 1019 1591; x_wconf 88' lang='lat' dir='ltr'>tertio:</span> <span class='ocrx_word' id='word_1_206' title='bbox 1049 1571 1064 1586; x_wconf 95' lang='lat'><strong><em>«</em></strong></span> <span class='ocrx_word' id='word_1_207' title='bbox 1082 1558 1141 1597; x_wconf 82' lang='lat' dir='ltr'>En,</span> 
     </span>
    </p>

    <p class='ocr_par' dir='ltr' id='par_1_25' title="bbox 181 1612 1142 1655">
     <span class='ocr_line' id='line_1_26' title="bbox 181 1612 1142 1655; baseline 0 -11"><span class='ocrx_word' id='word_1_208' title='bbox 181 1612 332 1645; x_wconf 89' lang='lat' dir='ltr'>lectulum</span> <span class='ocrx_word' id='word_1_209' title='bbox 358 1612 529 1645; x_wconf 85' lang='lat' dir='ltr'>Salomonis</span> <span class='ocrx_word' id='word_1_210' title='bbox 549 1612 712 1655; x_wconf 85' lang='lat' dir='ltr'>sexaginta</span> <span class='ocrx_word' id='word_1_211' title='bbox 736 1613 832 1645; x_wconf 84' lang='lat' dir='ltr'>sortes</span> <span class='ocrx_word' id='word_1_212' title='bbox 854 1612 997 1645; x_wconf 85' lang='lat' dir='ltr'>ambiunt</span> <span class='ocrx_word' id='word_1_213' title='bbox 1021 1621 1061 1644; x_wconf 85' lang='lat' dir='ltr'>ex</span> <span class='ocrx_word' id='word_1_214' title='bbox 1079 1612 1142 1644; x_wconf 82' lang='lat' dir='ltr'>sor-</span> 
     </span>
    </p>

    <p class='ocr_par' dir='ltr' id='par_1_26' title="bbox 181 1664 1142 1707">
     <span class='ocr_line' id='line_1_27' title="bbox 181 1664 1142 1707; baseline 0 -10"><span class='ocrx_word' id='word_1_215' title='bbox 181 1664 309 1697; x_wconf 87' lang='lat' dir='ltr'>tissimis</span> <span class='ocrx_word' id='word_1_216' title='bbox 334 1664 470 1697; x_wconf 82' lang='lat' dir='ltr'>lsrael».</span> <span class='ocrx_word' id='word_1_217' title='bbox 496 1664 546 1697; x_wconf 91' lang='lat' dir='ltr'>lsti</span> <span class='ocrx_word' id='word_1_218' title='bbox 572 1668 647 1697; x_wconf 91' lang='lat' dir='ltr'>sunt</span> <span class='ocrx_word' id='word_1_219' title='bbox 670 1665 774 1707; x_wconf 79' lang='lat' dir='ltr'>Angeli</span> <span class='ocrx_word' id='word_1_220' title='bbox 800 1664 984 1702; x_wconf 83' lang='lat' dir='ltr'>beatissimi,</span> <span class='ocrx_word' id='word_1_221' title='bbox 1009 1665 1062 1706; x_wconf 90' lang='lat' dir='ltr'>qui</span> <span class='ocrx_word' id='word_1_222' title='bbox 1087 1674 1142 1697; x_wconf 90' lang='lat' dir='ltr'>cu-</span> 
     </span>
    </p>

    <p class='ocr_par' dir='ltr' id='par_1_27' title="bbox 182 1717 1142 1759">
     <span class='ocr_line' id='line_1_28' title="bbox 182 1717 1142 1759; baseline 0 -9"><span class='ocrx_word' id='word_1_223' title='bbox 182 1717 356 1750; x_wconf 88' lang='lat' dir='ltr'>stodiebant</span> <span class='ocrx_word' id='word_1_224' title='bbox 380 1726 447 1750; x_wconf 86' lang='lat' dir='ltr'>eam</span> <span class='ocrx_word' id='word_1_225' title='bbox 475 1721 622 1759; x_wconf 81' lang='lat' dir='ltr'>tanquam</span> <span class='ocrx_word' id='word_1_226' title='bbox 653 1718 792 1750; x_wconf 86' lang='lat' dir='ltr'>«locum</span> <span class='ocrx_word' id='word_1_227' title='bbox 826 1718 948 1750; x_wconf 88' lang='lat' dir='ltr'>divinae</span> <span class='ocrx_word' id='word_1_228' title='bbox 978 1718 1142 1750; x_wconf 85' lang='lat' dir='ltr'>habitatio-</span> 
     </span>
    </p>

    <p class='ocr_par' dir='ltr' id='par_1_28' title="bbox 181 1764 1141 1808">
     <span class='ocr_line' id='line_1_29' title="bbox 181 1764 1141 1808; baseline 0.001 -6"><span class='ocrx_word' id='word_1_229' title='bbox 181 1770 255 1802; x_wconf 75' lang='lat' dir='ltr'>nis4</span> <span class='ocrx_word' id='word_1_230' title='bbox 277 1783 292 1799; x_wconf 89' lang='lat'>»</span> <span class='ocrx_word' id='word_1_231' title='bbox 321 1770 559 1808; x_wconf 72' lang='lat' dir='ltr'>electissimum,</span> <span class='ocrx_word' id='word_1_232' title='bbox 585 1764 667 1803; x_wconf 84' lang='lat' dir='ltr'>unde</span> <span class='ocrx_word' id='word_1_233' title='bbox 690 1770 746 1803; x_wconf 91' lang='lat' dir='ltr'>etsi</span> <span class='ocrx_word' id='word_1_234' title='bbox 772 1770 959 1803; x_wconf 80' lang='lat' dir='ltr'>heneficium</span> <span class='ocrx_word' id='word_1_235' title='bbox 982 1770 1141 1803; x_wconf 83' lang='lat' dir='ltr'>custodiae</span> 
     </span>
    </p>

    <p class='ocr_par' dir='ltr' id='par_1_29' title="bbox 180 1823 1139 1865">
     <span class='ocr_line' id='line_1_30' title="bbox 180 1823 1139 1865; baseline -0.001 -9"><span class='ocrx_word' id='word_1_236' title='bbox 180 1823 237 1856; x_wconf 90' lang='lat' dir='ltr'>sibi</span> <span class='ocrx_word' id='word_1_237' title='bbox 264 1823 480 1865; x_wconf 81' lang='lat' dir='ltr'>impenderent</span> <span class='ocrx_word' id='word_1_238' title='bbox 497 1827 626 1864; x_wconf 86' lang='lat' dir='ltr'>propter</span> <span class='ocrx_word' id='word_1_239' title='bbox 642 1823 855 1856; x_wconf 81' lang='lat' dir='ltr'>infirmitatem</span> <span class='ocrx_word' id='word_1_240' title='bbox 874 1823 994 1861; x_wconf 85' lang='lat' dir='ltr'>carnis,</span> <span class='ocrx_word' id='word_1_241' title='bbox 1019 1824 1139 1855; x_wconf 90' lang='lat' dir='ltr'>cultum</span> 
     </span>
    </p>

    <p class='ocr_par' dir='ltr' id='par_1_30' title="bbox 148 1875 1140 1918">
     <span class='ocr_line' id='line_1_31' title="bbox 148 1875 1140 1918; baseline -0.001 -9"><span class='ocrx_word' id='word_1_242' title='bbox 148 1914 151 1916; x_wconf 9' lang='grc' dir='ltr'>μ</span> <span class='ocrx_word' id='word_1_243' title='bbox 181 1879 283 1909; x_wconf 87' lang='lat' dir='ltr'>tamen</span> <span class='ocrx_word' id='word_1_244' title='bbox 309 1875 503 1908; x_wconf 85' lang='lat' dir='ltr'>reverentiae</span> <span class='ocrx_word' id='word_1_245' title='bbox 519 1876 711 1908; x_wconf 84' lang='lat' dir='ltr'>exhibebant</span> <span class='ocrx_word' id='word_1_246' title='bbox 728 1879 857 1917; x_wconf 87' lang='lat' dir='ltr'>propter</span> <span class='ocrx_word' id='word_1_247' title='bbox 876 1876 1056 1918; x_wconf 81' lang='lat' dir='ltr'>dignitatem</span> <span class='ocrx_word' id='word_1_248' title='bbox 1080 1877 1140 1908; x_wconf 88' lang='lat' dir='ltr'>Ma-</span> 
     </span>
    </p>

    <p class='ocr_par' dir='ltr' id='par_1_31' title="bbox 180 1929 1140 1970">
     <span class='ocr_line' id='line_1_32' title="bbox 180 1929 1140 1970; baseline 0.001 -9"><span class='ocrx_word' id='word_1_249' title='bbox 180 1929 256 1968; x_wconf 87' lang='lat' dir='ltr'>tris,</span> <span class='ocrx_word' id='word_1_250' title='bbox 273 1933 304 1962; x_wconf 88' lang='lat' dir='ltr'>et</span> <span class='ocrx_word' id='word_1_251' title='bbox 328 1929 397 1962; x_wconf 88' lang='lat' dir='ltr'>ideo</span> <span class='ocrx_word' id='word_1_252' title='bbox 412 1929 548 1970; x_wconf 89' lang='lat' dir='ltr'>quodam</span> <span class='ocrx_word' id='word_1_253' title='bbox 573 1929 664 1961; x_wconf 91' lang='lat' dir='ltr'>modo</span> <span class='ocrx_word' id='word_1_254' title='bbox 682 1938 737 1970; x_wconf 88' lang='lat' dir='ltr'>per</span> <span class='ocrx_word' id='word_1_255' title='bbox 762 1929 859 1970; x_wconf 81' lang='lat' dir='ltr'>ipsam</span> <span class='ocrx_word' id='word_1_256' title='bbox 885 1929 1094 1962; x_wconf 82' lang='lat' dir='ltr'>ascendebant</span> <span class='ocrx_word' id='word_1_257' title='bbox 1109 1933 1140 1962; x_wconf 89' lang='lat' dir='ltr'>et</span> 
     </span>
    </p>

    <p class='ocr_par' dir='ltr' id='par_1_32' title="bbox 18 1981 1139 2024">
     <span class='ocr_line' id='line_1_33' title="bbox 18 1981 1139 2024; baseline 0.001 -10"><span class='ocrx_word' id='word_1_258' title='bbox 18 1993 69 2014; x_wconf 79' lang='lat' dir='ltr'>Tres</span> <span class='ocrx_word' id='word_1_259' title='bbox 83 1993 161 2024; x_wconf 59' lang='lat' dir='ltr'>figurae</span> <span class='ocrx_word' id='word_1_260' title='bbox 179 1982 417 2015; x_wconf 83' lang='lat' dir='ltr'>descendebant.</span> <span class='ocrx_word' id='word_1_261' title='bbox 443 1982 529 2014; x_wconf 90' lang='lat' dir='ltr'>Unde</span> <span class='ocrx_word' id='word_1_262' title='bbox 552 1981 712 2023; x_wconf 84' lang='lat' dir='ltr'>designata</span> <span class='ocrx_word' id='word_1_263' title='bbox 735 1982 794 2014; x_wconf 85' lang='lat' dir='ltr'>suit</span> <span class='ocrx_word' id='word_1_264' title='bbox 811 1991 867 2024; x_wconf 89' lang='lat' dir='ltr'>per</span> <span class='ocrx_word' id='word_1_265' title='bbox 888 1982 970 2015; x_wconf 90' lang='lat' dir='ltr'>illam</span> <span class='ocrx_word' id='word_1_266' title='bbox 994 1982 1139 2021; x_wconf 80' lang='lat' dir='ltr'>scalam,</span> 
     </span>
    </p>

    <p class='ocr_par' dir='ltr' id='par_1_33' title="bbox 46 2019 1140 2077">
     <span class='ocr_line' id='line_1_34' title="bbox 46 2019 1140 2077; baseline 0.002 -11"><span class='ocrx_word' id='word_1_267' title='bbox 46 2019 134 2041; x_wconf 50' lang='grc' dir='ltr'>ΜΗΘ·</span> <span class='ocrx_word' id='word_1_268' title='bbox 180 2034 230 2067; x_wconf 88' lang='lat' dir='ltr'>cui</span> <span class='ocrx_word' id='word_1_269' title='bbox 255 2034 407 2067; x_wconf 85' lang='lat' dir='ltr'>Dominus</span> <span class='ocrx_word' id='word_1_270' title='bbox 423 2036 491 2066; x_wconf 85' lang='lat' dir='ltr'>erat</span> <span class='ocrx_word' id='word_1_271' title='bbox 515 2034 662 2073; x_wconf 83' lang='lat' dir='ltr'>innixus,</span> <span class='ocrx_word' id='word_1_272' title='bbox 684 2037 714 2067; x_wconf 88' lang='lat' dir='ltr'>et</span> <span class='ocrx_word' id='word_1_273' title='bbox 730 2035 834 2077; x_wconf 78' lang='lat' dir='ltr'>Angeli</span> <span class='ocrx_word' id='word_1_274' title='bbox 852 2044 908 2077; x_wconf 86' lang='lat' dir='ltr'>per</span> <span class='ocrx_word' id='word_1_275' title='bbox 926 2035 1009 2068; x_wconf 86' lang='lat' dir='ltr'>illam</span> <span class='ocrx_word' id='word_1_276' title='bbox 1033 2045 1140 2068; x_wconf 87' lang='lat' dir='ltr'>ascen-</span> 
     </span>
    </p>

    <p class='ocr_par' dir='ltr' id='par_1_34' title="bbox 176 2087 1138 2130">
     <span class='ocr_line' id='line_1_35' title="bbox 176 2087 1138 2130; baseline 0.001 -10"><span class='ocrx_word' id='word_1_277' title='bbox 176 2087 308 2126; x_wconf 85' lang='lat' dir='ltr'>debant,</span> <span class='ocrx_word' id='word_1_278' title='bbox 333 2096 428 2129; x_wconf 87' lang='lat' dir='ltr'>quam</span> <span class='ocrx_word' id='word_1_279' title='bbox 445 2087 522 2120; x_wconf 89' lang='lat' dir='ltr'>vidit</span> <span class='ocrx_word' id='word_1_280' title='bbox 545 2088 653 2126; x_wconf 82' lang='lat' dir='ltr'>Iacob,</span> <span class='ocrx_word' id='word_1_281' title='bbox 678 2088 805 2121; x_wconf 88' lang='lat' dir='ltr'>Genesis</span> <span class='ocrx_word' id='word_1_282' title='bbox 821 2089 971 2130; x_wconf 81' lang='lat' dir='ltr'>vigesimo</span> <span class='ocrx_word' id='word_1_283' title='bbox 987 2092 1096 2121; x_wconf 86' lang='lat' dir='ltr'>octavo</span> <span class='ocrx_word' id='word_1_284' title='bbox 1108 2089 1138 2128; x_wconf 79' lang='lat'>⁵3</span> 
     </span>
    </p>

    <p class='ocr_par' dir='ltr' id='par_1_35' title="bbox 160 2140 1141 2182">
     <span class='ocr_line' id='line_1_36' title="bbox 160 2140 1141 2182; baseline 0 -8"><span class='ocrx_word' id='word_1_285' title='bbox 160 2144 211 2174; x_wconf 73' lang='lat' dir='ltr'>&#39;et</span> <span class='ocrx_word' id='word_1_286' title='bbox 234 2144 304 2182; x_wconf 88' lang='lat' dir='ltr'>post</span> <span class='ocrx_word' id='word_1_287' title='bbox 338 2140 501 2182; x_wconf 87' lang='lat' dir='ltr'>sequitur:</span> <span class='ocrx_word' id='word_1_288' title='bbox 531 2141 628 2173; x_wconf 87' lang='lat' dir='ltr'>«Non</span> <span class='ocrx_word' id='word_1_289' title='bbox 653 2144 700 2173; x_wconf 88' lang='lat' dir='ltr'>est</span> <span class='ocrx_word' id='word_1_290' title='bbox 736 2141 786 2173; x_wconf 90' lang='lat' dir='ltr'>hic</span> <span class='ocrx_word' id='word_1_291' title='bbox 814 2141 898 2174; x_wconf 86' lang='lat' dir='ltr'>aliud</span> <span class='ocrx_word' id='word_1_292' title='bbox 935 2141 992 2174; x_wconf 89' lang='lat' dir='ltr'>nisi</span> <span class='ocrx_word' id='word_1_293' title='bbox 1021 2142 1141 2175; x_wconf 80' lang='lat' dir='ltr'>domas</span> 
     </span>
    </p>

    <p class='ocr_par' dir='ltr' id='par_1_36' title="bbox 32 2193 1139 2236">
     <span class='ocr_line' id='line_1_37' title="bbox 32 2193 1139 2236; baseline 0.002 -10"><span class='ocrx_word' id='word_1_294' title='bbox 32 2204 160 2227; x_wconf 69' lang='lat' dir='ltr'>Notandum.</span> <span class='ocrx_word' id='word_1_295' title='bbox 179 2194 234 2227; x_wconf 87' lang='lat' dir='ltr'>Dei</span> <span class='ocrx_word' id='word_1_296' title='bbox 259 2197 290 2227; x_wconf 91' lang='lat' dir='ltr'>et</span> <span class='ocrx_word' id='word_1_297' title='bbox 302 2198 403 2236; x_wconf 80' lang='lat' dir='ltr'>porta</span> <span class='ocrx_word' id='word_1_298' title='bbox 419 2193 547 2232; x_wconf 86' lang='lat' dir='ltr'>caeli»,</span> <span class='ocrx_word' id='word_1_299' title='bbox 572 2194 647 2235; x_wconf 88' lang='lat' dir='ltr'>quia</span> <span class='ocrx_word' id='word_1_300' title='bbox 670 2195 777 2227; x_wconf 88' lang='lat' dir='ltr'>nullus</span> <span class='ocrx_word' id='word_1_301' title='bbox 801 2197 902 2236; x_wconf 85' lang='lat' dir='ltr'>potest</span> <span class='ocrx_word' id='word_1_302' title='bbox 925 2195 985 2227; x_wconf 89' lang='lat' dir='ltr'>iam</span> <span class='ocrx_word' id='word_1_303' title='bbox 1017 2195 1139 2228; x_wconf 85' lang='lat' dir='ltr'>caelum</span> 
     </span>
    </p>

    <p class='ocr_par' dir='ltr' id='par_1_37' title="bbox 179 2247 1139 2290">
     <span class='ocr_line' id='line_1_38' title="bbox 179 2247 1139 2290; baseline 0.001 -10"><span class='ocrx_word' id='word_1_304' title='bbox 179 2248 314 2284; x_wconf 82' lang='lat' dir='ltr'>intrare.</span> <span class='ocrx_word' id='word_1_305' title='bbox 339 2247 396 2279; x_wconf 91' lang='lat' dir='ltr'>nisi</span> <span class='ocrx_word' id='word_1_306' title='bbox 422 2256 477 2288; x_wconf 87' lang='lat' dir='ltr'>per</span> <span class='ocrx_word' id='word_1_307' title='bbox 501 2247 627 2279; x_wconf 84' lang='lat' dir='ltr'>Mariam</span> <span class='ocrx_word' id='word_1_308' title='bbox 654 2251 799 2290; x_wconf 85' lang='lat' dir='ltr'>transeat·</span> <span class='ocrx_word' id='word_1_309' title='bbox 815 2252 964 2290; x_wconf 86' lang='lat' dir='ltr'>tanquam</span> <span class='ocrx_word' id='word_1_310' title='bbox 983 2257 1039 2290; x_wconf 90' lang='lat' dir='ltr'>per</span> <span class='ocrx_word' id='word_1_311' title='bbox 1061 2258 1139 2290; x_wconf 79' lang='lat' dir='ltr'>por—</span> 
     </span>
    </p>

    <p class='ocr_par' dir='ltr' id='par_1_38' title="bbox 180 2299 1140 2342">
     <span class='ocr_line' id='line_1_39' title="bbox 180 2299 1140 2342; baseline 0.001 -9"><span class='ocrx_word' id='word_1_312' title='bbox 180 2303 259 2333; x_wconf 86' lang='lat' dir='ltr'>tam.</span> <span class='ocrx_word' id='word_1_313' title='bbox 285 2300 371 2332; x_wconf 87' lang='lat' dir='ltr'>Sicut</span> <span class='ocrx_word' id='word_1_314' title='bbox 394 2299 476 2332; x_wconf 90' lang='lat' dir='ltr'>enim</span> <span class='ocrx_word' id='word_1_315' title='bbox 490 2299 585 2332; x_wconf 43' lang='lat' dir='ltr'>*Deus</span> <span class='ocrx_word' id='word_1_316' title='bbox 608 2300 647 2332; x_wconf 89' lang='lat' dir='ltr'>ad</span> <span class='ocrx_word' id='word_1_317' title='bbox 672 2309 728 2332; x_wconf 83' lang='lat' dir='ltr'>nos</span> <span class='ocrx_word' id='word_1_318' title='bbox 752 2300 836 2333; x_wconf 86' lang='lat' dir='ltr'>ve‘nit</span> <span class='ocrx_word' id='word_1_319' title='bbox 860 2309 917 2342; x_wconf 90' lang='lat' dir='ltr'>per</span> <span class='ocrx_word' id='word_1_320' title='bbox 948 2300 1065 2342; x_wconf 87' lang='lat' dir='ltr'>ipsam,</span> <span class='ocrx_word' id='word_1_321' title='bbox 1097 2301 1140 2334; x_wconf 85' lang='lat' dir='ltr'>ita</span> 
     </span>
    </p>

    <p class='ocr_par' dir='ltr' id='par_1_39' title="bbox 179 2352 1140 2395">
     <span class='ocr_line' id='line_1_40' title="bbox 179 2352 1140 2395; baseline 0.002 -11"><span class='ocrx_word' id='word_1_322' title='bbox 179 2361 237 2395; x_wconf 90' lang='lat' dir='ltr'>per</span> <span class='ocrx_word' id='word_1_323' title='bbox 260 2352 358 2394; x_wconf 84' lang='lat' dir='ltr'>ipsam</span> <span class='ocrx_word' id='word_1_324' title='bbox 384 2361 440 2384; x_wconf 88' lang='lat' dir='ltr'>nos</span> <span class='ocrx_word' id='word_1_325' title='bbox 463 2356 587 2394; x_wconf 88' lang='lat' dir='ltr'>oportet</span> <span class='ocrx_word' id='word_1_326' title='bbox 611 2353 714 2385; x_wconf 85' lang='lat' dir='ltr'>redire</span> <span class='ocrx_word' id='word_1_327' title='bbox 738 2353 895 2385; x_wconf 87' lang='lat' dir='ltr'>inDeum.</span> <span class='ocrx_word' id='word_1_328' title='bbox 923 2353 956 2385; x_wconf 81' lang='lat' dir='ltr'>Et</span> <span class='ocrx_word' id='word_1_329' title='bbox 973 2353 1041 2386; x_wconf 87' lang='lat' dir='ltr'>ideo</span> <span class='ocrx_word' id='word_1_330' title='bbox 1064 2353 1140 2386; x_wconf 90' lang='lat' dir='ltr'>dici-</span> 
     </span>
    </p>

    <p class='ocr_par' dir='ltr' id='par_1_40' title="bbox 180 2405 1137 2448">
     <span class='ocr_line' id='line_1_41' title="bbox 180 2405 1137 2448; baseline 0.002 -11"><span class='ocrx_word' id='word_1_331' title='bbox 180 2409 233 2438; x_wconf 88' lang='lat' dir='ltr'>tur</span> <span class='ocrx_word' id='word_1_332' title='bbox 257 2405 393 2443; x_wconf 79' lang='lat' dir='ltr'>domas,</span> <span class='ocrx_word' id='word_1_333' title='bbox 418 2409 517 2447; x_wconf 78' lang='lat' dir='ltr'>porta</span> <span class='ocrx_word' id='word_1_334' title='bbox 540 2409 571 2438; x_wconf 87' lang='lat' dir='ltr'>et</span> <span class='ocrx_word' id='word_1_335' title='bbox 594 2406 707 2438; x_wconf 80' lang='lat' dir='ltr'>scala:</span> <span class='ocrx_word' id='word_1_336' title='bbox 733 2406 851 2438; x_wconf 74' lang='lat' dir='ltr'>(Ionias</span> <span class='ocrx_word' id='word_1_337' title='bbox 872 2410 1000 2448; x_wconf 84' lang='lat' dir='ltr'>propter</span> <span class='ocrx_word' id='word_1_338' title='bbox 1024 2407 1137 2439; x_wconf 84' lang='lat' dir='ltr'>Christi</span> 
     </span>
    </p>

    <p class='ocr_par' dir='ltr' id='par_1_41' title="bbox 180 2459 1139 2502">
     <span class='ocr_line' id='line_1_42' title="bbox 180 2459 1139 2502; baseline 0.001 -11"><span class='ocrx_word' id='word_1_339' title='bbox 180 2459 429 2500; x_wconf 79' lang='lat' dir='ltr'>conceptionem,</span> <span class='ocrx_word' id='word_1_340' title='bbox 443 2464 545 2500; x_wconf 80' lang='lat' dir='ltr'>porta</span> <span class='ocrx_word' id='word_1_341' title='bbox 569 2463 698 2501; x_wconf 88' lang='lat' dir='ltr'>propter</span> <span class='ocrx_word' id='word_1_342' title='bbox 714 2459 828 2501; x_wconf 74' lang='lat' dir='ltr'>Chizisti</span> <span class='ocrx_word' id='word_1_343' title='bbox 854 2464 978 2502; x_wconf 89' lang='lat' dir='ltr'>partum</span> <span class='ocrx_word' id='word_1_344' title='bbox 1000 2464 1031 2492; x_wconf 89' lang='lat' dir='ltr'>et</span> <span class='ocrx_word' id='word_1_345' title='bbox 1046 2460 1139 2492; x_wconf 78' lang='lat' dir='ltr'>scala</span> 
     </span>
    </p>

    <p class='ocr_par' dir='ltr' id='par_1_42' title="bbox 31 2513 1140 2555">
     <span class='ocr_line' id='line_1_43' title="bbox 31 2513 1140 2555; baseline 0 -10"><span class='ocrx_word' id='word_1_346' title='bbox 31 2523 161 2546; x_wconf 69' lang='lat' dir='ltr'>Exhortatio.</span> <span class='ocrx_word' id='word_1_347' title='bbox 180 2516 310 2555; x_wconf 84' lang='lat' dir='ltr'>propter</span> <span class='ocrx_word' id='word_1_348' title='bbox 333 2521 497 2545; x_wconf 85' lang='lat' dir='ltr'>ascensum</span> <span class='ocrx_word' id='word_1_349' title='bbox 514 2513 551 2545; x_wconf 87' lang='lat' dir='ltr'>ad</span> <span class='ocrx_word' id='word_1_350' title='bbox 576 2513 688 2546; x_wconf 88' lang='lat' dir='ltr'>Deum.</span> <span class='ocrx_word' id='word_1_351' title='bbox 703 2532 747 2536; x_wconf 90' lang='lat'>——</span> <span class='ocrx_word' id='word_1_352' title='bbox 764 2513 829 2545; x_wconf 94' lang='lat' dir='ltr'>Non</span> <span class='ocrx_word' id='word_1_353' title='bbox 846 2522 921 2555; x_wconf 85' lang='lat' dir='ltr'>ergo</span> <span class='ocrx_word' id='word_1_354' title='bbox 943 2513 1140 2546; x_wconf 85' lang='lat' dir='ltr'>discedamus</span> 
     </span>
    </p>

    <p class='ocr_par' dir='ltr' id='par_1_43' title="bbox 180 2565 1139 2608">
     <span class='ocr_line' id='line_1_44' title="bbox 180 2565 1139 2608; baseline 0 -10"><span class='ocrx_word' id='word_1_355' title='bbox 180 2565 219 2598; x_wconf 90' lang='lat' dir='ltr'>ab</span> <span class='ocrx_word' id='word_1_356' title='bbox 243 2574 297 2604; x_wconf 85' lang='lat' dir='ltr'>ea,</span> <span class='ocrx_word' id='word_1_357' title='bbox 321 2565 375 2598; x_wconf 89' lang='lat' dir='ltr'>sed</span> <span class='ocrx_word' id='word_1_358' title='bbox 399 2566 467 2598; x_wconf 88' lang='lat' dir='ltr'>eius</span> <span class='ocrx_word' id='word_1_359' title='bbox 490 2565 622 2607; x_wconf 88' lang='lat' dir='ltr'>pedibus</span> <span class='ocrx_word' id='word_1_360' title='bbox 646 2566 821 2607; x_wconf 87' lang='lat' dir='ltr'>provoluti,</span> <span class='ocrx_word' id='word_1_361' title='bbox 846 2575 970 2608; x_wconf 88' lang='lat' dir='ltr'>semper</span> <span class='ocrx_word' id='word_1_362' title='bbox 994 2575 1061 2598; x_wconf 88' lang='lat' dir='ltr'>eam</span> <span class='ocrx_word' id='word_1_363' title='bbox 1091 2575 1139 2598; x_wconf 86' lang='lat' dir='ltr'>sa-</span> 
     </span>
    </p>

    <p class='ocr_par' dir='ltr' id='par_1_44' title="bbox 181 2618 1138 2660">
     <span class='ocr_line' id='line_1_45' title="bbox 181 2618 1138 2660; baseline 0.001 -10"><span class='ocrx_word' id='word_1_364' title='bbox 181 2618 336 2651; x_wconf 87' lang='lat' dir='ltr'>lutemus:</span> <span class='ocrx_word' id='word_1_365' title='bbox 364 2619 440 2656; x_wconf 81' lang='lat' dir='ltr'>Ave,</span> <span class='ocrx_word' id='word_1_366' title='bbox 456 2618 573 2660; x_wconf 66' lang='lat' dir='ltr'>qratia</span> <span class='ocrx_word' id='word_1_367' title='bbox 593 2618 708 2660; x_wconf 81' lang='lat' dir='ltr'>plena,</span> <span class='ocrx_word' id='word_1_368' title='bbox 732 2622 767 2651; x_wconf 90' lang='lat' dir='ltr'>ut</span> <span class='ocrx_word' id='word_1_369' title='bbox 791 2628 847 2660; x_wconf 86' lang='lat' dir='ltr'>per</span> <span class='ocrx_word' id='word_1_370' title='bbox 864 2627 931 2651; x_wconf 89' lang='lat' dir='ltr'>eam</span> <span class='ocrx_word' id='word_1_371' title='bbox 947 2627 1029 2660; x_wconf 87' lang='lat' dir='ltr'>quae</span> <span class='ocrx_word' id='word_1_372' title='bbox 1054 2618 1138 2651; x_wconf 89' lang='lat' dir='ltr'>inve—</span> 
     </span>
    </p>

    <p class='ocr_par' dir='ltr' id='par_1_45' title="bbox 181 2671 1139 2713">
     <span class='ocr_line' id='line_1_46' title="bbox 181 2671 1139 2713; baseline -0.001 -9"><span class='ocrx_word' id='word_1_373' title='bbox 181 2671 227 2704; x_wconf 87' lang='lat' dir='ltr'>nit</span> <span class='ocrx_word' id='word_1_374' title='bbox 250 2671 382 2713; x_wconf 84' lang='lat' dir='ltr'>gratiam</span> <span class='ocrx_word' id='word_1_375' title='bbox 406 2674 438 2704; x_wconf 89' lang='lat' dir='ltr'>et</span> <span class='ocrx_word' id='word_1_376' title='bbox 461 2671 706 2704; x_wconf 86' lang='lat' dir='ltr'>misericordiam</span> <span class='ocrx_word' id='word_1_377' title='bbox 731 2680 827 2713; x_wconf 86' lang='lat' dir='ltr'>super</span> <span class='ocrx_word' id='word_1_378' title='bbox 851 2680 960 2704; x_wconf 92' lang='lat' dir='ltr'>omnes</span> <span class='ocrx_word' id='word_1_379' title='bbox 991 2671 1139 2704; x_wconf 89' lang='lat' dir='ltr'>mulieres</span> 
     </span>
    </p>

    <p class='ocr_par' dir='ltr' id='par_1_46' title="bbox 181 2723 1138 2766">
     <span class='ocr_line' id='line_1_47' title="bbox 181 2723 1138 2766; baseline -0.001 -9"><span class='ocrx_word' id='word_1_380' title='bbox 181 2723 211 2756; x_wconf 92' lang='lat' dir='ltr'>in</span> <span class='ocrx_word' id='word_1_381' title='bbox 236 2728 404 2766; x_wconf 88' lang='lat' dir='ltr'>conspectu</span> <span class='ocrx_word' id='word_1_382' title='bbox 430 2724 513 2757; x_wconf 89' lang='lat' dir='ltr'>illius</span> <span class='ocrx_word' id='word_1_383' title='bbox 537 2724 639 2766; x_wconf 84' lang='lat' dir='ltr'>magni</span> <span class='ocrx_word' id='word_1_384' title='bbox 664 2724 804 2763; x_wconf 76' lang='lat' dir='ltr'>Assueri,</span> <span class='ocrx_word' id='word_1_385' title='bbox 828 2734 885 2757; x_wconf 85' lang='lat' dir='ltr'>nos</span> <span class='ocrx_word' id='word_1_386' title='bbox 913 2724 1073 2766; x_wconf 84' lang='lat' dir='ltr'>«gratiam</span> <span class='ocrx_word' id='word_1_387' title='bbox 1091 2724 1138 2756; x_wconf 91' lang='lat' dir='ltr'>in-</span> 
     </span>
    </p>
   </div>
   <div class='ocr_carea' id='block_1_3' title="bbox 137 2888 1139 3441">
    <p class='ocr_par' dir='ltr' id='par_1_47' title="bbox 180 2888 1139 3187">
     <span class='ocr_line' id='line_1_48' title="bbox 252 2888 1138 2921; baseline 0.001 -7"><span class='ocrx_word' id='word_1_388' title='bbox 252 2888 260 2902; x_wconf 93' lang='lat'>¹</span> <span class='ocrx_word' id='word_1_389' title='bbox 281 2888 427 2920; x_wconf 78' lang='lat' dir='ltr'>Respicitur</span> <span class='ocrx_word' id='word_1_390' title='bbox 445 2888 523 2914; x_wconf 74' lang='lat' dir='ltr'>klobr.</span> <span class='ocrx_word' id='word_1_391' title='bbox 557 2889 577 2919; x_wconf 87' lang='lat' dir='ltr'>l,</span> <span class='ocrx_word' id='word_1_392' title='bbox 597 2889 626 2913; x_wconf 86' lang='lat'>3:</span> <span class='ocrx_word' id='word_1_393' title='bbox 646 2889 807 2921; x_wconf 86' lang='lat' dir='ltr'>Portansquo</span> <span class='ocrx_word' id='word_1_394' title='bbox 826 2889 912 2914; x_wconf 81' lang='lat' dir='ltr'>onmia</span> <span class='ocrx_word' id='word_1_395' title='bbox 932 2889 1015 2915; x_wconf 74' lang='lat' dir='ltr'>verbo</span> <span class='ocrx_word' id='word_1_396' title='bbox 1035 2889 1138 2915; x_wconf 87' lang='lat' dir='ltr'>virtutis</span> 
     </span>
     <span class='ocr_line' id='line_1_49' title="bbox 181 2932 1137 2966; baseline 0.002 -9"><span class='ocrx_word' id='word_1_397' title='bbox 181 2939 253 2958; x_wconf 86' lang='lat' dir='ltr'>suae.</span> <span class='ocrx_word' id='word_1_398' title='bbox 270 2946 305 2951; x_wconf 97' lang='lat'><strong>—</strong></span> <span class='ocrx_word' id='word_1_399' title='bbox 325 2932 453 2958; x_wconf 84' lang='lat' dir='ltr'>Sententia</span> <span class='ocrx_word' id='word_1_400' title='bbox 474 2933 624 2958; x_wconf 81' lang='lat' dir='ltr'>immediato</span> <span class='ocrx_word' id='word_1_401' title='bbox 649 2932 765 2959; x_wconf 88' lang='lat' dir='ltr'>subnexa</span> <span class='ocrx_word' id='word_1_402' title='bbox 785 2936 824 2959; x_wconf 87' lang='lat' dir='ltr'>est</span> <span class='ocrx_word' id='word_1_403' title='bbox 848 2934 988 2964; x_wconf 81' lang='lat' dir='ltr'>Bernardi,</span> <span class='ocrx_word' id='word_1_404' title='bbox 1013 2934 1061 2960; x_wconf 85' lang='lat' dir='ltr'>loc.</span> <span class='ocrx_word' id='word_1_405' title='bbox 1081 2934 1137 2966; x_wconf 69' lang='lat' dir='ltr'>cit,</span> 
     </span>
     <span class='ocr_line' id='line_1_50' title="bbox 180 2976 1139 3009; baseline 0.003 -8"><span class='ocrx_word' id='word_1_406' title='bbox 180 2976 206 3002; x_wconf 86' lang='lat' dir='ltr'>in</span> <span class='ocrx_word' id='word_1_407' title='bbox 226 2976 300 3002; x_wconf 89' lang='lat' dir='ltr'>cuius</span> <span class='ocrx_word' id='word_1_408' title='bbox 319 2976 447 3009; x_wconf 85' lang='lat' dir='ltr'>principio</span> <span class='ocrx_word' id='word_1_409' title='bbox 476 2977 601 3008; x_wconf 76' lang='lat' dir='ltr'>allegatur</span> <span class='ocrx_word' id='word_1_410' title='bbox 621 2976 698 3003; x_wconf 87' lang='lat' dir='ltr'>llebr.</span> <span class='ocrx_word' id='word_1_411' title='bbox 731 2978 755 3009; x_wconf 87' lang='lat' dir='ltr'>l,</span> <span class='ocrx_word' id='word_1_412' title='bbox 780 2979 801 3003; x_wconf 91' lang='lat' dir='ltr'>l.</span> <span class='ocrx_word' id='word_1_413' title='bbox 827 2979 887 3004; x_wconf 82' lang='lat' dir='ltr'>Post</span> <span class='ocrx_word' id='word_1_414' title='bbox 904 2978 933 3004; x_wconf 82' lang='lat' dir='ltr'>in</span> <span class='ocrx_word' id='word_1_415' title='bbox 951 2986 1036 3005; x_wconf 80' lang='lat' dir='ltr'>mana</span> <span class='ocrx_word' id='word_1_416' title='bbox 1056 2982 1139 3005; x_wconf 86' lang='lat' dir='ltr'>textus</span> 
     </span>
     <span class='ocr_line' id='line_1_51' title="bbox 181 3012 1137 3054; baseline 0.003 -9"><span class='ocrx_word' id='word_1_417' title='bbox 181 3020 314 3052; x_wconf 85' lang='lat' dir='ltr'>originalis</span> <span class='ocrx_word' id='word_1_418' title='bbox 333 3020 514 3053; x_wconf 85' lang='lat' dir='ltr'>prosequitur:</span> <span class='ocrx_word' id='word_1_419' title='bbox 528 3021 635 3047; x_wconf 88' lang='lat' dir='ltr'>Factum</span> <span class='ocrx_word' id='word_1_420' title='bbox 648 3029 706 3047; x_wconf 83' lang='lat' dir='ltr'>esse</span> <span class='ocrx_word' id='word_1_421' title='bbox 719 3022 831 3048; x_wconf 88' lang='lat' dir='ltr'>verbum</span> <span class='ocrx_word' id='word_1_422' title='bbox 846 3023 948 3048; x_wconf 88' lang='lat' dir='ltr'>Domini</span> <span class='ocrx_word' id='word_1_423' title='bbox 963 3012 1137 3054; x_wconf 59' lang='lat' dir='ltr'>memoratum</span> 
     </span>
     <span class='ocr_line' id='line_1_52' title="bbox 182 3064 1139 3093; baseline 0.004 -4"><span class='ocrx_word' id='word_1_424' title='bbox 182 3064 244 3089; x_wconf 90' lang='lat' dir='ltr'>mihi</span> <span class='ocrx_word' id='word_1_425' title='bbox 263 3067 349 3090; x_wconf 83' lang='lat' dir='ltr'>aute-m</span> <span class='ocrx_word' id='word_1_426' title='bbox 370 3072 416 3090; x_wconf 92' lang='lat' dir='ltr'>oro</span> <span class='ocrx_word' id='word_1_427' title='bbox 437 3068 464 3089; x_wconf 88' lang='lat' dir='ltr'>ut</span> <span class='ocrx_word' id='word_1_428' title='bbox 488 3065 512 3090; x_wconf 91' lang='lat' dir='ltr'>in</span> <span class='ocrx_word' id='word_1_429' title='bbox 533 3069 606 3090; x_wconf 88' lang='lat' dir='ltr'>utero</span> <span class='ocrx_word' id='word_1_430' title='bbox 626 3066 669 3091; x_wconf 83' lang='lat' dir='ltr'>ilat</span> <span class='ocrx_word' id='word_1_431' title='bbox 688 3066 755 3091; x_wconf 82' lang='lat' dir='ltr'>iuxta</span> <span class='ocrx_word' id='word_1_432' title='bbox 776 3066 888 3092; x_wconf 88' lang='lat' dir='ltr'>verbum</span> <span class='ocrx_word' id='word_1_433' title='bbox 909 3070 991 3093; x_wconf 90' lang='lat' dir='ltr'>tuum.</span> <span class='ocrx_word' id='word_1_434' title='bbox 1011 3067 1074 3093; x_wconf 88' lang='lat' dir='ltr'>Nolo</span> <span class='ocrx_word' id='word_1_435' title='bbox 1093 3074 1139 3093; x_wconf 83' lang='lat' dir='ltr'>au-</span> 
     </span>
     <span class='ocr_line' id='line_1_53' title="bbox 182 3109 1139 3144; baseline 0.004 -11"><span class='ocrx_word' id='word_1_436' title='bbox 182 3111 248 3139; x_wconf 84' lang='lat' dir='ltr'>tem,</span> <span class='ocrx_word' id='word_1_437' title='bbox 267 3111 295 3134; x_wconf 91' lang='lat' dir='ltr'>ut</span> <span class='ocrx_word' id='word_1_438' title='bbox 314 3109 357 3134; x_wconf 83' lang='lat' dir='ltr'>ssat</span> <span class='ocrx_word' id='word_1_439' title='bbox 375 3111 424 3134; x_wconf 86' lang='lat' dir='ltr'>etc.</span> <span class='ocrx_word' id='word_1_440' title='bbox 443 3109 550 3135; x_wconf 84' lang='lat' dir='ltr'>lnserius</span> <span class='ocrx_word' id='word_1_441' title='bbox 562 3117 611 3142; x_wconf 88' lang='lat' dir='ltr'>pro</span> <span class='ocrx_word' id='word_1_442' title='bbox 623 3109 733 3137; x_wconf 74' lang='lat' dir='ltr'>silenter</span> <span class='ocrx_word' id='word_1_443' title='bbox 753 3111 800 3144; x_wconf 88' lang='lat' dir='ltr'>(ita</span> <span class='ocrx_word' id='word_1_444' title='bbox 820 3110 839 3137; x_wconf 91' lang='lat' dir='ltr'>C</span> <span class='ocrx_word' id='word_1_445' title='bbox 853 3112 874 3137; x_wconf 91' lang='lat' dir='ltr'>G</span> <span class='ocrx_word' id='word_1_446' title='bbox 893 3118 953 3137; x_wconf 90' lang='lat' dir='ltr'>cum</span> <span class='ocrx_word' id='word_1_447' title='bbox 974 3115 1041 3138; x_wconf 86' lang='lat' dir='ltr'>textu</span> <span class='ocrx_word' id='word_1_448' title='bbox 1062 3112 1139 3144; x_wconf 81' lang='lat' dir='ltr'>origi-</span> 
     </span>
     <span class='ocr_line' id='line_1_54' title="bbox 181 3152 1138 3187; baseline 0.004 -9"><span class='ocrx_word' id='word_1_449' title='bbox 181 3152 246 3186; x_wconf 87' lang='lat' dir='ltr'>nali)</span> <span class='ocrx_word' id='word_1_450' title='bbox 266 3153 287 3178; x_wconf 85' lang='lat'>11</span> <span class='ocrx_word' id='word_1_451' title='bbox 306 3152 472 3185; x_wconf 78' lang='lat' dir='ltr'>sensibiliter,</span> <span class='ocrx_word' id='word_1_452' title='bbox 492 3153 533 3179; x_wconf 88' lang='lat' dir='ltr'>alii</span> <span class='ocrx_word' id='word_1_453' title='bbox 547 3154 625 3187; x_wconf 73' lang='lat' dir='ltr'>codd.</span> <span class='ocrx_word' id='word_1_454' title='bbox 643 3154 776 3187; x_wconf 79' lang='lat' dir='ltr'>similiter,</span> <span class='ocrx_word' id='word_1_455' title='bbox 793 3155 814 3180; x_wconf 92' lang='lat' dir='ltr'>D</span> <span class='ocrx_word' id='word_1_456' title='bbox 830 3162 844 3180; x_wconf 85' lang='lat' dir='ltr'>a</span> <span class='ocrx_word' id='word_1_457' title='bbox 858 3156 973 3181; x_wconf 80' lang='lat' dir='ltr'>secunda</span> <span class='ocrx_word' id='word_1_458' title='bbox 993 3163 1071 3182; x_wconf 87' lang='lat' dir='ltr'>mauu</span> <span class='ocrx_word' id='word_1_459' title='bbox 1085 3155 1138 3182; x_wconf 80' lang='lat' dir='ltr'>sin-</span> 
     </span>
    </p>

    <p class='ocr_par' dir='ltr' id='par_1_48' title="bbox 137 3196 583 3231">
     <span class='ocr_line' id='line_1_55' title="bbox 137 3196 583 3231; baseline 0.002 -8"><span class='ocrx_word' id='word_1_460' title='bbox 137 3228 138 3231; x_wconf 15' lang='lat'><em>*</em></span> <span class='ocrx_word' id='word_1_461' title='bbox 182 3196 322 3230; x_wconf 70' lang='lat' dir='ltr'>quan-tter,</span> <span class='ocrx_word' id='word_1_462' title='bbox 344 3198 400 3223; x_wconf 63' lang='lat' dir='ltr'>Vnt.</span> <span class='ocrx_word' id='word_1_463' title='bbox 419 3196 583 3231; x_wconf 77' lang='lat' dir='ltr'>simpliciter.</span> 
     </span>
    </p>

    <p class='ocr_par' dir='ltr' id='par_1_49' title="bbox 251 3239 924 3275">
     <span class='ocr_line' id='line_1_56' title="bbox 251 3239 924 3275; baseline 0.004 -9"><span class='ocrx_word' id='word_1_464' title='bbox 251 3239 263 3255; x_wconf 72' lang='lat'><strong>²</strong></span> <span class='ocrx_word' id='word_1_465' title='bbox 282 3242 349 3267; x_wconf 90' lang='lat' dir='ltr'>loan.</span> <span class='ocrx_word' id='word_1_466' title='bbox 371 3242 394 3273; x_wconf 72' lang='lat' dir='ltr'>vl,</span> <span class='ocrx_word' id='word_1_467' title='bbox 419 3241 456 3267; x_wconf 65' lang='lat' dir='ltr'>tt.</span> <span class='ocrx_word' id='word_1_468' title='bbox 476 3256 510 3260; x_wconf 89' lang='lat'><em>-</em></span> <span class='ocrx_word' id='word_1_469' title='bbox 529 3242 652 3275; x_wconf 82' lang='lat' dir='ltr'>Sequitur</span> <span class='ocrx_word' id='word_1_470' title='bbox 671 3243 708 3268; x_wconf 90' lang='lat' dir='ltr'>lll.</span> <span class='ocrx_word' id='word_1_471' title='bbox 729 3244 793 3275; x_wconf 74' lang='lat' dir='ltr'>lleg.</span> <span class='ocrx_word' id='word_1_472' title='bbox 818 3244 862 3274; x_wconf 77' lang='lat'>17,</span> <span class='ocrx_word' id='word_1_473' title='bbox 881 3243 924 3269; x_wconf 69' lang='lat'>24.</span> 
     </span>
    </p>

    <p class='ocr_par' dir='ltr' id='par_1_50' title="bbox 183 3282 1138 3359">
     <span class='ocr_line' id='line_1_57' title="bbox 250 3282 1138 3320; baseline 0.003 -10"><span class='ocrx_word' id='word_1_474' title='bbox 250 3282 263 3298; x_wconf 75' lang='lat'>²</span> <span class='ocrx_word' id='word_1_475' title='bbox 284 3285 356 3311; x_wconf 77' lang='lat' dir='ltr'>Vers.</span> <span class='ocrx_word' id='word_1_476' title='bbox 389 3285 432 3311; x_wconf 78' lang='lat'>20.</span> <span class='ocrx_word' id='word_1_477' title='bbox 461 3298 493 3303; x_wconf 87' lang='lat'>-</span> <span class='ocrx_word' id='word_1_478' title='bbox 522 3285 579 3311; x_wconf 87' lang='lat' dir='ltr'>Duo</span> <span class='ocrx_word' id='word_1_479' title='bbox 607 3293 681 3320; x_wconf 85' lang='lat' dir='ltr'>seqq.</span> <span class='ocrx_word' id='word_1_480' title='bbox 710 3286 759 3312; x_wconf 87' lang='lat' dir='ltr'>loci</span> <span class='ocrx_word' id='word_1_481' title='bbox 786 3291 846 3313; x_wconf 86' lang='lat' dir='ltr'>sunt</span> <span class='ocrx_word' id='word_1_482' title='bbox 874 3288 929 3313; x_wconf 79' lang='lat' dir='ltr'>Act.</span> <span class='ocrx_word' id='word_1_483' title='bbox 965 3288 1012 3320; x_wconf 79' lang='lat'>¹2,</span> <span class='ocrx_word' id='word_1_484' title='bbox 1045 3288 1084 3313; x_wconf 94' lang='grc'>10.</span> <span class='ocrx_word' id='word_1_485' title='bbox 1112 3291 1138 3313; x_wconf 84' lang='lat' dir='ltr'>et</span> 
     </span>
     <span class='ocr_line' id='line_1_58' title="bbox 183 3328 616 3359; baseline -0.002 -5"><span class='ocrx_word' id='word_1_486' title='bbox 183 3328 254 3354; x_wconf 83' lang='lat' dir='ltr'>Cant.</span> <span class='ocrx_word' id='word_1_487' title='bbox 274 3329 305 3359; x_wconf 88' lang='grc'>3,</span> <span class='ocrx_word' id='word_1_488' title='bbox 325 3328 351 3354; x_wconf 89' lang='grc'>7.</span> <span class='ocrx_word' id='word_1_489' title='bbox 611 3347 616 3353; x_wconf 25' lang='grc' dir='ltr'>χ</span> 
     </span>
    </p>

    <p class='ocr_par' dir='ltr' id='par_1_51' title="bbox 183 3365 1138 3441">
     <span class='ocr_line' id='line_1_59' title="bbox 253 3365 1138 3406; baseline 0.002 -9"><span class='ocrx_word' id='word_1_490' title='bbox 253 3370 264 3385; x_wconf 79' lang='lat'>¹</span> <span class='ocrx_word' id='word_1_491' title='bbox 282 3372 375 3398; x_wconf 77' lang='lat' dir='ltr'>l‘salm.</span> <span class='ocrx_word' id='word_1_492' title='bbox 399 3371 444 3404; x_wconf 77' lang='lat'>25,</span> <span class='ocrx_word' id='word_1_493' title='bbox 463 3368 500 3398; x_wconf 87' lang='grc' dir='ltr'>Ι8;</span> <span class='ocrx_word' id='word_1_494' title='bbox 527 3372 650 3404; x_wconf 79' lang='lat' dir='ltr'>Domine,</span> <span class='ocrx_word' id='word_1_495' title='bbox 669 3373 772 3400; x_wconf 79' lang='lat' dir='ltr'>dilexi...</span> <span class='ocrx_word' id='word_1_496' title='bbox 792 3374 878 3399; x_wconf 89' lang='lat' dir='ltr'>locum</span> <span class='ocrx_word' id='word_1_497' title='bbox 898 3365 1063 3399; x_wconf 80' lang='lat' dir='ltr'>habitationis</span> <span class='ocrx_word' id='word_1_498' title='bbox 1081 3374 1138 3406; x_wconf 78' lang='lat' dir='ltr'>glo-</span> 
     </span>
     <span class='ocr_line' id='line_1_60' title="bbox 183 3415 463 3441; baseline 0.007 -1"><span class='ocrx_word' id='word_1_499' title='bbox 183 3415 236 3440; x_wconf 85' lang='lat' dir='ltr'>riae</span> <span class='ocrx_word' id='word_1_500' title='bbox 256 3418 324 3441; x_wconf 80' lang='lat' dir='ltr'>tuae.</span> <span class='ocrx_word' id='word_1_501' title='bbox 461 3415 463 3417; x_wconf 81' lang='grc'><strong>’</strong></span> 
     </span>
    </p>
   </div>
   <div class='ocr_carea' id='block_1_4' title="bbox 5 345 27 3809">
    <p class='ocr_par' dir='ltr' id='par_1_52' title="bbox 5 345 27 3809">
     <span class='ocr_line' id='line_1_61' title="bbox 5 345 27 3809; baseline 0 0"><span class='ocrx_word' id='word_1_502' title='bbox 5 345 27 3809; x_wconf 95' lang='lat' dir='ltr'> </span> 
     </span>
    </p>
   </div>
   <div class='ocr_carea' id='block_1_5' title="bbox 1170 1462 1175 2719">
    <p class='ocr_par' dir='ltr' id='par_1_53' title="bbox 1170 1462 1175 2719">
     <span class='ocr_line' id='line_1_62' title="bbox 1170 1462 1175 2719; baseline 0 0"><span class='ocrx_word' id='word_1_503' title='bbox 1170 1462 1175 2719; x_wconf 95' lang='lat' dir='ltr'> </span> 
     </span>
    </p>
   </div>
   <div class='ocr_carea' id='block_1_6' title="bbox 1208 338 2165 432">
    <p class='ocr_par' dir='ltr' id='par_1_54' title="bbox 1208 338 2165 432">
     <span class='ocr_line' id='line_1_63' title="bbox 1209 338 2165 383; baseline 0.008 -14"><span class='ocrx_word' id='word_1_504' title='bbox 1209 338 1371 371; x_wconf 86' lang='lat' dir='ltr'>veniamus</span> <span class='ocrx_word' id='word_1_505' title='bbox 1394 343 1425 371; x_wconf 86' lang='lat' dir='ltr'>et</span> <span class='ocrx_word' id='word_1_506' title='bbox 1453 339 1696 372; x_wconf 86' lang='lat' dir='ltr'>misericordiam</span> <span class='ocrx_word' id='word_1_507' title='bbox 1729 350 1958 383; x_wconf 70' lang='lat' dir='ltr'>consequamur</span> <span class='ocrx_word' id='word_1_508' title='bbox 1984 343 2012 374; x_wconf 89' lang='lat' dir='ltr'>in</span> <span class='ocrx_word' id='word_1_509' title='bbox 2045 344 2165 376; x_wconf 85' lang='lat' dir='ltr'>auxilio</span> 
     </span>
     <span class='ocr_line' id='line_1_64' title="bbox 1208 392 1451 432; baseline 0.008 -10"><span class='ocrx_word' id='word_1_510' title='bbox 1208 392 1451 432; x_wconf 71' lang='lat' dir='ltr'>opportunoss„.</span> 
     </span>
    </p>
   </div>
   <div class='ocr_carea' id='block_1_7' title="bbox 1289 495 2087 594">
    <p class='ocr_par' dir='ltr' id='par_1_55' title="bbox 1289 495 2087 594">
     <span class='ocr_line' id='line_1_65' title="bbox 1289 495 2087 545; baseline 0.006 -16"><span class='ocrx_word' id='word_1_511' title='bbox 1289 495 1436 538; x_wconf 82' lang='lat' dir='ltr'>Secundo,</span> <span class='ocrx_word' id='word_1_512' title='bbox 1460 496 1498 531; x_wconf 82' lang='lat' dir='ltr'>de</span> <span class='ocrx_word' id='word_1_513' title='bbox 1522 498 1705 541; x_wconf 80' lang='lat' dir='ltr'>gratiarum</span> <span class='ocrx_word' id='word_1_514' title='bbox 1729 499 1850 533; x_wconf 83' lang='lat' dir='ltr'>actione</span> <span class='ocrx_word' id='word_1_515' title='bbox 1874 509 1928 543; x_wconf 90' lang='lat' dir='ltr'>pro</span> <span class='ocrx_word' id='word_1_516' title='bbox 1952 501 2087 545; x_wconf 79' lang='lat' dir='ltr'>utraque</span> 
     </span>
     <span class='ocr_line' id='line_1_66' title="bbox 1582 551 1785 594; baseline 0 -10"><span class='ocrx_word' id='word_1_517' title='bbox 1582 551 1785 594; x_wconf 79' lang='lat' dir='ltr'>conceptione.</span> 
     </span>
    </p>
   </div>
   <div class='ocr_carea' id='block_1_8' title="bbox 1204 656 2164 1121">
    <p class='ocr_par' dir='ltr' id='par_1_56' title="bbox 1204 656 2164 1121">
     <span class='ocr_line' id='line_1_67' title="bbox 1299 656 2164 698; baseline 0.008 -12"><span class='ocrx_word' id='word_1_518' title='bbox 1299 656 1349 687; x_wconf 84' lang='lat'>71.</span> <span class='ocrx_word' id='word_1_519' title='bbox 1383 657 1574 698; x_wconf 65' lang='lat' dir='ltr'>Eaesarqeris·</span> <span class='ocrx_word' id='word_1_520' title='bbox 1610 662 1720 689; x_wconf 79' lang='lat' dir='ltr'>autem</span> <span class='ocrx_word' id='word_1_521' title='bbox 1756 659 1869 691; x_wconf 77' lang='lat' dir='ltr'>Maria</span> <span class='ocrx_word' id='word_1_522' title='bbox 1892 664 1949 692; x_wconf 88' lang='lat' dir='ltr'>etc.</span> <span class='ocrx_word' id='word_1_523' title='bbox 1987 661 2164 693; x_wconf 80' lang='lat' dir='ltr'>Terminata</span> 
     </span>
     <span class='ocr_line' id='line_1_68' title="bbox 1208 708 2163 754; baseline 0.007 -15"><span class='ocrx_word' id='word_1_524' title='bbox 1208 712 1296 749; x_wconf 86' lang='lat' dir='ltr'>parte</span> <span class='ocrx_word' id='word_1_525' title='bbox 1320 708 1389 747; x_wconf 89' lang='lat' dir='ltr'>illa,</span> <span class='ocrx_word' id='word_1_526' title='bbox 1415 709 1443 741; x_wconf 92' lang='lat' dir='ltr'>in</span> <span class='ocrx_word' id='word_1_527' title='bbox 1469 719 1531 751; x_wconf 88' lang='lat' dir='ltr'>qua</span> <span class='ocrx_word' id='word_1_528' title='bbox 1556 711 1618 751; x_wconf 82' lang='lat' dir='ltr'>egit</span> <span class='ocrx_word' id='word_1_529' title='bbox 1640 711 1678 743; x_wconf 88' lang='lat' dir='ltr'>de</span> <span class='ocrx_word' id='word_1_530' title='bbox 1703 712 1818 744; x_wconf 86' lang='lat' dir='ltr'>sterilis</span> <span class='ocrx_word' id='word_1_531' title='bbox 1840 716 1871 744; x_wconf 87' lang='lat' dir='ltr'>et</span> <span class='ocrx_word' id='word_1_532' title='bbox 1901 713 2035 754; x_wconf 83' lang='lat' dir='ltr'>Virginis</span> <span class='ocrx_word' id='word_1_533' title='bbox 2058 714 2163 746; x_wconf 79' lang='lat' dir='ltr'>secun—</span> 
     </span>
     <span class='ocr_line' id='line_1_69' title="bbox 1206 760 2164 807; baseline 0.006 -15"><span class='ocrx_word' id='word_1_534' title='bbox 1206 760 1348 799; x_wconf 85' lang='lat' dir='ltr'>datione,</span> <span class='ocrx_word' id='word_1_535' title='bbox 1375 761 1425 794; x_wconf 89' lang='lat' dir='ltr'>hic</span> <span class='ocrx_word' id='word_1_536' title='bbox 1449 763 1594 804; x_wconf 88' lang='lat' dir='ltr'>sequitur</span> <span class='ocrx_word' id='word_1_537' title='bbox 1619 773 1691 805; x_wconf 84' lang='lat' dir='ltr'>pars</span> <span class='ocrx_word' id='word_1_538' title='bbox 1714 765 1867 803; x_wconf 84' lang='lat' dir='ltr'>secunda,</span> <span class='ocrx_word' id='word_1_539' title='bbox 1893 766 1922 797; x_wconf 93' lang='lat' dir='ltr'>in</span> <span class='ocrx_word' id='word_1_540' title='bbox 1955 776 2017 807; x_wconf 84' lang='lat' dir='ltr'>qua</span> <span class='ocrx_word' id='word_1_541' title='bbox 2041 767 2103 807; x_wconf 78' lang='lat' dir='ltr'>agit</span> <span class='ocrx_word' id='word_1_542' title='bbox 2126 767 2164 798; x_wconf 87' lang='lat' dir='ltr'>de</span> 
     </span>
     <span class='ocr_line' id='line_1_70' title="bbox 1204 814 2162 860; baseline 0.007 -15"><span class='ocrx_word' id='word_1_543' title='bbox 1204 814 1402 856; x_wconf 62' lang='lat' dir='ltr'>manarum</span> <span class='ocrx_word' id='word_1_544' title='bbox 1419 816 1554 848; x_wconf 84' lang='lat' dir='ltr'>actione.</span> <span class='ocrx_word' id='word_1_545' title='bbox 1582 816 1616 848; x_wconf 83' lang='lat' dir='ltr'>Et</span> <span class='ocrx_word' id='word_1_546' title='bbox 1633 816 1722 849; x_wconf 82' lang='lat' dir='ltr'>iuxta</span> <span class='ocrx_word' id='word_1_547' title='bbox 1747 818 1831 850; x_wconf 88' lang='lat' dir='ltr'>hunc</span> <span class='ocrx_word' id='word_1_548' title='bbox 1855 818 2010 860; x_wconf 82' lang='lat' dir='ltr'>duplicem</span> <span class='ocrx_word' id='word_1_549' title='bbox 2037 820 2162 852; x_wconf 91' lang='lat' dir='ltr'>modum</span> 
     </span>
     <span class='ocr_line' id='line_1_71' title="bbox 1207 868 2164 913; baseline 0.006 -14"><span class='ocrx_word' id='word_1_550' title='bbox 1207 875 1280 908; x_wconf 83' lang='lat' dir='ltr'>pars</span> <span class='ocrx_word' id='word_1_551' title='bbox 1304 868 1362 900; x_wconf 85' lang='lat' dir='ltr'>ista</span> <span class='ocrx_word' id='word_1_552' title='bbox 1386 868 1480 901; x_wconf 83' lang='lat' dir='ltr'>habet</span> <span class='ocrx_word' id='word_1_553' title='bbox 1514 869 1610 908; x_wconf 89' lang='lat' dir='ltr'>duas,</span> <span class='ocrx_word' id='word_1_554' title='bbox 1636 870 1666 902; x_wconf 91' lang='lat' dir='ltr'>in</span> <span class='ocrx_word' id='word_1_555' title='bbox 1698 880 1835 912; x_wconf 85' lang='lat' dir='ltr'>quarum</span> <span class='ocrx_word' id='word_1_556' title='bbox 1861 871 1961 912; x_wconf 84' lang='lat' dir='ltr'>prima</span> <span class='ocrx_word' id='word_1_557' title='bbox 1985 872 2019 904; x_wconf 81' lang='lat' dir='ltr'>fit</span> <span class='ocrx_word' id='word_1_558' title='bbox 2051 873 2164 913; x_wconf 84' lang='lat' dir='ltr'>gratia-</span> 
     </span>
     <span class='ocr_line' id='line_1_72' title="bbox 1208 918 2164 966; baseline 0.006 -15"><span class='ocrx_word' id='word_1_559' title='bbox 1208 928 1279 952; x_wconf 91' lang='lat' dir='ltr'>rum</span> <span class='ocrx_word' id='word_1_560' title='bbox 1308 921 1389 953; x_wconf 86' lang='lat' dir='ltr'>actio</span> <span class='ocrx_word' id='word_1_561' title='bbox 1420 925 1451 954; x_wconf 92' lang='lat' dir='ltr'>et</span> <span class='ocrx_word' id='word_1_562' title='bbox 1476 921 1576 954; x_wconf 86' lang='lat' dir='ltr'>laudis</span> <span class='ocrx_word' id='word_1_563' title='bbox 1606 918 1782 955; x_wconf 78' lang='lat' dir='ltr'>decantatio</span> <span class='ocrx_word' id='word_1_564' title='bbox 1815 928 1942 965; x_wconf 84' lang='lat' dir='ltr'>propter</span> <span class='ocrx_word' id='word_1_565' title='bbox 1974 929 2164 966; x_wconf 80' lang='lat' dir='ltr'>conceptam</span> 
     </span>
     <span class='ocr_line' id='line_1_73' title="bbox 1208 972 2164 1019; baseline 0.004 -14"><span class='ocrx_word' id='word_1_566' title='bbox 1208 972 1415 1011; x_wconf 51' lang='lat' dir='ltr'>Salvam-tn</span> <span class='ocrx_word' id='word_1_567' title='bbox 1439 974 1469 1006; x_wconf 90' lang='lat' dir='ltr'>in</span> <span class='ocrx_word' id='word_1_568' title='bbox 1495 975 1646 1013; x_wconf 87' lang='lat' dir='ltr'>secunda,</span> <span class='ocrx_word' id='word_1_569' title='bbox 1672 980 1801 1018; x_wconf 87' lang='lat' dir='ltr'>propter</span> <span class='ocrx_word' id='word_1_570' title='bbox 1825 981 2013 1018; x_wconf 79' lang='lat' dir='ltr'>conceptum</span> <span class='ocrx_word' id='word_1_571' title='bbox 2037 982 2065 1009; x_wconf 83' lang='lat' dir='ltr'>et</span> <span class='ocrx_word' id='word_1_572' title='bbox 2082 988 2164 1019; x_wconf 85' lang='lat' dir='ltr'>par-</span> 
     </span>
     <span class='ocr_line' id='line_1_74' title="bbox 1206 1028 2164 1072; baseline 0.006 -15"><span class='ocrx_word' id='word_1_573' title='bbox 1206 1030 1276 1058; x_wconf 77' lang='lat' dir='ltr'>tam</span> <span class='ocrx_word' id='word_1_574' title='bbox 1308 1028 1564 1069; x_wconf 67' lang='lat' dir='ltr'>praecursori-³,</span> <span class='ocrx_word' id='word_1_575' title='bbox 1602 1029 1686 1061; x_wconf 68' lang='lat' dir='ltr'>ibi&#39;:</span> <span class='ocrx_word' id='word_1_576' title='bbox 1726 1029 1887 1062; x_wconf 75' lang='lat' dir='ltr'>Elisabeth</span> <span class='ocrx_word' id='word_1_577' title='bbox 1921 1030 2085 1072; x_wconf 83' lang='lat' dir='ltr'>impletam</span> <span class='ocrx_word' id='word_1_578' title='bbox 2119 1036 2164 1063; x_wconf 86' lang='lat' dir='ltr'>est</span> 
     </span>
     <span class='ocr_line' id='line_1_75' title="bbox 1207 1083 1415 1121; baseline 0.01 -10"><span class='ocrx_word' id='word_1_579' title='bbox 1207 1083 1333 1121; x_wconf 82' lang='lat' dir='ltr'>tempas</span> <span class='ocrx_word' id='word_1_580' title='bbox 1356 1084 1415 1113; x_wconf 87' lang='lat' dir='ltr'>etc.</span> 
     </span>
    </p>
   </div>
   <div class='ocr_carea' id='block_1_9' title="bbox 1359 1195 2006 1230">
    <p class='ocr_par' dir='ltr' id='par_1_57' title="bbox 1359 1195 2006 1230">
     <span class='ocr_line' id='line_1_76' title="bbox 1359 1195 2006 1230; baseline 0.005 -9"><span class='ocrx_word' id='word_1_581' title='bbox 1359 1195 1394 1221; x_wconf 80' lang='lat' dir='ltr'>Do</span> <span class='ocrx_word' id='word_1_582' title='bbox 1412 1195 1495 1230; x_wconf 69' lang='lat' dir='ltr'>prima</span> <span class='ocrx_word' id='word_1_583' title='bbox 1514 1195 1661 1229; x_wconf 69' lang='lat' dir='ltr'>gratiarum</span> <span class='ocrx_word' id='word_1_584' title='bbox 1681 1197 1784 1223; x_wconf 65' lang='lat' dir='ltr'>notione</span> <span class='ocrx_word' id='word_1_585' title='bbox 1803 1197 1926 1224; x_wconf 74' lang='lat' dir='ltr'>dicuntur</span> <span class='ocrx_word' id='word_1_586' title='bbox 1946 1197 2006 1224; x_wconf 63' lang='lat' dir='ltr'>triu.</span> 
     </span>
    </p>
   </div>
   <div class='ocr_carea' id='block_1_10' title="bbox 1205 1293 2163 1856">
    <p class='ocr_par' dir='ltr' id='par_1_58' title="bbox 1205 1293 2163 1856">
     <span class='ocr_line' id='line_1_77' title="bbox 1296 1293 2162 1336; baseline 0.005 -11"><span class='ocrx_word' id='word_1_587' title='bbox 1296 1293 1338 1326; x_wconf 78' lang='lat' dir='ltr'>Ad</span> <span class='ocrx_word' id='word_1_588' title='bbox 1364 1294 1421 1326; x_wconf 88' lang='lat' dir='ltr'>hoc</span> <span class='ocrx_word' id='word_1_589' title='bbox 1437 1298 1559 1332; x_wconf 88' lang='lat' dir='ltr'>autem,</span> <span class='ocrx_word' id='word_1_590' title='bbox 1580 1295 1662 1336; x_wconf 88' lang='lat' dir='ltr'>quod</span> <span class='ocrx_word' id='word_1_591' title='bbox 1680 1296 1854 1328; x_wconf 84' lang='lat' dir='ltr'>decantatio</span> <span class='ocrx_word' id='word_1_592' title='bbox 1879 1297 1978 1329; x_wconf 87' lang='lat' dir='ltr'>laudis</span> <span class='ocrx_word' id='word_1_593' title='bbox 2003 1297 2042 1329; x_wconf 81' lang='lat' dir='ltr'>sit</span> <span class='ocrx_word' id='word_1_594' title='bbox 2058 1306 2098 1330; x_wconf 85' lang='lat' dir='ltr'>ex</span> <span class='ocrx_word' id='word_1_595' title='bbox 2118 1297 2162 1329; x_wconf 91' lang='lat' dir='ltr'>in-</span> 
     </span>
     <span class='ocr_line' id='line_1_78' title="bbox 1206 1346 2162 1390; baseline 0.004 -12"><span class='ocrx_word' id='word_1_596' title='bbox 1206 1350 1294 1387; x_wconf 84' lang='lat' dir='ltr'>tegro</span> <span class='ocrx_word' id='word_1_597' title='bbox 1318 1350 1349 1378; x_wconf 87' lang='lat' dir='ltr'>et</span> <span class='ocrx_word' id='word_1_598' title='bbox 1373 1346 1510 1387; x_wconf 81' lang='lat' dir='ltr'>perfecto</span> <span class='ocrx_word' id='word_1_599' title='bbox 1533 1348 1664 1386; x_wconf 77' lang='lat' dir='ltr'>affectu,</span> <span class='ocrx_word' id='word_1_600' title='bbox 1693 1349 1832 1390; x_wconf 79' lang='lat' dir='ltr'>exigitur</span> <span class='ocrx_word' id='word_1_601' title='bbox 1857 1349 2047 1390; x_wconf 76' lang='lat' dir='ltr'>certificatio</span> <span class='ocrx_word' id='word_1_602' title='bbox 2080 1350 2162 1382; x_wconf 79' lang='lat' dir='ltr'>oeri-</span> 
     </span>
     <span class='ocr_line' id='line_1_79' title="bbox 1206 1398 2161 1434; baseline 0.004 -4"><span class='ocrx_word' id='word_1_603' title='bbox 1206 1398 1284 1430; x_wconf 86' lang='lat' dir='ltr'>tatis</span> <span class='ocrx_word' id='word_1_604' title='bbox 1308 1399 1339 1430; x_wconf 90' lang='lat' dir='ltr'>in</span> <span class='ocrx_word' id='word_1_605' title='bbox 1364 1399 1523 1432; x_wconf 84' lang='lat' dir='ltr'>intellectu</span> <span class='ocrx_word' id='word_1_606' title='bbox 1556 1404 1586 1431; x_wconf 85' lang='lat' dir='ltr'>et</span> <span class='ocrx_word' id='word_1_607' title='bbox 1617 1399 1770 1433; x_wconf 64' lang='lat' dir='ltr'>exhibitio</span> <span class='ocrx_word' id='word_1_608' title='bbox 1802 1402 1955 1433; x_wconf 78' lang='lat' dir='ltr'>caritatis</span> <span class='ocrx_word' id='word_1_609' title='bbox 1987 1402 2017 1434; x_wconf 94' lang='lat' dir='ltr'>in</span> <span class='ocrx_word' id='word_1_610' title='bbox 2049 1403 2161 1434; x_wconf 80' lang='lat' dir='ltr'>affectu</span> 
     </span>
     <span class='ocr_line' id='line_1_80' title="bbox 1205 1450 2163 1495; baseline 0.005 -13"><span class='ocrx_word' id='word_1_611' title='bbox 1205 1454 1236 1483; x_wconf 89' lang='lat' dir='ltr'>et</span> <span class='ocrx_word' id='word_1_612' title='bbox 1259 1450 1415 1490; x_wconf 80' lang='lat' dir='ltr'>effectu⁸‚</span> <span class='ocrx_word' id='word_1_613' title='bbox 1441 1461 1539 1484; x_wconf 90' lang='lat' dir='ltr'>unum</span> <span class='ocrx_word' id='word_1_614' title='bbox 1565 1453 1646 1485; x_wconf 84' lang='lat' dir='ltr'>sicut</span> <span class='ocrx_word' id='word_1_615' title='bbox 1678 1454 1895 1495; x_wconf 79' lang='lat' dir='ltr'>praecedens,</span> <span class='ocrx_word' id='word_1_616' title='bbox 1920 1455 2056 1486; x_wconf 86' lang='lat' dir='ltr'>alterum</span> <span class='ocrx_word' id='word_1_617' title='bbox 2082 1455 2163 1487; x_wconf 87' lang='lat' dir='ltr'>sicut</span> 
     </span>
     <span class='ocr_line' id='line_1_81' title="bbox 1206 1505 2161 1549; baseline 0.005 -14"><span class='ocrx_word' id='word_1_618' title='bbox 1206 1513 1412 1546; x_wconf 79' lang='lat' dir='ltr'>consequens.</span> <span class='ocrx_word' id='word_1_619' title='bbox 1439 1505 1507 1537; x_wconf 90' lang='lat' dir='ltr'>Ideo</span> <span class='ocrx_word' id='word_1_620' title='bbox 1532 1506 1633 1546; x_wconf 86' lang='lat' dir='ltr'>prima</span> <span class='ocrx_word' id='word_1_621' title='bbox 1657 1516 1730 1547; x_wconf 87' lang='lat' dir='ltr'>pars</span> <span class='ocrx_word' id='word_1_622' title='bbox 1756 1507 1848 1539; x_wconf 88' lang='lat' dir='ltr'>habet</span> <span class='ocrx_word' id='word_1_623' title='bbox 1873 1511 1954 1546; x_wconf 89' lang='lat' dir='ltr'>tres,</span> <span class='ocrx_word' id='word_1_624' title='bbox 1979 1508 2008 1539; x_wconf 93' lang='lat' dir='ltr'>in</span> <span class='ocrx_word' id='word_1_625' title='bbox 2027 1517 2161 1549; x_wconf 85' lang='lat' dir='ltr'>quarum</span> 
     </span>
     <span class='ocr_line' id='line_1_82' title="bbox 1207 1556 2163 1601; baseline 0.004 -13"><span class='ocrx_word' id='word_1_626' title='bbox 1207 1556 1308 1598; x_wconf 90' lang='lat' dir='ltr'>prima</span> <span class='ocrx_word' id='word_1_627' title='bbox 1340 1557 1552 1598; x_wconf 85' lang='lat' dir='ltr'>praemittitur</span> <span class='ocrx_word' id='word_1_628' title='bbox 1576 1558 1796 1591; x_wconf 76' lang='lat' dir='ltr'>testimoniam</span> <span class='ocrx_word' id='word_1_629' title='bbox 1819 1559 2028 1601; x_wconf 79' lang='lat' dir='ltr'>prophetiae;</span> <span class='ocrx_word' id='word_1_630' title='bbox 2061 1560 2090 1592; x_wconf 90' lang='lat' dir='ltr'>in</span> <span class='ocrx_word' id='word_1_631' title='bbox 2116 1569 2163 1592; x_wconf 90' lang='lat' dir='ltr'>se-</span> 
     </span>
     <span class='ocr_line' id='line_1_83' title="bbox 1207 1609 2163 1651; baseline 0.004 -10"><span class='ocrx_word' id='word_1_632' title='bbox 1207 1609 1309 1642; x_wconf 85' lang='lat' dir='ltr'>cunda</span> <span class='ocrx_word' id='word_1_633' title='bbox 1332 1610 1479 1642; x_wconf 86' lang='lat' dir='ltr'>subditur</span> <span class='ocrx_word' id='word_1_634' title='bbox 1496 1611 1661 1643; x_wconf 80' lang='lat' dir='ltr'>cauticum</span> <span class='ocrx_word' id='word_1_635' title='bbox 1686 1611 1845 1651; x_wconf 81' lang='lat' dir='ltr'>laetitiae,</span> <span class='ocrx_word' id='word_1_636' title='bbox 1863 1612 1902 1644; x_wconf 89' lang='lat' dir='ltr'>ibi</span> <span class='ocrx_word' id='word_1_637' title='bbox 1917 1613 1944 1644; x_wconf 85' lang='lat'>⁹:</span> <span class='ocrx_word' id='word_1_638' title='bbox 1972 1614 2009 1645; x_wconf 90' lang='lat' dir='ltr'>Et</span> <span class='ocrx_word' id='word_1_639' title='bbox 2030 1613 2078 1644; x_wconf 85' lang='lat' dir='ltr'>ait</span> <span class='ocrx_word' id='word_1_640' title='bbox 2094 1613 2163 1645; x_wconf 82' lang='grc' dir='ltr'>Μα-</span> 
     </span>
     <span class='ocr_line' id='line_1_84' title="bbox 1207 1662 2161 1708; baseline 0.003 -14"><span class='ocrx_word' id='word_1_641' title='bbox 1207 1662 1281 1694; x_wconf 85' lang='lat' dir='ltr'>ria:</span> <span class='ocrx_word' id='word_1_642' title='bbox 1296 1662 1489 1705; x_wconf 70' lang='lat' dir='ltr'>Maynisical</span> <span class='ocrx_word' id='word_1_643' title='bbox 1505 1666 1581 1702; x_wconf 87' lang='lat' dir='ltr'>etc.;</span> <span class='ocrx_word' id='word_1_644' title='bbox 1600 1664 1630 1696; x_wconf 90' lang='lat' dir='ltr'>in</span> <span class='ocrx_word' id='word_1_645' title='bbox 1649 1665 1740 1697; x_wconf 84' lang='lat' dir='ltr'>tertia</span> <span class='ocrx_word' id='word_1_646' title='bbox 1756 1665 1958 1707; x_wconf 85' lang='lat' dir='ltr'>subiungitur</span> <span class='ocrx_word' id='word_1_647' title='bbox 1975 1665 2161 1708; x_wconf 73' lang='lat' dir='ltr'>obsequium</span> 
     </span>
     <span class='ocr_line' id='line_1_85' title="bbox 1207 1715 2160 1757; baseline 0.002 -9"><span class='ocrx_word' id='word_1_648' title='bbox 1207 1715 1444 1757; x_wconf 79' lang='lat' dir='ltr'>beneficentiae,</span> <span class='ocrx_word' id='word_1_649' title='bbox 1463 1717 1521 1749; x_wconf 91' lang='lat' dir='ltr'>ibi:</span> <span class='ocrx_word' id='word_1_650' title='bbox 1540 1717 1663 1750; x_wconf 78' lang='lat' dir='ltr'>Mansit</span> <span class='ocrx_word' id='word_1_651' title='bbox 1679 1722 1788 1750; x_wconf 83' lang='lat' dir='ltr'>aulem</span> <span class='ocrx_word' id='word_1_652' title='bbox 1806 1719 1918 1751; x_wconf 83' lang='lat' dir='ltr'>Maria</span> <span class='ocrx_word' id='word_1_653' title='bbox 1935 1729 2010 1751; x_wconf 81' lang='lat' dir='ltr'>eum</span> <span class='ocrx_word' id='word_1_654' title='bbox 2029 1719 2085 1751; x_wconf 79' lang='lat' dir='ltr'>itta</span> <span class='ocrx_word' id='word_1_655' title='bbox 2103 1723 2160 1751; x_wconf 86' lang='lat' dir='ltr'>etc.</span> 
     </span>
     <span class='ocr_line' id='line_1_86' title="bbox 1206 1770 2163 1814; baseline 0.004 -13"><span class='ocrx_word' id='word_1_656' title='bbox 1206 1770 1344 1802; x_wconf 89' lang='lat' dir='ltr'>Primum</span> <span class='ocrx_word' id='word_1_657' title='bbox 1370 1770 1484 1802; x_wconf 88' lang='lat' dir='ltr'>astruit</span> <span class='ocrx_word' id='word_1_658' title='bbox 1513 1770 1620 1809; x_wconf 79' lang='lat' dir='ltr'>fidem,</span> <span class='ocrx_word' id='word_1_659' title='bbox 1645 1772 1818 1804; x_wconf 85' lang='lat' dir='ltr'>secundum</span> <span class='ocrx_word' id='word_1_660' title='bbox 1847 1772 1938 1814; x_wconf 84' lang='lat' dir='ltr'>erigit</span> <span class='ocrx_word' id='word_1_661' title='bbox 1970 1782 2071 1814; x_wconf 88' lang='lat' dir='ltr'>spem,</span> <span class='ocrx_word' id='word_1_662' title='bbox 2102 1777 2163 1805; x_wconf 89' lang='lat' dir='ltr'>ter-</span> 
     </span>
     <span class='ocr_line' id='line_1_87' title="bbox 1206 1822 1639 1856; baseline 0.005 -2"><span class='ocrx_word' id='word_1_663' title='bbox 1206 1822 1284 1855; x_wconf 90' lang='lat' dir='ltr'>tium</span> <span class='ocrx_word' id='word_1_664' title='bbox 1309 1823 1444 1855; x_wconf 72' lang='lat' dir='ltr'>ostendit</span> <span class='ocrx_word' id='word_1_665' title='bbox 1467 1823 1639 1856; x_wconf 85' lang='lat' dir='ltr'>caritatem.</span> 
     </span>
    </p>
   </div>
   <div class='ocr_carea' id='block_1_11' title="bbox 1355 1938 2009 1975">
    <p class='ocr_par' dir='ltr' id='par_1_59' title="bbox 1355 1938 2009 1975">
     <span class='ocr_line' id='line_1_88' title="bbox 1355 1938 2009 1975; baseline 0.005 -11"><span class='ocrx_word' id='word_1_666' title='bbox 1355 1938 1439 1964; x_wconf 85' lang='lat' dir='ltr'>Primo</span> <span class='ocrx_word' id='word_1_667' title='bbox 1457 1938 1640 1972; x_wconf 73' lang='lat' dir='ltr'>praemittitur</span> <span class='ocrx_word' id='word_1_668' title='bbox 1659 1939 1836 1966; x_wconf 72' lang='lat' dir='ltr'>testimonium</span> <span class='ocrx_word' id='word_1_669' title='bbox 1854 1941 2009 1975; x_wconf 73' lang='lat' dir='ltr'>prophetiae.</span> 
     </span>
    </p>
   </div>
   <div class='ocr_carea' id='block_1_12' title="bbox 1294 2036 2161 2082">
    <p class='ocr_par' dir='ltr' id='par_1_60' title="bbox 1294 2036 2161 2082">
     <span class='ocr_line' id='line_1_89' title="bbox 1294 2036 2161 2082; baseline 0.006 -14"><span class='ocrx_word' id='word_1_670' title='bbox 1294 2036 1325 2068; x_wconf 88' lang='lat' dir='ltr'>ln</span> <span class='ocrx_word' id='word_1_671' title='bbox 1342 2036 1550 2078; x_wconf 87' lang='lat' dir='ltr'>descriptione</span> <span class='ocrx_word' id='word_1_672' title='bbox 1566 2041 1669 2069; x_wconf 80' lang='lat' dir='ltr'>autem</span> <span class='ocrx_word' id='word_1_673' title='bbox 1695 2038 1871 2071; x_wconf 81' lang='lat' dir='ltr'>testimonii</span> <span class='ocrx_word' id='word_1_674' title='bbox 1881 2038 2074 2081; x_wconf 74' lang='lat' dir='ltr'>prophetiae</span> <span class='ocrx_word' id='word_1_675' title='bbox 2090 2050 2161 2082; x_wconf 88' lang='lat' dir='ltr'>pro-</span> 
     </span>
    </p>
   </div>
   <div class='ocr_carea' id='block_1_13' title="bbox 1183 2089 2268 2132">
    <p class='ocr_par' dir='ltr' id='par_1_61' title="bbox 1183 2089 2268 2132">
     <span class='ocr_line' id='line_1_90' title="bbox 1183 2089 2268 2132; baseline 0.006 -11"><span class='ocrx_word' id='word_1_676' title='bbox 1183 2089 1286 2122; x_wconf 64' lang='lat' dir='ltr'>‚cedit</span> <span class='ocrx_word' id='word_1_677' title='bbox 1310 2089 1504 2131; x_wconf 85' lang='lat' dir='ltr'>Evangelista</span> <span class='ocrx_word' id='word_1_678' title='bbox 1528 2090 1586 2122; x_wconf 88' lang='lat' dir='ltr'>hoc</span> <span class='ocrx_word' id='word_1_679' title='bbox 1617 2090 1734 2123; x_wconf 89' lang='lat' dir='ltr'>ordine.</span> <span class='ocrx_word' id='word_1_680' title='bbox 1759 2091 1835 2123; x_wconf 84' lang='lat' dir='ltr'>Nam</span> <span class='ocrx_word' id='word_1_681' title='bbox 1861 2092 1960 2132; x_wconf 88' lang='lat' dir='ltr'>primo</span> <span class='ocrx_word' id='word_1_682' title='bbox 1992 2093 2160 2126; x_wconf 83' lang='lat' dir='ltr'>introducit</span> <span class='ocrx_word' id='word_1_683' title='bbox 2181 2093 2268 2115; x_wconf 54' lang='lat' dir='ltr'>”itim-</span> 
     </span>
    </p>
   </div>
   <div class='ocr_carea' id='block_1_14' title="bbox 1203 2138 2322 2614">
    <p class='ocr_par' dir='ltr' id='par_1_62' title="bbox 1203 2138 2308 2555">
     <span class='ocr_line' id='line_1_91' title="bbox 1205 2138 2160 2184; baseline 0.005 -10"><span class='ocrx_word' id='word_1_684' title='bbox 1205 2142 1406 2183; x_wconf 80' lang='lat' dir='ltr'>testificandi</span> <span class='ocrx_word' id='word_1_685' title='bbox 1427 2143 1726 2184; x_wconf 76' lang='lat' dir='ltr'>opporlztnitatem;</span> <span class='ocrx_word' id='word_1_686' title='bbox 1743 2138 1894 2184; x_wconf 86' lang='lat' dir='ltr'>secundo,</span> <span class='ocrx_word' id='word_1_687' title='bbox 1919 2146 2094 2179; x_wconf 81' lang='lat' dir='ltr'>testimonii</span> <span class='ocrx_word' id='word_1_688' title='bbox 2109 2157 2160 2179; x_wconf 75' lang='lat' dir='ltr'>ve-</span> 
     </span>
     <span class='ocr_line' id='line_1_92' title="bbox 1204 2195 2308 2241; baseline 0.005 -13"><span class='ocrx_word' id='word_1_689' title='bbox 1204 2195 1335 2228; x_wconf 79' lang='lat' dir='ltr'>ritatem</span> <span class='ocrx_word' id='word_1_690' title='bbox 1347 2222 1356 2234; x_wconf 90' lang='lat'>,</span> <span class='ocrx_word' id='word_1_691' title='bbox 1382 2195 1422 2228; x_wconf 91' lang='lat' dir='ltr'>ibi</span> <span class='ocrx_word' id='word_1_692' title='bbox 1439 2196 1481 2228; x_wconf 87' lang='lat'>¹⁰:</span> <span class='ocrx_word' id='word_1_693' title='bbox 1502 2197 1539 2228; x_wconf 87' lang='lat' dir='ltr'>El</span> <span class='ocrx_word' id='word_1_694' title='bbox 1556 2197 1642 2229; x_wconf 79' lang='lat' dir='ltr'>mute</span> <span class='ocrx_word' id='word_1_695' title='bbox 1666 2196 1725 2229; x_wconf 73' lang='lat' dir='ltr'>ltoe</span> <span class='ocrx_word' id='word_1_696' title='bbox 1744 2196 1828 2230; x_wconf 74' lang='lat' dir='ltr'>mihi</span> <span class='ocrx_word' id='word_1_697' title='bbox 1849 2201 1906 2231; x_wconf 86' lang='lat' dir='ltr'>etc.</span> <span class='ocrx_word' id='word_1_698' title='bbox 1924 2218 1968 2222; x_wconf 92' lang='lat'>—</span> <span class='ocrx_word' id='word_1_699' title='bbox 1985 2199 2026 2232; x_wconf 67' lang='lat' dir='ltr'>Ad</span> <span class='ocrx_word' id='word_1_700' title='bbox 2051 2200 2160 2241; x_wconf 82' lang='lat' dir='ltr'>lestifi-</span> <span class='ocrx_word' id='word_1_701' title='bbox 2179 2199 2308 2220; x_wconf 65' lang='lat' dir='ltr'>Subffi&#39;ffl0·</span> 
     </span>
     <span class='ocr_line' id='line_1_93' title="bbox 1204 2249 2161 2291; baseline 0.005 -10"><span class='ocrx_word' id='word_1_702' title='bbox 1204 2249 1307 2281; x_wconf 79' lang='lat' dir='ltr'>candi</span> <span class='ocrx_word' id='word_1_703' title='bbox 1320 2252 1426 2281; x_wconf 86' lang='lat' dir='ltr'>autem</span> <span class='ocrx_word' id='word_1_704' title='bbox 1443 2249 1719 2291; x_wconf 78' lang='lat' dir='ltr'>opportunitatem</span> <span class='ocrx_word' id='word_1_705' title='bbox 1737 2250 1795 2282; x_wconf 89' lang='lat' dir='ltr'>tria</span> <span class='ocrx_word' id='word_1_706' title='bbox 1812 2256 2020 2290; x_wconf 86' lang='lat' dir='ltr'>concurrunt,</span> <span class='ocrx_word' id='word_1_707' title='bbox 2045 2254 2161 2286; x_wconf 87' lang='lat' dir='ltr'>scilicet</span> 
     </span>
     <span class='ocr_line' id='line_1_94' title="bbox 1212 2301 2159 2347; baseline 0.006 -14"><span class='ocrx_word' id='word_1_708' title='bbox 1212 2301 1358 2343; x_wconf 70' lang='lat' dir='ltr'>Viryinis</span> <span class='ocrx_word' id='word_1_709' title='bbox 1381 2301 1562 2334; x_wconf 73' lang='lat' dir='ltr'>salutantis</span> <span class='ocrx_word' id='word_1_710' title='bbox 1590 2312 1750 2335; x_wconf 77' lang='lat' dir='ltr'>occursus</span> <span class='ocrx_word' id='word_1_711' title='bbox 1781 2307 1812 2336; x_wconf 88' lang='lat' dir='ltr'>et</span> <span class='ocrx_word' id='word_1_712' title='bbox 1835 2304 2003 2347; x_wconf 75' lang='lat' dir='ltr'>viryz&#39;neae</span> <span class='ocrx_word' id='word_1_713' title='bbox 2033 2306 2159 2339; x_wconf 81' lang='lat' dir='ltr'>saluta-</span> 
     </span>
     <span class='ocr_line' id='line_1_95' title="bbox 1205 2353 2159 2401; baseline 0.005 -14"><span class='ocrx_word' id='word_1_714' title='bbox 1205 2354 1304 2387; x_wconf 81' lang='lat' dir='ltr'>tionis</span> <span class='ocrx_word' id='word_1_715' title='bbox 1327 2353 1457 2397; x_wconf 78' lang='lat' dir='ltr'>effeetus</span> <span class='ocrx_word' id='word_1_716' title='bbox 1491 2358 1523 2387; x_wconf 89' lang='lat' dir='ltr'>et</span> <span class='ocrx_word' id='word_1_717' title='bbox 1561 2354 1722 2388; x_wconf 72' lang='lat' dir='ltr'>Elisabeth</span> <span class='ocrx_word' id='word_1_718' title='bbox 1754 2357 1969 2389; x_wconf 77' lang='lat' dir='ltr'>resalutantis</span> <span class='ocrx_word' id='word_1_719' title='bbox 2004 2357 2159 2401; x_wconf 79' lang='lat' dir='ltr'>affectas,-</span> 
     </span>
     <span class='ocr_line' id='line_1_96' title="bbox 1204 2407 2158 2451; baseline 0.005 -12"><span class='ocrx_word' id='word_1_720' title='bbox 1204 2407 1361 2449; x_wconf 86' lang='lat' dir='ltr'>primum,</span> <span class='ocrx_word' id='word_1_721' title='bbox 1386 2407 1427 2440; x_wconf 89' lang='lat' dir='ltr'>ibi</span> <span class='ocrx_word' id='word_1_722' title='bbox 1444 2409 1487 2439; x_wconf 88' lang='lat'>¹¹:</span> <span class='ocrx_word' id='word_1_723' title='bbox 1515 2408 1706 2450; x_wconf 73' lang='lat' dir='ltr'>Eaesnryens·</span> <span class='ocrx_word' id='word_1_724' title='bbox 1731 2409 1843 2441; x_wconf 75' lang='lat' dir='ltr'>Maria</span> <span class='ocrx_word' id='word_1_725' title='bbox 1866 2414 1942 2448; x_wconf 89' lang='lat' dir='ltr'>etc.;</span> <span class='ocrx_word' id='word_1_726' title='bbox 1965 2412 2136 2445; x_wconf 85' lang='lat' dir='ltr'>secundum</span> <span class='ocrx_word' id='word_1_727' title='bbox 2151 2439 2158 2451; x_wconf 85' lang='lat'>,</span> 
     </span>
     <span class='ocr_line' id='line_1_97' title="bbox 1204 2460 2159 2502; baseline 0.005 -10"><span class='ocrx_word' id='word_1_728' title='bbox 1204 2460 1263 2493; x_wconf 92' lang='lat' dir='ltr'>ibi:</span> <span class='ocrx_word' id='word_1_729' title='bbox 1289 2461 1428 2492; x_wconf 77' lang='lat' dir='ltr'>Factum</span> <span class='ocrx_word' id='word_1_730' title='bbox 1455 2464 1519 2498; x_wconf 80' lang='lat' dir='ltr'>est,</span> <span class='ocrx_word' id='word_1_731' title='bbox 1546 2464 1582 2492; x_wconf 77' lang='lat' dir='ltr'>nt</span> <span class='ocrx_word' id='word_1_732' title='bbox 1605 2461 1735 2493; x_wconf 74' lang='lat' dir='ltr'>audivit</span> <span class='ocrx_word' id='word_1_733' title='bbox 1758 2465 1834 2500; x_wconf 86' lang='lat' dir='ltr'>etc.;</span> <span class='ocrx_word' id='word_1_734' title='bbox 1861 2463 2006 2502; x_wconf 85' lang='lat' dir='ltr'>tertium,</span> <span class='ocrx_word' id='word_1_735' title='bbox 2032 2464 2090 2496; x_wconf 87' lang='lat' dir='ltr'>ibi:</span> <span class='ocrx_word' id='word_1_736' title='bbox 2124 2467 2159 2497; x_wconf 83' lang='lat' dir='ltr'>Et</span> 
     </span>
     <span class='ocr_line' id='line_1_98' title="bbox 1203 2512 1768 2555; baseline 0.002 -10"><span class='ocrx_word' id='word_1_737' title='bbox 1203 2513 1326 2555; x_wconf 69' lang='lat' dir='ltr'>repleta</span> <span class='ocrx_word' id='word_1_738' title='bbox 1349 2516 1395 2545; x_wconf 81' lang='lat' dir='ltr'>est</span> <span class='ocrx_word' id='word_1_739' title='bbox 1419 2512 1548 2554; x_wconf 81' lang='lat' dir='ltr'>Spiritu</span> <span class='ocrx_word' id='word_1_740' title='bbox 1572 2518 1687 2545; x_wconf 84' lang='lat' dir='ltr'>saneto</span> <span class='ocrx_word' id='word_1_741' title='bbox 1711 2518 1768 2547; x_wconf 90' lang='lat' dir='ltr'>etc.</span> 
     </span>
    </p>

    <p class='ocr_par' dir='ltr' id='par_1_63' title="bbox 1292 2565 2322 2614">
     <span class='ocr_line' id='line_1_99' title="bbox 1292 2565 2322 2614; baseline 0.008 -17"><span class='ocrx_word' id='word_1_742' title='bbox 1292 2567 1343 2598; x_wconf 75' lang='lat'>72.</span> <span class='ocrx_word' id='word_1_743' title='bbox 1369 2565 1469 2605; x_wconf 87' lang='lat' dir='ltr'>(Vers.</span> <span class='ocrx_word' id='word_1_744' title='bbox 1496 2565 1571 2605; x_wconf 86' lang='lat'>39.).</span> <span class='ocrx_word' id='word_1_745' title='bbox 1598 2566 1700 2598; x_wconf 85' lang='lat' dir='ltr'>Primo</span> <span class='ocrx_word' id='word_1_746' title='bbox 1713 2566 1808 2608; x_wconf 87' lang='lat' dir='ltr'>igitur</span> <span class='ocrx_word' id='word_1_747' title='bbox 1821 2568 2031 2602; x_wconf 88' lang='lat' dir='ltr'>introducitur</span> <span class='ocrx_word' id='word_1_748' title='bbox 2054 2571 2158 2614; x_wconf 76' lang='lat' dir='ltr'>Viryi-</span> <span class='ocrx_word' id='word_1_749' title='bbox 2178 2570 2208 2591; x_wconf 72' lang='lat'>⁰⁶</span> <span class='ocrx_word' id='word_1_750' title='bbox 2227 2570 2322 2596; x_wconf 50' lang='lat' dir='ltr'>‘&#39;³⁸³²ss</span> 
     </span>
    </p>
   </div>
   <div class='ocr_carea' id='block_1_15' title="bbox 2197 2602 2285 2617">
    <p class='ocr_par' dir='ltr' id='par_1_64' title="bbox 2197 2602 2285 2617">
     <span class='ocr_line' id='line_1_100' title="bbox 2197 2602 2285 2617; baseline 0 0"><span class='ocrx_word' id='word_1_751' title='bbox 2197 2602 2285 2617; x_wconf 67' lang='grc' dir='ltr'>Οαῦΐδῦ</span> 
     </span>
    </p>
   </div>
   <div class='ocr_carea' id='block_1_16' title="bbox 1203 2616 2320 2769">
    <p class='ocr_par' dir='ltr' id='par_1_65' title="bbox 1203 2616 2320 2769">
     <span class='ocr_line' id='line_1_101' title="bbox 1203 2616 2266 2663; baseline 0.006 -12"><span class='ocrx_word' id='word_1_752' title='bbox 1203 2618 1256 2651; x_wconf 82' lang='lat' dir='ltr'>nis</span> <span class='ocrx_word' id='word_1_753' title='bbox 1271 2618 1451 2650; x_wconf 77' lang='lat' dir='ltr'>salutantis</span> <span class='ocrx_word' id='word_1_754' title='bbox 1467 2628 1626 2650; x_wconf 76' lang='lat' dir='ltr'>occursus</span> <span class='ocrx_word' id='word_1_755' title='bbox 1644 2622 1679 2650; x_wconf 91' lang='lat' dir='ltr'>ut</span> <span class='ocrx_word' id='word_1_756' title='bbox 1694 2616 1834 2660; x_wconf 78' lang='lat' dir='ltr'>l&#39;estinus</span> <span class='ocrx_word' id='word_1_757' title='bbox 1856 2625 1886 2653; x_wconf 90' lang='lat' dir='ltr'>et</span> <span class='ocrx_word' id='word_1_758' title='bbox 1902 2620 2096 2663; x_wconf 75' lang='lat' dir='ltr'>familiaris.</span> <span class='ocrx_word' id='word_1_759' title='bbox 2115 2643 2158 2647; x_wconf 94' lang='lat'>—</span> <span class='ocrx_word' id='word_1_760' title='bbox 2217 2623 2266 2644; x_wconf 80' lang='lat'>‘¹²¹⁰-</span> 
     </span>
     <span class='ocr_line' id='line_1_102' title="bbox 1203 2670 2320 2714; baseline 0.005 -10"><span class='ocrx_word' id='word_1_761' title='bbox 1203 2672 1332 2713; x_wconf 81' lang='lat' dir='ltr'>Propter</span> <span class='ocrx_word' id='word_1_762' title='bbox 1354 2670 1597 2713; x_wconf 75' lang='lat' dir='ltr'>festinationem</span> <span class='ocrx_word' id='word_1_763' title='bbox 1621 2671 1680 2703; x_wconf 86' lang='lat' dir='ltr'>ait:</span> <span class='ocrx_word' id='word_1_764' title='bbox 1708 2673 1899 2714; x_wconf 60' lang='lat' dir='ltr'>&amp;sumens</span> <span class='ocrx_word' id='word_1_765' title='bbox 1920 2679 2029 2708; x_wconf 70' lang='lat' dir='ltr'>azitem</span> <span class='ocrx_word' id='word_1_766' title='bbox 2046 2676 2157 2709; x_wconf 77' lang='lat' dir='ltr'>Maria</span> <span class='ocrx_word' id='word_1_767' title='bbox 2174 2676 2209 2696; x_wconf 69' lang='lat'>&#39;³⁵‘</span> <span class='ocrx_word' id='word_1_768' title='bbox 2223 2675 2320 2696; x_wconf 57' lang='lat' dir='ltr'>mum·</span> 
     </span>
     <span class='ocr_line' id='line_1_103' title="bbox 1203 2723 2158 2769; baseline 0.007 -14"><span class='ocrx_word' id='word_1_769' title='bbox 1203 2724 1238 2756; x_wconf 89' lang='lat' dir='ltr'>in</span> <span class='ocrx_word' id='word_1_770' title='bbox 1261 2723 1376 2756; x_wconf 73' lang='lat' dir='ltr'>(liebus</span> <span class='ocrx_word' id='word_1_771' title='bbox 1400 2723 1480 2762; x_wconf 82' lang='lat' dir='ltr'>illis,</span> <span class='ocrx_word' id='word_1_772' title='bbox 1505 2723 1645 2765; x_wconf 70' lang='lat' dir='ltr'>abittz&#39;n</span> <span class='ocrx_word' id='word_1_773' title='bbox 1668 2729 1828 2758; x_wconf 81' lang='lat' dir='ltr'>montana</span> <span class='ocrx_word' id='word_1_774' title='bbox 1851 2736 1927 2759; x_wconf 78' lang='lat' dir='ltr'>eam.</span> <span class='ocrx_word' id='word_1_775' title='bbox 1950 2727 2158 2769; x_wconf 79' lang='lat' dir='ltr'>festinatione</span> 
     </span>
    </p>
   </div>
   <div class='ocr_carea' id='block_1_17' title="bbox 1201 2887 2158 3405">
    <p class='ocr_par' dir='ltr' id='par_1_66' title="bbox 1202 2887 2157 2960">
     <span class='ocr_line' id='line_1_104' title="bbox 1273 2887 2157 2923; baseline 0.006 -9"><span class='ocrx_word' id='word_1_776' title='bbox 1273 2887 1284 2902; x_wconf 75' lang='lat'>⁵</span> <span class='ocrx_word' id='word_1_777' title='bbox 1305 2889 1377 2914; x_wconf 90' lang='lat' dir='ltr'>Vers.</span> <span class='ocrx_word' id='word_1_778' title='bbox 1402 2889 1441 2914; x_wconf 80' lang='grc'>12.</span> <span class='ocrx_word' id='word_1_779' title='bbox 1461 2891 1488 2915; x_wconf 85' lang='lat' dir='ltr'>et</span> <span class='ocrx_word' id='word_1_780' title='bbox 1510 2889 1552 2921; x_wconf 67' lang='lat'>¹33</span> <span class='ocrx_word' id='word_1_781' title='bbox 1572 2889 1631 2915; x_wconf 86' lang='lat' dir='ltr'>dein</span> <span class='ocrx_word' id='word_1_782' title='bbox 1657 2890 1775 2923; x_wconf 80' lang='lat' dir='ltr'>sequitur</span> <span class='ocrx_word' id='word_1_783' title='bbox 1794 2898 1818 2916; x_wconf 70' lang='grc' dir='ltr'>ν.</span> <span class='ocrx_word' id='word_1_784' title='bbox 1845 2891 1882 2917; x_wconf 91' lang='grc'>17.</span> <span class='ocrx_word' id='word_1_785' title='bbox 1900 2905 1936 2910; x_wconf 86' lang='grc'><strong>-</strong></span> <span class='ocrx_word' id='word_1_786' title='bbox 1956 2893 2014 2917; x_wconf 79' lang='lat' dir='ltr'>Post</span> <span class='ocrx_word' id='word_1_787' title='bbox 2037 2894 2157 2920; x_wconf 72' lang='lat' dir='ltr'>ascende-</span> 
     </span>
     <span class='ocr_line' id='line_1_105' title="bbox 1202 2931 1695 2960; baseline 0 -1"><span class='ocrx_word' id='word_1_788' title='bbox 1202 2931 1265 2959; x_wconf 84' lang='lat' dir='ltr'>bant</span> <span class='ocrx_word' id='word_1_789' title='bbox 1286 2933 1342 2959; x_wconf 89' lang='lat' dir='ltr'>Vat.</span> <span class='ocrx_word' id='word_1_790' title='bbox 1362 2933 1435 2958; x_wconf 92' lang='lat' dir='ltr'>addit</span> <span class='ocrx_word' id='word_1_791' title='bbox 1453 2935 1478 2959; x_wconf 81' lang='lat' dir='ltr'>el</span> <span class='ocrx_word' id='word_1_792' title='bbox 1496 2933 1695 2960; x_wconf 69' lang='lat' dir='ltr'>ch’scertdebant.</span> 
     </span>
    </p>

    <p class='ocr_par' dir='ltr' id='par_1_67' title="bbox 1201 2975 2158 3098">
     <span class='ocr_line' id='line_1_106' title="bbox 1272 2975 2158 3013; baseline 0.006 -11"><span class='ocrx_word' id='word_1_793' title='bbox 1272 2975 1284 2991; x_wconf 78' lang='lat'>⁸</span> <span class='ocrx_word' id='word_1_794' title='bbox 1303 2976 1382 3002; x_wconf 87' lang='lat' dir='ltr'>llebr.</span> <span class='ocrx_word' id='word_1_795' title='bbox 1402 2977 1431 3008; x_wconf 69' lang='lat' dir='ltr'>t,</span> <span class='ocrx_word' id='word_1_796' title='bbox 1453 2978 1494 3002; x_wconf 76' lang='grc'>16.</span> <span class='ocrx_word' id='word_1_797' title='bbox 1515 2978 1604 3003; x_wconf 83' lang='lat' dir='ltr'>Esther</span> <span class='ocrx_word' id='word_1_798' title='bbox 1623 2979 1652 3010; x_wconf 82' lang='lat'>2,</span> <span class='ocrx_word' id='word_1_799' title='bbox 1674 2979 1721 3004; x_wconf 71' lang='lat'>⁴7:</span> <span class='ocrx_word' id='word_1_800' title='bbox 1740 2979 1770 3004; x_wconf 86' lang='lat' dir='ltr'>Et</span> <span class='ocrx_word' id='word_1_801' title='bbox 1788 2979 1921 3005; x_wconf 74' lang='lat' dir='ltr'>adamarit</span> <span class='ocrx_word' id='word_1_802' title='bbox 1943 2987 2001 3005; x_wconf 86' lang='lat' dir='ltr'>eam</span> <span class='ocrx_word' id='word_1_803' title='bbox 2030 2988 2073 3006; x_wconf 83' lang='lat' dir='ltr'>rex</span> <span class='ocrx_word' id='word_1_804' title='bbox 2100 2983 2158 3013; x_wconf 87' lang='lat' dir='ltr'>plus</span> 
     </span>
     <span class='ocr_line' id='line_1_107' title="bbox 1201 3021 2157 3055; baseline 0.004 -8"><span class='ocrx_word' id='word_1_805' title='bbox 1201 3029 1281 3054; x_wconf 81' lang='lat' dir='ltr'>quam</span> <span class='ocrx_word' id='word_1_806' title='bbox 1301 3029 1393 3047; x_wconf 85' lang='lat' dir='ltr'>omnes</span> <span class='ocrx_word' id='word_1_807' title='bbox 1413 3022 1547 3052; x_wconf 78' lang='lat' dir='ltr'>mulieres,</span> <span class='ocrx_word' id='word_1_808' title='bbox 1567 3021 1711 3055; x_wconf 85' lang='lat' dir='ltr'>habuitque</span> <span class='ocrx_word' id='word_1_809' title='bbox 1730 3023 1839 3054; x_wconf 79' lang='lat' dir='ltr'>gratiam</span> <span class='ocrx_word' id='word_1_810' title='bbox 1854 3027 1879 3048; x_wconf 87' lang='lat' dir='ltr'>et</span> <span class='ocrx_word' id='word_1_811' title='bbox 1893 3024 2096 3050; x_wconf 76' lang='lat' dir='ltr'>misericordiam</span> <span class='ocrx_word' id='word_1_812' title='bbox 2118 3033 2157 3051; x_wconf 60' lang='lat' dir='ltr'>cs&gt;</span> 
     </span>
     <span class='ocr_line' id='line_1_108' title="bbox 1202 3066 1669 3098; baseline -0.002 -6"><span class='ocrx_word' id='word_1_813' title='bbox 1202 3073 1258 3092; x_wconf 84' lang='lat' dir='ltr'>ram</span> <span class='ocrx_word' id='word_1_814' title='bbox 1278 3073 1310 3092; x_wconf 88' lang='lat' dir='ltr'>eo</span> <span class='ocrx_word' id='word_1_815' title='bbox 1329 3073 1409 3098; x_wconf 86' lang='lat' dir='ltr'>super</span> <span class='ocrx_word' id='word_1_816' title='bbox 1428 3073 1521 3091; x_wconf 83' lang='lat' dir='ltr'>omnes</span> <span class='ocrx_word' id='word_1_817' title='bbox 1540 3066 1669 3092; x_wconf 84' lang='lat' dir='ltr'>mulieres.</span> 
     </span>
    </p>

    <p class='ocr_par' dir='ltr' id='par_1_68' title="bbox 1273 3109 1992 3144">
     <span class='ocr_line' id='line_1_109' title="bbox 1273 3109 1992 3144; baseline 0.003 -9"><span class='ocrx_word' id='word_1_818' title='bbox 1273 3109 1283 3123; x_wconf 94' lang='lat'>⁷</span> <span class='ocrx_word' id='word_1_819' title='bbox 1303 3111 1378 3136; x_wconf 81' lang='lat' dir='ltr'>vers.</span> <span class='ocrx_word' id='word_1_820' title='bbox 1397 3110 1444 3135; x_wconf 81' lang='lat'>57:</span> <span class='ocrx_word' id='word_1_821' title='bbox 1465 3109 1598 3136; x_wconf 73' lang='lat' dir='ltr'>Elisabeth</span> <span class='ocrx_word' id='word_1_822' title='bbox 1617 3112 1708 3136; x_wconf 78' lang='lat' dir='ltr'>autem</span> <span class='ocrx_word' id='word_1_823' title='bbox 1728 3110 1868 3144; x_wconf 78' lang='lat' dir='ltr'>impletum</span> <span class='ocrx_word' id='word_1_824' title='bbox 1887 3113 1927 3137; x_wconf 83' lang='lat' dir='ltr'>est</span> <span class='ocrx_word' id='word_1_825' title='bbox 1945 3115 1992 3137; x_wconf 83' lang='lat' dir='ltr'>etc.</span> 
     </span>
    </p>

    <p class='ocr_par' dir='ltr' id='par_1_69' title="bbox 1201 3152 2157 3232">
     <span class='ocr_line' id='line_1_110' title="bbox 1273 3152 2157 3190; baseline 0.003 -10"><span class='ocrx_word' id='word_1_826' title='bbox 1273 3152 1284 3168; x_wconf 76' lang='lat'><strong>⁶</strong></span> <span class='ocrx_word' id='word_1_827' title='bbox 1303 3155 1364 3180; x_wconf 76' lang='lat' dir='ltr'>Post</span> <span class='ocrx_word' id='word_1_828' title='bbox 1381 3154 1492 3188; x_wconf 72' lang='lat' dir='ltr'>affectu,</span> <span class='ocrx_word' id='word_1_829' title='bbox 1515 3154 1642 3180; x_wconf 87' lang='lat' dir='ltr'>suadente</span> <span class='ocrx_word' id='word_1_830' title='bbox 1661 3157 1795 3185; x_wconf 79' lang='lat' dir='ltr'>contextu,</span> <span class='ocrx_word' id='word_1_831' title='bbox 1815 3155 1997 3186; x_wconf 83' lang='lat' dir='ltr'>supplevimus</span> <span class='ocrx_word' id='word_1_832' title='bbox 2015 3157 2039 3182; x_wconf 86' lang='lat' dir='ltr'>el</span> <span class='ocrx_word' id='word_1_833' title='bbox 2051 3156 2157 3190; x_wconf 76' lang='lat' dir='ltr'>effectu,</span> 
     </span>
     <span class='ocr_line' id='line_1_111' title="bbox 1201 3198 1885 3232; baseline -0.003 -7"><span class='ocrx_word' id='word_1_834' title='bbox 1201 3199 1273 3232; x_wconf 84' lang='lat' dir='ltr'>quod</span> <span class='ocrx_word' id='word_1_835' title='bbox 1288 3198 1318 3224; x_wconf 73' lang='lat' dir='ltr'>vin</span> <span class='ocrx_word' id='word_1_836' title='bbox 1338 3198 1415 3224; x_wconf 87' lang='lat' dir='ltr'>codd.</span> <span class='ocrx_word' id='word_1_837' title='bbox 1435 3201 1460 3223; x_wconf 84' lang='lat' dir='ltr'>et</span> <span class='ocrx_word' id='word_1_838' title='bbox 1479 3198 1540 3224; x_wconf 87' lang='lat' dir='ltr'>edd.</span> <span class='ocrx_word' id='word_1_839' title='bbox 1563 3198 1635 3224; x_wconf 83' lang='lat' dir='ltr'>facile</span> <span class='ocrx_word' id='word_1_840' title='bbox 1654 3198 1773 3224; x_wconf 85' lang='lat' dir='ltr'>excidere</span> <span class='ocrx_word' id='word_1_841' title='bbox 1793 3199 1885 3230; x_wconf 83' lang='lat' dir='ltr'>potuit.</span> 
     </span>
    </p>

    <p class='ocr_par' dir='ltr' id='par_1_70' title="bbox 1201 3241 2158 3321">
     <span class='ocr_line' id='line_1_112' title="bbox 1272 3241 2158 3276; baseline 0.001 -8"><span class='ocrx_word' id='word_1_842' title='bbox 1272 3241 1284 3257; x_wconf 81' lang='lat'><strong>⁹</strong></span> <span class='ocrx_word' id='word_1_843' title='bbox 1304 3243 1375 3268; x_wconf 83' lang='lat' dir='ltr'>Vers.</span> <span class='ocrx_word' id='word_1_844' title='bbox 1397 3242 1443 3273; x_wconf 70' lang='lat'>46;</span> <span class='ocrx_word' id='word_1_845' title='bbox 1464 3242 1535 3269; x_wconf 83' lang='lat' dir='ltr'>tertia</span> <span class='ocrx_word' id='word_1_846' title='bbox 1557 3249 1617 3274; x_wconf 82' lang='lat' dir='ltr'>pars</span> <span class='ocrx_word' id='word_1_847' title='bbox 1633 3242 1744 3268; x_wconf 84' lang='lat' dir='ltr'>habetur</span> <span class='ocrx_word' id='word_1_848' title='bbox 1763 3249 1789 3268; x_wconf 83' lang='lat' dir='ltr'>v.</span> <span class='ocrx_word' id='word_1_849' title='bbox 1811 3242 1854 3267; x_wconf 85' lang='grc'>56.</span> <span class='ocrx_word' id='word_1_850' title='bbox 1867 3256 1903 3261; x_wconf 95' lang='grc'>-</span> <span class='ocrx_word' id='word_1_851' title='bbox 1916 3243 2022 3270; x_wconf 78' lang='lat' dir='ltr'>inferius</span> <span class='ocrx_word' id='word_1_852' title='bbox 2041 3251 2089 3276; x_wconf 88' lang='lat' dir='ltr'>pro</span> <span class='ocrx_word' id='word_1_853' title='bbox 2109 3244 2158 3270; x_wconf 75' lang='lat' dir='ltr'>eri-</span> 
     </span>
     <span class='ocr_line' id='line_1_113' title="bbox 1201 3285 1589 3321; baseline -0.003 -8"><span class='ocrx_word' id='word_1_854' title='bbox 1201 3286 1241 3321; x_wconf 66' lang='lat'>985</span> <span class='ocrx_word' id='word_1_855' title='bbox 1260 3287 1317 3313; x_wconf 84' lang='lat' dir='ltr'>Vat.</span> <span class='ocrx_word' id='word_1_856' title='bbox 1336 3286 1433 3320; x_wconf 72' lang='lat' dir='ltr'>exiqil,</span> <span class='ocrx_word' id='word_1_857' title='bbox 1455 3287 1473 3312; x_wconf 82' lang='grc' dir='ltr'><strong><em>Ε</em></strong></span> <span class='ocrx_word' id='word_1_858' title='bbox 1492 3285 1589 3312; x_wconf 55' lang='lat' dir='ltr'>eraldi!-</span> 
     </span>
    </p>

    <p class='ocr_par' dir='ltr' id='par_1_71' title="bbox 1275 3328 1453 3355">
     <span class='ocr_line' id='line_1_114' title="bbox 1275 3328 1453 3355; baseline 0 0"><span class='ocrx_word' id='word_1_859' title='bbox 1275 3328 1297 3344; x_wconf 88' lang='lat'>¹⁰</span> <span class='ocrx_word' id='word_1_860' title='bbox 1316 3330 1390 3355; x_wconf 83' lang='lat' dir='ltr'>Vers.</span> <span class='ocrx_word' id='word_1_861' title='bbox 1412 3329 1453 3355; x_wconf 73' lang='grc'>63.</span> 
     </span>
    </p>

    <p class='ocr_par' dir='ltr' id='par_1_72' title="bbox 1274 3373 2024 3405">
     <span class='ocr_line' id='line_1_115' title="bbox 1274 3373 2024 3405; baseline 0.001 -6"><span class='ocrx_word' id='word_1_862' title='bbox 1274 3373 1295 3388; x_wconf 88' lang='lat'>¹¹</span> <span class='ocrx_word' id='word_1_863' title='bbox 1317 3374 1389 3399; x_wconf 59' lang='lat' dir='ltr'>vers.</span> <span class='ocrx_word' id='word_1_864' title='bbox 1410 3374 1457 3405; x_wconf 79' lang='lat'>39;</span> <span class='ocrx_word' id='word_1_865' title='bbox 1476 3374 1622 3400; x_wconf 88' lang='lat' dir='ltr'>secundum</span> <span class='ocrx_word' id='word_1_866' title='bbox 1643 3382 1667 3400; x_wconf 88' lang='lat' dir='ltr'>v.</span> <span class='ocrx_word' id='word_1_867' title='bbox 1689 3374 1716 3399; x_wconf 67' lang='grc'>41</span> <span class='ocrx_word' id='word_1_868' title='bbox 1730 3394 1736 3405; x_wconf 87' lang='grc'><strong><em>,</em></strong></span> <span class='ocrx_word' id='word_1_869' title='bbox 1756 3374 1801 3400; x_wconf 88' lang='lat' dir='ltr'>ubi</span> <span class='ocrx_word' id='word_1_870' title='bbox 1814 3375 1892 3399; x_wconf 75' lang='lat' dir='ltr'>etiam</span> <span class='ocrx_word' id='word_1_871' title='bbox 1912 3374 2024 3400; x_wconf 85' lang='lat' dir='ltr'>tertium.</span> 
     </span>
    </p>
   </div>
  </div>
 </body>
</html>
