2476 3921
285 201 326 232 50
885 198 1076 232 COMMENT.
1103 199 1138 232 IN
1162 199 1400 232 EVANGELIUM
1424 200 1541 233 LUCAE
1565 201 1597 233 C.
1622 201 1655 233 Il.

279 296 378 330 ¹super
414 298 545 330 regnum
582 289 650 321 eius
685 288 819 327 sedebit,
849 292 885 321 ut
918 289 1083 321 confirmet
1105 288 1182 320 illud
1206 291 1237 320 et

281 341 464 373 corroboret
488 342 518 373 in
544 341 658 373 Iudicio
681 344 712 373 et
736 341 868 379 iustitia,
892 341 1003 373 amodo
1027 344 1058 373 et
1082 349 1184 382 usque
1204 340 1236 371 in

280 395 506 436 sempiternum
524 408 553 426 ».
573 395 608 426 Et
632 395 700 427 ideo
717 397 801 426 recte
817 394 944 426 additur
962 394 1134 431 Dominus,
1151 393 1236 435 quia,

280 448 398 489 primae
414 447 451 479 ad
469 447 667 479 Timotheum
693 450 794 485 sexto,
817 460 832 475 «
847 447 912 491 ipse
928 450 975 479 est
992 447 1058 479 Rex
1079 454 1190 487 regum
1206 449 1238 477 et

280 502 430 533 Dominus
445 501 673 533 dominantium
691 514 706 529 »
721 512 727 538 ;
745 504 776 532 et
789 500 985 541 Apocalypsis
1001 499 1122 532 decimo
1138 508 1235 530 nono:

284 568 298 582 a
316 554 451 586 Habebat
475 554 504 585 in
530 553 716 585 vestimento
739 553 818 585 etin
842 553 959 585 femore
983 561 1041 584 suo
1065 552 1234 593 scriptum:

280 608 344 639 Rex
370 616 479 648 regum
504 610 535 638 et
559 606 711 638 Dominus
731 605 959 637 dominantium
978 619 1006 636 n.
1033 605 1068 636 Et
1092 604 1176 637 ideo:
1200 604 1236 636 in

278 661 409 693 civitate
435 659 561 697 David,
586 659 616 690 id
633 662 679 691 est
696 659 726 690 in
744 658 925 695 Bethlehem
940 684 947 696 ,
965 658 1017 690 ubi
1035 661 1127 690 ortus
1141 657 1201 689 fuit
1215 658 1235 688 ¹.

367 715 418 745 25.
444 713 544 754 (Vers.
574 714 648 752 12).
676 712 715 744 Et
738 710 796 743 boc
819 710 909 743 vobis
931 711 1067 753 signum
1090 714 1149 743 etc.
1167 710 1237 742 Post

137 772 258 802 Ter1i0‚.de
277 766 509 808 dispositionem
534 767 773 807 praeparantem
798 763 836 795 ad
860 763 1050 796 audiendum
1067 766 1098 795 et
1113 762 1235 795 denun—

115 799 258 820 confirmatio-

114 825 263 873 uet¹13²sr¹icitter
277 821 436 852 tiationem
462 819 642 851 invitantem
675 817 713 849 ad
749 816 973 849 exsultandum
1003 816 1149 849 subditur
1186 815 1235 848 hic

115 858 150 873 cer
162 858 166 872 ¹
177 858 223 873 ,ω
234 858 253 873 ⁰'
278 873 371 907 tertio
387 872 595 914 confirmatio
612 870 799 913 certificans
815 870 860 902 ad
876 870 1085 902 eredendum.
1106 870 1140 901 Et
1156 878 1236 911 quo-

279 928 360 960 niam
388 927 417 959 in
441 935 496 959 ore
527 925 663 958 duorum
689 924 816 957 testium
848 926 931 956 stare
947 923 1039 956 debet
1055 932 1147 955 omne
1163 931 1234 955 ver-

279 982 353 1014 bum
367 981 389 1019 ²,
407 980 475 1012 ideo
491 979 658 1020 dupliciter
682 978 910 1010 confirmantur
934 981 1092 1018 pastores:
1115 986 1171 1018 per
1187 977 1237 1008 vi—

278 1044 352 1066 sum
378 1037 408 1066 et
437 1033 616 1069 ctu-ditum;
640 1031 689 1064 isti
726 1031 807 1063 enim
840 1031 903 1063 duo
934 1039 1045 1062 sensus
1076 1029 1236 1071 potissime

278 1088 367 1120 nobis
390 1087 571 1120 deserviunt
592 1085 629 1117 ad
654 1083 914 1126 cognoscendum.
932 1083 1036 1115 Primo
1052 1092 1127 1124 ergo
1143 1082 1235 1114 certi-

279 1141 412 1172 ficantur
430 1148 485 1181 per
508 1139 642 1181 simiam
664 1136 856 1178 probabile,
880 1135 991 1168 deinde
1015 1143 1071 1176 per
1096 1134 1236 1167 testimo-

278 1194 374 1225 nium
397 1192 558 1225 credibile.

367 1247 418 1279 26.
445 1246 602 1288 Quantum
629 1254 704 1287 ergo
727 1244 766 1276 ad
789 1244 879 1286 siyni
891 1243 1076 1286 probabilis
1092 1252 1235 1285 persua-

114 1305 155 1352 ¹253
158 1304 262 1352 ussessffig·
275 1301 398 1333 sionem
420 1300 554 1332 dicitur:
582 1300 620 1331 Et
644 1298 703 1331 hoe
725 1298 816 1330 vobis
839 1298 984 1340 signium.
1004 1298 1096 1335 Nam,
1122 1305 1234 1329 secun-

252 1347 351 1387 'dum
387 1353 470 1396 quod
505 1353 621 1385 dicitur
657 1352 777 1394 primae
813 1351 850 1383 ad
882 1351 1060 1383 Corinthios
1090 1350 1235 1392 primo³‚

282 1407 416 1440 «Iudaei
443 1407 530 1448 signa
559 1409 719 1448 quaerunt
735 1419 764 1437 n.
791 1405 825 1436 Et
850 1405 908 1437 hoc
941 1404 1077 1437 maxime
1112 1403 1237 1445 petebat

278 1461 431 1503 propheta
465 1459 578 1492 David:
609 1459 697 1490 «Fac
723 1467 861 1496 mecum,
896 1458 1013 1500 inquit,
1048 1457 1171 1499 signum
1204 1456 1236 1488 in

278 1515 394 1546 bonum
414 1527 441 1545 ».
468 1513 528 1545 Hoc
546 1513 669 1554 signum
684 1511 858 1553 'petendam
876 1514 960 1548 erat3
979 1511 1072 1542 Isaiae
1089 1510 1235 1551 septimo:

282 1581 296 1595 «
316 1567 385 1599 Pete
412 1566 465 1598 tibi
491 1566 615 1607 signum
640 1574 657 1596 a
681 1564 812 1596 Domino
842 1565 905 1596 Deo
930 1567 985 1595 tuo
1001 1577 1031 1594 ».
1057 1563 1118 1595 Hoc
1142 1562 1235 1595 etiam

274 1618 483 1661 promittebat
509 1618 602 1650 Isaiae
627 1616 810 1649 undecimo:
834 1616 927 1648 «Erit
951 1615 1041 1647 radix
1067 1615 1163 1653 Iesse,
1181 1614 1235 1656 qui

277 1677 336 1705 stat
361 1673 391 1704 in
410 1672 533 1714 signum
550 1671 740 1713 populorum
752 1696 759 1708 ‚
777 1670 879 1711 ipsum
897 1673 1005 1711 gentes
1020 1668 1236 1710 deprecabun—

276 1730 329 1759 tur
347 1740 375 1757 υ.
407 1745 450 1749 -
484 1726 523 1758 Et
553 1723 611 1756 hoe
642 1723 732 1756 vobis
762 1723 918 1766 siquam,-
949 1722 1055 1760 vobis,
1088 1722 1235 1763 inquam,

140 1783 258 1831 afflata?
272 1779 481 1823 pauperibus
513 1778 596 1820 quod
623 1777 743 1810 venerit
771 1785 926 1819 pauperes
950 1776 1103 1814 liberare,
1125 1784 1236 1807 secun—

125 1816 220 1864 geribusp·
250 1822 350 1866 ”dum
377 1832 453 1864 illud
473 1831 580 1864 Psalmi
595 1832 625 1863 ⁴:
657 1844 671 1859 «
689 1830 845 1863 Liberabit
862 1838 1033 1871 pauperem
1057 1838 1075 1861 a
1092 1832 1234 1870 potente,

276 1890 307 1918 et
330 1894 517 1928 pauperem,
542 1884 591 1917 cui
618 1893 678 1916 non
703 1887 771 1916 erat
794 1882 919 1915 adiutor
933 1896 962 1914 ».
982 1882 1072 1923 Quia
1095 1881 1236 1914 invenie-

277 1939 319 1971 tis
342 1937 524 1981 infantem,
545 1937 671 1979 parmis
703 1935 906 1974 involutum,
931 1938 963 1967 et
986 1935 1029 1967 ita
1064 1943 1236 1976 pauperem

276 1996 306 2025 et
329 1992 522 2030 mendicum;
547 1990 714 2023 Zachariae
747 1989 872 2022 nono⁵:
909 2002 925 2017 «
942 1989 1036 2027 Ecce,
1070 1997 1128 2020 rex
1161 1992 1237 2020 tuus

276 2046 379 2079 veniet
403 2045 456 2077 tibi
482 2045 585 2077 iustus
608 2047 639 2076 et
663 2043 813 2075 Salvator.
839 2042 906 2083 Ipse
931 2050 1051 2083 pauper
1074 2044 1106 2073 et
1129 2049 1236 2073 ascen-

275 2099 352 2131 dens
376 2107 472 2139 super
496 2097 615 2129 asinam
634 2109 664 2127 1³.
690 2094 882 2127 Bernardus:
913 2107 928 2122 «
945 2094 976 2125 In
1001 2094 1125 2135 signum
1144 2092 1235 2134 positi

277 2155 350 2184 sunt
374 2150 466 2192 panni
502 2150 567 2188 tui,
592 2148 722 2181 Domine
758 2148 842 2185 Iesu,
867 2146 920 2180 sed
945 2147 976 2178 in
1009 2146 1151 2188 signum,
1184 2145 1235 2178 cui

278 2203 368 2236 hodie
392 2213 411 2235 a
442 2202 550 2235 multis
574 2200 809 2234 contradicitur.
839 2199 936 2231 Multi
965 2199 1047 2231 enim
1072 2202 1152 2230 sunt
1183 2207 1236 2230 vo-

277 2257 362 2295 cati,
388 2256 439 2288 sed
462 2255 568 2297 pauci
589 2254 693 2292 electi,
718 2257 749 2286 et
773 2253 841 2285 ideo
865 2261 922 2285 nec
939 2252 1094 2294 signati».
1113 2270 1154 2275 —
1179 2251 1236 2283 Vo-

112 2315 258 2363 ¹te131bhumr
278 2310 326 2343 bis
349 2310 442 2342 etiam
468 2307 649 2340 humilibus
674 2308 816 2349 signum,
840 2306 924 2348 quod
956 2306 1078 2338 venerit
1102 2305 1236 2338 liberare

161 2348 216 2363 ’Μ’
270 2363 430 2409 humiles,
463 2362 636 2394 secundum
667 2360 743 2393 illud
780 2360 935 2392 Psalmi⁶:
965 2372 980 2387 ε(
998 2359 1151 2401 Populum
1177 2359 1236 2391 hu-

277 2417 382 2449 milem
407 2416 528 2448 salvum
554 2415 648 2447 facies
665 2428 694 2446 ».
721 2414 752 2446 In
786 2414 861 2452 hoc,
886 2413 970 2455 quod
1006 2412 1171 2445 subditur:
1199 2412 1236 2444 Et

274 2470 419 2512 positam
446 2469 479 2501 in
501 2468 698 2510 pmesepim
722 2476 812 2505 ecce,
831 2467 910 2498 mira
928 2466 1106 2504 humilitas,
1124 2469 1160 2498 ut
1176 2466 1236 2498 Do-

279 2524 397 2555 minum
416 2522 574 2554 caelorum
594 2520 756 2553 inclinaret
781 2529 881 2562 usque
898 2519 936 2551 ad
953 2519 1151 2561 praesepium
1169 2519 1235 2551 ani-

1302 288 1430 320 malium
1444 288 1611 321 brutorum
1623 301 1630 327 ;
1645 289 1738 321 Isaiae
1751 289 2012 331 quinquagesimo
2026 290 2118 322 tertio
2130 290 2160 322 ⁷:
2179 303 2194 318 «ι
2208 291 2260 322 Vi-

1301 341 1405 373 dimus
1427 350 1518 380 eum,
1542 344 1575 374 et
1598 351 1658 374 non
1684 345 1752 374 erat
1774 346 1934 383 aspectus,
1959 346 1990 375 et
2013 342 2259 376 desideravimus

1301 403 1391 433 eum,
1415 394 1597 436 despectum
1621 398 1652 426 et
1675 395 1881 427 novissimum
1905 395 2047 428 virorum
2065 409 2094 427 υ.
2118 395 2204 428 Unde
2228 396 2259 428 in

1302 447 1440 479 Psalmo:
1470 460 1485 475 α
1504 447 1565 488 Ego
1598 451 1703 479 autem
1739 456 1809 480 sum
1846 448 1963 480 vermis
1994 452 2025 481 et
2060 458 2121 481 non
2151 449 2259 487 homo,

1301 500 1507 541 opprobrium
1531 500 1696 532 hominum
1720 504 1751 533 et
1774 500 1907 533 abiectio
1931 501 2030 543 plebis
2047 515 2076 533 n.

1390 553 1442 584 27.
1470 552 1505 584 Et
1527 555 1617 591 nota,
1642 553 1726 594 quod
1742 556 1884 594 pastores
1899 556 1990 585 erant
2005 563 2171 595 pauperes,
2187 554 2261 587 sim-

1301 604 1397 646 plices
1420 607 1451 637 et
1474 605 1740 647 contemptibiles;
1765 605 1851 644 ideo,
1876 615 1915 638 ne
1939 606 2086 639 timerent
2101 606 2259 645 accedere,

1301 656 1408 689 datum
1432 661 1479 690 est
1503 658 1594 690 eisin
1611 658 1737 691 Christo
1760 658 1877 691 infante
1901 658 2025 700 signum
2047 659 2260 700 paupertatis
2279 667 2362 695 Duplex
2375 668 2403 689 εἰ.

1301 714 1331 742 et
1355 709 1574 749 liumz'litati3;
1598 715 1628 744 et
1653 712 1683 743 in
1703 712 1760 744 hoc
1777 706 1991 753 significatur,
2015 712 2159 755 qualiter
2183 716 2214 744 et
2237 721 2260 744 a
2305 700 2376 721 μω

1300 763 1421 806 quibus
1444 763 1603 796 invenitur
1631 764 1785 796 Christus.
1821 763 1907 796 Unde
1935 764 2055 805 primae
2085 764 2123 797 ad
2152 764 2260 797 Corin—

1300 816 1383 848 thios
1406 816 1508 857 primo
1521 815 1551 848 ⁸:
1581 829 1597 844 «
1614 815 1731 855 Videte,
1755 816 1880 855 fratres,
1896 816 2090 849 vocationem
2107 821 2259 855 vestram,

1300 869 1375 911 quia
1408 878 1470 901 non
1505 869 1595 902 multi
1632 869 1787 911 sapientes
1821 869 1995 902 secundum
2027 878 2173 909 carnem,
2198 879 2260 902 non

1300 922 1389 954 multi
1416 924 1573 964 potentes,
1598 932 1659 954 non
1692 922 1783 954 multi
1816 922 1952 961 nobiles,
1976 923 2029 955 sed
2054 932 2135 965 quae
2165 923 2261 956 stulta

1300 978 1374 1008 sunt
1398 975 1505 1008 mundi
1530 976 1623 1021 elegit
1647 975 1798 1008 Dominus
1814 989 1829 1004 »
1858 979 1932 1015 etc.;
1957 979 1988 1008 et
2012 976 2081 1008 ideo
2104 976 2185 1008 infra
2208 985 2261 1008 eo-

1300 1028 1388 1061 dem:
1419 1041 1434 1056 «
1453 1029 1573 1061 Positus
1596 1032 1644 1061 est
1667 1029 1717 1061 hic
1741 1029 1772 1060 in
1798 1028 1923 1061 ruinam
1947 1032 1979 1062 et
2002 1029 2032 1061 in
2058 1029 2261 1062 resurrectio

1300 1090 1371 1113 nem
1395 1081 1568 1113 multorum
1592 1082 1624 1114 in
1649 1082 1743 1115 lsrael
1767 1086 1798 1114 et
1822 1082 1851 1113 in
1877 1082 2012 1124 signum,
2029 1082 2079 1115 cui
2104 1082 2260 1115 contradi—

1301 1138 1390 1167 cetur
1406 1146 1437 1173 »;
1462 1138 1493 1167 et
1517 1135 1594 1173 hoc,
1618 1136 1693 1177 quia
1716 1145 1772 1177 per
1796 1137 1855 1169 ista
1879 1136 1966 1177 signa
1990 1145 2051 1168 non
2075 1135 2134 1168 fuit
2156 1136 2261 1178 cogni-

1301 1191 1353 1221 tus
1376 1198 1394 1220 a
1418 1188 1596 1220 carnalibus
1620 1192 1650 1221 et
1674 1189 1828 1231 superbis.
1854 1189 1939 1222 Unde
1955 1189 1987 1221 in
2004 1189 2165 1222 Psalmo⁹:
2188 1189 2263 1221 «Si-

1300 1251 1361 1283 gna
1384 1245 1492 1274 nostra
1514 1250 1576 1273 non
1602 1241 1751 1281 vidimus,
1776 1242 1835 1274 iam
1860 1252 1921 1275 non
1946 1246 1993 1275 est
2017 1242 2214 1284 propheta»;
2231 1245 2262 1275 et

1301 1296 1436 1328 iterum:
1467 1308 1481 1323 «
1500 1295 1676 1330 Posuerunt
1699 1295 1787 1337 signa
1810 1305 1868 1328 sua
1893 1296 1981 1338 signa
1997 1309 2026 1327 n.
2163 1325 2167 1330 .

1390 1349 1442 1381 28.
1468 1349 1569 1389 (Vers.
1600 1348 1647 1381 13.
1674 1349 1748 1387 lle).
1765 1349 1924 1390 Quantum
1941 1358 2017 1382 vero
2033 1349 2069 1381 ad
2088 1349 2265 1382 testimonii
2281 1356 2423 1386 qutestimq.

1301 1402 1467 1435 credibilis
1496 1403 1747 1444 persuasionem
1772 1402 1941 1435 subditur:
1969 1404 2007 1435 Et
2037 1403 2145 1436 subito
2168 1402 2262 1446 faeta
2290 1388 2349 1431 ῗιῖΪ-ιῃ
2367 1382 2425 1404 Μαι·

1301 1460 1347 1488 est
1363 1465 1439 1488 eum
1466 1451 1589 1498 Asnyelo
1613 1456 1813 1494 multitudo,-
1829 1455 1923 1498 faeta
1940 1456 2057 1489 scilicet
2073 1460 2121 1489 est
2136 1465 2209 1489 cum
2226 1465 2263 1489 eo

1301 1508 1340 1541 ad
1364 1508 1614 1541 confirmandum
1647 1509 1765 1550 pariter
1799 1509 1918 1541 dictum
1954 1510 2138 1551 angelicum<
2162 1513 2193 1542 et
2224 1509 2261 1542 ad
2306 1501 2309 1504 ’

1302 1561 1515 1594 venerandum
1548 1561 1717 1602 parvulum
1753 1564 1878 1600 natum,
1908 1562 2080 1594 secundum
2114 1562 2193 1595 illud
2223 1562 2262 1603 ad

1302 1614 1458 1646 Hebraeos
1476 1614 1578 1655 primo
1593 1614 1636 1645 ¹⁰:
1659 1627 1673 1642 (ι
1688 1614 1765 1646 Cum
1783 1614 1954 1650 introducit
1971 1614 2215 1656 primogenitum
2231 1615 2263 1647 in

1301 1666 1410 1699 orbem
1438 1670 1558 1705 terrae,
1583 1666 1671 1699 dicit:
1697 1667 1733 1699 Et
1755 1667 1886 1699 adorent
1917 1676 1989 1699 eum
2025 1676 2134 1699 omnes
2158 1667 2262 1709 Angeli

1303 1720 1417 1753 eius».
1452 1720 1487 1752 Et
1519 1720 1679 1762 signanter
1709 1720 1826 1753 dicitur
1861 1720 2056 1759 multitudo,
2089 1720 2262 1753 secundum
2283 1728 2354 1755 Quare
2369 1727 2424 1758 dica-

1302 1773 1379 1806 illud
1403 1773 1440 1806 ad
1473 1773 1628 1806 Hebraeos
1656 1773 1864 1806 duodecimo.-
1893 1788 1907 1801 «ι
1925 1773 2104 1806 Accessistis
2128 1773 2166 1805 ad
2190 1774 2261 1805 Sion
2277 1756 2314 1802 ἷιῗῖ.
2333 1754 2426 1776 'unm'

1302 1829 1439 1858 montem
1463 1830 1494 1858 et
1518 1826 1674 1859 civitatem
1710 1826 1761 1858 Dei
1794 1826 1944 1865 viventis,
1974 1826 2141 1858 Ierusalem
2166 1826 2265 1858 caele-

1302 1883 1381 1912 stem
1392 1905 1399 1918 ,
1416 1883 1447 1912 et
1463 1879 1636 1911 multorum
1654 1879 1787 1911 millium
1805 1880 1992 1921 Angelorum
2010 1879 2219 1921 frequentiam
2234 1892 2262 1911 ν.

1302 1950 1344 1957 -
1362 1933 1397 1965 Et
1412 1932 1591 1964 multitudo
1604 1932 1744 1964 militiae
1756 1932 1922 1971 caelestis·;
1935 1932 2108 1965 secundum
2122 1932 2200 1965 illud
2212 1932 2264 1965 Iob
2282 1940 2352 1970 Quare
2367 1939 2418 1970 mut-

1302 1985 1452 2028 vigesimo
1475 1985 1586 2027 quinto
1600 1986 1647 2017 ¹¹:
1677 1998 1691 2013 α
1710 1985 1857 2027 Nunquid
1880 1989 1928 2018 est
1951 1994 2105 2018 numerus
2128 1985 2263 2018 militum
2294 1966 2365 2015 iffi?
2381 1972 2419 1987 '¹¹¹'

1301 2039 1370 2071 eius
1386 2042 1424 2071 »2
1441 2038 1476 2070 Et
1492 2038 1560 2071 ideo
1577 2038 1681 2080 quarti
1699 2039 1817 2080 Regum
1842 2042 1950 2071 sexto:
1981 2052 1996 2068 «
2012 2039 2110 2071 Nolite
2135 2039 2263 2078 timere,

1301 2092 1381 2124 dixit
1406 2091 1543 2130 Eliseus;
1569 2091 1677 2132 plures
1700 2091 1783 2123 enim
1807 2091 1970 2124 nobiscum
1988 2095 2061 2124 sunt
2078 2094 2174 2134 quam
2190 2101 2263 2124 cum

1302 2145 1363 2177 illis
1378 2158 1408 2176 ».
1436 2145 1471 2177 Et
1494 2145 1554 2177 hoc
1578 2148 1709 2186 apparet
1733 2145 1763 2177 in
1780 2149 1855 2177 ortu
1879 2145 1965 2184 eius,
1989 2145 2162 2178 secundum
2187 2145 2265 2177 illud

1301 2198 1500 2241 Apocalypsis
1516 2197 1636 2230 decimo
1653 2207 1752 2230 nono:
1773 2211 1787 2226 α
1805 2198 1881 2231 Ecce
1892 2223 1899 2237 ‚
1916 2206 2018 2240 equus
2034 2197 2143 2237 albus,
2163 2201 2194 2230 et
2210 2197 2265 2239 qui

1301 2251 1429 2284 sedebat
1453 2260 1549 2293 super
1566 2260 1638 2283 eum
1651 2277 1658 2290 ,
1677 2250 1776 2283 fidelis
1792 2254 1822 2284 et
1839 2260 1936 2283 verax
1955 2263 1985 2289 »;
2009 2263 2024 2279 α
2043 2250 2078 2283 Et
2093 2250 2264 2288 exercitus,

1301 2306 1355 2347 qui
1380 2308 1455 2338 sunt
1479 2305 1510 2337 in
1535 2305 1637 2344 caelo,
1668 2304 1884 2347 sequebantur
1911 2313 1983 2337 eum
2000 2317 2031 2336 ».
2057 2322 2099 2327 —
2124 2304 2161 2336 Et
2188 2304 2265 2336 haee
2283 2311 2418 2341 confirmatio

1301 2362 1366 2391 tota
1389 2357 1559 2390 multitudo
1581 2357 1621 2390 ad
1645 2357 1913 2390 confirmationem
1939 2357 2026 2390 verbi
2044 2356 2175 2399 angelici
2193 2365 2267 2398 pre-
2297 2341 2420 2387 ssssfnfm'

1298 2412 1421 2453 rumpit
1444 2411 1476 2443 in
1500 2411 1748 2444 decantationem
1773 2410 1903 2449 cantici;
1928 2414 2058 2452 propter
2081 2410 2166 2453 quod
2189 2409 2265 2442 dici-
2338 2407 2341 2408 ⁷

1303 2464 1372 2497 tur:
1399 2464 1630 2497 Lauctantz'am
1663 2464 1767 2496 Deum
1799 2468 1828 2496 et
1859 2464 2058 2496 dicentium:
2088 2463 2205 2496 Gloria
2229 2463 2264 2495 in

1301 2518 1434 2550 excelsis
1450 2518 1474 2537 ¹²
1505 2518 1587 2555 Deo,
1616 2522 1645 2549 et
1674 2517 1707 2549 in
1734 2521 1825 2549 terra
1847 2526 1918 2559 pax
1946 2516 2134 2549 bominibus
2163 2516 2265 2548 bonae

350 2711 355 2725 ¹
378 2712 466 2737 Glossa
486 2709 683 2736 interlinearis:
711 2711 736 2735 In
765 2709 869 2734 civitate
896 2708 994 2739 David,
1019 2708 1044 2732 in
1073 2708 1237 2738 Bethlehem,

279 2756 349 2781 unde
369 2756 451 2781 David
473 2758 556 2780 natus.

335 2794 359 2813 ‘²
379 2800 525 2831 Respicitur
546 2799 620 2823 Deut.
639 2799 687 2829 19,
709 2798 750 2822 15.
769 2797 819 2822 Csr.
840 2803 919 2828 supra
940 2803 1001 2828 pag.
1023 2797 1071 2826 12,
1084 2799 1143 2821 nota
1165 2797 1189 2821 6.
1203 2809 1238 2815 -

279 2846 315 2870 De
334 2844 456 2870 sensibus
476 2844 548 2868 visus
568 2847 593 2868 et
618 2842 739 2872 auditus,
758 2842 803 2874 qui
823 2844 951 2866 vocantur
979 2834 1153 2872 disciplinales
1178 2841 1195 2866 i.
1214 2848 1237 2865 e.

278 2889 456 2915 deservientes
475 2887 618 2919 disciplinis
637 2886 693 2912 sive
712 2886 838 2917 scientiis,
859 2886 904 2910 cfr.
923 2885 1038 2917 Aristot.,
1058 2885 1091 2911 de
1110 2886 1193 2911 Sensu
1213 2888 1239 2910 et

278 2941 347 2959 sens
367 2941 389 2958 e
411 2933 435 2958 1.
457 2935 482 2957 et
499 2932 518 2956 1.
537 2931 648 2962 Metaph.
669 2938 691 2955 c.
712 2931 735 2955 1.
759 2929 824 2955 Vide
844 2930 881 2955 III.
901 2930 970 2954 Sent.
989 2930 1014 2955 d.
1035 2929 1078 2955 24.
1091 2929 1156 2955 dub.
1176 2930 1199 2954 2.
1214 2932 1238 2954 et

279 2978 424 3006 Comment.
444 2977 470 3001 in
492 2976 574 3001 flecte.
595 2975 623 3005 1,
644 2975 669 2999 fl.
972 3004 975 3006 q

350 3020 360 3035 ⁸
383 3022 455 3047 Vere.
476 3022 518 3046 22.
548 3019 598 3046 Csr.
623 3026 704 3051 supra
734 3026 795 3050 pag.
824 3018 872 3048 17,
892 3021 952 3043 nota
982 3019 1007 3044 9.
1028 3033 1060 3037 —
1080 3019 1145 3044 Tres
1164 3025 1238 3051 seqq.

280 3067 326 3092 loci
348 3070 407 3092 sunt
426 3066 465 3091 Ps.
487 3065 535 3096 85,
557 3064 603 3095 ⁴73
625 3064 680 3089 lsai.
700 3063 731 3095 7,
754 3063 794 3087 11.
815 3066 839 3087 et
860 3063 906 3093 11,
929 3063 972 3088 to.

350 3110 360 3124 ⁴
381 3111 474 3136 Psatm.
492 3109 542 3140 71,
563 3110 605 3135 1-2.
648 3129 650 3131 ,

351 3154 361 3168 ⁶
383 3156 453 3180 Vers.
474 3156 499 3179 9.
518 3167 554 3173 —-
573 3153 703 3179 Sententia
730 3151 854 3177 Bernardi
883 3151 994 3177 habetur
1018 3153 1043 3177 in
1064 3152 1147 3177 Serm.
1168 3151 1192 3176 4.
1212 3151 1238 3176 in

281 3199 362 3223 Nativ.
377 3198 493 3229 Domini,
512 3206 538 3223 n.
559 3199 582 3222 1.
603 3199 629 3223 1η
650 3198 705 3229 ipsa
726 3196 865 3228 respicitur
878 3197 940 3221 Luc.
953 3197 983 3227 2,
1003 3196 1050 3221 34:
1073 3206 1086 3219 ιι
1101 3197 1182 3225 Ecce,
1195 3202 1239 3226 po·

281 3244 345 3267 situs
364 3246 402 3268 est
423 3243 464 3267 hic
486 3243 509 3267 in
530 3243 659 3268 ruinam...
680 3245 705 3267 et
724 3242 750 3266 in
769 3241 889 3272 signum,
908 3241 948 3265 cui
970 3240 1163 3266 contradicetur
1176 3250 1201 3269 »3
1214 3242 1240 3265 et

282 3288 368 3312 Matth.
388 3287 436 3317 20,
458 3288 504 3311 16:
523 3287 592 3312 Multi
613 3287 683 3311 enirn
703 3289 751 3311 etc.

352 3329 363 3344 ⁰
383 3331 475 3356 Psalm.
496 3330 542 3357 17,
563 3331 604 3355 28.

352 3373 361 3388 ⁷
385 3376 457 3401 Vers.
477 3377 500 3399 2.
522 3383 576 3407 seq.
599 3390 628 3393 Μ
651 3375 774 3407 Sequitur
795 3375 833 3399 Ps.
853 3375 881 3399 24
896 3393 902 3403 ‚
922 3373 948 3398 7.

1373 2705 1384 2720 ⁸
1404 2707 1478 2732 Vers.
1499 2706 1541 2731 26.
1560 2712 1616 2738 seq.
1638 2719 1670 2723 —
1690 2703 1807 2730 Subinde
1825 2705 1951 2736 allegatur
1970 2704 2032 2729 Luc.
2053 2705 2083 2734 -2,
2104 2703 2146 2729 34.
2166 2718 2199 2722 —-
2221 2703 2265 2729 Su-

1302 2751 1392 2783 perius
1411 2757 1460 2782 pro
1479 2750 1508 2776 in
1528 2749 1633 2776 Chri-§lo
1653 2749 1770 2783 infante,
1783 2749 1856 2782 quod
1870 2747 1978 2781 praebet
1992 2749 2013 2774 D
2026 2756 2040 2774 a
2054 2748 2169 2774 secunda
2184 2755 2262 2774 manu

1302 2797 1449 2826 correctus,
1469 2794 1510 2819 alii
1530 2793 1608 2819 codd.
1629 2797 1654 2818 et
1674 2793 1730 2818 Vnt.
1751 2792 1789 2818 in¹
1809 2792 1914 2819 Christo
1935 2792 2068 2826 infantiae
2086 2792 2105 2825 (t
2125 2793 2151 2817 in
2170 2791 2265 2818 Christi

1303 2839 1406 2865 infantia
1414 2840 1446 2871 Τ).
1466 2838 1584 2864 Subinde
1603 2841 1663 2870 post
1681 2836 1842 2864 humilitatis
1863 2837 1889 2863 in
1909 2837 1930 2862 D
1949 2844 1964 2862 a
1983 2837 2099 2862 secunda
2119 2844 2198 2862 manu
2218 2837 2262 2862 ad-

1303 2884 1374 2910 ditur
1382 2918 1384 2921 ·
1393 2885 1418 2909 et
1436 2882 1700 2916 contemptibilitatis.

1373 2926 1384 2941 ¹³
1404 2929 1497 2954 Psalm.
1514 2927 1564 2960 73,
1583 2928 1612 2958 95
1632 2927 1696 2953 ibid.
1715 2935 1740 2952 v.
1762 2927 1785 2952 4.
1806 2930 1843 2953 est
1863 2934 1918 2960 seq.
1938 2927 2020 2953 locus.

1375 2971 1397 2986 ¹⁰
1416 2972 1492 2998 Vers.
1510 2973 1535 2998 6.
1556 2972 1612 3005 (cfr.
1632 2972 1673 2998 Ps.
1694 2972 1743 3001 96,
1761 2971 1813 3003 7.),
1834 2974 1894 3003 post
1912 2978 1992 3004 quern
2012 2971 2130 3003 sequitur
2151 2971 2198 3001 12,
2224 2971 2265 2995 22.

1375 3016 1395 3031 ²¹
1417 3017 1492 3043 Vers.
1512 3017 1538 3043 3.
1558 3032 1589 3035 —
1612 3015 1728 3042 Subinde
1747 3016 1893 3048 allegantur
1922 3016 1963 3041 IV.
1983 3016 2047 3047 Reg.
2068 3016 2096 3045 6,
2118 3016 2165 3047 16;
2185 3016 2266 3046 Apoc.

1305 3062 1352 3092 19,
1374 3062 1415 3087 11.
1436 3065 1461 3087 ct
1482 3061 1524 3087 14.

1374 3104 1396 3119 ¹¹
1416 3105 1526 3137 Vulgata
1546 3103 1693 3131 altissimis.
1713 3117 1749 3122 —
1768 3103 1890 3135 Sequitur
1909 3102 1954 3128 Iob
1981 3102 2071 3133 38,.7.
2101 3101 2187 3127 Verba
2218 3100 2268 3127 Ubi

1303 3157 1365 3176 eras
1396 3149 1524 3175 habentur
1553 3148 1615 3175 ibid.
1645 3156 1672 3174 v.
1691 3148 1716 3173 4.
1735 3161 1770 3167 —
1789 3147 1873 3178 Beda,
1902 3148 1918 3172 I.
1948 3147 1973 3172 in
1998 3148 2060 3173 Luc.
2090 3147 2120 3177 2,
2142 3146 2191 3171 ⁴3:
2210 3145 2265 3170 Uno

1302 3194 1498 3226 evangelizante
1513 3194 1602 3219 nuntio
1616 3196 1706 3218 natum
1722 3192 1747 3217 in
1761 3198 1839 3217 carne
1854 3191 1952 3222 Deum,
1970 3198 2030 3217 mox
2044 3189 2183 3216 multitudo
2203 3189 2266 3214 mili-

1304 3238 1354 3264 tlae
1374 3238 1490 3264 caelestis
1509 3238 1636 3264 advolans
1664 3242 1780 3263 consono
1809 3236 1833 3260 in
1862 3236 1966 3261 laudem
1995 3234 2125 3261 Creatoris
2145 3240 2189 3259 ore
2209 3240 2266 3265 pro·

1304 3284 1417 3315 rumpit,
1437 3287 1464 3309 nt
1483 3282 1522 3308 sui
1543 3282 1611 3308 sicut
1634 3288 1740 3313 semper
1768 3279 1888 3313 obsequii
1908 3279 2077 3306 devotionem
2097 3277 2202 3304 Christo
2222 3278 2266 3303 im-

1306 3328 1419 3360 pendat,
1438 3331 1464 3354 et
1482 3334 1530 3353 nos
1549 3334 1597 3353 suo
1617 3326 1714 3359 pariter
1732 3325 1847 3351 instituat
1866 3325 1984 3356 exempto
2004 3328 2052 3349 etc.
