2427 3872
268 245 333 278 824

552 289 614 313 eno

267 334 369 359 locutus
382 335 420 358 est
433 332 571 363 Dominus,
591 335 730 364 antequam
752 333 846 356 faceret
865 331 907 356 Vll

268 377 301 402 39
327 377 378 402 125
403 390 438 395 -
461 376 597 408 Prophetis
616 376 758 401 revelatum
780 379 835 400 erat
853 382 908 400 ver-

268 420 333 446 bum
362 420 465 445 Domini
494 419 556 445 ibid.
575 433 611 438 —
634 419 772 451 Prophetis
801 422 908 450 propter

267 464 493 496 perspicacitatem
528 463 688 495 intelligendi
723 463 908 494 appropriatur

267 509 330 533 Filio
350 509 395 533 604
421 508 454 534 57

321 565 356 571 --
376 552 432 577 Mali
452 555 563 583 possunt
581 552 739 583 prophetare
758 551 790 575 Vl
812 551 826 575 8
847 558 873 583 q.
893 550 908 575 4

267 610 303 615 —
322 597 377 621 Mali
397 596 539 628 aliquando
559 597 730 627 prophetant⁷
745 595 858 620 maxime
877 601 908 620 ex

268 640 396 671 dignitate
416 639 494 665 officii
515 639 564 664 408
585 640 619 664 69

321 697 357 702 —
376 683 447 708 missi
467 686 527 708 sunt
552 683 584 708 ad
611 683 738 714 populum
769 683 909 714 corripien-

268 727 332 753 dum
353 730 377 752 et
396 727 429 753 ad
449 727 626 758 praedicenda
651 727 717 752 mala
747 727 907 752 imminentIa

268 772 312 797 Vll
332 772 383 797 505
404 771 436 796 47
455 785 490 790 —
509 771 656 802 arguebant
683 774 709 796 et
736 770 910 802 deplorabant

267 816 390 841 duritiam
411 816 500 847 populi
520 814 582 841 ibid.
600 829 635 834 —
658 815 769 841 orabant
797 822 846 847 pro
866 822 910 846 po-

268 860 339 891 pulo,
353 866 432 892 quem
449 859 572 885 amabant
591 859 642 884 506
658 859 689 884 47
704 874 737 878 —-
751 862 811 884 sunt
825 859 908 890 figura

268 903 361 929 Christi
390 902 450 929 ibid.
476 917 511 922 —
537 905 641 928 fuerunt
659 903 792 934 exemplar
813 903 836 928 in
856 903 908 928 vita

268 950 294 972 et
312 947 428 972 doctrina
449 948 499 973 353
519 947 553 972 60
573 961 608 966 -
627 948 653 972 ln
667 947 704 972 eis
719 948 783 972 facta
798 949 836 971 est
850 953 909 977 pro-

269 991 400 1016 missionis
428 991 606 1022 promulgatio
635 990 697 1016 ibid.
724 1004 759 1008 —
784 990 910 1015 excitave-

268 1038 330 1060 runt
348 1038 373 1059 et
391 1038 552 1060 vocaverunt
571 1034 605 1059 ad
624 1041 735 1065 regnum
756 1034 802 1058 Dei
816 1033 908 1058 intran-

268 1078 332 1103 dum
353 1077 415 1104 ibid.

321 1135 356 1141 -
375 1128 427 1147 non
447 1123 589 1146 honoratur
607 1121 635 1145 in
654 1121 736 1152 patria
750 1127 797 1146 sua
811 1120 911 1145 ratione

269 1165 444 1197 generationis
463 1165 572 1190 carnalis
600 1168 625 1190 et
649 1165 750 1190 ratione
775 1170 911 1190 conversa-

270 1209 348 1234 tionis
375 1209 508 1234 familiaris
533 1209 566 1233 Vl
587 1209 638 1234 300
664 1209 707 1233 70,
728 1209 779 1233 302
800 1207 833 1233 84
854 1207 909 1240 (83)

268 1268 304 1271 —
328 1260 381 1278 non
409 1256 447 1278 est
476 1256 599 1284 acceptus
624 1252 650 1278 in
679 1253 762 1284 patria
787 1259 834 1277 sua
863 1258 910 1277 nec

269 1300 396 1329 quantum
417 1297 450 1322 ad
477 1297 622 1322 doctrinam
648 1304 696 1322 nee
719 1299 846 1329 qnantum
876 1296 910 1322 ad

270 1341 365 1371 vitam,
385 1341 411 1366 in
431 1340 528 1373 quibus
553 1341 696 1373 Prophetae
715 1344 910 1366 consueverunt

270 1385 367 1410 habere
386 1385 562 1410 excellentiam
585 1385 625 1411 Vll
647 1386 691 1410 40l
717 1385 746 1410 54
770 1399 805 1404 —
825 1385 849 1410 in
865 1392 907 1417 pa-

270 1421 318 1454 tria
339 1436 384 1454 sua
405 1436 458 1454 non
478 1430 595 1455 fecerunt
614 1429 737 1455 miracula
758 1428 819 1455 ibid.

322 1487 358 1491 —
378 1472 440 1498 boni
461 1474 566 1498 fuerunt
579 1474 603 1498 in
617 1473 782 1499 tribulatione
797 1474 837 1499 Vll
859 1473 909 1499 450

271 1517 303 1542 56
323 1532 358 1535 -
378 1518 439 1542 mali
458 1517 620 1550 quaerebant
638 1518 740 1550 placere
760 1518 910 1544 hominibus

271 1562 321 1587 152
342 1562 369 1587 61

324 1620 359 1624 —-
373 1607 557 1637 praecedentes
570 1606 664 1632 Christi
678 1607 821 1632 adventum
836 1610 910 1639 opta-

270 1649 341 1682 bant,
354 1654 382 1675 ut
396 1650 594 1675 confirmaretur
614 1651 640 1675 in
658 1654 816 1682 perpetuum
836 1651 907 1683 quod

271 1694 397 1719 Dominus
422 1695 524 1720 locutus
548 1695 585 1719 eis
613 1699 668 1720 erat
687 1695 728 1720 Vll
749 1695 782 1720 39
804 1695 855 1720 125
874 1709 908 1713 -

271 1739 520 1769 praenuntiaverunt
544 1739 653 1764 salutem
678 1743 793 1764 nostram
814 1746 844 1764 ex
864 1739 909 1764 ini-

270 1782 345 1808 micis
365 1782 398 1808 z'b.
421 1783 471 1807 126
491 1796 525 1801 -
544 1782 690 1808 clamabant
706 1783 738 1808 ad
754 1783 909 1813 Dominum,

270 1830 298 1851 ut
317 1826 429 1852 mitteret
447 1827 608 1852 salvatorem
632 1830 657 1852 et
685 1830 908 1858 propugnatorem

270 1869 304 1895 ib.
325 1871 375 1895 127

322 1927 358 1932 -
376 1915 489 1940 Fuerunt
517 1914 550 1940 de
576 1914 646 1939 omni
672 1921 734 1939 sexu
759 1917 785 1939 et
813 1915 910 1946 profes-

268 1958 342 1983 sione
369 1958 414 1990 qui
442 1958 585 1984 adventum
616 1958 718 1983 Domini
737 1959 909 1989 prophetave-

268 2005 329 2027 runt
349 2002 390 2027 Vll
411 2002 443 2027 64
464 2002 497 2027 87
516 2016 550 2021 -
574 2002 744 2033 principalem
772 2005 908 2033 aspectum

269 2045 417 2071 habuerunt
447 2046 479 2071 ad
512 2045 749 2077 praenuntiandum
777 2045 908 2072 Christum

269 2090 416 2115 secundum
442 2089 570 2121 triplicem
598 2090 753 2121 dignitatem
782 2093 807 2115 et
826 2091 910 2121 perfe-

270 2133 384 2159 ctionem
396 2133 445 2159 468
460 2133 493 2158 54
504 2148 539 2152 -
551 2134 748 2159 seminaverunt
761 2141 810 2166 pro
824 2141 910 2160 messe

270 2178 369 2210 gratiae
387 2178 420 2203 Vl
440 2179 490 2203 298
511 2178 554 2203 57.
574 2178 625 2203 300
645 2178 678 2203 68
697 2192 733 2198 —
745 2179 779 2204 de
792 2182 911 2210 tempore

271 2223 370 2254 gratiae
388 2222 573 2254 praedixerunt
600 2223 651 2247 298
677 2222 721 2248 58.
752 2223 803 2248 300
823 2223 856 2248 68
875 2236 911 2242 -

269 2267 410 2292 Praeconia
429 2267 618 2298 Prophetarum
638 2266 670 2292 ad
691 2266 823 2292 Christum
843 2268 910 2293 refe-

270 2315 362 2337 runtur
383 2311 425 2336 Vll
445 2311 495 2336 596
515 2310 549 2336 34
568 2325 603 2330 -
623 2311 725 2342 Omnia,
744 2318 813 2344 quae
839 2311 865 2336 in
884 2312 911 2337 li·

270 2354 325 2381 bris
343 2356 531 2387 Prophetarum
551 2355 726 2386 continentur,
740 2356 781 2381 vel
794 2355 827 2381 de
841 2355 911 2382 Chri-

271 2403 310 2425 sto
329 2400 396 2425 dicta
416 2403 476 2425 sunt
495 2400 536 2425 vel
557 2403 664 2431 propter
683 2399 770 2432 ipsum
790 2398 852 2425 ibid.

323 2458 358 2462 —
377 2451 467 2469 eorum
493 2444 613 2469 vaticinia
634 2451 680 2475 per
705 2443 836 2470 Christum
856 2446 911 2470 sne-

270 2491 331 2513 runt
349 2492 529 2514 consummata
550 2488 592 2513 Vll
613 2489 646 2514 65
661 2489 694 2513 90
707 2502 742 2507 —
756 2488 910 2520 Prophetiae

272 2532 339 2557 circa
359 2536 470 2557 mortem
490 2531 582 2558 Christi
596 2532 718 2564 impletae
731 2536 792 2558 sunt
810 2532 861 2557 576
877 2533 909 2558 39

325 2589 359 2594 ——
378 2575 474 2608 quibus
494 2577 620 2602 Dominus
639 2577 741 2602 locutus
763 2580 815 2607 est,
840 2584 910 2602 mor-

271 2620 308 2645 tui
328 2623 388 2645 sunt
417 2620 448 2645 Vl
478 2620 528 2645 370
547 2620 581 2645 76
606 2620 668 2646 Vide
695 2628 721 2647 v.
747 2620 911 2654 Pseudopro-

267 2663 373 2696 phetae.

325 2708 506 2733 Pnopnfflssxi:
520 2722 553 2726 —
567 2711 680 2740 quatuor
699 2708 837 2740 designant
847 2715 909 2741 qua-

271 2755 330 2776 tuor
348 2751 457 2776 virtutes
476 2751 619 2777 cardinales
639 2752 681 2777 Vll
701 2752 734 2777 64
755 2753 787 2777 89

325 2796 468 2821 Ρ110105ιτιο
488 2809 522 2814 -
542 2803 588 2827 per
606 2803 634 2821 se
653 2799 712 2821 nota
730 2800 782 2827 est,
801 2797 909 2829 quando

271 2845 349 2865 eausa
370 2839 513 2871 praedicati
532 2843 571 2865 est
585 2840 609 2864 in
622 2840 739 2865 subiecto
755 2841 796 2865 Vll
810 2841 856 2865 291
876 2840 908 2866 44

326 2883 479 2908 Ρ11010511οΜ
499 2897 533 2901 -
558 2883 657 2909 bonnm
687 2884 843 2910 annihilatur
862 2891 910 2916 per

271 2927 338 2952 mala
358 2927 475 2958 exempla
495 2926 520 2951 in
541 2927 723 2958 persecutione
743 2928 785 2953 Vll
804 2927 856 2953 532
875 2928 908 2953 36

269 2984 305 2989 -
323 2971 409 2996 Sancti
430 2971 556 3002 propositi
576 2971 711 3003 conceptio
739 2975 778 2997 est
797 2972 822 2996 in
842 2972 910 3003 prin-

270 3015 340 3046 cipio
368 3015 521 3040 occultanda
549 3015 581 3040 20
607 3015 640 3040 38
664 3029 698 3033 -
718 3018 836 3041 5311010111
857 3023 908 3041 11011

270 3061 355 3089 potest
373 3059 465 3089 latere,
485 3059 549 3091 quin
568 3065 596 3084 se
616 3059 761 3084 manifestet
781 3060 813 3084 28
834 3060 867 3084 86

323 3103 477 3128 Ρ1101>11111τΛ5
495 3116 530 3121 -
549 3103 662 3135 Quidam
691 3103 788 3129 abeunt
806 3110 820 3129 a
840 3103 909 3130 Chri-

269 3148 309 3172 sto
329 3153 418 3171 amore
437 3149 555 3172 terrenae
583 3147 749 3179 proprietatis
769 3147 800 3173 Vl
821 3147 872 3173 568
893 3149 908 3174 2

273 3189 336 3216 Vide
354 3197 378 3216 v.
398 3190 500 3217 Habere

322 3247 357 3253 —
376 3234 415 3259 llla
441 3235 564 3260 dicuntur
591 3242 668 3266 vera,
687 3242 757 3268 quae
784 3236 908 3262 dicuntur

269 3284 316 3308 per
336 3278 521 3310 proprietatem
543 3279 574 3305 Vl
595 3278 645 3304 448
667 3279 699 3304 13
719 3286 776 3312 arg.

322 3322 458 3348 Pnossmrri
478 3336 513 3342 —
531 3322 686 3349 dicebantur
714 3323 824 3354 gentiles
850 3330 908 3349 con-

268 3365 336 3391 versi
355 3365 388 3391 ad
408 3366 486 3391 ritum
508 3364 662 3392 ludaeorum
685 3367 715 3393 Vl
730 3366 782 3392 4l7
801 3367 835 3393 33

1130 242 1244 274 lNDEx
1270 242 1397 275 RERUM

999 331 1167 356 Pnospenms
1185 344 1220 349 —
1240 333 1279 356 est
1298 330 1431 361 multiplex
1453 331 1484 355 Vl
1504 330 1555 355 626
1570 329 1586 355 5

945 389 980 393 -
1008 378 1068 400 511111
1099 381 1183 407 aquae
1213 374 1336 400 velociter
1365 375 1534 400 decurrentes
1561 377 1586 399 et

946 419 1070 444 deorsum
1090 420 1222 444 trahentes
1242 419 1292 444 627
1313 419 1328 443 6
1350 432 1382 437 -
1397 418 1530 443 mundana
1549 425 1587 443 re-

946 463 1085 495 linquenda
1106 465 1144 487 est
1163 462 1209 487 644
1234 469 1247 487 a

999 521 1033 525 —-
1048 507 1121 538 lmpii
1134 506 1159 531 in
1173 506 1347 538 prosperitate
1360 506 1496 538 temporali
1511 513 1585 537 spem

947 554 1048 583 ponunt
1068 551 1099 576 Vl
1122 550 1166 576 44l
1189 558 1216 576 v.
1236 551 1268 576 45
1288 565 1322 568 ——
1343 552 1369 576 ln
1390 553 1508 582 tempore
1529 557 1586 581 pro-

946 595 1075 627 speritatis
1094 598 1133 620 est
1157 594 1297 620 ridendum
1318 595 1351 620 30
1371 602 1398 620 v.
1418 594 1432 619 4
1451 609 1486 612 ——
1506 595 1586 619 Amor

944 639 1091 671 praesentis
1109 639 1290 670 prosperitatis
1309 639 1396 664 reddit
1410 639 1531 664 homines
1543 645 1586 663 no-

947 684 1027 708 lentes
1056 683 1151 708 imitari
1179 682 1310 708 Christum
1340 683 1391 708 584
1421 683 1436 708 5
1455 697 1490 700 —
1510 682 1587 708 Bonis

948 727 1105 759 imperfectis
1124 727 1284 759 prosperitas
1303 730 1342 752 est
1362 727 1448 752 utilior
1467 727 1501 752 70
1521 734 1548 759 q.

1000 772 1162 797 Pam-ennium
1182 785 1216 789 ——-
1235 774 1274 796 est
1292 778 1379 796 sermo
1394 771 1472 802 utilis,
1486 771 1585 805 aliquid

947 816 1062 842 utilitatis
1074 816 1207 841 continens
1221 815 1246 840 in
1261 819 1360 847 aperto.
1375 816 1518 847 plurimum
1532 821 1587 840 sen-

947 867 1010 885 sum
1026 860 1140 885 retinens
1159 859 1184 884 in
1204 860 1305 885 occulto
1334 859 1367 884 Vl
1387 859 1438 884 384
1460 860 1474 883 8
1494 872 1529 877 -
1549 862 1589 884 est

949 904 1054 929 moralis
1067 903 1194 934 eruditio,
1207 903 1358 928 emendatio
1372 902 1506 933 vitiorum,
1519 902 1588 927 vitae

948 947 1093 979 probabilis
1110 947 1212 977 regula,
1232 948 1363 971 humanos
1377 949 1450 971 actus
1468 946 1534 970 linea
1553 945 1589 970 di-

948 991 1036 1022 rigens
1055 990 1146 1015 alt10re
1164 989 1227 1015 ibid.
1240 1004 1274 1007 —
1288 992 1327 1015 est
1346 989 1441 1014 locutio
1461 989 1590 1020 generalis

948 1037 974 1060 et
992 1033 1095 1065 brevis,
1122 1033 1192 1058 aliud
1219 1033 1245 1057 in
1274 1033 1400 1058 sententia
1428 1036 1454 1058 et
1473 1032 1545 1057 aliud
1564 1032 1589 1056 in

948 1077 1090 1103 verborum
1110 1076 1250 1108 superficie
1268 1076 1403 1102 continens
1421 1075 1484 1102 ibid.
1496 1090 1531 1101 —.
1546 1076 1591 1101 ali-

948 1121 1056 1154 quando
1069 1121 1164 1146 dicitur
1179 1121 1257 1146 dictio
1271 1120 1434 1152 parabolica,
1449 1119 1590 1152 aliquando

948 1165 1061 1190 obscura
1081 1165 1207 1190 sententia
1228 1164 1279 1190 466
1300 1165 1333 1190 49

1001 1223 1036 1228 --
1054 1208 1131 1234 Liber
1149 1208 1353 1234 Proverbiorum
1382 1208 1496 1234 continet
1519 1215 1591 1240 para-

949 1253 1022 1279 bolas
1041 1253 1074 1278 ad
1094 1253 1227 1279 sciendam
1256 1254 1410 1285 sapientiam
1436 1256 1461 1278 et
1479 1252 1591 1284 discipli-

948 1305 1008 1323 nam
1029 1298 1061 1323 Vl
1081 1298 1115 1322 98
1135 1305 1161 1322 v.
1181 1298 1214 1322 10
1234 1311 1268 1317 ——
1289 1299 1316 1323 ln
1345 1297 1412 1323 libro
1439 1296 1591 1330 Proverbio7

948 1349 1006 1368 rum
1027 1342 1200 1368 introducitur
1220 1342 1275 1374 ipse
1295 1343 1417 1368 Salomon
1432 1342 1542 1375 loquens
1562 1344 1590 1367 111

947 1387 1051 1418 sapiens
1070 1387 1103 1413 ad
1130 1386 1288 1419 discipulum
1314 1388 1329 1412 9
1350 1394 1375 1419 (1.
1396 1388 1406 1411 1
1431 1401 1466 1405 -
1486 1387 1512 1412 111
1533 1386 1590 1418 ipso

948 1432 1070 1457 Salomon
1090 1431 1206 1464 loquitur
1224 1432 1343 1463 parvulis
1370 1434 1396 1456 et
1415 1431 1526 1457 indoctis
1557 1431 1590 1456 10

946 1483 972 1508 q.
994 1477 1008 1501 2
1028 1489 1063 1495 -
1083 1476 1203 1501 Salomon
1218 1476 1243 1501 in
1258 1475 1407 1501 Proverbiis
1420 1475 1497 1501 docet
1509 1475 1590 1501 fllium

948 1520 1079 1552 sapienter
1098 1520 1124 1545 in
1153 1521 1203 1545 hoc
1227 1521 1331 1546 saeculo
1350 1520 1501 1545 conversari
1520 1519 1536 1544 5
1558 1520 1589 1545 13

946 1579 981 1583 »-
1002 1565 1125 1590 Salomon
1144 1564 1170 1589 in
1198 1563 1346 1590 Proverbiis
1374 1564 1473 1590 inducit
1493 1564 1525 1589 ad
1546 1570 1591 1589 co-

947 1609 1089 1640 gnitionem
1114 1609 1278 1640 agendorum
1306 1609 1338 1634 10
1358 1616 1384 1641 q.
1415 1608 1429 1633 4
1457 1623 1492 1626 —
1520 1608 1590 1633 Finis

949 1652 1154 1678 Proverbiorum
1175 1655 1214 1678 est
1232 1653 1358 1684 sapientia
1378 1651 1410 1678 ib.
1431 1660 1457 1685 q.
1478 1652 1493 1677 5

1000 1697 1168 1722 Pnovmerrrm
1189 1711 1223 1714 —
1243 1696 1350 1728 respicit
1369 1697 1486 1721 futurum
1506 1696 1539 1721 Vl
1553 1696 1582 1721 44

948 1748 974 1766 v.
996 1741 1027 1765 13
1047 1755 1081 1759 -
1100 1743 1139 1765 est
1159 1747 1210 1765 una
1232 1747 1292 1772 pars
1311 1740 1467 1772 prudentiae
1486 1739 1548 1766 ibid.

1000 1799 1033 1803 —
1054 1786 1093 1809 est
1112 1791 1173 1809 cura
1196 1784 1240 1809 Dei
1259 1785 1291 1809 ad
1312 1791 1355 1810 res
1375 1784 1405 1809 Vl
1423 1784 1472 1809 196
1486 1791 1511 1809 v.
1526 1785 1540 1809 3
1555 1798 1590 1802 -

948 1828 1142 1854 Providentiam
1164 1828 1209 1853 Dei
1237 1828 1345 1861 quidam
1366 1831 1465 1859 negant
1484 1827 1534 1853 249
1558 1829 1589 1854 13

948 1887 983 1891 -
1002 1872 1084 1904 Magis
1103 1876 1193 1904 peccat
1220 1873 1265 1905 qui
1295 1872 1489 1905 providentiam
1519 1873 1591 1905 ponit

949 1920 974 1941 et
993 1917 1075 1942 Deum
1096 1920 1216 1947 accusat,
1235 1924 1316 1949 quam
1336 1917 1381 1950 qui
1396 1916 1590 1949 providentiam

947 1961 1098 1992 simpliciter
1116 1964 1194 1992 negat
1213 1960 1246 1986 45
1265 1968 1291 1994 q.
1313 1961 1328 1986 4
1346 1975 1383 1980 —
1401 1964 1527 1993 negatur,
1547 1964 1591 1986 aut

947 2005 1080 2030 credendo
1099 2005 1182 2030 Deum
1202 2005 1379 2037 ignorantem,
1391 2008 1436 2031 aut
1448 2005 1590 2037 credendo,

947 2049 1034 2081 ipsum
1045 2056 1096 2074 non
1107 2056 1200 2075 curare
1210 2049 1243 2075 de
1254 2049 1326 2075 factis
1334 2049 1483 2075 mortalium
1493 2049 1525 2075 46
1537 2057 1563 2082 q.
1575 2049 1589 2075 4

1001 2107 1037 2111 —
1061 2094 1161 2119 Revera
1190 2094 1275 2119 existit
1302 2094 1467 2126 providentia
1496 2094 1530 2119 Vl
1556 2094 1589 2120 45

947 2145 974 2170 q.
994 2137 1009 2163 4
1028 2152 1063 2156 -
1082 2138 1127 2163 dat
1154 2137 1272 2164 debitum
1301 2138 1422 2164 ordinem
1447 2137 1527 2164 rebus
1555 2138 1590 2165 ib.

948 2189 975 2214 q.
995 2183 1010 2207 3
1029 2196 1065 2201 —
1084 2182 1196 2208 Mundus
1222 2183 1418 2208 administratur
1447 2183 1588 2215 providen-

949 2226 982 2251 tia
1003 2226 1054 2251 196
1073 2233 1098 2251 v.
1119 2227 1134 2251 3
1154 2240 1189 2245 —
1207 2227 1278 2253 Deus
1305 2227 1393 2252 omnia
1423 2227 1589 2259 providentia

949 2269 1079 2302 gubernat
1107 2270 1140 2295 45
1168 2278 1194 2303 q.
1224 2270 1249 2296 4.
1279 2271 1330 2296 196
1349 2278 1377 2297 v.
1397 2271 1412 2297 3
1432 2285 1467 2289 --
1485 2271 1590 2297 Bonitas

949 2314 1037 2339 divina
1057 2315 1180 2341 omnibus
1207 2316 1330 2347 providet
1356 2316 1397 2341 Vll
1423 2316 1474 2340 396
1496 2316 1529 2340 35
1554 2329 1590 2334 —

949 2358 1036 2384 divina
1057 2366 1147 2384 curam
1167 2359 1200 2385 de
1219 2359 1343 2385 omnibus
1362 2360 1415 2391 agit
1429 2359 1480 2385 529
1500 2360 1534 2384 26
1554 2374 1588 2377 -

949 2402 1053 2434 divina,
1072 2410 1123 2428 non
1144 2404 1272 2435 humana,
1292 2403 1359 2435 regit
1374 2403 1484 2429 minima
1504 2403 1529 2428 in
1548 2410 1590 2428 na-

950 2450 1006 2472 tura
1026 2447 1078 2472 320
1098 2447 1130 2472 37

1002 2504 1037 2509 -
1064 2491 1256 2517 Providentiam
1287 2492 1331 2518 Dei
1363 2499 1441 2518 nemo
1473 2492 1590 2523 effugere

949 2537 1035 2565 potest
1054 2534 1086 2559 Vl
1106 2535 1157 2560 218
1177 2542 1203 2560 ν.
1224 2537 1239 2561 2
1253 2549 1288 2555 -—
1301 2536 1375 2562 Circa
1394 2536 1514 2568 regimen
1529 2543 1590 2567 pro-

948 2578 1079 2603 videntiae
1098 2578 1203 2604 divinae
1222 2584 1379 2612 apparenter
1405 2583 1444 2606 est
1472 2580 1589 2605 defectus

948 2621 981 2646 76
1002 2629 1029 2647 v.
1052 2622 1079 2646 44
1103 2636 1137 2640 —
1158 2623 1191 2648 Ex
1205 2623 1260 2648 visa
1275 2624 1412 2649 hominum
1427 2624 1523 2650 malitia
1537 2631 1588 2649 non

948 2668 987 2691 est
1015 2665 1190 2698 credendum,
1219 2667 1312 2692 deesse
1338 2667 1532 2699 providentiam
1553 2666 1585 2692 44

948 2716 975 2735 ν.
992 2709 1009 2734 7

1000 2768 1035 2771 -—
1054 2753 1095 2778 1113
1116 2759 1184 2786 quae
1203 2754 1343 2779 commissa
1364 2758 1424 2780 suut
1449 2754 1588 2786 providen-

948 2797 997 2822 tiae
1017 2804 1161 2828 supernae,
1187 2804 1237 2822 non
1262 2801 1365 2828 oportet
1390 2799 1523 2824 hominem
1547 2805 1588 2824 re-

948 2848 1010 2873 gere
1029 2844 1054 2866 ct
1074 2848 1165 2866 curare
1185 2841 1227 2866 Vll
1248 2841 1299 2865 320
1319 2842 1352 2866 38
1366 2856 1401 2860 —
1414 2843 1434 2867 A
1449 2842 1588 2874 providen-

948 2885 980 2910 tia
1000 2885 1088 2910 divina
1109 2884 1256 2910 vestiuntur
1276 2885 1366 2916 pulcro
1394 2890 1487 2911 ornatu
1511 2887 1588 2912 110105

947 2930 1013 2961 agri,
1033 2929 1114 2954 multo
1135 2928 1219 2960 magis
1233 2929 1352 2954 11011ιί1105
1366 2930 1411 2954 321
1438 2929 1470 2955 40
1490 2944 1523 2948 —
1538 2931 1587 2955 Μο-

947 2974 1033 2999 dicam
1053 2973 1133 2999 fldem
1153 2972 1231 2998 habet
1258 2973 1291 2997 de
1316 2973 1445 3004 regimine
1464 2977 1588 3005 paternae

947 3017 1127 3049 providentiae
1146 3017 1193 3050 qui
1212 3016 1285 3042 1111101
1303 3017 1420 3049 quotidie
1433 3018 1499 3043 mori
1520 3019 1588 3044 fame

947 3060 1009 3087 ibid.
1028 3075 1064 3080 —
1082 3061 1210 3087 maiorem
1238 3067 1329 3086 curam
1356 3061 1422 3092 gerit
1441 3061 1475 3086 de
1494 3062 1587 3093 pretio-

947 3105 1075 3137 sioribus,
1094 3104 1263 3137 dignioribus
1275 3107 1300 3130 et
1319 3104 1532 3135 durabilioribus,
1553 3106 1586 3131 de

947 3149 1118 3175 rationalibus
1131 3156 1212 3182 quam
1226 3149 1259 3174 dc
1272 3148 1464 3174 irrationalibus
1477 3148 1539 3174 ibid.
1552 3163 1587 3169 —

947 3196 1032 3224 potest
1051 3196 1076 3218 et
1095 3194 1151 3218 vult
1164 3193 1306 3225 providere
1319 3193 1408 3218 omnia
1422 3193 1526 3224 corpori
1546 3200 1586 3218 ne-

947 3236 1057 3262 cessaria
1079 3237 1130 3262 322
1151 3236 1183 3262 42
1202 3250 1237 3255 -
1266 3243 1356 3268 servo,
1376 3236 1462 3261 amico
1484 3240 1510 3262 et
1533 3237 1585 3262 11110

947 3280 1070 3312 providet
1089 3288 1157 3313 quae
1176 3283 1237 3306 sunt
1255 3280 1401 3306 necessaria
1421 3279 1455 3305 ib.
1476 3280 1507 3305 43

999 3337 1034 3343 —
1053 3323 1108 3349 Sub
1127 3325 1256 3356 regimine
1274 3324 1380 3350 divinae
1404 3324 1586 3355 providentiae

946 3367 1059 3408 subsunt
1077 3375 1146 3400 quae
1170 3371 1284 3399 aguntur
1312 3368 1458 3394 secundum
1478 3375 1585 3394 cursum

1916 286 1977 311 PUB

1624 332 1744 361 naturae,
1774 330 1901 361 impetum
1926 330 2019 361 eulpae
2037 333 2063 355 et
2082 331 2203 356 meritum
2223 331 2264 356 iu-

1624 373 1708 399 stitiae
1733 373 1776 398 Vll
1805 373 1855 399 430
1882 374 1915 398 45
1943 388 1978 391 —
2006 374 2133 400 Iudicium
2160 375 2264 400 divinae

1625 417 1806 449 providentiae
1834 417 1971 443 abscondit
2002 418 2124 449 mysteria
2156 421 2262 444 nostrae

1624 461 1812 493 redemptionis
1831 469 1845 486 a
1864 461 2028 493 sapientibus
2048 462 2138 487 mundi
2158 462 2210 487 264
2231 462 2264 487 37

1624 519 1659 524 -
1677 505 1858 531 Providentiae
1878 506 2005 531 iudicium
2024 509 2063 531 est
2082 506 2265 537 irreprehensi-

1624 549 1675 575 bile
1688 549 1722 575 ib.
1733 550 1766 575 38
1777 564 1812 569 -
1822 553 1861 575 051
1871 550 2000 575 laudanda
2015 550 2039 575 in
2055 549 2179 576 omnibus
2192 550 2264 575 factis

1624 594 1678 619 suis
1687 592 1789 619 ibid—
1799 594 1833 618 De
1844 594 2008 625 providentia
2023 594 2068 619 Dei
2082 601 2133 620 11011
2144 597 2183 620 051
2193 600 2267 626 prae-

1624 638 1767 663 sumtuosis
1786 637 1937 663 ratiunculis
1956 638 2157 670 disceptandum
2177 637 2238 663 ibid.

1677 695 1712 700 —
1731 689 1816 714 usque
1840 682 1874 707 ad
1899 682 2007 707 minima
2033 689 2062 708 se
2090 682 2204 708 extendit
2224 682 2266 707 Vll

1625 726 1675 751 312
1698 726 1729 751 10
1749 740 1783 744 —
1802 726 1923 757 specialis
1949 726 2102 752 manuducit
2128 733 2175 758 per
2194 726 2265 751 viam

1624 772 1746 795 aeternae
1765 770 1855 795 salutis
1873 768 1935 795 ibid.
1956 783 1989 788 -
2009 770 2138 801 generalis
2157 769 2269 795 admini-

1626 816 1688 839 strat
1707 816 1733 839 et
1751 817 1891 839 conservat
1909 813 1997 839 omnia
2016 812 2078 839 ibid.
2097 828 2132 833 —
2152 814 2265 839 maxime

1626 857 1694 882 circa
1714 857 1834 888 regimen
1853 860 1879 883 et
1907 857 2134 883 conservationem
2154 857 2268 883 hominis

1626 903 1665 926 est
1684 901 1782 926 intenta
1802 901 1853 925 313
1877 901 1916 931 10,
1938 901 1965 925 11

1680 958 1715 962 -
1734 945 1818 969 Homo
1831 951 1938 969 necesse
1951 943 2030 969 habet
2047 944 2098 969 sibi
2111 945 2267 976 providere,

1627 995 1661 1013 ne
1679 987 1776 1013 incidat
1794 988 1821 1012 in
1849 987 1995 1019 perieulum
2024 988 2068 1013 Vll
2089 988 2121 1012 88
2151 995 2177 1013 v.
2198 989 2213 1013 2
2233 1001 2268 1007 -

1628 1031 1738 1062 Sapiens
1756 1038 1833 1056 omne
1854 1038 1901 1062 per
1926 1031 2119 1062 providentiam
2139 1031 2270 1063 gubernat

1630 1075 1662 1100 45
1675 1082 1701 1107 q.
1716 1075 1730 1100 3
1751 1088 1786 1093 —
1805 1075 1947 1100 Providere
1965 1075 2108 1101 novissima
2127 1075 2269 1107 sapientiae

1628 1121 1667 1144 est
1687 1119 1714 1144 4l
1739 1126 1766 1144 v.
1780 1118 1812 1144 14
1826 1133 1861 1138 -
1875 1119 2003 1151 Sapientis
2017 1122 2054 1145 est
2068 1120 2208 1151 providere
2221 1120 2269 1146 do-

1629 1163 1683 1189 mui
1698 1162 1731 1188 45
1745 1170 1771 1196 q.
1791 1163 1806 1188 3
1826 1177 1862 1182 —-
1882 1164 1908 1188 ln
1927 1164 2004 1189 stulto
2017 1166 2056 1189 est
2074 1163 2190 1190 defectus
2209 1171 2268 1190 con-

1628 1207 1791 1234 siderationis
1810 1208 1939 1240 providae
1958 1209 1991 1234 85
2011 1216 2038 1234 v.
2059 1208 2090 1234 14

1683 1267 1716 1270 -
1737 1252 1796 1277 facit
1809 1259 1904 1278 cavere
1918 1253 2034 1284 pericula
2054 1253 2096 1278 Vll
2110 1253 2162 1278 317
2181 1253 2215 1279 24
2234 1267 2269 1272 —

1629 1297 1701 1329 Quae
1726 1299 1787 1322 sunt
1814 1297 1953 1323 commissa
1984 1297 2167 1329 providentiae
2194 1300 2269 1324 natu-

1628 1348 1687 1372 rae,
1706 1341 1840 1367 hominem
1865 1349 1918 1367 non
1940 1344 2044 1373 oportet
2062 1348 2154 1374 regere
2179 1344 2204 1367 et
2223 1349 2270 1368 cu-

1629 1393 1687 1411 rare
1711 1386 1762 1411 320
1783 1386 1815 1411 38

1681 1430 1811 1455 Pfloxmus
1828 1443 1865 1449 -·
1883 1430 1951 1462 Erga
1980 1429 2114 1462 proximos
2141 1429 2271 1456 debemus

1628 1481 1687 1500 esse
1705 1473 1840 1506 benevoli,
1860 1474 1975 1506 pacifici,
1989 1473 2101 1499 benefici
2113 1474 2156 1500 Vll
2171 1474 2222 1499 158
2236 1474 2269 1499 86

1629 1532 1661 1536 -
1682 1518 1777 1544 dieitur
1800 1519 1967 1550 cognatione,
1987 1518 2125 1551 religione,
2152 1525 2270 1550 compas-

1628 1563 1701 1588 sione
1720 1566 1745 1588 et
1763 1563 1873 1588 naturali
1896 1563 2081 1588 assimilatione
2105 1563 2156 1588 268
2183 1563 2211 1588 51
2234 1577 2271 1581 -—-

1628 1607 1737 1632 Nomine
1762 1607 1876 1639 proximi
1904 1607 2057 1639 intelligitur
2085 1607 2170 1633 omnis
2189 1608 2270 1633 homo

1629 1651 1680 1677 247
1695 1651 1737 1677 96.
1753 1652 1804 1677 269
1818 1652 1848 1677 51
1868 1665 1902 1670 -
1920 1652 2020 1677 Nomen
2034 1651 2146 1683 proximi
2165 1658 2217 1677 non
2230 1658 2272 1677 so-

1628 1696 1681 1721 lum
1706 1696 1851 1721 extenditur
1876 1696 1911 1721 ad
1930 1696 2106 1728 propinquos,
2126 1695 2173 1721 sed
2191 1695 2270 1721 etiam

1628 1740 1662 1765 ad
1682 1743 1816 1765 extraneos
1835 1740 1887 1765 270
1907 1740 1941 1764 60
1960 1753 1995 1758 -
2013 1739 2167 1765 Proximitas
2186 1739 2272 1771 magis

1628 1784 1769 1809 attenditur
1788 1791 1869 1816 penes
1888 1784 2032 1809 naturalem
2053 1783 2217 1809 dilectionem
2243 1786 2269 1810 et

1628 1829 1840 1860 compassionem
1863 1835 1944 1861 quam
1973 1835 2055 1860 penes
2080 1828 2210 1853 carnalem
2230 1834 2272 1853 co-

1629 1873 1778 1904 gnationem
1798 1871 1861 1899 ibid.
1879 1886 1915 1891 —
1934 1872 2044 1898 Nomine
2063 1872 2175 1904 proximi
2198 1872 2271 1897 intel-

1628 1917 1716 1948 ligitur
1736 1917 1834 1948 omnis‚
1853 1916 1899 1949 qui
1914 1916 2091 1942 misericordia
2110 1916 2209 1948 indiget
2227 1916 2270 1941 vel

1629 1960 1674 1993 qui
1693 1961 1901 1986 misericordiam
1922 1960 2075 1993 impendere
2103 1963 2189 1992 potest
2208 1959 2270 1986 ibid.

1628 2018 1663 2023 —
1682 2005 1771 2030 Unitas
1790 2012 1850 2030 cum
1871 2005 1991 2037 proximo
2010 2004 2089 2031 debet
2102 2011 2159 2031 esse
2180 2005 2271 2036 triplex

1629 2049 1662 2074 Vl
1681 2049 1732 2074 609
1756 2049 1771 2074 4

1681 2093 1826 2119 Pnuonmn
1839 2107 1875 2112 —
1887 2094 1935 2119 Per
1954 2093 2121 2125 prudentiam
2141 2095 2180 2118 est
2193 2099 2270 2125 agen-

1629 2137 1723 2162 dorum
1743 2140 1813 2163 recta
1833 2137 1924 2163 electio
1944 2138 1976 2163 Vl
1998 2138 2049 2162 162
2068 2145 2094 2162 v.
2113 2137 2130 2163 7
2143 2151 2178 2156 —
2191 2136 2270 2168 respi-

1628 2181 1662 2206 cit
1681 2181 1799 2207 facienda
1821 2182 1852 2206 49
1872 2189 1897 2206 v.
1920 2181 1951 2206 47
1966 2195 2001 2201 —-
2014 2181 2130 2213 disponit
2142 2182 2176 2207 ad
2189 2181 2270 2207 scien-

1628 2226 1690 2251 tiam
1711 2226 1753 2251 Vll
1775 2225 1825 2251 474
1845 2226 1861 2250 7
1875 2239 1910 2244 —
1924 2226 2039 2251 consistit
2058 2226 2083 2251 in
2102 2226 2201 2252 cautela
2215 2232 2271 2250 ma-

1628 2270 1657 2300 li,
1677 2270 1797 2302 eligentia
1817 2269 1878 2294 boni
1897 2272 1922 2295 et
1942 2269 2105 2300 providentia
2119 2270 2198 2295 futuri
2217 2269 2268 2294 548

1629 2314 1662 2339 52
1681 2329 1716 2332 -
1731 2313 1894 2339 Providentia
1914 2316 1953 2338 cst
1972 2320 2022 2338 una
2037 2320 2099 2344 pars
2112 2313 2269 2345 prudentiae

1628 2358 1661 2383 Vl
1682 2357 1710 2383 41
1735 2365 1762 2383 ν.
1783 2357 1814 2382 13

1681 2415 1716 2421 -
1735 2401 1880 2427 necessaria
1909 2404 1948 2426 est
1976 2400 2001 2425 in
2025 2400 2199 2426 discernendo
2225 2401 2268 2426 Vll

1630 2446 1679 2471 162
1700 2446 1742 2476 99,
1764 2446 1815 2470 100
1829 2459 1862 2463 —-
1876 2444 2060 2470 Prudentiores
2078 2448 2139 2470 sunt
2158 2444 2269 2470 liliisne-

1628 2491 1678 2516 culi
1695 2490 1724 2515 in
1743 2490 1783 2515 his
1801 2497 1870 2522 quae
1889 2489 1923 2515 ad
1939 2489 2068 2515 carnalem
2089 2491 2207 2520 spectant
2227 2495 2268 2520 ge-

1627 2534 1808 2566 nerationem,
1833 2540 1914 2567 quam
1942 2534 1987 2559 11111
2015 2533 2079 2558 111015
2100 2533 2132 2558 Vl
2154 2533 2205 2558 377
2226 2533 2268 2558 25,

1627 2579 1670 2605 Vll
1685 2578 1736 2604 407
1752 2578 1779 2603 44
1803 2592 1838 2597 —
1858 2578 1996 2604 Prudentia
2015 2577 2134 2609 5111111115,
2147 2584 2217 2610 quae
2230 2579 2269 2602 est

1626 2623 1652 2648 in
1677 2623 1735 2648 111115
1759 2622 1837 2655 111015,
1857 2625 1896 2648 est
1913 2621 2074 2648 excellentior
2102 2628 2182 2654 quam
2208 2628 2268 2653 pru-

1626 2667 1715 2692 dentia
1728 2667 1828 2699 carnis,
1848 2674 1916 2699 quae
1936 2669 1974 2692 est
1993 2667 2018 2691 iu
2037 2666 2100 2691 viris
2119 2664 2269 2691 carnalibus

1626 2711 1669 2736 Vll
1690 2710 1740 2736 407
1762 2711 1795 2736 12
1810 2725 1843 2729 -
1863 2711 1995 2736 mundana
2015 2710 2109 2735 excitat
2128 2712 2154 2735 et
2166 2708 2268 2734 instruit

1625 2755 1660 2780 ad
1679 2754 1845 2786 prodendam
1866 2754 1983 2780 divinam
2004 2753 2064 2780 ibid.

1678 2813 1714 2817 ——
1734 2798 1869 2824 Prudentis
1888 2802 1927 2823 est
1948 2798 2110 2829 discerncre,
2136 2797 2183 2823 ubi
2208 2804 2267 2823 con-

1626 2843 1701 2875 tingit
1720 2849 1807 2868 errare
1827 2842 1859 2867 Vl
1880 2841 1913 2867 57
1933 2849 1959 2867 v.
1980 2842 2008 2867 11
2033 2856 2068 2861 -
2087 2843 2160 2874 viget
2184 2842 2210 2867 in
2231 2841 2267 2866 vi-

1626 2887 1665 2912 rili
1683 2890 1767 2912 aetate
1787 2887 1827 2912 Vll
1849 2886 1882 2911 55
1903 2885 1935 2911 49

1680 2932 1826 2957 11511111-
1853 2933 1961 2961 propter
1989 2930 2145 2955 suavitatem
2174 2928 2266 2955 orandi

1625 2975 1828 3007 appropriantur
1848 2973 1956 3005 Spiritui
1975 2977 2064 2999 sancto
2084 2974 2125 2999 Vll
2143 2973 2189 2998 601
2215 2972 2248 2997 57

1680 3019 1874 3044 Pseunocuutsri
1886 3032 1921 3037 —
1934 3021 1959 3043 et
1979 3018 2227 3050 pseudoprophetae
2241 3019 2267 3041 et

1625 3062 1838 3094 pseudoapostoli
1858 3065 1918 3087 sunt
1936 3062 2010 3087 alieni
2030 3062 2127 3087 01111311
2147 3064 2265 3093 pastores

1625 3107 1658 3132 vt
1679 3106 1730 3132 384
1750 3107 1766 3131 6

1678 3151 1921 3176 Pssunornorueuiz
1945 3163 1980 3168 —
2003 3152 2132 3174 venerunt
2159 3148 2265 3180 propria

1624 3195 1785 3226 auctoritate,
1804 3201 1857 3219 non
1875 3193 1965 3218 divina
1986 3193 2018 3218 Vl
2032 3193 2083 3218 250
2099 3193 2140 3218 18.
2160 3192 2211 3217 386
2233 3190 2265 3216 14

1624 3253 1658 3257 -
1679 3238 1786 3264 Difficile
1813 3240 1853 3263 est
1876 3237 1959 3262 vitare
1983 3243 2074 3262 eorum
2100 3235 2265 3262 seductiones

1626 3283 1666 3308 Vll
1689 3281 1739 3308 439
1761 3281 1794 3307 40

1678 3327 1809 3351 Ponticam
1821 3338 1857 3344 —
1870 3328 1964 3356 gerunt
1977 3331 2116 3356 personam
2137 3323 2265 3349 ministro-

1624 3376 1682 3395 rum
1704 3369 1746 3395 Vll
1765 3369 1800 3394 75
1820 3369 1853 3394 22
1866 3383 1901 3386 —
1917 3367 2071 3394 dicebantur
2090 3367 2265 3393 conductores
