2427 3872
309 258 370 290 680

588 296 651 322 Bou

307 360 341 365 —
362 343 478 377 Epicurei
496 350 547 368 non
562 339 746 373 exspectabant
759 338 829 364 aliud
844 337 943 362 bonum

308 396 387 423 quam
408 394 531 420 praesens
551 387 583 411 Vl
604 386 636 410 23
656 392 682 409 v.
704 384 736 408 10
749 397 783 401 —
797 381 942 407 Praesentia

309 435 437 459 attrahunt
457 431 506 457 sub
520 429 606 462 specie
626 428 702 459 boni,
716 427 763 452 sed
776 428 945 451 contemnun-

309 483 349 503 tur
369 476 417 502 sub
437 476 523 507 specie
537 474 597 499 vani
617 473 632 497 6
653 479 666 497 a
686 485 721 490 —-
737 470 864 502 {nsipiens
877 468 943 494 bona

309 526 410 547 aeterna
426 519 567 545 contemnit
585 520 610 542 et
623 515 775 547 temporalia
793 514 898 539 adamat
912 514 944 538 23

309 574 334 599 q.
354 567 369 591 2
389 580 422 583 —
442 563 490 596 Qui
516 562 583 587 bona
608 559 760 591 temporalia
786 558 947 590 amplectun-

309 615 349 635 tur
375 613 497 641 tanquam
525 612 619 637 magna
648 605 817 629 contemnunt
840 604 945 627 aeterna

310 656 350 680 Vll
373 653 421 678 464
444 653 474 678 43
495 666 528 669 —
548 650 597 682 Qui
623 650 686 673 haec
712 647 864 679 temporalia
893 646 946 671 dili-

309 702 372 728 eunt
400 697 486 722 multis
515 694 683 720 tentationum
704 691 792 717 iaculis
816 697 947 722 exponun-

308 728 349 768 t-ur
369 741 429 767 ibid.
448 754 482 759 —-
502 739 550 771 Qui
571 736 760 769 temporalibus
777 736 869 761 affectu
891 736 945 760 iun-

309 790 406 819 guntur
435 784 503 810 baud
534 783 607 808 facile
635 783 790 813 separantur
822 778 883 805 ibid.
911 793 947 798 —

309 831 389 862 Magis
409 829 543 860 diligentes
566 825 717 857 temporalia
743 831 821 857 quam
842 827 945 849 aeterna

308 879 419 907 utraque
438 873 557 898 amittunt
570 871 601 895 Vl
620 870 669 895 407
690 870 723 894 66
736 883 771 888 --
785 868 947 900 impossibile

309 923 347 945 est
367 922 394 943 ut
413 915 593 949 praesentibus
612 918 637 940 et
656 914 749 939 futuris
774 913 833 946 quis
847 914 947 938 fruatur

310 963 386 989 bonis
406 962 446 987 Vll
469 961 513 986 411
539 960 572 985 24

363 1021 397 1025 -
411 1004 556 1038 praesentia
570 1003 686 1029 celeriter
700 1004 836 1028 transeunt
850 1002 881 1027 Vl
898 1002 941 1027 121

310 1060 334 1077 v.
356 1052 371 1076 6
390 1064 425 1069 —
444 1049 608 1081 Temporalia
624 1046 770 1073 transibunt
786 1047 827 1071 Vll
848 1046 899 1072 537
913 1046 946 1071 53

308 1109 343 1124 —r
363 1094 527 1126 Temporalia
547 1092 649 1124 omnia,
668 1091 730 1124 quia
744 1094 891 1121 transeunt,
904 1097 947 1115 va-

309 1147 341 1165 na
362 1142 421 1165 sunt
435 1138 485 1163 402
500 1138 533 1162 19
546 1150 581 1155 -
595 1136 740 1168 praesentia
753 1138 813 1161 sunt
826 1135 948 1161 afflictiva

310 1191 340 1210 eo
359 1183 430 1216 quod
451 1182 604 1207 amittuntur
622 1181 655 1206 Vl
676 1180 709 1206 24
730 1179 747 1205 1)
761 1180 948 1211 —Tempora-

309 1228 340 1254 lia
354 1227 500 1259 perduntur
513 1232 573 1251 cum
588 1225 641 1250 vita
655 1225 697 1250 Vll
712 1225 763 1249 318
778 1224 811 1249 30
824 1238 860 1243 -
874 1224 949 1249 Tem-

309 1272 437 1305 poralium
452 1270 583 1302 possessio
602 1269 690 1295 multis
704 1269 790 1294 modis
808 1271 894 1300 potest
907 1275 950 1300 pe-

309 1316 412 1342 riclitari
432 1318 454 1340 et
473 1313 554 1339 amitti
575 1314 625 1344 360
646 1313 661 1338 8
680 1328 715 1331 —-
735 1313 827 1338 mundi
847 1312 950 1344 triplici-

311 1364 348 1386 tcr
368 1359 492 1385 deficiunt
517 1358 568 1383 323
596 1357 628 1383 46
651 1371 688 1376 -
712 1357 865 1389 temporalia
890 1360 951 1382 sunt

311 1404 429 1432 modicae
454 1402 634 1433 iucunditatis,
654 1402 715 1434 quia
739 1408 793 1426 non
811 1403 872 1426 sunt
896 1401 951 1426 sine

312 1449 421 1474 alicuius
446 1447 578 1472 molestiae
604 1446 762 1471 admixtione
788 1445 837 1470 409
862 1446 891 1470 18
916 1458 952 1464 —-

313 1492 389 1526 Quod
408 1491 585 1524 temporaliter
598 1490 747 1522 possidetur
763 1490 858 1515 dicitur
871 1489 952 1515 modi-

312 1544 372 1563 cum
392 1536 491 1562 ratione
515 1535 680 1568 quantitatis,
703 1534 848 1560 durationis
870 1538 895 1559 et
917 1534 953 1560 iu-

313 1581 452 1607 cunditatis
465 1579 526 1606 ibid.
538 1594 570 1597 ——
580 1580 665 1605 Pauca
675 1582 737 1604 sunt
753 1578 821 1604 bona
832 1585 953 1611 praesen-

313 1626 344 1651 tis
370 1626 451 1657 vitae,
470 1625 528 1650 iicet
556 1624 636 1652 multa
664 1623 803 1649 videantur
832 1622 894 1649 ibid.
919 1637 952 1641 —

316 1669 481 1702 Temporalia
502 1669 581 1694 multa
595 1671 656 1694 sunt
678 1668 710 1693 Vl
732 1668 782 1693 170
802 1675 828 1693 ν.
849 1667 882 1693 15

367 1728 399 1731 -
419 1713 517 1739 Omnes
536 1712 633 1738 debent
651 1715 754 1738 terrena
779 1711 847 1738 bona
867 1712 952 1744 despi-

313 1765 372 1784 cere
392 1758 424 1783 Vl
443 1758 477 1783 97
497 1765 523 1782 v.
543 1758 558 1782 8
577 1772 612 1775 -
631 1756 803 1789 Contemptus
822 1756 952 1783 bonorum

312 1806 475 1828 terrenorum
489 1805 528 1827 est
546 1802 693 1827 remedium
706 1804 794 1827 contra
815 1801 952 1827 avaritiam

315 1847 346 1872 46
367 1854 381 1872 a
402 1861 435 1864 —
455 1847 492 1872 De
510 1846 710 1872 contemnendis
728 1845 806 1872 honis
825 1849 953 1878 tempora-

314 1892 381 1917 libus
400 1899 450 1916 non
467 1891 583 1917 creditur
595 1891 645 1916 nisi
664 1894 771 1923 experto
791 1891 806 1915 6
827 1897 840 1915 a
854 1904 890 1909 —
903 1890 953 1916 Vo-

314 1936 417 1961 luntatis
431 1937 561 1968 perfectae
574 1938 613 1961 est
625 1938 794 1961 contemnere
808 1934 876 1961 bona
891 1938 953 1961 tem-

314 1980 411 2013 poralia
431 1983 457 2006 et
475 1980 625 2006 desiderare
638 1980 780 2012 spiritualia
795 1980 836 2005 Vll
856 1979 905 2005 147
920 1979 951 2005 49

313 2039 348 2044 -
375 2025 542 2050 Proficientes
567 2027 712 2057 sequuntur
737 2025 875 2050 Dominum
906 2031 954 2056 per

313 2069 496 2101 temporalium
516 2069 695 2094 dimissionem
716 2072 805 2094 contra
829 2069 954 2101 concupi-

314 2111 439 2139 scentiam
459 2114 595 2139 oculorum
615 2113 648 2138 Vl
669 2113 721 2139 584
741 2114 756 2138 3
776 2127 811 2132 —
834 2112 953 2139 Christus

314 2157 381 2183 bona
402 2162 502 2183 terrena
517 2161 645 2183 monstrat
657 2157 861 2190 contemnenda,
880 2165 913 2183 ne
927 2158 952 2183 in

314 2203 350 2227 cis
370 2205 511 2235 quaeratur
531 2202 637 2227 felicitas
657 2202 708 2227 322
729 2201 762 2227 25
780 2217 815 2220 -
835 2202 884 2234 Qui
905 2205 953 2227 ter⁷

314 2253 375 2271 rena
396 2246 524 2272 dimiserit
543 2253 591 2278 pro
610 2246 720 2271 Domino
740 2246 892 2278 centuplum
912 2253 952 2271 ac-

314 2290 392 2322 cipiet
411 2290 453 2315 Vll
476 2290 525 2315 467
545 2291 578 2316 50

366 2349 400 2352 —
421 2335 586 2366 Temporalia
612 2334 793 2366 significantur
817 2342 864 2367 per
889 2338 953 2360 ster—

314 2385 373 2403 cora
394 2382 418 2403 et
437 2386 451 2403 a
472 2379 535 2403 viris
560 2379 655 2404 sanctis
675 2378 803 2404 habentur
828 2379 905 2404 etiam
925 2382 954 2405 ut

314 2425 427 2447 stercora
448 2423 480 2448 Vl
501 2423 552 2448 579
572 2423 587 2447 6
600 2437 636 2440 —
660 2423 826 2454 Temporalia
849 2426 954 2455 postpo-

314 2469 412 2492 nuntur
431 2473 445 2491 a
471 2467 605 2498 perfectis,
628 2467 673 2499 qui
698 2467 759 2492 solis
787 2468 898 2493 aeternis
920 2468 954 2493 in·

313 2510 388 2536 hiunt
408 2511 450 2535 Vll
471 2511 521 2538 380
541 2511 574 2536 66
594 2525 629 2528 ——
648 2511 808 2536 Renuntiare
827 2514 955 2543 tempora-

315 2554 384 2580 libus
403 2554 526 2580 convenit
539 2554 661 2580 omnibus
670 2574 676 2585 ,
689 2555 838 2587 relinquere
850 2558 889 2581 est
902 2558 954 2581 tan-

317 2599 456 2624 tummodo
479 2600 655 2630 perfectorum
673 2598 733 2624 ibid.
747 2613 782 2617 —
796 2599 955 2631 Temporali-

316 2643 367 2669 hus
386 2643 454 2668 licite
468 2646 576 2668 utuntur
592 2643 733 2674 mundani,
756 2643 776 2668 si
797 2647 884 2669 mente
904 2647 955 2669 ten-

317 2687 383 2713 dunt
401 2687 434 2712 ad
461 2691 565 2712 aeterna
589 2686 651 2713 ibid.
677 2702 711 2705 —
735 2687 849 2712 Terrena
875 2687 956 2719 depo-

318 2732 402 2757 nenda
422 2734 495 2764 sunt,
514 2732 670 2764 priusquam
690 2731 750 2763 quis
769 2731 885 2762 erigatur
903 2739 957 2757 sur-

317 2783 375 2801 sum
390 2776 436 2801 511
456 2777 489 2801 32
508 2790 543 2795 -
563 2776 610 2801 Der
625 2775 692 2801 bona
707 2775 859 2807 temporalia
879 2778 957 2801 trans-

319 2821 435 2846 eundum
455 2822 501 2846 201
528 2821 569 2846 43.
590 2820 641 2847 537
662 2821 695 2846 53

369 2879 405 2883 -
423 2866 588 2897 Temporalia
614 2868 675 2890 sunt
701 2866 725 2890 in
755 2872 834 2890 manu
860 2864 956 2891 diaboli

318 2909 351 2933 1Ἰ
375 2910 422 2934 125
443 2917 468 2934 v.
492 2910 499 2934 1
524 2924 558 2929 -
580 2910 693 2935 Terrena
714 2910 810 2935 collum
834 2910 914 2941 ligant
933 2912 958 2935 et

319 2953 448 2979 cervicem
473 2954 581 2979 domant
604 2957 629 2979 et
648 2957 730 2979 totum
755 2954 908 2986 deprimunt
933 2954 959 2979 in

319 3000 414 3022 terram
434 2998 476 3023 Vll
501 2998 551 3023 372
573 2998 605 3023 42
624 3013 659 3016 -
680 2998 789 3024 Ratione
813 2999 959 3025 dilectionis

320 3044 482 3066 terrenorum
498 3042 653 3068 incrassatur
666 3045 692 3068 et
704 3046 896 3075 praegravatur
909 3044 959 3075 spi-

320 3085 384 3110 ritus
395 3085 444 3110 416
456 3086 488 3111 36
502 3101 536 3104 ——
547 3087 580 3111 Ex
591 3093 681 3112 amore
693 3094 781 3112 rerum
796 3090 958 3113 terrenarum

320 3130 399 3154 homo
412 3133 563 3155 excaecatur
583 3133 608 3155 et
627 3132 720 3157 stultus
738 3132 848 3157 efficitur
862 3131 912 3157 470
926 3132 958 3157 58

373 3186 408 3191 —
427 3177 530 3199 aeterna
555 3175 715 3207 acquirenda
740 3179 801 3201 sunt
825 3182 873 3207 per
892 3176 959 3202 bona

322 3218 472 3248 temporalia
492 3217 667 3250 dispensanda
682 3219 723 3245 Vll
745 3219 795 3245 404
810 3221 824 3245 3
838 3235 873 3238 -
886 3221 961 3245 Tem-

322 3261 420 3291 poralia
442 3261 509 3287 bona
529 3265 603 3293 sunt,
624 3265 651 3288 ut
670 3270 718 3295 per
737 3265 802 3289 haec
827 3264 961 3297 acquiran-

322 3307 363 3329 tur
383 3304 449 3329 bona
469 3309 571 3333 aeterna
591 3306 651 3332 ibid.
665 3321 700 3326 —
713 3308 806 3333 Fidelis
825 3308 961 3340 dispensa—

324 3348 357 3372 tio
386 3350 569 3380 temporalium
598 3351 712 3383 disponit
731 3352 763 3377 ad
793 3352 895 3377 fidelem
922 3352 961 3377 di-

324 3393 515 3423 spensationem
535 3397 560 3419 et
578 3395 723 3421 custodiam
743 3396 916 3427 spiritualium
936 3400 962 3422 et

1172 245 1287 278 INDEX
1312 245 1438 277 RERUM

981 338 1148 361 aeternorum
1169 334 1220 359 409
1242 333 1273 358 t7
1293 347 1328 352 —
1352 332 1485 365 Dispersio
1505 334 1530 358 et
1555 338 1624 357 com-

982 378 1123 404 municatio
1143 377 1327 409 temporalium
1347 380 1386 402 est
1399 377 1440 402 via
1454 376 1488 402 ad
1501 376 1624 407 multipli-

980 419 1112 448 cationem
1131 421 1306 454 spiritualium
1331 420 1382 446 472
1403 421 1412 445 1
1437 417 1472 439 -’-
1491 419 1625 446 Debemus

983 467 1092 493 sideliter
1106 465 1263 492 distribuere
1286 465 1439 497 temporalia
1459 468 1488 490 ut
1508 464 1625 494 domini,

983 519 1034 537 non
1062 514 1090 537 ut
1111 511 1180 537 servi
1204 510 1254 536 410
1281 511 1309 535 21
1329 524 1362 528 —
1381 510 1406 535 ln
1431 509 1626 541 dispensatione

983 555 1167 587 temporalium
1188 555 1298 580 fidelitas
1316 557 1355 579 est
1373 554 1502 579 servanda
1521 553 1571 579 408
1591 553 1625 578 17

983 599 1195 631 -ΤεῐηροπεΙίθ
1215 598 1284 624 bene
1299 598 1499 630 dispensantur,
1519 597 1626 630 quando

985 644 1010 669 in
1023 650 1105 676 opera
1120 643 1317 669 misericordiae
1332 641 1526 668 distribuuntur
1540 641 1591 667 404
1610 642 1625 667 3

984 703 1018 706 —
1037 687 1144 713 Curiosa
1165 688 1297 719 diligentia
1317 690 1356 712 est
1380 686 1450 712 bona
1472 686 1625 718 temporalia

984 739 1082 764 augere
1103 732 1134 757 Vl
1155 732 1188 757 26
1208 739 1235 756 v.
1256 732 1288 757 18
1308 745 1344 750 —-
1363 732 1388 756 ln
1408 730 1485 756 bonis
1509 730 1627 756 transito-

984 777 1029 802 riis
1048 777 1134 809 potius
1153 776 1303 801 laetandum
1323 782 1403 809 quam
1421 775 1525 801 curiose
1544 775 1627 808 inqui-

983 821 1096 847 rendum
1117 821 1149 846 33
1169 828 1195 846 v.
1218 821 1251 846 12

1038 879 1071 884 —-
1091 865 1140 898 Qui
1160 865 1315 897 temporalia
1340 865 1387 890 ista
1406 865 1449 890 vel
1474 864 1541 889 male
1566 863 1627 889 reti-

984 913 1040 941 net,
1060 911 1101 935 vel
1122 910 1189 935 male
1202 910 1310 942 accipit,
1329 909 1371 934 vel
1389 909 1458 935 male
1477 909 1626 940 dispensat,

984 954 1053 980 bona
1074 954 1119 980 Dei
1138 954 1249 986 dissipat
1261 954 1303 980 Vll
1321 953 1372 979 403
1392 954 1407 978 3
1427 968 1462 972 —
1482 953 1628 985 Tempora-

984 999 1016 1024 lia
1030 999 1203 1031 dissipantur,
1216 999 1237 1024 si
1260 998 1297 1023 sic
1311 997 1455 1030 habentur,
1471 997 1544 1031 quod
1567 1003 1628 1029 pro-

984 1047 1043 1076 pter
1062 1044 1102 1068 illa
1121 1046 1225 1069 aeterna
1239 1043 1385 1075 perduntur
1406 1042 1457 1068 404
1477 1042 1538 1067 3—
1552 1042 1628 1067 Tem-

984 1088 1083 1121 poralia
1108 1088 1237 1120 dissipant
1254 1087 1289 1113 ad
1313 1087 1423 1113 modum
1449 1086 1492 1112 filii
1521 1086 1627 1118 prodigi

984 1133 1029 1166 qui
1049 1139 1102 1158 non
1121 1134 1252 1165 quaerunt
1271 1132 1296 1157 in
1316 1131 1354 1157 eis
1379 1131 1503 1156 meritum
1525 1130 1627 1161 salutis,

985 1177 1032 1203 sed
1051 1177 1170 1203 solatium
1196 1176 1282 1202 carnis
1308 1175 1371 1202 ibid.
1394 1189 1430 1195 —
1448 1174 1629 1206 Dissipationis

986 1222 1061 1254 origo
1080 1224 1106 1247 et
1118 1224 1201 1247 mater
1220 1223 1260 1246 est
1275 1219 1493 1246 immisericordia
1513 1218 1574 1245 ibid.
1593 1233 1628 1237 —

987 1267 1022 1292 Ex
1052 1265 1224 1297 dissipatione
1246 1264 1378 1290 bonorum
1403 1264 1570 1296 dispensator
1589 1269 1629 1288 ca-

987 1311 1025 1336 dit
1044 1311 1069 1335 in
1082 1309 1256 1342 opprobrium
1276 1312 1302 1335 et
1315 1309 1473 1334 derisionem
1494 1307 1627 1340 publicam

988 1354 1050 1381 ibid.
1063 1368 1098 1373 —
1111 1354 1285 1386 Dissipatores
1298 1353 1429 1379 bonorum
1443 1352 1627 1384 temporalium

989 1402 1049 1425 sunt
1068 1400 1157 1431 plures
1176 1402 1202 1424 et
1220 1398 1297 1430 pauci
1317 1398 1512 1429 dispensatores
1530 1395 1592 1422 ibid.

1042 1458 1077 1461 —
1097 1442 1147 1475 Qui
1167 1443 1233 1468 male
1251 1442 1386 1474 dispensat
1398 1441 1551 1473 temporalia
1572 1447 1630 1473 per-

990 1487 1028 1513 dit
1048 1487 1209 1518 felicitatem,
1232 1486 1366 1512 caritatem
1391 1489 1417 1511 et
1442 1485 1567 1511 iustitiam
1587 1485 1629 1510 Vll

992 1532 1042 1558 409
1062 1533 1095 1557 18
1109 1545 1144 1550 -
1158 1531 1208 1564 Qui
1222 1531 1327 1564 iniquus
1346 1533 1386 1556 est
1398 1530 1425 1555 in
1440 1529 1516 1555 bonis
1530 1532 1631 1561 tempo-

990 1575 1089 1602 ralibus
1109 1583 1159 1601 non
1179 1573 1375 1608 potestAhabere
1388 1575 1522 1600 caritatem
1537 1574 1581 1599 Dei
1597 1572 1631 1600 ib.

993 1622 1001 1646 1
1010 1621 1024 1645 8
1033 1634 1067 1638 -—
1075 1620 1180 1653 lniquus
1191 1620 1217 1645 in
1225 1619 1419 1652 dispensatione
1428 1618 1558 1644 bonorum
1570 1621 1631 1643 tem-

990 1665 1120 1697 poralium
1140 1664 1231 1690 vendit
1250 1664 1328 1690 tidem
1348 1667 1374 1689 et
1392 1663 1517 1689 iustitiam
1531 1670 1580 1695 pro
1600 1669 1631 1688 eo

990 1710 1063 1743 quod
1082 1710 1146 1735 nihil
1166 1709 1234 1735 valet
1252 1707 1313 1735 ibid.
1331 1722 1367 1727 —
1386 1711 1492 1734 aeterna
1517 1708 1632 1740 perdun-

991 1758 1032 1781 tur
1051 1754 1085 1780 ab
1105 1754 1135 1780 iis
1153 1754 1198 1787 qui
1218 1754 1286 1779 male
1304 1754 1457 1786 dispensant
1478 1753 1632 1785 temporalia

990 1799 1062 1831 ibid„
1075 1800 1108 1824 19
1116 1813 1151 1818 -
1158 1799 1222 1824 Male
1231 1799 1413 1831 dispensantes
1423 1797 1492 1824 bona
1503 1800 1632 1830 tempora-

990 1845 1022 1870 lia
1043 1851 1110 1870 vana
1130 1846 1155 1869 et
1173 1850 1256 1876 parva
1276 1843 1390 1876 perdunt
1405 1846 1510 1868 aeterna
1530 1849 1593 1868 vera
1607 1845 1645 1880 et„

991 1896 1087 1921 magna
1107 1887 1141 1915 ib.
1162 1888 1193 1914 19
1210 1902 1245 1907 -
1258 1888 1366 1920 Propter
1386 1887 1516 1913 infidelem
1529 1887 1632 1921 dispena

991 1934 1118 1959 sationem
1143 1933 1230 1965 perdit
1254 1933 1315 1966 quis
1339 1932 1445 1959 divitias
1468 1939 1546 1958 veras
1570 1931 1632 1958 ibid.

990 1992 1025 1998 —
1045 1977 1155 2004 lntldelis
1174 1977 1199 2003 in
1218 1977 1306 2003 debita
1326 1977 1389 2003 honi
1409 1977 1504 2003 terreni
1525 1976 1632 2009 dispen—

992 2023 1091 2048 satione
1110 2029 1159 2055 pro
1185 2022 1274 2048 alienis
1294 2022 1381 2054 perdit
1399 2021 1507 2053 propria
1527 2021 1578 2047 410
1598 2021 1631 2047 20

1040 2062 1079 2085 ’-
1098 2067 1183 2099 Opera
1204 2069 1292 2092 nostra
1305 2069 1414 2098 possunt
1433 2072 1491 2092 esse
1507 2065 1576 2092 bona
1589 2066 1631 2091 vel

991 2112 1059 2137 mala
1070 2112 1112 2150 'Vl
1132 2112 1165 2137 63
1185 2118 1211 2144 q.
1232 2111 1241 2136 1
1266 2125 1302 2130 -
1322 2111 1389 2136 Dum
1410 2113 1515 2143 tempus
1539 2109 1632 2141 habet,

991 2157 1071 2182 homo
1090 2155 1190 2181 bonurn
1216 2155 1293 2181 faciat
1317 2155 1351 2180 89
1369 2163 1397 2181 v.
1417 2154 1432 2180 4
1451 2168 1487 2174 —
1505 2155 1532 2180 ln
1558 2154 1630 2180 omni

991 2204 1110 2233 tempore
1138 2203 1164 2226 et
1188 2203 1271 2226 aetate
1299 2200 1355 2226 sine
1379 2199 1524 2225 cessatione
1551 2205 1632 2231 opera

991 2244 1060 2271 bona
1086 2248 1146 2271 sunt
1172 2245 1290 2270 facienda
1310 2244 1343 2270 ib.
1367 2252 1394 2270 v.
1414 2244 1429 2269 6
1453 2258 1488 2262 -
1511 2245 1572 2269 sunt
1600 2244 1633 2268 fa-

990 2289 1082 2315 cienda
1109 2289 1141 2315 33
1161 2297 1188 2315 v.
1214 2289 1246 2315 12
1264 2303 1301 2308 -
1318 2288 1385 2315 Cum
1410 2288 1508 2325 gaudio
1533 2287 1631 2313 bonum

990 2334 1156 2366 operandum
1175 2337 1215 2360 est
1227 2334 1260 2359 58
1274 2341 1300 2360 ν.
1315 2334 1348 2359 15
1362 2347 1398 2352 -
1410 2333 1557 2365 negligere,
1571 2338 1632 2357 cum

991 2381 1030 2404 est
1048 2379 1121 2405 loeus
1140 2382 1166 2404 et
1184 2378 1380 2410 opportunitas,
1400 2380 1439 2403 est
1462 2377 1530 2402 male
1549 2377 1633 2401 facere

991 2423 1034 2449 Vll
1055 2423 1105 2449 138
1127 2423 1160 2448 16
1180 2437 1212 2440 —
1234 2422 1366 2454 Sapientia
1387 2424 1426 2447 est
1444 2420 1514 2446 utilis
1526 2420 1560 2445 ad
1573 2426 1634 2451 ope-

991 2467 1119 2493 rationem
1139 2466 1201 2492 boni
1221 2467 1253 2492 Vl
1267 2467 1301 2492 26
1320 2473 1346 2499 q.
1367 2467 1382 2492 2
1401 2479 1437 2484 -
1453 2465 1493 2490 Ad
1506 2464 1634 2496 operatio-

991 2518 1051 2537 nem
1066 2510 1127 2537 boni
1141 2511 1277 2537 ordinatur
1290 2510 1378 2536 omnis
1388 2509 1506 2535 doctrina
1521 2509 1633 2541 Scriptu-

991 2562 1037 2581 rae
1055 2556 1089 2580 98
1114 2562 1140 2581 v.
1168 2555 1200 2580 13
1219 2555 1300 2580 —ln
1327 2554 1397 2580 bono
1423 2560 1529 2585 semper
1556 2553 1634 2585 pross-

992 2599 1115 2625 eiendum
1135 2603 1174 2625 est
1194 2600 1235 2625 Vll
1256 2599 1307 2625 356
1326 2598 1361 2624 72
1380 2612 1416 2617 -
1435 2597 1524 2623 Melius
1550 2601 1589 2623 est
1609 2598 1632 2624 in

993 2643 1062 2669 bono
1076 2650 1246 2675 perseverare
1259 2650 1340 2676 quam
1355 2645 1454 2668 tantum
1468 2642 1591 2668 inchoare
1601 2643 1633 2668 Vl

994 2687 1027 2712 57
1046 2694 1072 2712 v.
1093 2688 1117 2712 9.
1141 2686 1204 2713 Vide
1222 2694 1246 2713 v.
1267 2687 1439 2713 Permanere.

1046 2745 1082 2750 —
1101 2732 1164 2756 Boni
1184 2731 1302 2763 operatio
1321 2731 1483 2762 significatur
1506 2731 1530 2756 in
1551 2734 1633 2763 porta-

995 2775 1064 2800 tione
1077 2776 1242 2800 lucernarum
1263 2775 1372 2800 1111325
1392 2775 1425 2801 52
1446 2789 1479 2793 -
1498 2779 1537 2801 est
1551 2776 1635 2801 facere

995 2819 1121 2845 iudicium
1141 2823 1261 2851 respectu
1286 2819 1341 2850 sul,
1365 2819 1571 2845 misericordiam
1598 2827 1636 2845 re-

996 2867 1086 2895 spectu
1113 2864 1239 2895 proximi,
1265 2867 1290 2889 et
1317 2863 1453 2889 ambulare
1475 2871 1535 2890 cum
1565 2864 1634 2897 Deo,

996 2911 1116 2940 respectu
1138 2908 1183 2933 Dei
1203 2907 1264 2933 ibid.
1279 2922 1314 2926 -
1327 2908 1400 2940 Opus
1420 2907 1518 2934 bonum
1536 2908 1634 2935 bonum

996 2955 1111 2985 praestat
1123 2951 1273 2984 exemplum
1287 2955 1312 2978 et
1331 2952 1423 2978 excitat
1435 2953 1469 2979 ad
1488 2953 1587 2979 bonum
1601 2954 1634 2980 Vl

998 2998 1030 3023 39
1050 3004 1077 3030 q.
1098 2997 1112 3022 4
1133 3011 1165 3015 -
1185 2997 1259 3028 Opus
1271 2996 1385 3029 bonum,
1404 2997 1476 3030 quod
1490 3001 1528 3024 cst
1546 2999 1580 3024 de
1593 3006 1636 3024 ne-

997 3042 1130 3073 cessitate,
1153 3048 1288 3074 nunquam
1308 3041 1494 3067 dimittendum
1516 3046 1555 3068 est
1575 3050 1635 3075 pro-

997 3089 1055 3118 pter
1068 3086 1191 3111 invidiam
1206 3085 1331 3117 proximi;
1345 3085 1365 3110 si
1379 3088 1418 3111 est
1431 3088 1530 3112 tantum
1544 3087 1577 3112 de
1591 3087 1636 3113 uti-

997 3131 1080 3161 litate,
1100 3130 1160 3163 poni
1181 3132 1266 3162 potest
1285 3129 1310 3155 in
1330 3130 1386 3155 eius
1406 3130 1522 3156 absentia
1537 3132 1578 3157 vel
1592 3132 1636 3157 eti·

997 3182 1039 3200 am
1060 3175 1085 3200 in
1112 3175 1169 3201 eius
1194 3174 1339 3207 praesentia
1366 3173 1428 3200 ibid.
1447 3189 1482 3194 —
1501 3177 1535 3202 Ex
1554 3176 1635 3202 omni-

998 3219 1048 3245 bus
1061 3226 1204 3252 possumus
1222 3218 1315 3245 elicere
1339 3218 1543 3252 documentum,
1563 3221 1635 3254 quod

997 3271 1045 3289 nos
1072 3264 1165 3289 excitet
1193 3265 1218 3289 et
1246 3263 1367 3289 informet
1402 3263 1434 3289 ad
1464 3263 1562 3290 bonum
1593 3265 1635 3291 Vll

999 3307 1049 3333 407
1070 3308 1102 3333 12

1051 3353 1175 3378 —Deus
1193 3351 1324 3384 approbat
1353 3354 1378 3377 et
1405 3355 1544 3378 conservat
1567 3352 1636 3378 bona

1002 3388 1037 3423 vi'
1054 3397 1104 3422 ¹83
1123 3404 1149 3422 v.
1178 3397 1212 3422 25
1232 3411 1265 3414 —
1286 3397 1355 3422 Deus
1383 3396 1455 3422 inv-ut
1482 3397 1516 3422 ad
1535 3396 1636 3423 bonum

1911 286 1974 313 BON

1660 331 1712 356 156
1732 339 1758 356 ν.
1779 332 1812 357 22
1832 346 1866 349 -
1887 332 1912 357 in
1932 331 2004 357 bono
2023 331 2152 363 proficere
2171 338 2223 357 non
2243 337 2301 363 pos-

1661 383 1753 402 sumus
1772 375 1821 401 nisi
1839 383 1888 408 per
1906 376 2006 402 donum
2021 375 2120 407 gratiae
2134 375 2239 401 divinae
2258 375 2301 401 Vll

1661 420 1712 446 539
1732 420 1765 445 58
1790 434 1825 438 —
1853 420 1919 445 Tota
1948 419 2080 445 bonorum
2105 420 2223 452 operatio
2247 419 2301 445 Deo

1661 464 1828 490 attribuenda
1849 465 1881 490 Vl
1900 464 1934 489 76
1955 471 1980 489 ν.
2004 464 2035 489 12
2054 477 2089 482 -
2106 464 2179 489 Deus
2198 470 2302 489 summe

1660 509 1746 534 iustus
1769 511 1921 534 remunerat
1949 507 2017 533 hona
2037 507 2071 533 45
2090 515 2117 540 q.
2136 508 2151 532 3
2172 522 2205 525 -
2224 514 2303 533 omne

1662 552 1868 578 manifestabitur
1892 553 1918 578 in
1944 552 2041 578 iudicio
2068 552 2109 577 Vll
2139 551 2189 576 196
2209 552 2243 577 25
2267 565 2303 569 -

1662 597 1732 623 Deus
1750 597 1879 623 rationem
1899 597 1985 628 exiget
2003 596 2037 621 de
2057 595 2133 621 bonis
2152 595 2303 621 commissis

1662 645 1688 667 et
1706 642 1740 667 de
1759 641 1836 667 bonis
1854 641 1959 667 omissis
1982 640 2029 666 404
2050 640 2065 666 4
2078 654 2114 658 —
2127 640 2197 666 Deus
2216 639 2303 665 discu-

1663 686 1708 712 tiet
1726 686 1805 712 etiam
1824 685 1895 711 bona
1914 685 1947 711 Vl
1967 685 2000 710 99
2021 692 2048 710 v.
2068 684 2101 710 14

1716 731 1777 756 Boiu
1796 744 1832 748 —
1850 730 1958 755 Bonitas
1976 732 2016 755 est
2033 728 2141 755 interius
2168 728 2194 754 in
2223 728 2304 754 corde

1663 775 1707 800 Vll
1726 775 1777 800 583
1799 775 1832 799 60
1851 789 1886 793 —
1905 774 1990 800 Homo
2018 772 2105 799 bonus
2132 773 2218 805 placet
2235 773 2304 804 Deo,

1663 826 1714 844 non
1734 818 1888 844 hominibus
1907 818 1941 844 Vl
1962 818 1995 844 27
2014 825 2040 844 V.
2061 818 2094 844 26
2113 832 2149 836 -
2166 817 2305 850 spirituali-

1663 866 1702 889 ter
1720 863 1815 889 vivunt
1833 863 1867 888 35
1887 870 1913 888 ν.
1929 863 1961 888 18
1974 877 2010 881 --
2022 865 2062 888 est
2080 862 2135 888 Deo
2148 861 2302 888 coniunctus

1662 915 1710 941 per
1729 908 1841 940 gratiam
1861 907 1895 933 97
1914 914 1928 932 a

1716 967 1751 970 —
1770 952 1883 984 Quidam
1903 951 1967 978 boni
1986 955 2046 978 sunt
2064 951 2182 984 perfecti,
2195 951 2305 984 quidam

1664 996 1810 1029 imperfecti
1844 996 1878 1022 70
1907 1003 1933 1029 q.
1968 1011 2004 1014 —
2031 1000 2091 1022 sunt
2124 995 2234 1021 fideliter
2261 995 2306 1021 do-

1664 1044 1752 1067 centes
1771 1044 1797 1067 et
1816 1041 1927 1067 fideliter
1946 1047 2040 1066 eorum
2059 1040 2194 1066 doctrinae
2212 1040 2306 1066 adhae-

1663 1089 1751 1111 rentes
1770 1085 1813 1111 Vll
1833 1085 1883 1111 486
1905 1084 1938 1110 40
1957 1099 1992 1103 —
2011 1087 2056 1110 aut
2068 1087 2129 1110 sunt
2141 1084 2250 1115 subditi,
2262 1087 2308 1109 aut

1664 1130 1775 1162 praelati
1793 1128 1855 1156 ibid.

1717 1189 1753 1192 —
1780 1174 1881 1204 ratione
1909 1172 2095 1199 fructuositatis
2119 1175 2307 1205 comparantur

1664 1219 1749 1244 tritico
1768 1219 1813 1244 Vll
1833 1219 1866 1244 80
1887 1218 1915 1244 41
1938 1233 1974 1236 -
1998 1218 2122 1244 dicuntur
2149 1217 2206 1243 loca
2234 1217 2307 1243 arida

1665 1267 1690 1289 et
1708 1264 1844 1297 inaquosa,
1864 1254 1933 1296 quos
1961 1261 2083 1288 diabolus
2107 1262 2240 1288 desiderat
2267 1268 2308 1288 se-

1665 1308 1763 1334 ducere
1782 1308 1833 1333 294
1854 1308 1887 1333 52

1718 1367 1753 1371 -—
1772 1352 1958 1378 discernuntur
1985 1359 2000 1377 a
2028 1351 2103 1377 malis
2130 1357 2178 1384 per
2206 1351 2306 1376 fruetus

1667 1397 1799 1423 bonorum
1810 1404 1922 1428 operum
1935 1400 1962 1422 et
1974 1395 2119 1422 verborum
2133 1395 2176 1421 Vll
2195 1395 2242 1421 163
2257 1395 2307 1420 103

1665 1456 1701 1460 --
1720 1440 1825 1467 Bonitas
1843 1441 1958 1466 hominis
1986 1440 2144 1467 discernitur
2162 1447 2193 1466 ex
2221 1439 2308 1465 studio

1666 1485 1820 1519 acquirendi
1839 1485 2009 1517 sapientiam,
2029 1484 2166 1511 exercendi
2185 1483 2309 1510 iustitiam

1667 1532 1692 1555 et
1711 1530 1829 1562 fugiendi
1853 1529 2090 1561 concupiscentiam
2118 1531 2144 1555 et
2171 1528 2308 1554 avaritiam

1668 1575 1700 1600 111
1721 1575 1755 1600 27
1774 1582 1801 1599 ν.
1820 1574 1854 1600 26
1881 1588 1917 1592 -
1940 1573 2045 1599 Homini
2069 1572 2138 1599 bono
2167 1573 2237 1599 Deus
2264 1572 2310 1598 dat

1667 1619 1836 1651 sapientiam,
1855 1618 2004 1650 scienfiam,
2029 1617 2228 1650 intelligentiam
2247 1616 2308 1643 ibid.

1667 1678 1702 1682 -—
1715 1663 1779 1689 Boni
1793 1665 1956 1694 cognoscunt
1969 1662 2086 1688 divinam
2101 1661 2310 1688 misericordiam

1667 1712 1693 1734 et
1711 1704 1887 1734 exercitantur
1907 1707 1933 1732 in
1953 1706 2048 1732 iustitia
2068 1713 2098 1732 ex
2117 1705 2242 1739 patientia
2263 1704 2309 1731 Dei

1668 1752 1820 1778 sustinentis
1838 1752 1920 1777 malos
1940 1751 1973 1776 68
1993 1758 2019 1777 V.
2034 1751 2067 1776 12

1721 1811 1757 1815 -
1775 1799 1815 1822 est
1833 1796 1931 1828 dignus
1949 1795 2026 1821 laude
2051 1795 2085 1820 Vl
2111 1793 2144 1819 84
2163 1801 2191 1827 q.
2209 1800 2265 1826 arg.
2295 1794 2305 1818 1

1668 1856 1703 1861 -
1721 1843 1924 1867 remunerantur
1952 1847 2001 1872 pro
2029 1838 2121 1865 labore
2141 1838 2174 1864 14
2193 1845 2220 1871 q.
2237 1838 2251 1870 ,1
2275 1852 2311 1856 -

1668 1885 1885 1919 praemiabuntur
1904 1885 1930 1911 in
1950 1884 2031 1910 domo
2055 1886 2176 1909 aeternae
2200 1881 2312 1908 laetitiae

1668 1932 1702 1957 96
1722 1931 1739 1957 b

1722 1975 1836 2002 —lusti
1861 1981 1968 2007 semper
1992 1973 2204 2006 persecutionem
2233 1971 2312 1998 malo-

1668 2028 1729 2047 rum
1749 2020 1930 2047 sustinuerunt
1957 2019 1999 2045 Vll
2029 2018 2080 2044 527
2107 2018 2140 2043 19
2159 2030 2195 2037 —-
2213 2016 2312 2043 Divites

1669 2065 1746 2092 bonis
1765 2065 1886 2091 moribus
1903 2064 2114 2096 deprimuntura
2129 2061 2202 2088 malis
2222 2062 2255 2088 Vl
2276 2061 2304 2087 81

1669 2118 1697 2136 v.
1716 2110 1741 2143 5,
1760 2110 1776 2135 6
1788 2124 1824 2128 -
1837 2109 1972 2142 patiuntur
1991 2108 2163 2134 adversitates
2183 2107 2216 2132 69
2230 2113 2258 2132 v.
2277 2105 2310 2132 14

1670 2169 1706 2173 -
1725 2153 1957 2180 intensivemaior
1976 2156 2015 2179 est
2038 2152 2147 2183 vanitas,
2169 2158 2231 2177 eum
2250 2150 2312 2176 boni

1671 2206 1686 2224 a
1713 2198 1789 2224 malis
1813 2197 2000 2230 deprimuntur
2027 2197 2061 2222 73
2090 2204 2118 2230 q.
2146 2197 2161 2222 3
2181 2210 2216 2214 —
2236 2193 2313 2228 Quod

1671 2242 1747 2269 bonis
1766 2242 1833 2268 mala
1851 2241 1978 2268 eveniunt
1997 2241 2022 2267 in
2042 2240 2188 2273 praesenti,
2211 2239 2313 2266 donum

1671 2287 1716 2313 Dei
1736 2289 1776 2313 est
1793 2286 1828 2312 70
1847 2294 1875 2319 q.
1893 2300 1929 2304 -
1949 2286 1975 2311 ln
1994 2285 2125 2318 praesenti
2145 2285 2213 2310 iusto
2232 2283 2313 2309 modo

1670 2331 1747 2357 bonis
1765 2330 1832 2356 mala
1852 2329 1991 2360 eveniunt,
2014 2331 2042 2355 ut
2060 2329 2103 2354 hic
2121 2330 2269 2360 purgentur
2288 2329 2314 2352 et

1670 2375 1833 2401 aeternaliter
1846 2373 2025 2406 praemientur
2045 2373 2078 2399 46
2097 2380 2125 2406 q.
2144 2372 2159 2398 4
2179 2372 2255 2398 2⁸—
2268 2372 2314 2397 Bo-

1671 2420 1711 2446 nis
1723 2420 1791 2445 mala
1804 2419 1911 2445 evenire
1924 2418 2029 2444 videtur
2042 2417 2167 2444 iniustum
2185 2417 2220 2443 70
2233 2423 2259 2442 ν.
2281 2415 2314 2442 14

1723 2478 1759 2482 -
1778 2466 1838 2490 sunt
1857 2463 1935 2496 pauci
1955 2463 1987 2489 Vl
2007 2463 2058 2489 205
2078 2470 2105 2488 v.
2124 2462 2139 2487 2
2159 2476 2194 2480 -
2213 2461 2315 2494 paucis-

1671 2509 1730 2534 simi
1750 2512 1827 2534 erunt
1845 2511 1965 2540 tempore
1984 2507 2069 2533 finalis
2087 2506 2177 2533 iudicii
2197 2506 2240 2532 Vll
2261 2505 2312 2532 443

1672 2553 1713 2579 52.
1735 2553 1786 2579 452
1806 2553 1839 2579 12

1725 2612 1760 2617 -
1779 2604 1894 2630 superne
1913 2597 2045 2630 eliguntur
2064 2597 2097 2622 Vl
2124 2596 2159 2622 76
2179 2603 2206 2622 v.
2226 2596 2259 2621 12
2278 2608 2313 2614 -

1672 2642 1817 2675 computati
1835 2645 1896 2669 sunt
1914 2649 1929 2668 a
1944 2642 1997 2668 Deo
2010 2642 2078 2668 sieut
2097 2640 2182 2667 dilecti
2195 2643 2221 2667 et
2239 2639 2313 2666 electi

1672 2686 1724 2713 204
1743 2694 1769 2713 v.
1790 2688 1805 2712 2
1824 2696 1859 2705 -ι
1878 2686 1931 2712 Soli
1951 2686 2060 2712 finaliter
2074 2685 2136 2712 boni
2150 2684 2240 2717 scripti
2253 2686 2314 2710 sunt

1673 2731 1697 2757 in
1716 2731 1782 2757 libro
1802 2732 1872 2757 vitae
1891 2731 1934 2757 Vll
1955 2731 2006 2757 263
2026 2730 2069 2762 34,
2089 2730 2123 2756 35

1725 2790 1760 2794 -
1779 2783 1872 2802 ornnes
1891 2783 1973 2801 unum
1998 2782 2096 2808 corpus
2120 2776 2146 2800 et
2164 2780 2216 2800 una
2236 2779 2315 2805 gene-

1672 2820 1737 2846 ratio
1756 2823 1817 2846 sunt
1836 2821 1880 2846 Dei
1901 2821 1944 2846 Vll
1974 2820 2025 2846 308
2045 2820 2079 2845 98
2100 2833 2134 2837 -—-
2154 2817 2315 2845 conveniunt

1673 2865 1697 2891 in
1716 2872 1797 2897 opere
1816 2868 1842 2891 et
1870 2865 2005 2891 voluntate
2029 2863 2136 2890 interius
2155 2863 2188 2889 Vl
2209 2862 2259 2888 476
2281 2861 2314 2887 42

1671 2923 1707 2929 -
1727 2911 1859 2935 Bonorum
1889 2908 2059 2941 congregatio
2085 2908 2175 2940 triplex
2203 2905 2262 2933 vide
2289 2912 2314 2932 v.

1673 2953 1862 2988 Confirmatio.
1881 2968 1917 2971 —
1942 2953 1968 2978 in
1993 2952 2076 2985 gloria
2104 2952 2138 2978 ad
2167 2957 2249 2977 unum
2274 2956 2314 2975 re-

1672 2998 1801 3024 ducentur
1821 2998 1865 3023 Vll
1885 2997 1917 3022 80
1938 2997 1966 3023 41
1990 3011 2025 3015 -
2044 2999 2121 3022 erunt
2136 2996 2161 3021 in
2181 2993 2314 3028 paradiso,

1673 3043 1697 3068 in
1717 3049 1771 3076 quo
1790 3041 2024 3074 congregabuntur
2044 3041 2070 3066 in
2089 3039 2181 3072 gloria,
2191 3038 2253 3072 quia
2273 3037 2315 3064 hic

1672 3087 1825 3118 congregati
1844 3089 1905 3112 sunt
1923 3086 1948 3111 in
1968 3085 2051 3118 gratia
2071 3083 2105 3111 ib.
2126 3083 2158 3109 42

1725 3145 1760 3149 -
1779 3131 1842 3156 Boni
1862 3130 1982 3162 pcrmlxti
2001 3132 2062 3155 sunt
2081 3128 2161 3154 modo
2180 3127 2255 3152 malis
2273 3133 2315 3152 oe-

1672 3175 1749 3201 cultis
1767 3175 1810 3204 Vll
1831 3175 1864 3200 80
1884 3174 1917 3200 40
1930 3189 1965 3192 -
1978 3172 2137 3199 indistinctio
2156 3171 2285 3197 bonorum
2299 3178 2313 3196 a

1674 3220 1748 3245 malis
1766 3222 1806 3245 est
1824 3219 1939 3251 plurium
1959 3218 2117 3244 malitiarum
2136 3216 2212 3248 origo
2233 3216 2266 3241 Vl
2279 3215 2313 3241 73

1673 3271 1699 3297 q.
1720 3264 1735 3289 3
1754 3277 1789 3283 —
1809 3263 1836 3289 in
1855 3263 1953 3289 iudicio
1981 3263 2178 3295 sequestrantur
2197 3267 2211 3286 a
2231 3260 2314 3293 malis,

1675 3311 1702 3334 ut
1721 3308 1899 3340 glorificentur
1918 3308 1961 3334 Vll
1981 3308 2014 3333 80
2036 3307 2068 3333 40
2081 3319 2117 3325 -
2130 3306 2199 3331 Deus
2218 3304 2313 3331 dividit
2352 3316 2361 3337 g

1675 3351 1759 3378 bonos
1777 3359 1791 3378 a
1811 3353 1886 3378 malis
1905 3352 1938 3378 Vl
1953 3351 2004 3378 377
2025 3352 2057 3377 22
2076 3351 2150 3376 —ln
2165 3351 2249 3376 futura
2263 3350 2315 3375 cla-

1675 3397 1748 3423 ritate
1767 3397 1837 3423 Deus
1856 3397 1905 3423 erit
1924 3399 2024 3422 tantum
2045 3402 2106 3422 cum
2125 3394 2201 3421 bonis
2215 3394 2266 3421 434
2280 3394 2313 3419 52
