2476 3921
166 533 250 553 laterna
266 537 299 552 ar-

186 561 276 579 matura.

163 1113 254 1143 Effectus
268 1118 303 1139 pa-

181 1142 277 1160 tientiae.

170 2381 200 2402 De
215 2381 299 2408 praedi-

165 2408 234 2429 ctione
249 2408 305 2429 circa

173 2434 298 2456 destructio-

165 2467 213 2482 nem
228 2461 309 2482 {emsa-

182 2488 223 2509 lem
238 2487 289 2509 duo.

318 272 381 305 530

317 360 503 393 ludaeorum
535 362 610 392 tunc
638 362 790 400 ceperunt
815 358 941 391 Romani
973 361 1004 391 et
1035 358 1199 391 duodecim
1231 358 1277 391 vi—

316 422 369 445 ros
393 413 529 445 inermes
552 421 614 444 non
638 415 918 454 superaverunt».

896 269 1090 303 COMMENT.
1116 269 1153 303 IN
1176 269 1417 303 EVANGELIUM
1441 269 1559 303 LUCAE
1583 269 1615 302 C.
1642 269 1716 302 xxl.

1343 357 1436 391 clesia
1449 366 1580 400 passura
1592 361 1640 391 est
1652 360 1793 399 tempore
1805 357 1991 391 antichristi.
2005 357 2101 390 Habet
2113 361 2218 391 autem
2228 367 2303 400 pars

1342 409 1402 443 ista
1424 410 1504 443 duas
1527 413 1642 452 partes.
1668 410 1702 442 ln
1725 418 1861 452 quarum
1886 409 1988 452 prima
2010 410 2162 451 praedicit
2186 409 2303 442 bellum

407 468 458 499 27.
484 466 585 508 (Vers.
614 465 687 506 19.).
717 465 822 498 Tertio
853 468 1006 507 quantum
1040 464 1077 497 ad
1109 465 1277 497 internam
1339 463 1607 505 praecedens;in
1623 462 1762 496 secunda
1777 471 1870 502 vero,
1894 462 2061 495 excidium
2084 462 2302 506 subsequens,

318 523 536 552 armaturam
559 518 742 560 subiungit:
767 518 807 550 In
835 518 1000 560 patientia
1029 522 1142 550 vestra
1170 517 1277 560 possi-

317 572 432 605 debitis
441 572 583 604 ,animas
599 576 739 609 vestras,
757 571 787 603 id
800 574 857 610 est,
869 570 1041 604 defendetis
1057 574 1207 612 tanquam
1220 579 1277 612 per

316 629 511 658 armaturam
524 625 692 667 perfectam
704 636 711 663 ;
725 624 968 657 proverbiorum
983 623 1106 656 decimo
1121 623 1233 666 quinto
1246 624 1276 654 ¹:

322 691 337 706 a
354 678 414 719 Qui
438 677 609 720 acquiescit
639 676 906 718 increpationibus
938 685 1099 718 possessor
1130 678 1178 708 est
1208 684 1277 708 cor-

317 731 365 764 dis
382 744 412 769 »;
438 731 497 763 hoc
521 733 626 763 autem
651 731 686 763 tit
710 739 766 772 per
791 729 981 772 patientiam.
1014 729 1091 762 Nam
1121 728 1207 761 illius
1230 728 1277 761 rei

317 783 433 816 dicitur
457 783 529 825 quis
549 792 736 825 possessor,
769 782 861 815 cuius
891 782 986 814 habet
1017 781 1155 824 plenum
1178 781 1277 814 domi-

318 836 427 875 nium;
451 839 482 868 et
506 835 654 878 patientia
676 835 749 868 facit
771 834 924 868 dominari
949 834 1025 873 sibi,
1050 833 1224 867 secundum
1240 834 1277 866 il—

318 889 372 921 lud
398 889 639 921 proverbiorum
671 888 793 921 decimo
820 888 958 921 sexto²z
987 901 1003 916 α
1020 887 1128 920 Melior
1152 891 1199 920 est
1222 896 1277 929 pa-

319 941 398 974 tiens
422 941 489 974 viro
513 941 604 980 forti,
627 944 658 973 et
682 941 735 983 qui
760 941 940 973 dominatur
963 940 1069 972 animo
1093 949 1151 973 suo
1175 948 1277 982 expu-

317 998 447 1035 gnatore
484 994 612 1026 urbium
630 1007 659 1026 n.
694 994 730 1026 Et
761 993 830 1026 ideo
860 993 1052 1035 Gregorius:
1090 1005 1106 1021 α
1129 992 1278 1026 Patientia

319 1047 410 1080 radix
435 1050 482 1080 est
505 1050 536 1079 et
552 1050 660 1079 custos
676 1047 851 1085 virtutum,
867 1049 898 1078 et
916 1046 946 1077 in
965 1046 1023 1078 hac
1039 1045 1178 1084 animas,
1196 1054 1279 1088 quae

318 1109 434 1142 corpus
457 1099 634 1141 possident,
659 1099 902 1140 possidemus».
920 1117 963 1121 —
979 1099 1016 1131 Et
1032 1098 1091 1131 hoc
1114 1098 1278 1131 manifeste

318 1156 465 1194 apparet,
490 1152 514 1184 si
539 1152 611 1194 quis
634 1151 790 1190 attendat,
808 1151 884 1193 quid
900 1151 941 1184 sit
957 1151 1113 1193 patientia.
1131 1151 1207 1184 Nam
1224 1160 1278 1193 pa-

318 1206 426 1238 tientia
458 1205 610 1237 rectificat
637 1204 853 1243 rationalem,
878 1208 1033 1246 temperat
1056 1203 1277 1244 irascibilem,

318 1258 474 1291 modificat
497 1257 782 1299 concupiscibilem
805 1261 836 1290 et
860 1257 1055 1290 exteriorem
1079 1261 1279 1290 consummat

318 1311 550 1353 operationem.
579 1310 805 1350 Rationalem,
829 1311 977 1353 inquam,
994 1310 1151 1344 illuminat
1174 1314 1205 1344 et
1228 1319 1279 1343 re-

318 1365 452 1403 ctificat;
479 1363 562 1396 unde
586 1364 830 1396 proverbiorum
845 1363 974 1396 vdecimo
997 1363 1156 1406 quart03:
1187 1363 1278 1405 «Qui

318 1417 439 1458 patiens
461 1418 509 1449 est
533 1416 633 1449 multa
656 1416 853 1458 gubernatur
877 1416 1029 1458 sapientia
1044 1428 1075 1455 »;
1100 1419 1131 1449 et
1147 1416 1278 1449 Prover-

317 1470 444 1503 biorum
455 1470 575 1503 decimo
588 1479 685 1503 nono:
703 1483 719 1498 a
732 1470 880 1503 Doctrina
897 1470 954 1502 viri
969 1478 1025 1512 per
1038 1469 1220 1512 patientiam
1232 1469 1278 1502 di-

318 1523 479 1565 gnoscitur
491 1536 521 1555 ».
536 1524 703 1565 Temperat
716 1522 917 1555 irascibilem
930 1527 961 1555 et
973 1522 1258 1565 concupiscibilem
1266 1534 1278 1561 ,-

318 1580 447 1618 propter
471 1576 555 1619 quod
578 1576 796 1618 Gregorius¹²z
827 1589 842 1605 «
859 1576 1008 1609 Patientia
1031 1585 1107 1608 vera
1123 1581 1188 1615 est,
1205 1584 1278 1609 cum

318 1630 389 1671 quis
412 1634 495 1662 amat
519 1638 613 1671 quem
639 1632 752 1671 portat.
778 1629 854 1662 Nam
880 1629 1015 1662 tolerare
1038 1633 1069 1662 et
1092 1629 1194 1662 odisse
1211 1638 1274 1661 non

318 1686 364 1715 est
388 1683 508 1721 virtus,
534 1682 587 1715 sed
612 1682 753 1715 velamen
777 1682 896 1715 furoris
913 1695 943 1714 ».
961 1682 1165 1715 Consummat
1180 1682 1275 1715 etiam

318 1735 511 1767 exteriorem
536 1735 779 1777 operationem,
803 1735 978 1768 secundum
1002 1734 1080 1768 illud
1097 1734 1196 1768 lacobi
1213 1735 1279 1777 pri-

318 1798 370 1820 rno
383 1788 395 1808 ⁵
410 1800 417 1820 ε
448 1801 463 1817 «
480 1788 629 1821 Patientia
653 1788 828 1830 perfectum
844 1797 926 1830 opus
942 1788 1054 1827 habet,
1071 1792 1107 1821 ut
1124 1788 1191 1821 sitis
1208 1796 1279 1830 per-

318 1841 388 1874 fecti
414 1845 444 1874 et
468 1841 613 1883 integri»
643 1845 721 1880 etc.;
747 1846 777 1874 et
800 1841 839 1873 ad
860 1841 1016 1874 Hebraeos
1031 1841 1169 1874 decimo:
1192 1853 1207 1871 a
1223 1841 1278 1873 Pa-

318 1893 425 1926 tientia
456 1893 544 1926 vobis
568 1894 743 1926 necessaria
766 1898 831 1932 est,
856 1897 909 1932 ut,
934 1894 1128 1926 voluntatem
1153 1893 1209 1926 Dei
1233 1893 1278 1926 t'a-

318 1946 451 1985 cientes,
477 1946 645 1988 reportetis
670 1947 909 1988 promissionem
927 1960 957 1978 ».
983 1947 1062 1979 Haec
1086 1950 1193 1979 autem
1225 1955 1279 1988 pa-

318 1999 426 2031 tientia
448 1998 521 2031 facit
544 1999 717 2041 reportari
735 1999 948 2041 praemium,
972 1999 1049 2032 dum
1066 2002 1233 2032 conservat
1248 2003 1279 2032 et

318 2051 505 2093 multiplicat
537 2051 649 2084 merita
679 2051 872 2093 passionum.
906 2051 993 2085 Unde
1024 2051 1278 2093 Hieronymus⁸:

324 2116 339 2133 «
356 2104 531 2136 Exercetur
562 2104 728 2146 patientia,
761 2113 832 2137 cum
864 2113 883 2137 a
914 2104 1062 2146 proximo
1086 2104 1280 2137 sustinemus

318 2157 570 2198 persecutiones,
605 2156 736 2196 damna,
772 2157 996 2197 contumelias,
1028 2157 1068 2190 ab
1099 2156 1280 2190 adversario

319 2213 521 2249 tentamenta,
545 2219 564 2242 a
586 2209 718 2242 Domino
747 2209 879 2252 flagella.
912 2210 984 2243 Sine
1011 2210 1097 2243 ferro
1128 2211 1280 2251 Martyres

319 2271 386 2296 esse
416 2272 601 2305 possumus,
625 2263 652 2296 si
676 2263 858 2305 patientiam
882 2263 914 2296 in
938 2263 1042 2296 animo
1066 2272 1231 2297 servamus
1247 2277 1279 2296 n.

411 2317 463 2349 ⁴28.
491 2316 575 2349 Cum
599 2321 710 2349 autem
731 2316 883 2349 videritis
903 2316 1116 2350 circumdari
1131 2316 1172 2350 ab
1188 2327 1280 2350 cater-

319 2369 386 2402 citu
417 2373 475 2403 etc.
509 2370 676 2412 Postquam
710 2369 876 2412 descripsit
907 2379 988 2412 quae
1024 2373 1159 2403 ventura
1190 2373 1281 2403 erant

319 2422 526 2463 generaliter,
550 2426 581 2455 et
604 2422 697 2455 etiam
723 2422 958 2465 persecutiones
981 2422 1081 2465 ipsius
1105 2423 1281 2462 Ecclesiae;

320 2475 370 2507 hic
383 2475 395 2494 ⁷
412 2475 562 2508 describit
577 2485 663 2519 quae
674 2479 817 2508 ventura
829 2479 907 2508 sunt
919 2476 1013 2509 circa
1026 2476 1280 2509 destructionem

320 2527 520 2566 Ierusalem,
537 2537 594 2570 per
609 2537 705 2570 quam
717 2527 901 2570 intelligitur
918 2528 1097 2568 tribulatio,
1114 2538 1209 2571 quam
1224 2529 1280 2563 Ec-

393 2712 401 2727 ¹
424 2714 498 2739 Vere.
513 2714 556 2738 32.
575 2726 610 2732 —-
628 2714 752 2744 Gregor„
772 2713 804 2738 V.
823 2713 910 2739 Moral.
929 2720 952 2739 c.
974 2714 1014 2739 ⁴6.
1036 2721 1062 2740 n.
1080 2714 1133 2740 33:
1153 2714 1222 2747 Quid
1241 2718 1281 2741 est

322 2757 393 2783 enim
413 2758 514 2782 animas
534 2757 685 2789 possidere,
703 2757 753 2782 nisi
774 2758 887 2789 perfecte
907 2757 931 2783 in
951 2757 1076 2784 omnibus
1095 2758 1201 2789 vivere,
1220 2765 1282 2784 cun·

322 2801 370 2827 ctis
389 2801 483 2826 mentis
502 2800 619 2826 motibus
637 2808 668 2826 ex
688 2801 791 2826 virtutis
809 2808 869 2827 arce
888 2801 1040 2827 dominari?

395 2844 405 2859 ²
426 2845 500 2870 Vers.
520 2845 563 2870 32.
582 2859 616 2863 —
635 2845 765 2871 Sententia
785 2845 920 2878 Gregorii,
938 2852 1008 2878 quae
1021 2845 1133 2872 habetur
1146 2846 1173 2872 ll.
1186 2846 1281 2872 Homil.

322 2890 348 2914 in
368 2890 468 2920 Evang.
490 2889 579 2914 homil.
598 2889 640 2914 35.
660 2896 685 2914 n.
705 2889 734 2921 4,
753 2888 889 2915 exhibetur
902 2889 991 2915 verbis
1004 2890 1111 2916 Glossae
1123 2889 1281 2916 ordinariae

323 2933 348 2958 in
369 2933 430 2958 Luc.
450 2934 493 2964 21,
516 2933 555 2958 19.
577 2933 625 2958 Pro
644 2932 766 2965 animas,
787 2940 856 2967 quae
874 2939 974 2967 corpus
989 2933 1129 2967 possident
1147 2934 1207 2960 Vat.
1224 2934 1281 2960 ani-

323 2983 397 3003 mam
416 2979 440 3003 et
458 2983 566 3011 corpus.

394 3020 404 3035 ⁸
426 3021 499 3046 Vers.
518 3021 565 3053 29,
585 3020 630 3046 ubi
650 3027 700 3053 pro
718 3020 851 3055 sapientia
877 3021 921 3054 (ita
950 3021 1029 3055 etiam
1057 3020 1134 3048 Card.
1152 3021 1231 3054 Ilugo
1255 3024 1281 3047 et

323 3065 451 3098 Lyranus)
471 3065 583 3097 Vulgata
599 3064 755 3099 prudentia.
775 3079 809 3084 —-
829 3065 953 3098 Sequitur
972 3066 1048 3091 Prov.
1069 3066 1116 3097 ¹9,
1131 3066 1173 3098 ll,
1187 3065 1214 3091 in
1226 3072 1280 3098 quo

323 3116 372 3141 pro
391 3109 558 3143 dinnoscitur
577 3110 598 3135 H
617 3117 679 3136 cum
699 3109 810 3142 Vulgata
830 3109 961 3136 noscitur.

394 3153 404 3167 ¹²
426 3153 495 3179 Libr.
515 3154 532 3179 l.
552 3153 646 3179 Homil.
665 3153 689 3179 in
710 3153 801 3180 Ezech.
821 3154 912 3179 homil.
929 3154 956 3180 7.
974 3161 1001 3180 n.
1024 3154 1074 3186 125
1094 3154 1122 3180 ll.
1140 3154 1231 3180 homil.
1255 3153 1281 3180 5.

323 3204 348 3223 n.
370 3197 411 3222 tt.
430 3200 456 3223 et
475 3197 564 3223 homil.
584 3198 608 3223 8.
628 3204 654 3223 n.
674 3197 717 3223 ⁴5.
736 3198 762 3224 ln
782 3197 833 3223 t‘lne
853 3200 936 3224 textus
954 3197 1088 3230 originalis
1101 3197 1163 3229 legit
1175 3203 1230 3224 non
1242 3198 1282 3224 est

323 3240 410 3267 virtus
429 3240 658 3273 mansuetudinis,
680 3240 728 3268 sed
744 3240 925 3268 vetamentum
937 3240 1051 3275 suroris.
1063 3240 1147 3268 Codd.
1167 3240 1216 3268 Ac
1227 3241 1280 3267 Dii

324 3285 447 3311 omittunt
464 3292 539 3312 cera.

396 3327 406 3342 ⁶
426 3329 501 3354 Vers.
522 3329 551 3361 h,
571 3332 630 3362 post
648 3336 729 3363 quem
748 3328 829 3356 Hebr.
850 3329 897 3361 lo,
917 3329 959 3355 36.

395 3371 406 3386 ⁶
426 3373 460 3398 ltu
479 3373 556 3398 etiam
576 3372 652 3400 eard.
672 3373 767 3406 Hagen
795 3373 948 3400 sententiam
976 3375 1044 3400 hanc
1062 3380 1114 3400 non
1133 3373 1281 3400 invenimus

325 3416 396 3448 apud
416 3416 539 3449 Hieron„
559 3418 605 3443 sed
625 3418 695 3450 apud
715 3417 844 3452 Greyor„
864 3418 891 3444 ll.
911 3417 1006 3444 Homil.
1025 3409 1051 3444 in
1070 3418 1169 3450 Evang.
1191 3417 1280 3444 homil.

1342 516 1385 549 ibi
1398 516 1411 535 Β
1426 529 1433 549 ;
1465 517 1529 549 Vae
1544 520 1655 549 autem
1669 515 1937 559 praeqnantibus
1952 520 1982 549 et
1996 515 2220 548 nutrientibus
2243 518 2301 548 etc.

1432 569 1561 602 Bellum
1584 572 1690 602 autem
1714 568 1904 611 praecedens
1927 568 2078 602 describit
2093 572 2248 611 quantum
2265 568 2304 602 ad

1340 622 1421 661 tria,
1446 622 1564 655 scilicet
1587 625 1743 664 quantum
1768 621 1807 654 ad
1826 621 2016 664 periculum
2040 631 2184 665 pugnae,
2201 632 2304 655 reme-

1342 675 1437 707 dium
1459 673 1564 718 fuyae
1586 678 1618 708 et
1641 674 1805 708 iudicium
1828 675 1964 708 divinae
1986 675 2159 708 vindictae.

1398 768 1401 771 .
1432 728 1485 760 29.
1510 727 1612 769 (Vers.
1644 728 1721 768 ⁶20.)
1748 727 1850 760 Primo
1874 730 2029 770 quantum
2054 727 2094 760 ad
2113 727 2303 770 periculum

1338 790 1474 824 pugnae
1497 781 1592 814 dicit:
1612 780 1695 813 Cum
1712 785 1823 813 autem
1839 780 2007 819 videritis,
2029 781 2240 814 circumdari
2261 780 2303 814 ab

1342 834 1489 866 exercitu
1523 833 1725 872 Ierusalem,
1758 842 1815 875 per
1846 833 2040 866 obsidionem
2072 834 2302 873 Romanorum,

1343 886 1518 919 secundum
1550 886 1627 919 illud
1653 886 1822 919 Ezechielis
1846 886 2009 928 quart0⁹:
2040 899 2055 915 α
2071 887 2124 919 Fili
2151 886 2303 930 bominis,

1343 948 1433 972 sume
1458 939 1512 972 tibi
1546 940 1695 979 laterem,
1726 943 1758 972 et
1788 948 1887 982 pones
1910 948 1984 972 cum
2009 948 2116 972 coram
2139 942 2170 972 te
2193 943 2224 973 et
2251 939 2304 972 de-

1343 991 1462 1024 scribes
1486 992 1518 1024 in
1543 1001 1580 1025 eo
1603 992 1761 1025 civitatem
1794 992 1963 1025 Ierusalem
1994 995 2026 1025 et
2060 992 2220 1025 ordinabis
2251 992 2304 1025 ad-

1343 1053 1455 1077 versus
1478 1053 1548 1077 eam
1577 1044 1771 1077 obsidionem
1795 1048 1826 1078 et
1849 1044 2029 1078 aedificabis
2052 1045 2243 1078 munitiones
2274 1048 2305 1077 et

1343 1097 1556 1139 comportabis
1583 1107 1730 1140 aggerem
1755 1101 1787 1131 et
1809 1098 1898 1131 dabis
1921 1101 2031 1131 contra
2054 1107 2122 1131 eam
2147 1102 2250 1131 castra
2274 1102 2305 1131 et

1343 1159 1441 1192 pones
1464 1151 1578 1183 arietes
1602 1151 1634 1183 in
1658 1160 1736 1193 gyro
1752 1164 1783 1183 n.
1805 1169 1850 1175 —
1874 1144 2115 1190 Tuncscitote,
2140 1151 2222 1194 quia
2245 1160 2304 1193 ap-

1339 1204 1581 1247 propinquavit
1595 1204 1622 1223 ¹⁰
1638 1204 1795 1237 desolatio
1811 1204 1901 1243 eius,
1920 1213 1976 1248 per
1992 1204 2186 1237 eversionem
2203 1205 2305 1237 omni-

1343 1257 1489 1296 modam;
1522 1256 1658 1289 Danielis
1681 1266 1785 1289 nono:
1816 1270 1832 1286 α
1847 1257 2010 1290 Civitatem
2034 1260 2065 1290 et
2089 1256 2304 1289 sanctuarium

1342 1309 1506 1351 dissipabit
1537 1310 1674 1352 populus
1705 1319 1778 1343 cum
1802 1309 1883 1343 duce
1907 1313 2064 1348 venturo;
2088 1313 2119 1342 et
2143 1309 2214 1342 finis
2237 1309 2305 1342 eius

1343 1362 1489 1401 vastitas,
1514 1366 1546 1395 et
1569 1366 1638 1404 post
1662 1362 1756 1396 finem
1781 1362 1854 1395 belli
1878 1366 1996 1396 statuta
2019 1362 2168 1395 desolatio
2184 1375 2199 1391 »
2216 1365 2288 1406 etc.

1433 1415 1486 1449 30.
1505 1415 1736 1458 Spiritualitcr
1759 1419 1864 1449 autem
1882 1425 1939 1458 per
1954 1415 2134 1448 exercitum
2159 1415 2303 1448 circum-

1342 1469 1475 1501 dantem
1490 1469 1671 1502 Ierusalem
1683 1469 1870 1511 intelligitur
1879 1469 2069 1502 insurrectio
2078 1477 2303 1511 perversorum

1343 1526 1453 1555 contra
1480 1522 1723 1555 ecclesiasticam
1748 1531 1856 1564 pacem
1879 1525 2049 1564 procurata
2073 1531 2129 1564 per
2153 1522 2304 1555 antichri—

1343 1579 1427 1609 stum
1459 1580 1491 1609 et
1522 1576 1682 1609 ministros
1713 1576 1829 1618 ipsius,
1859 1575 2032 1609 secundum
2056 1575 2134 1608 illud
2157 1575 2304 1617 Apocaly-

1343 1629 1408 1671 psis
1431 1629 1551 1662 decimo
1575 1633 1667 1662 sexto
1681 1630 1728 1662 ¹¹:
1759 1642 1773 1657 α
1792 1629 1827 1662 Et
1851 1629 1930 1668 vidi,
1954 1629 1992 1662 de
2016 1636 2071 1662 ore
2099 1628 2243 1662 draconis
2274 1632 2304 1661 et

1343 1681 1381 1714 de
1416 1691 1471 1715 ore
1507 1682 1624 1715 bestiae
1656 1685 1688 1715 et
1722 1682 1761 1715 de
1797 1691 1852 1715 ore
1884 1681 2178 1724 pseudoprophetae
2213 1681 2303 1714 exire

1343 1739 1409 1768 tres
1439 1736 1570 1777 spiritus
1602 1735 1781 1768 immundos
1812 1735 1845 1768 in
1877 1735 2007 1768 modum
2031 1744 2193 1768 ranarum.
2226 1736 2305 1768 Sunt

1343 1788 1425 1821 enim
1457 1789 1588 1831 spiritus
1611 1788 1849 1822 daemoniorum
1872 1788 2022 1822 facientes
2045 1788 2151 1831 signa,
2176 1791 2207 1821 et
2230 1797 2304 1830 pro·
2340 1829 2342 1832 .

1343 1841 1460 1874 cedunt
1490 1841 1528 1874 ad
1559 1850 1650 1884 reges
1682 1840 1779 1874 totius
1816 1844 1920 1874 terrae
1955 1850 2148 1883 congregare
2182 1849 2236 1874 eos
2273 1840 2323 1873 in-

1343 1894 1499 1936 proelium
1531 1894 1569 1927 ad
1600 1894 1681 1928 diem
1713 1903 1863 1937 magnum
1890 1894 2114 1936 omnipotentis
2137 1894 2192 1927 Dei
2210 1906 2241 1934 »3
2274 1897 2305 1927 et

1343 1947 1542 1989 Apocalypsis
1572 1947 1693 1980 decimo
1722 1957 1825 1980 nono:
1855 1961 1870 1977 <x
1888 1947 1957 1981 Vidi
1990 1948 2121 1981 bestiam
2153 1951 2184 1981 et
2215 1956 2305 1990 reges

1344 2002 1448 2032 terrae
1471 2003 1503 2032 et
1526 1999 1687 2032 exercitus
1711 2009 1822 2033 eorum
1846 2004 2051 2043 congregatos
2071 2000 2110 2033 ad
2126 1999 2304 2034 faciendum

1344 2052 1499 2094 proelium
1531 2061 1604 2085 cum
1629 2052 1683 2085 illo
1706 2053 1761 2095 qui
1785 2052 1913 2086 sedebat
1937 2053 1969 2086 in
1993 2062 2076 2096 equo
2091 2067 2122 2086 n.
2148 2053 2207 2086 Sed
2230 2053 2305 2096 quia

1344 2104 1418 2137 mali
1449 2105 1737 2147 incomparabiliter
1767 2106 1877 2148 plures
1907 2109 2022 2146 erunt,
2054 2106 2124 2140 ideo
2154 2107 2305 2140 dicuntur

1345 2157 1566 2190 circumdare.
1592 2158 1624 2190 ln
1648 2158 1740 2191 cuius
1756 2158 1891 2201 figuram
1908 2159 2002 2201 primi
2019 2160 2137 2202 Regum
2154 2159 2304 2202 vigesimo

1345 2211 1438 2244 tertio
1452 2211 1499 2243 ¹²:
1529 2224 1544 2239 α
1561 2211 1635 2244 Saul
1658 2214 1688 2244 et
1712 2211 1771 2244 viri
1796 2211 1865 2245 eius
1881 2211 1913 2244 in
1929 2211 2057 2245 modum
2081 2221 2214 2245 coronae
2238 2212 2303 2245 cin-

1344 2264 1458 2307 gebant
1482 2264 1579 2297 David
1603 2267 1635 2297 et
1658 2264 1743 2298 viros
1765 2264 1851 2304 eius,
1875 2268 1912 2297 ut
1935 2267 2084 2307 caperent
2099 2274 2153 2298 eos
2169 2278 2199 2297 ».
2217 2265 2303 2298 Unde

1345 2316 1397 2349 lob
1420 2316 1542 2350 decimo
1565 2326 1668 2349 nono:
1698 2330 1713 2345 «
1731 2316 1830 2349 Simul
1855 2320 2010 2350 venerunt
2033 2317 2170 2350 latrones
2189 2317 2258 2350 eius
2273 2320 2304 2350 et

1346 2378 1401 2411 per
1425 2379 1475 2402 me
1499 2370 1643 2403 fecerunt
1666 2370 1724 2403 sibi
1748 2370 1830 2403 viam
1854 2373 1885 2403 et
1908 2370 2100 2403 obsederunt
2118 2370 2304 2403 tabernacu-

1345 2423 1410 2456 lum
1436 2433 1542 2456 meum
1566 2423 1596 2456 in
1621 2432 1700 2466 gyro
1715 2436 1746 2455 n.

1434 2476 1486 2509 31.
1512 2477 1614 2518 (vers,
1640 2476 1717 2517 21).
1735 2476 1878 2509 Secundo
1894 2480 2048 2519 quantum
2065 2476 2103 2509 ad
2120 2476 2304 2509 remedium

1342 2528 1446 2572 suque
1469 2528 1596 2562 subdit:
1629 2529 1720 2561 Tunc
1742 2529 1802 2572 qui
1816 2529 1852 2562 in
1869 2529 1996 2562 Iudaea
2012 2533 2090 2562 sunt
2105 2528 2242 2572 sapiant
2258 2529 2303 2562 ad

1346 2716 1388 2741 35.
1408 2723 1435 2741 n.
1454 2716 1469 2740 9
1481 2726 1486 2746 ;
1507 2715 1597 2741 ultima
1616 2715 1761 2747 propositio
1775 2715 1921 2740 insinuatur
1934 2714 1998 2740 ibid.
2012 2721 2039 2740 n.
2052 2714 2077 2740 7.
2092 2715 2118 2740 in
2132 2715 2191 2740 fine.
2204 2714 2269 2741 Cod.
2282 2715 2303 2740 11

1344 2764 1405 2784 cum
1424 2759 1501 2784 Card.
1521 2760 1607 2790 Hug.:
1629 2757 1779 2792 Tripliciter
1792 2762 1926 2784 exercetur
1939 2762 1987 2784 etc.
2002 2759 2141 2790 (Gregor.:
2161 2758 2303 2784 Sciendum

1344 2806 1478 2834 praeterea
1499 2806 1550 2834 est,
1570 2802 1642 2835 quod
1662 2801 1746 2828 tribus
1765 2802 1852 2828 modis
1871 2802 1956 2828 virtus
1974 2802 2113 2834 patientiae
2132 2803 2246 2828 exerceri
2260 2810 2302 2828 so-

1344 2846 1387 2872 let.
1407 2847 1461 2872 Alia
1481 2853 1596 2880 namquo
1615 2850 1690 2878 sunt,
1709 2853 1778 2880 quae
1797 2853 1811 2872 u
1832 2847 1900 2878 Deo;
1920 2847 1985 2878 alia,
2004 2854 2071 2880 quae
2085 2846 2119 2872 ab
2133 2847 2241 2879 antiquo
2260 2847 2302 2872 ad-

1344 2890 1478 2921 versario,
1498 2891 1561 2921 alia,
1580 2898 1649 2923 quae
1667 2898 1683 2916 a
1703 2890 1822 2923 proximo
1841 2890 2008 2917 sustinemus.
2022 2891 2043 2916 Α
2057 2891 2175 2923 proximo
2189 2897 2303 2924 namque

1345 2935 1538 2966 persecutiones
1556 2934 1626 2967 etc.).

1415 2977 1425 2992 ⁷
1445 2977 1496 3004 Csr.
1514 2985 1594 3010 supra
1614 2986 1640 3004 n.
1659 2979 1685 3004 9.
2136 2976 2147 2992 ⁸
2166 2978 2242 3004 Vers.
2261 2979 2302 3004 23.

1414 3020 1426 3036 ⁹
1446 3023 1519 3048 Vere.
1540 3023 1564 3048 l.
1583 3025 1608 3048 et
1627 3023 1652 3048 2.
1671 3036 1706 3041 —
1725 3022 1815 3048 Glossa
1834 3021 2016 3049 interlinearis
2045 3022 2086 3054 (ex
2115 3022 2214 3055 Beda):
2235 3022 2302 3048 Cum

1343 3067 1434 3091 autem
1453 3058 1572 3092 videritis
1590 3069 1640 3091 etc.
1659 3066 1802 3098 Hucusque
1819 3072 1850 3091 ea
1869 3072 1938 3098 quae
1957 3072 2005 3097 per
2023 3065 2197 3099 quadraginta
2212 3072 2302 3095 annos,

1344 3109 1461 3135 nondum
1481 3109 1532 3135 tine
1551 3109 1721 3140 adveniente,
1741 3111 1827 3135 sutura
1852 3113 1939 3141 erant,
1969 3110 2011 3135 hic
2040 3109 2097 3135 linis
2122 3109 2302 3141 desolationis,

1344 3160 1414 3186 quae
1432 3160 1446 3179 a
1466 3153 1590 3179 Romanis
1609 3154 1675 3179 tacta
1693 3157 1740 3179 est.
2039 3183 2043 3186 ,

1416 3197 1439 3212 ¹⁰
1457 3197 1542 3224 Codd.
1560 3197 1674 3224 CDGH
1697 3197 1926 3232 appropinquabit
1934 3208 1945 3231 ,·
1974 3199 2020 3224 cfr.
2048 3205 2129 3230 supra
2148 3205 2210 3230 pag.
2236 3198 2302 3230 258,

1344 3244 1406 3267 nota
1426 3242 1450 3267 l.
1470 3242 1543 3267 2.-
1556 3241 1680 3274 Sequitur
1693 3241 1758 3267 Dan.
1772 3242 1803 3273 9,
1823 3242 1865 3267 26.
1884 3249 1939 3274 seq.
1959 3255 1994 3260 —
2012 3240 2064 3267 Csr.
2083 3241 2207 3272 August„
2224 3242 2302 3273 Epist.

1346 3286 1406 3311 499.
1426 3285 1500 3318 (elias
1518 3285 1571 3318 80.)
1592 3292 1615 3311 c.
1634 3285 1660 3311 9.
1679 3292 1704 3311 n.
1724 3286 1766 3311 25.
1785 3293 1860 3319 seqq.

1417 3328 1438 3344 ¹¹
1460 3329 1534 3355 Vei-s.
1555 3329 1597 3355 13.
1616 3336 1671 3362 seq.
1691 3333 1716 3356 et
1735 3330 1797 3356 dein
1817 3330 1866 3360 ⁴9,
1887 3330 1928 3354 49.
1942 3328 1994 3355 Csr.
2007 3328 2142 3360 Ambros.‚
2155 3330 2187 3355 x.
2200 3329 2226 3355 in
2240 3329 2302 3355 Luc.

1345 3380 1368 3400 c.
1388 3374 1432 3400 21.
1450 3380 1476 3410 p.
1496 3373 1538 3399 ⁴5.
1556 3380 1631 3406 seqq.

1417 3416 1439 3432 ¹²
1460 3417 1534 3443 Vers.
1548 3417 1596 3448 26,
1616 3417 1658 3443 cul
1677 3416 1839 3443 subnectitur
1858 3415 1903 3442 lob
1926 3416 1970 3448 19,
1991 3417 2032 3443 42.

2332 578 2409 605 Primo.
2422 580 2444 602 de

2321 604 2377 626 hello
2392 612 2444 633 prae-

2343 631 2429 655 cedente

2322 736 2437 760 Periculum

2335 769 2422 791 pugnae.

2332 1426 2436 1454 Expositiu

2324 1453 2442 1480 spiritualis.

2323 2168 2407 2196 Figura.

2322 2485 2445 2508 Remedium

2349 2514 2417 2540 fugae.
