2427 3872
282 283 345 314 698

529 326 592 352 cun
614 326 669 358 (12)

332 386 366 389 —
387 371 450 396 Viae
470 370 562 396 Christi
581 373 640 395 sunt
660 373 798 402 praecepta
817 373 842 394 et
855 376 917 394 eon-

279 416 334 441 silia
356 416 386 441 Vl
408 415 456 440 148
478 423 502 440 v.
525 415 556 439 17
575 428 611 433 —
630 421 690 440 cum
714 414 838 439 comitatu
868 420 916 438 suo

279 461 399 491 designat
417 463 499 485 status
519 459 628 485 iustitiae
650 459 691 484 Vll
713 458 762 483 172
783 458 811 483 31
835 471 871 476 -
890 458 916 482 111

279 505 401 530 comitatu
421 504 515 530 Christi
534 504 624 535 triplex
643 503 747 528 castitas
768 502 818 527 189
839 501 854 527 4

331 563 366 568 —-
385 549 465 574 esurit
492 548 581 574 cibum
610 547 723 573 iustitiae
742 547 785 572 Vll
807 546 857 571 148
883 546 916 570 52

278 608 312 613 -
331 596 433 618 recusat
453 593 628 622 manducare,
655 592 739 622 magis
764 591 917 616 desiderans

277 637 364 663 cibum
394 637 555 668 spiritualem
584 642 665 669 quam
696 635 858 667 corporalem
884 634 916 658 Vl

278 683 327 707 297
349 682 376 708 51
404 696 435 699 -
456 680 612 706 vescebatur
636 680 696 705 cibo
722 679 845 705 aeternali
865 679 918 710 glo-

278 727 331 752 riae
351 726 402 751 555
423 734 446 750 v.
477 727 491 750 8
513 740 546 743 —
565 728 624 750 ante
644 724 831 750 comestionem
861 730 918 754 gra-

278 774 325 798 tias
344 772 440 804 agebat
468 775 493 797 et
518 771 591 797 cibos
620 769 792 796 benedicebat
811 770 862 795 322
883 770 916 794 22

278 832 312 836 -
331 818 385 842 Mos
404 820 459 842 erat
478 816 579 847 Christi,
598 819 626 841 ut
639 822 744 847 semper
758 813 917 839 benedictio-

278 869 338 887 nem
358 861 534 893 praemitteret
553 865 612 885 ante
631 859 860 885 manducationem
876 859 916 883 Vll

278 907 328 932 596
350 907 382 931 37

330 965 365 969 —
384 950 525 980 obdormit,
546 949 653 981 quando
667 948 724 973 eius
736 954 811 972 amor
825 950 849 972 et
863 954 916 972 me-

278 995 359 1020 moria
389 994 511 1025 torpescit
540 993 565 1018 in
585 993 664 1018 corde
684 993 725 1017 Vll
752 992 798 1017 201
825 991 856 1016 46
882 1005 916 1009 —

278 1040 304 1064 in
324 1046 351 1064 se
371 1045 421 1064 11011
441 1038 588 1068 obdormit,
607 1037 654 1062 sed
668 1037 695 1061 in
709 1036 785 1061 nobis
803 1035 865 1061 ibid.
883 1049 916 1053 —-

277 1084 401 1109 excitatus
420 1086 534 1114 praestat
553 1081 700 1107 remedium
723 1079 773 1105 199
794 1081 826 1105 38

330 1142 364 1145 —
384 1134 432 1159 pro
451 1126 528 1152 nobis
544 1132 641 1159 pauper
655 1126 738 1150 sactus
751 1127 789 1149 est
802 1127 827 1149 et
841 1124 916 1156 inops

278 1173 309 1197 Vl
331 1172 357 1197 41
382 1179 408 1196 v.
430 1172 472 1197 15.
493 1171 533 1196 Vll
556 1170 587 1195 48
609 1170 641 1195 16
661 1184 696 1187 —-
716 1171 799 1194 sactus
815 1176 917 1201 egenus

277 1217 319 1241 Vll
334 1217 384 1241 302
397 1216 442 1241 78.
455 1216 505 1240 522
521 1215 535 1240 6
555 1229 590 1233 -
607 1218 645 1240 est
658 1221 760 1246 pauper
773 1216 798 1238 et
811 1213 917 1244 sapiens

278 1263 309 1287 Vl
324 1262 357 1286 78
372 1268 398 1286 V.
419 1260 451 1285 15
467 1274 499 1278 ——
513 1262 623 1291 apparet
642 1259 762 1290 indigens
778 1259 820 1283 Vh
836 1259 868 1283 92
884 1259 916 1283 13

329 1319 364 1324 -
383 1308 479 1330 statum
499 1304 623 1336 pauperis
642 1303 794 1335 praeposuit
812 1306 837 1328 et
851 1304 917 1328 sacto

278 1354 303 1376 et
323 1349 405 1375 verbo
425 1350 458 1374 Yl
481 1349 514 1374 59
535 1356 562 1381 q.
582 1349 591 1373 1
616 1362 650 1367 -
670 1348 742 1373 dedit
768 1347 917 1379 exemplum

277 1394 438 1427 paupertatis
458 1394 500 1418 Vll
521 1393 570 1418 148
592 1393 634 1417 51.
654 1393 705 1417 380
725 1392 767 1417 66.
782 1393 833 1417 522
855 1392 869 1416 6
883 1405 918 1410 -

278 1440 302 1464 111
322 1439 470 1470 exemplum
490 1437 641 1462 imitationis
661 1438 743 1462 sactus
762 1439 801 1461 est
820 1436 919 1461 mendi-

278 1491 325 1509 cus
344 1483 394 1508 249
420 1483 466 1507 105

332 1541 366 1546 --
385 1534 435 1552 non
455 1527 539 1552 solum
567 1534 581 1551 a
612 1525 700 1556 bonis,
730 1525 776 1550 sed
805 1525 883 1550 etiam
904 1531 918 1549 a

279 1573 352 1597 malis
372 1571 517 1603 accipiebat
536 1572 730 1601 eleemosynam
752 1570 794 1595 Vll
815 1570 865 1594 302
884 1569 918 1594 78

279 1631 313 1636 -
332 1617 512 1647 eleemosynas
530 1615 631 1646 accepit
650 1618 675 1640 et
693 1615 771 1639 etiam
790 1614 918 1639 mendica-

280 1662 325 1690 vit,
345 1668 404 1686 cum
430 1660 517 1685 adhuc
542 1663 610 1685 esset
635 1659 783 1684 duodennis
803 1657 864 1684 ibid.
885 1672 918 1675 —-

280 1705 449 1730 manducavit
474 1711 568 1736 panem
595 1704 708 1729 alienum
728 1703 763 1728 ob
783 1705 919 1734 pauperta—

280 1753 331 1775 tem
352 1749 403 1774 358
424 1750 439 1774 2
458 1764 492 1767 -—
512 1749 585 1780 petiit
614 1752 719 1780 potum,
739 1748 801 1780 quia
822 1747 921 1778 indige-

280 1793 324 1819 bat
347 1797 372 1819 et
402 1797 428 1818 ut
454 1793 590 1818 mulierem
616 1793 723 1818 doceret
752 1792 783 1816 Vl
804 1792 855 1816 292
879 1791 918 1815 15.

280 1838 331 1863 293
352 1837 384 1862 24
405 1837 432 1862 2*

332 1896 367 1901 -
386 1881 520 1906 accedenti
539 1881 635 1912 duplici
657 1880 736 1905 corde
755 1883 862 1911 propter
876 1887 921 1910 pe-

279 1927 383 1952 cuniam
404 1926 497 1951 miram
518 1925 629 1950 ostendit
648 1925 765 1956 inopiam
780 1931 855 1950 suam
877 1924 918 1949 Vll

280 1971 330 1996 249
357 1970 401 1995 104
423 1984 455 1988 —
476 1970 538 1994 nihil
564 1969 675 2001 appetit,
695 1968 741 1994 sed
768 1968 812 1993 dat
837 1968 921 1993 omni-

280 2015 330 2040 bus
350 2015 383 2040 92
405 2015 438 2040 15
457 2029 492 2032 -
512 2013 602 2039 habuit
616 2014 715 2039 loculos
728 2020 780 2038 non
793 2013 826 2038 ad
842 2019 919 2038 usum

279 2067 372 2089 suum,
391 2059 439 2084 sed
458 2059 543 2090 magis
562 2059 596 2083 ad
617 2065 694 2083 usum
714 2064 872 2089 pauperum,
896 2060 921 2082 et

280 2103 383 2129 nolebat
403 2111 432 2128 ea
452 2110 521 2136 quae
533 2103 593 2128 data
606 2106 679 2128 erant
698 2101 875 2134 pauperibus,
894 2101 920 2126 in

281 2156 358 2174 usum
388 2155 466 2174 suum
495 2150 648 2173 convertere
679 2147 710 2172 Vl
741 2147 791 2172 413
821 2147 853 2172 12
883 2146 919 2171 4*.

281 2193 331 2218 430
351 2193 384 2218 36

334 2252 368 2255 -
387 2244 415 2263 se
436 2238 495 2263 tecit
515 2243 659 2269 pauperem
680 2236 712 2262 ad
728 2243 775 2261 nos
789 2242 921 2268 pauperes

280 2282 401 2307 ditandos
420 2285 445 2307 et
463 2282 629 2307 honorandos
648 2281 690 2306 Vll
711 2281 762 2306 175
777 2280 819 2306 40.
839 2280 890 2306 358
905 2281 919 2305 2

280 2341 315 2345 -
334 2327 405 2351 solus
424 2326 516 2352 exaltat
536 2331 667 2357 pauperes
688 2325 738 2350 175
759 2325 800 2350 40.
822 2325 872 2349 176
887 2324 919 2350 43

281 2386 315 2388 -
335 2372 417 2396 sactus
436 2374 474 2395 est
495 2377 542 2401 pro
568 2370 644 2395 nobis
673 2377 774 2401 pauper
794 2372 819 2394 et
838 2369 863 2393 in
889 2369 921 2393 la-

282 2414 390 2440 boribus
410 2416 499 2440 multis
520 2415 570 2440 405
591 2415 605 2439 6
625 2418 728 2439 -erat
742 2420 845 2439 summe
859 2420 921 2445 pau-

281 2467 327 2492 per
348 2460 397 2484 506
419 2460 450 2484 19
471 2474 506 2478 —-
525 2463 632 2491 propter
651 2466 698 2484 nos
717 2466 819 2490 pauper
839 2459 921 2484 sactus

281 2508 332 2536 est,
347 2508 375 2529 ut
395 2511 442 2529 nos
462 2505 582 2529 invitaret
595 2504 628 2529 ad
642 2506 824 2535 paupertatem
840 2502 871 2527 47
888 2502 920 2527 15

334 2562 369 2566 -
389 2555 435 2579 per
454 2555 529 2573 suam
549 2548 730 2573 omnimodam
752 2547 920 2578 indigentiam

281 2592 417 2617 damnavit
435 2599 543 2617 avaram
563 2592 723 2623 opulentiam
738 2595 762 2616 et
776 2591 865 2616 docuit
879 2591 921 2615 eli-

282 2637 395 2667 gendam
424 2639 605 2668 paupertatem
637 2636 677 2661 vll
698 2636 729 2661 48
751 2636 784 2660 ¹15
803 2650 837 2653 —
862 2642 921 2660 eon-

284 2681 389 2712 tempsit
409 2681 514 2705 divitias
523 2700 529 2711 ‚
543 2681 655 2705 honores
668 2683 693 2704 et
706 2679 811 2704 delicias
830 2683 855 2704 et
868 2686 921 2704 sus-

283 2725 357 2749 tinuit
386 2728 582 2756 paupertatem,
609 2724 735 2748 x'ilitatem
765 2727 791 2748 et
816 2729 920 2748 crucem

285 2770 293 2793 ¹1
307 2769 329 2793 11
354 2769 388 2793 93
403 2782 436 2786 -
450 2768 539 2793 docuit
558 2768 688 2793 mundum
708 2770 875 2792 contemnere
891 2767 920 2791 Vl

284 2813 330 2837 601
355 2820 380 2837 v,
402 2813 444 2837 15.
464 2813 506 2837 Vll
521 2812 553 2837 48
569 2813 601 2837 16
615 2826 649 2830 -
663 2811 732 2837 bona
746 2815 848 2836 terrena
862 2818 922 2836 con-

283 2857 403 2888 tempsit,
417 2861 445 2882 ut
458 2856 648 2882 contemnenda
670 2859 840 2886 monstraret,
854 2856 922 2880 mala

283 2902 418 2932 sustinuit,
439 2908 471 2926 ne
491 2901 642 2931 timerentur
663 2901 694 2925 Vl
715 2901 766 2925 322
787 2900 820 2924 25

336 2960 370 2963 -
391 2945 505 2977 benigne
526 2952 656 2977 pauperes
675 2944 787 2976 respexit
808 2944 850 2969 Vll
872 2945 922 2969 113

286 2990 310 3015 4.
334 2990 379 3015 148
401 2990 442 3015 50.
464 2990 509 3015 521
536 2991 550 3014 3
569 3003 605 3008 ——
623 2990 693 3015 venit
708 2990 739 3014 ad
755 2996 885 3021 pauperes
898 2993 923 3014 et

284 3034 412 3066 ignobiles
432 3034 482 3060 543
505 3035 537 3059 15
550 3048 585 3053 —
598 3035 662 3059 mira
677 3035 849 3059 familiaritate
861 3041 922 3059 cum

284 3079 418 3110 discipulis
437 3078 569 3104 discubuit
588 3079 639 3104 545
660 3080 692 3104 20

338 3138 371 3141 -
397 3124 519 3149 altissima
549 3127 703 3155 paupertate
731 3124 793 3148 nihil
819 3123 923 3149 volebat

285 3172 389 3200 portare
409 3169 434 3193 in
455 3169 496 3193 via
522 3168 563 3193 vu
589 3169 639 3193 228
661 3169 693 3193 38
714 3182 747 3186 —-
767 3169 829 3193 nihil
850 3175 924 3200 pror-

285 3221 329 3238 sus
349 3213 439 3238 habuit
459 3220 505 3244 per
532 3220 663 3238 summam
689 3220 778 3237 rerum
799 3213 924 3238 mendici-

286 3262 363 3282 tatem
384 3258 433 3282 463
456 3257 482 3282 41
508 3271 542 3275 —
561 3257 654 3283 Christi
682 3260 823 3288 paupertas
842 3264 924 3288 appa-

286 3302 337 3326 ruit
357 3302 380 3326 in
402 3303 465 3333 hoc,
485 3302 556 3333 quod
578 3308 676 3332 paucos
695 3308 776 3332 panes
795 3305 820 3326 et
839 3302 924 3333 pisces

286 3345 376 3371 habuit
395 3353 454 3371 cum
476 3346 610 3376 discipulis
626 3346 655 3371 Vl
676 3346 727 3370 319
751 3346 780 3371 10

339 3403 373 3408 -
392 3389 527 3415 habitavit
552 3390 737 3421 Capharnaum
758 3390 789 3414 Vl
815 3390 865 3415 273
892 3391 923 3415 19

286 3447 320 3452 -
340 3441 390 3458 non
410 3434 500 3459 habuit
519 3434 628 3459 domum
654 3441 700 3465 per
724 3434 924 3466 proprietatem,

1145 280 1260 312 INDEX
1285 280 1412 313 RERUM

954 369 1000 394 sed
1016 369 1157 400 hospitium
1172 369 1205 394 ad
1219 369 1306 401 quiete
1320 368 1481 393 manendum
1496 367 1547 393 264
1562 367 1595 393 84

955 427 988 432 ——
1010 414 1159 445 frequenter
1184 416 1255 438 extra
1284 413 1394 438 domum
1424 411 1597 443 pernoctabat

956 457 1006 482 479
1026 457 1041 482 8

1008 516 1042 519 -
1062 508 1158 533 magna
1178 501 1329 533 dignatione
1349 500 1492 532 hospitium
1507 503 1597 531 petere

955 552 1006 571 non
1026 545 1131 570 erubuit
1157 545 1199 570 vu
1221 545 1271 570 474
1292 546 1307 569 8
1327 559 1362 564 -
1381 544 1487 576 petebat
1513 543 1597 575 hospi-

955 590 1034 620 tium,
1054 590 1115 621 quia
1136 589 1271 621 indigebat
1297 589 1347 613 475
1368 589 1383 613 8
1403 602 1438 606 —
1457 588 1491 613 ad
1513 595 1598 613 exem-

955 635 1029 665 plum
1049 634 1201 659 humilitatis
1220 633 1246 658 in
1266 633 1346 658 domo
1375 632 1521 664 peccatoris
1540 639 1597 657 esse

955 678 1038 703 voluit
1052 676 1114 703 ibid.
1128 691 1160 695 —
1175 677 1209 702 ad
1227 678 1377 708 exemplum
1393 676 1544 701 humilitatis
1556 683 1598 701 ne-

955 722 1100 747 cessitatem
1121 728 1196 747 suam
1217 721 1348 746 humiliter
1367 720 1500 746 indicabat
1518 719 1580 746 ibid.

1007 780 1043 785 —
1063 769 1187 798 tanquam
1208 772 1310 797 pauper
1330 768 1355 790 et
1373 772 1474 796 egenus
1498 764 1598 790 invenit

955 811 1096 842 hospitium
1118 811 1142 835 in
1162 810 1266 836 castello
1286 809 1427 835 Bethaniae
1441 809 1483 834 Vll
1498 810 1549 834 272
1564 809 1597 834 66

954 869 989 874 -
1009 854 1190 886 hospitabatur
1210 854 1350 879 Bethaniae
1365 854 1389 879 in
1403 854 1484 879 domo
1504 854 1599 879 Mariae

954 902 979 924 et
998 900 1111 924 Marthae
1131 899 1162 923 Vl
1184 899 1236 924 353
1257 899 1272 924 2
1292 898 1367 923 —in
1387 898 1599 930 peregrinatione

955 943 1114 969 mendicavit
1133 944 1215 968 aliena
1237 943 1348 974 hospitia
1374 943 1418 968 Vll
1439 942 1489 968 246
1510 942 1544 967 95
1563 956 1598 961 -

954 995 1055 1019 pauper
1074 988 1176 1020 quaerit
1195 987 1306 1013 domum
1326 987 1360 1012 ab
1379 988 1430 1013 alio
1450 987 1501 1013 543
1518 987 1548 1012 13
1564 990 1598 1005 ‘—

954 1032 1059 1057 intravit
1077 1032 1103 1056 in
1132 1032 1243 1057 domum
1272 1032 1383 1056 alienam
1404 1038 1451 1063 per
1470 1031 1598 1057 humilita-

955 1079 1006 1102 tem
1027 1076 1077 1101 358
1098 1077 1113 1102 2

1006 1134 1041 1139 ——
1061 1125 1199 1152 susceptus
1219 1121 1390 1152 corporaliter
1415 1127 1430 1145 a
1454 1121 1551 1145 Martha
1572 1120 1597 1145 in

953 1166 1035 1191 domo
1060 1165 1195 1196 exteriori,
1222 1165 1392 1197 spiritualiter
1420 1171 1435 1190 a
1464 1165 1541 1190 Maria
1570 1164 1597 1190 in

953 1211 1034 1236 domo
1055 1210 1169 1235 interiori
1190 1210 1232 1235 Vll
1253 1210 1304 1235 276
1325 1210 1358 1235 76

1009 1269 1042 1273 ——
1062 1254 1199 1280 descendit
1224 1255 1258 1280 ad
1283 1254 1403 1279 homines
1423 1261 1470 1286 per
1489 1252 1598 1279 humili-

955 1298 1038 1326 tatem
1057 1299 1100 1324 Vll
1121 1300 1153 1324 68
1177 1299 1226 1324 108
1246 1313 1281 1317 -
1301 1298 1436 1324 descendit
1460 1299 1494 1324 ad
1513 1305 1598 1324 exem-

955 1345 1028 1376 plum
1048 1344 1200 1369 humilitatis
1221 1343 1271 1368 146
1292 1344 1324 1369 42
1343 1357 1378 1362 —-
1397 1346 1453 1368 erat
1471 1350 1534 1368 vere
1553 1344 1599 1368 hu-

956 1389 1023 1414 milis
1043 1392 1068 1414 et
1087 1389 1190 1420 patiens
1210 1389 1243 1414 Vl
1275 1388 1325 1414 124
1347 1396 1372 1414 v.
1392 1388 1425 1413 19
1445 1403 1479 1406 —
1499 1388 1600 1420 specia-

956 1434 1012 1459 liter
1032 1434 1104 1465 eligit
1124 1433 1231 1459 liumilia
1252 1433 1303 1458 269
1324 1434 1357 1459 59
1377 1433 1532 1458 —humilis
1545 1440 1598 1458 non

956 1478 1114 1510 dedignatur
1133 1485 1191 1504 esse
1211 1478 1276 1503 inter
1297 1478 1400 1510 plebem
1415 1478 1540 1503 humilem
1556 1478 1598 1503 Vll

957 1525 989 1549 82
1010 1523 1043 1548 48
1062 1537 1098 1542 -
1117 1524 1231 1555 perfecta
1261 1523 1405 1548 humilitate
1433 1523 1510 1548 etiam
1538 1523 1599 1547 inse-

957 1568 1018 1593 riori
1037 1575 1065 1593 se
1084 1567 1196 1593 subiecit
1215 1567 1249 1593 ib.
1270 1567 1302 1592 49

1011 1627 1044 1630 —
1064 1613 1137 1638 dedit
1156 1612 1232 1638 nobis
1257 1613 1407 1644 exemplum
1436 1615 1462 1637 et
1487 1613 1598 1637 formam

956 1658 1108 1683 humilitatis
1129 1657 1170 1682 vll
1190 1657 1224 1682 68
1246 1657 1295 1682 107
1309 1671 1344 1676 -
1363 1657 1436 1682 dedit
1449 1657 1597 1688 exemplum

956 1702 1125 1727 omnimodae
1145 1702 1296 1727 humilitatis
1318 1702 1366 1726 167
1383 1702 1407 1727 8.
1421 1702 1471 1726 228
1490 1701 1531 1726 37.
1547 1701 1598 1726 545

957 1747 990 1772 20
1004 1760 1039 1766 -
1051 1746 1124 1772 dedit
1136 1753 1271 1771 summum
1285 1746 1435 1778 exemplum
1447 1746 1599 1771 humilitatis

958 1791 1009 1816 457
1029 1791 1062 1816 25
1076 1805 1111 1810 --
1130 1791 1202 1816 dedit
1215 1791 1364 1822 exemplum
1386 1790 1538 1816 humilitatis
1552 1791 1599 1815 1'or-

956 1842 1027 1867 mam
1042 1835 1112 1860 servi
1125 1835 1256 1866 accipiens
1270 1835 1321 1860 244
1336 1836 1368 1859 88
1382 1848 1418 1853 —
1431 1834 1503 1860 dedit
1517 1841 1600 1859 exem-

957 1880 1031 1911 plum
1045 1879 1210 1910 humilitatis,
1223 1886 1255 1904 ne
1269 1887 1316 1911 per
1335 1879 1526 1904 contentionem
1547 1878 1601 1903 uni-

958 1928 997 1949 tas
1016 1924 1145 1949 Ecclesiae
1165 1927 1332 1955 rumperetur
1352 1924 1384 1948 Vl
1406 1923 1456 1948 429
1478 1923 1512 1948 25

1011 1982 1046 1987 --
1064 1968 1089 1993 111
1110 1968 1185 1993 terris
1205 1968 1277 1993 dedit
1303 1968 1378 1999 signa
1404 1967 1557 1993 humilitatis
1576 1971 1601 1992 et

958 2013 1132 2044 paupertatIs,
1152 2013 1227 2038 cuius
1256 2012 1395 2037 humilitati
1419 2012 1602 2037 contradicunt

957 2057 1065 2090 superbi
1092 2057 1135 2082 Vll
1164 2058 1215 2082 290
1243 2057 1275 2082 42
1300 2071 1333 2076 —
1360 2056 1432 2082 dedit
1451 2057 1601 2088 exemplum

957 2102 1109 2128 humilitatis
1129 2103 1153 2127 in
1182 2102 1347 2134 contusione,
1367 2102 1492 2127 eiectione
1511 2104 1537 2126 et
1556 2108 1602 2133 pu-

957 2147 1053 2173 nitione
1073 2147 1105 2172 Vl
1126 2147 1176 2171 617
1197 2146 1212 2172 4
1231 2160 1268 2165 -
1286 2146 1331 2172 dat
1349 2147 1499 2178 exemplum
1519 2146 1602 2171 humi-

957 2192 1034 2217 litatis
1047 2192 1114 2217 sicut
1129 2192 1244 2217 1011115101Ὶ
1258 2191 1383 2217 ministris
1402 2191 1531 2217 Ecclesiae
1551 2190 1602 2216 425

958 2237 982 2267 5,
997 2237 1012 2261 6
1026 2250 1060 2254 —
1075 2236 1119 2261 dat
1138 2237 1287 2268 exemplum
1309 2235 1460 2261 humilitatis
1479 2235 1602 2261 ordinans

957 2281 992 2306 ad
1011 2281 1094 2306 Deum
1111 2280 1161 2306 543
1178 2282 1193 2306 2
1212 2295 1247 2298 ——
1267 2280 1380 2306 ostendit
1393 2280 1418 2305 in
1432 2287 1460 2305 se
1475 2280 1532 2311 ipso
1546 2286 1601 2304 mo-

958 2326 1023 2351 dum
1040 2326 1192 2351 humilitatis
1212 2325 1258 2350 541
1283 2325 1299 2350 7
1319 2339 1354 2343 -
1372 2326 1409 2350 sic
1428 2324 1520 2356 debuit
1539 2325 1602 2349 dare

957 2371 1107 2402 exemplum
1128 2370 1295 2400 humilitatis,
1315 2373 1343 2395 ut
1363 2372 1449 2394 tamen
1472 2369 1533 2394 fidei
1559 2375 1602 2393 ve-

957 2415 1024 2440 ritati
1045 2422 1096 2440 non
1117 2415 1308 2446 praeiudicaret
1328 2413 1379 2439 504
1400 2414 1433 2438 69

1010 2474 1045 2477 -
1066 2467 1117 2485 11011
1136 2458 1271 2484 ambiebat
1285 2460 1410 2483 honorem
1429 2458 1472 2483 Vll
1495 2458 1538 2482 111
1558 2457 1600 2482 94.

958 2504 1009 2529 112
1023 2504 1057 2529 95
1069 2505 1256 2529 —humanam
1270 2503 1381 2535 gloriam
1399 2506 1423 2528 et
1438 2504 1532 2527 samam
1548 2509 1600 2527 non

958 2547 1116 2580 quaerebat,
1142 2548 1187 2573 sed
1214 2548 1331 2579 fugiebat
1358 2548 1407 2572 122
1437 2547 1470 2572 35
1494 2553 1599 2571 —non

958 2593 1059 2624 quaerit
1084 2593 1194 2623 gloriam
1221 2599 1295 2617 suam
1322 2592 1353 2617 Vl
1382 2592 1432 2616 370
1454 2591 1488 2616 77
1508 2605 1543 2610 —
1563 2594 1601 2616 est

959 2637 1041 2662 iustus
1060 2640 1085 2661 et
1098 2643 1192 2668 verax,
1212 2643 1272 2661 cum
1294 2643 1346 2661 non
1360 2638 1469 2668 quaerat
1489 2635 1599 2666 gloriam

958 2688 1032 2706 suam
1054 2681 1104 2705 343
1125 2682 1158 2706 23
1179 2695 1214 2699 —
1233 2687 1285 2705 non
1309 2679 1487 2711 respondebat
1511 2679 1602 2704 001111-

959 2725 1011 2754 cio,
1031 2725 1092 2757 quia
1105 2725 1138 2749 de
1158 2725 1239 2756 gloria
1260 2731 1313 2749 non
1326 2723 1435 2749 curabat
1453 2723 1501 2748 367
1519 2723 1550 2748 67
1566 2737 1601 2742 —

958 2769 1106 2794 secundum
1130 2770 1271 2793 humanam
1298 2771 1418 2793 naturam
1445 2775 1496 2793 non
1516 2771 1601 2799 potest

959 2821 986 2838 50
1006 2813 1152 2844 glorificare
1172 2813 1218 2837 371
1244 2813 1277 2836 85
1298 2826 1330 2829 —
1350 2819 1402 2837 non
1427 2812 1529 2844 quaerit
1549 2812 1601 2843 glo-

959 2858 1025 2883 riam
1045 2857 1179 2889 propriam
1199 2857 1252 2881 317
1267 2856 1311 2888 72,
1330 2856 1373 2886 73,
1393 2856 1427 2881 75
1446 2870 1481 2875 -
1500 2857 1601 2888 quaesi-

960 2903 996 2927 vit
1015 2902 1125 2933 gloriam
1146 2901 1307 2931 Divinitatis,
1326 2908 1378 2925 non
1397 2908 1460 2926 suae
1481 2901 1602 2926 humani-

959 2947 1018 2972 tatis
1032 2946 1081 2972 343
1097 2947 1129 2971 23
1140 2961 1175 2964 —-
1186 2945 1320 2977 propriam
1335 2946 1443 2977 gloriam
1460 2952 1510 2970 non
1524 2952 1602 2978 quae-

960 2992 1005 3023 rit,
1025 2991 1072 3017 sed
1092 2991 1173 3016 Patris
1188 2990 1237 3016 438
1261 2990 1292 3015 14
1311 3004 1346 3008 -
1365 2990 1507 3015 claritatem
1525 2997 1600 3015 suam

960 3035 1117 3069 quaerebat,
1138 3039 1164 3061 ut
1183 3042 1213 3061 ex
1239 3035 1280 3060 illa
1306 3035 1497 3066 glorificaretur
1516 3035 1600 3065 Deus,

960 3088 1012 3106 non
1037 3080 1190 3112 quaerendo
1215 3080 1351 3111 propriam
1377 3079 1488 3111 gloriam
1514 3080 1565 3104 468
1585 3079 1600 3103 9

960 3139 995 3144 -
1014 3132 1065 3149 11011
1085 3123 1229 3157 quaerebat
1243 3123 1352 3155 gloriam
1373 3130 1462 3154 suam,
1481 3123 1527 3148 sed
1542 3123 1600 3153 Dei,

960 3176 1012 3194 non
1032 3176 1109 3193 suum
1130 3168 1316 3199 commodum,
1335 3168 1382 3193 sed
1402 3170 1517 3193 nostram
1536 3168 1602 3192 salu·

961 3217 1013 3239 tem
1034 3213 1077 3238 Vll
1097 3213 1130 3237 69
1152 3213 1202 3237 110

1013 3271 1049 3277 —-
1067 3257 1170 3282 instruit
1189 3263 1237 3281 suo
1256 3257 1376 3288 exemplo
1397 3247 1501 3281 laudem
1519 3256 1601 3281 vitare

962 3302 1003 3326 Vll
1028 3301 1079 3326 120
1099 3302 1132 3326 29
1152 3314 1187 3319 -
1206 3301 1328 3326 informat
1356 3300 1390 3325 ad
1419 3300 1601 3326 occultandam

960 3346 1136 3371 excellentiam
1157 3345 1207 3370 503
1229 3345 1244 3370 9
1263 3359 1299 3364 --
1318 3352 1369 3370 non
1389 3345 1547 3376 praesumsit
1566 3345 1603 3370 di-

960 3391 1086 3422 gnitatem
1112 3390 1144 3414 Vl
1165 3389 1214 3414 497
1236 3390 1269 3414 33
1289 3403 1323 3408 —
1344 3389 1368 3414 in
1388 3390 1537 3420 exemplum
1566 3389 1603 3414 vi·

961 3434 1055 3460 tandae
1074 3434 1237 3465 arrogantiae
1257 3432 1373 3458 attribuit
1393 3434 1459 3458 Patri
1474 3435 1601 3459 honorem

1883 323 1947 350 CHR
1969 324 2026 357 (12)
2209 350 2211 353 ,

1634 367 1791 399 sapientiae,
1811 368 1941 399 potentiae
1960 372 1985 393 et
2003 369 2129 400 iustitiae,
2148 376 2215 402 quas
2239 376 2278 395 ex·

1635 411 1719 436 hibuit
1744 411 1820 437 nobis
1848 412 1874 437 in
1893 419 1921 437 se
1941 412 1998 444 ipso
2018 413 2069 438 572
2088 421 2114 438 v.
2135 414 2167 438 16
2193 429 2228 432 —
2247 421 2276 439 ea

1634 462 1703 488 quae
1722 460 1782 481 sunt
1802 456 1944 489 Trinitatis,
1970 457 2036 482 Patri
2056 458 2221 490 appropriat,
2251 461 2278 483 ut

1635 507 1683 525 nos
1703 500 1833 525 humiliari
1853 501 1946 532 doceat
1964 501 2015 527 332
2036 502 2069 527 79
2088 517 2124 520 -
2136 509 2191 527 11011
2205 503 2278 528 facie-

1635 544 1679 569 bat
1693 552 1774 576 opera
1793 545 1826 570 ad
1844 545 1953 576 gloriam
1973 553 2062 577 suam,
2082 546 2128 572 sed
2148 547 2237 572 omnia
2252 547 2277 572 in

1636 589 1746 620 gloriam
1767 589 1849 615 Patris
1869 590 1920 615 367
1940 591 1974 615 66

1688 647 1723 652 —
1743 634 1810 659 Laus
1829 633 1949 660 sublimis
1962 635 2114 661 humilitatis
2127 635 2221 662 Christi
2236 636 2277 662 Vll

1636 677 1687 703 494
1707 678 1741 703 59
1760 692 1796 697 -
1815 686 1845 704 ex
1864 679 2035 710 dispositione
2055 680 2135 705 Patris
2154 680 2226 705 venit
2244 680 2277 706 ad

1635 722 1815 748 exaltationem
1836 730 1883 754 per
1903 723 2109 749 humiliationem
2130 724 2177 750 551
2196 725 2229 749 38
2244 739 2278 743 --

1636 773 1663 791 se
1683 767 1824 792 humilians
1840 767 1966 793 exaltatus
1979 771 2018 793 est
2032 768 2083 793 365
2098 769 2130 793 23
2145 783 2180 786 -
2193 769 2281 801 dispo-

1636 811 1673 836 nit
1691 810 1768 837 nobis
1786 811 1837 837 sub
1856 812 1950 837 eodem
1976 813 2032 838 soro
2052 816 2076 838 et
2096 816 2225 845 quantum
2244 814 2278 839 ad

1636 855 1708 880 viam
1728 859 1753 881 et
1771 858 1899 888 quantum
1918 856 1952 881 ad
1972 857 2083 888 patriam
2104 857 2151 883 551
2175 858 2208 882 38

1689 913 1725 918 -
1744 903 1821 932 rogat
1840 900 1989 933 humiliter,
2019 908 2071 926 non
2099 902 2211 933 imperat
2236 902 2278 927 Vll

1639 944 1683 969 171
1702 944 1736 969 24
1750 958 1785 962 -
1804 943 1898 970 Christi
1913 945 2052 977 humilitas,
2066 952 2119 978 qua
2138 949 2214 977 rogat
2228 939 2279 971 ser-

1636 995 1716 1019 vum,
1736 995 1750 1013 a
1764 989 1886 1020 praelatis
1904 989 2030 1015 imitanda
2050 989 2101 1015 114
2121 989 2137 1014 5
2156 1004 2192 1009 -
2211 990 2279 1015 nole-

1636 1032 1681 1058 bat
1709 1040 1766 1058 esse
1791 1033 1923 1065 aquuibus
1951 1040 2079 1059 onerosus
2108 1033 2159 1059 207
2186 1034 2219 1059 64
2244 1049 2279 1052 -

1636 1077 1705 1102 Multi
1719 1077 1878 1103 erubescunt
1891 1078 2063 1103 humilitatem
2074 1077 2168 1104 Christi
2180 1078 2231 1103 229
2246 1078 2273 1103 41

1691 1136 1724 1140 —-
1743 1123 1837 1148 exaltat
1850 1122 1963 1147 humiles
1975 1125 2000 1148 et
2013 1122 2133 1148 humiliat
2149 1122 2280 1154 superbos

1638 1166 1679 1192 Vll
1707 1166 1741 1192 73
1773 1167 1805 1192 12
1830 1181 1865 1185 -
1890 1166 2004 1198 benigne
2032 1167 2139 1199 respicit
2167 1167 2280 1193 humiles

1636 1211 1688 1236 474
1708 1212 1722 1236 8
1744 1225 1779 1230 -
1799 1211 1865 1243 sugit
1883 1218 1897 1236 a
1917 1211 2039 1243 superbis
2066 1215 2092 1237 et
2119 1219 2134 1237 a
2154 1211 2279 1238 cordibus

1636 1255 1746 1287 lapideis
1766 1256 1797 1281 Vl
1817 1256 1868 1281 372
1889 1256 1923 1281 87

1690 1314 1725 1319 -
1744 1307 1792 1332 per
1811 1307 1886 1325 suam
1906 1300 2078 1326 humilitatem
2103 1302 2218 1326 confutat
2239 1308 2280 1326 su-

1637 1344 1773 1376 perbiam,
1793 1352 1841 1377 per
1867 1345 1991 1370 virtutem
2020 1345 2166 1377 desidiam,
2188 1351 2235 1377 per
2255 1345 2279 1370 li-

1638 1389 1798 1414 beralitatem
1818 1393 1843 1415 et
1863 1389 2051 1421 benignitatem
2076 1390 2214 1421 perfidiam
2236 1390 2277 1415 Vll

1637 1435 1688 1459 360
1708 1434 1724 1460 7
1744 1448 1780 1453 -
1798 1434 1871 1460 dedit
1891 1436 2002 1459 sormam
2023 1434 2208 1460 contemnendi
2228 1434 2279 1460 lau-

1637 1479 1684 1504 des
1703 1482 1728 1504 et
1747 1480 1861 1504 honores
1880 1478 1932 1504 305
1952 1478 1984 1504 87
2004 1493 2040 1496 -—
2059 1485 2087 1504 se
2106 1479 2231 1509 occultat,
2252 1481 2280 1504 ut

1636 1523 1729 1548 doceat
1748 1530 1845 1548 vanam
1865 1523 1948 1548 vitare
1966 1523 2071 1548 laudem
2091 1523 2137 1548 341
2164 1523 2207 1548 11.
2228 1522 2279 1548 342

1642 1567 1670 1592 17
1690 1582 1725 1587 -
1744 1574 1797 1593 11011
1816 1567 1962 1600 quaerebat
1989 1567 2141 1593 hominibus
2161 1568 2279 1599 placere,

1638 1613 1685 1638 sed
1706 1613 1760 1638 Deo
1781 1613 1832 1637 112
1852 1613 1886 1637 96

1690 1671 1726 1675 -
1745 1657 1825 1682 servit
1851 1660 1879 1682 ut
1907 1657 2024 1682 minister
2050 1657 2082 1682 vt
2104 1657 2154 1682 427
2175 1657 2218 1682 16.
2238 1657 2279 1682 Vll

1637 1701 1688 1726 224
1709 1702 1741 1726 26
1762 1715 1797 1720 -
1816 1701 1900 1726 voluit
1914 1701 2061 1726 ministrare
2081 1701 2113 1726 Vl
2133 1701 2179 1726 541
2197 1701 2222 1726 7.
2237 1701 2280 1726 Vll

1637 1746 1688 1771 273
1709 1746 1742 1770 68
1768 1760 1803 1763 ——
1828 1746 1873 1771 dat
1896 1746 2045 1777 exemplum
2074 1745 2228 1771 subiacendi
2256 1749 2281 1771 et

1637 1790 1800 1815 ministrandi
1821 1790 1863 1815 Vll
1885 1791 1930 1815 161
1956 1791 1990 1815 95
2003 1804 2037 1808 ·-
2050 1790 2155 1816 exhibet
2172 1790 2282 1816 humilli-

1638 1841 1711 1859 mum
1726 1834 1900 1859 ministerium
1914 1834 1947 1859 Vl
1963 1834 2013 1860 425
2033 1835 2048 1859 6
2068 1848 2104 1853 —-
2121 1835 2181 1860 facit
2200 1841 2281 1867 opera

1638 1879 1744 1904 humilia
1760 1879 1784 1904 in
1798 1879 1947 1910 exemplum
1961 1879 1995 1904 ad
2008 1886 2036 1904 se
2053 1879 2208 1905 imitandum
2230 1879 2280 1905 427

1640 1924 1681 1954 18,
1702 1923 1734 1948 19

1693 1982 1728 1986 -
1748 1968 1893 1993 humilitate
1907 1971 1946 1994 est
1959 1968 2044 1994 minor
2057 1969 2083 1993 in
2098 1975 2181 2000 regno
2197 1969 2281 1994 caelo-

1638 2019 1698 2037 rum
1712 2015 1738 2038 et
1751 2013 1898 2038 humiliavit
1910 2020 1938 2039 se
1951 2014 2011 2044 plus
2030 2020 2111 2045 quam
2131 2020 2223 2038 omnes
2237 2013 2281 2038 Vll

1640 2057 1690 2081 179
1706 2057 1739 2083 53
1752 2072 1787 2075 -
1800 2058 1898 2083 resedit
1910 2058 1937 2082 in
1951 2058 2095 2083 novissimo
2109 2059 2167 2083 loco
2182 2058 2232 2083 363
2248 2058 2280 2082 19

1691 2102 1841 2134 —pietate
1866 2102 1979 2128 advocat
2007 2102 2040 2127 ad
2069 2109 2098 2127 se
2122 2109 2213 2136 pueros
2238 2102 2281 2127 Vll

1639 2146 1685 2171 241
1709 2146 1743 2171 78
1764 2160 1800 2165 -
1818 2147 1931 2172 ostendit
1950 2153 2047 2178 pueros
2066 2146 2116 2172 sibi
2132 2148 2282 2172 conformes

1639 2193 1664 2216 et
1682 2191 1848 2223 propinquos
1867 2190 1918 2215 244
1939 2191 1973 2216 87
1992 2205 2028 2209 -
2046 2194 2146 2216 tantum
2159 2191 2281 2216 affectum

1639 2234 1718 2260 habet
1737 2235 1771 2260 ad
1791 2235 1917 2267 parvulos
1936 2238 1961 2260 et
1981 2235 2107 2269 humiles,
2127 2238 2155 2261 ut
2167 2235 2240 2268 quod
2254 2235 2282 2260 111

1639 2280 1676 2305 eis
1695 2283 1799 2311 reputet
1817 2279 1866 2305 sibi
1887 2279 1943 2305 sieri
1962 2279 1997 2305 ib.
2015 2280 2049 2304 88

1693 2338 1728 2343 --
1748 2331 1795 2356 per
1814 2324 1880 2349 viles
1899 2327 1924 2349 et
1943 2324 2054 2349 humiles
2082 2331 2209 2356 personas
2235 2331 2281 2349 vo-

1639 2369 1685 2394 luit
1704 2369 1760 2393 aliis
1779 2368 1906 2393 notificari
1928 2369 1968 2393 Vll
1984 2369 2034 2393 208
2055 2369 2084 2394 71
2102 2383 2138 2388 -
2150 2368 2281 2401 benignus

1639 2416 1664 2438 et
1684 2413 1789 2438 humilis
1808 2413 1920 2438 maxime
1937 2413 2047 2438 curabat
2062 2414 2171 2439 miseros
2184 2416 2209 2438 et
2222 2421 2281 2439 con-

1639 2457 1798 2489 temptibiles
1816 2461 1841 2482 et
1861 2464 1991 2489 pauperes
2011 2458 2107 2484 V1374
2130 2459 2162 2483 10
2181 2473 2216 2476 -
2237 2459 2282 2483 1111-

1639 2502 1746 2527 militate
1766 2509 1817 2527 non
1842 2501 2000 2533 dedignatur
2028 2506 2135 2534 tangere
2162 2503 2281 2528 infirmos

1639 2546 1680 2571 Vll
1702 2546 1752 2570 360
1772 2546 1789 2570 7

1691 2605 1726 2608 --
1746 2591 1792 2615 suit
1811 2590 2014 2623 benignissimus
2043 2595 2068 2616 et
2091 2591 2280 2617 curialissimus

1640 2635 1680 2659 Vll
1702 2635 1753 2660 255
1773 2635 1789 2659 9
1809 2649 1844 2654 -
1863 2636 1948 2667 magis
1977 2636 2163 2662 condescendit
2187 2636 2279 2661 humili

1637 2679 1769 2710 peccatori
1792 2686 1872 2711 quam
1898 2680 2015 2711 superbo
2034 2680 2101 2705 iusto
2122 2680 2172 2705 132
2192 2680 2226 2705 78
2245 2694 2280 2699 -

1638 2730 1684 2747 sua
1696 2722 1854 2754 benignitate
1865 2730 1916 2748 non
1927 2724 2038 2755 despicit
2052 2728 2170 2750 mortuos
2185 2725 2230 2750 171
2246 2725 2280 2750 24

1637 2780 1672 2785 -
1685 2774 1713 2792 50
1726 2767 1839 2792 ostendit
1853 2766 2009 2793 benevolum
2024 2769 2163 2794 detractori
2181 2769 2231 2794 302
2245 2769 2279 2794 78

1692 2826 1726 2829 —-
1746 2811 1840 2837 Christi
1860 2818 1940 2843 opera
1955 2814 2059 2838 suerunt
2073 2813 2186 2845 gratiosa
2199 2820 2280 2846 quan-

1639 2859 1694 2881 tum
1714 2855 1747 2881 ad
1778 2856 2027 2882 condescensionem
2057 2858 2216 2889 dignationIs
2237 2858 2280 2883 Vll

1639 2900 1690 2925 345
1704 2900 1737 2925 34
1751 2915 1786 2918 -
1799 2900 1893 2926 Christi
1907 2900 2055 2933 benignitas
2069 2908 2166 2933 magna
2181 2902 2206 2927 in
2220 2908 2280 2927 con-

1638 2945 1768 2970 versando
1788 2952 1848 2970 cum
1869 2946 2018 2971 hominibus
2038 2946 2205 2977 mortalibus,
2218 2953 2279 2971 cum

1638 2993 1705 3015 esset
1734 2990 1819 3020 Deus,
1850 2990 1948 3022 maior,
1979 2991 2041 3023 quia
2073 2989 2279 3016 conversabatur

1638 3041 1698 3059 curn
1718 3034 1773 3059 suis
1791 3034 2019 3066 persecutoribus,
2047 3035 2095 3060 sed
2115 3035 2226 3060 maxima
2254 3035 2279 3059 in

1639 3078 1758 3103 familiari
1777 3077 1949 3104 contubernio
1969 3079 2020 3104 358
2040 3080 2055 3104 2

1692 3137 1727 3140 -
1747 3122 1816 3151 mitis
1837 3123 1884 3148 suit
1902 3123 1927 3148 in
1947 3127 2039 3148 natura
2053 3123 2221 3149 humanitatis
2240 3130 2280 3148 as-

1638 3170 1755 3197 sumtae,
1784 3167 1809 3192 in
1837 3168 2048 3198 conversatione,
2071 3167 2278 3199 praedicatione,

1639 3215 1807 3243 peccatorum
1836 3211 2002 3243 dimissione,
2030 3212 2152 3243 passione
2175 3212 2207 3237 Vl
2229 3212 2278 3236 160

1639 3263 1667 3281 v·
1686 3257 1695 3280 1
1720 3270 1755 3274 —
1774 3255 1906 3287 benignus
1924 3259 1963 3281 est
1981 3262 2044 3287 erga
2066 3256 2155 3281 fideles
2168 3259 2193 3281 et
2207 3255 2279 3281 sortis

1638 3303 1728 3326 contra
1747 3300 1914 3325 adversarios
1934 3300 1984 3325 164
2004 3307 2030 3325 v.
2052 3300 2084 3325 15
2097 3314 2132 3318 ——
2145 3299 2278 3325 Christum

1639 3345 1731 3370 timent
1749 3351 1841 3369 omnes
1854 3344 1957 3375 tyranni
1970 3347 1996 3369 et
2008 3344 2082 3376 impii
2097 3343 2158 3370 ibid.
2173 3358 2208 3362 ——
2222 3350 2279 3376 gra-

1638 3389 1679 3414 vis
1699 3389 1746 3414 suit
1765 3388 1840 3413 malis
1868 3388 1901 3414 ad
1929 3388 2106 3419 audiendum,
2131 3388 2165 3413 ad
2191 3388 2280 3413 viden-

1638 3433 1718 3463 dum,
1737 3432 1771 3457 ad
1790 3433 1971 3458 sustinendum
1992 3432 2042 3457 577
2063 3439 2089 3457 v.
2111 3432 2142 3457 43
2164 3433 2179 3457 2
