2476 3921
10 744 11 815 1
37 787 65 810 De
79 785 149 808 tertio.

18 945 113 968 Exaltans
127 951 149 966 se

9 971 157 995 humiliabitur.

6 2273 122 2295 alumniam
130 2280 152 2296 se

17 2301 148 2323 exaltabitur.

754 212 948 245 COMMENT.
974 213 1010 246 ΙΝ
1036 213 1273 247 EVANGELIUM
1298 215 1414 248 LUCAE
1439 217 1471 248 C.
1496 217 1569 249 XlV.

175 301 415 335 Proverbiorum
441 301 590 344 vigesimo
613 310 696 334 nono
711 303 740 333 1:
763 301 971 343 «Superbum
988 302 1134 344 sequitur

174 355 351 394 humilitas,
368 358 399 388 et
415 355 567 388 humilem
592 355 705 396 spiritu
723 354 873 396 suscipiet
889 355 989 396 gloria
1003 367 1033 394 »;
1052 355 1134 388 Psal-

172 417 260 442 mus:
290 422 306 438 «
321 409 400 441 Cum
424 408 492 450 ipso
516 417 587 441 sum
611 408 642 440 in
667 408 884 446 tribulatione,
906 408 1037 449 eripiam
1059 417 1132 441 euin

171 464 202 495 et
224 461 405 509 glorificabo
422 471 504 494 eum.
530 461 735 503 Longitudine
758 461 882 494 dierum
907 461 1035 503 replebo
1059 470 1131 494 eum

170 517 202 548 et
224 514 384 548 ostendam
408 514 450 547 illi
468 515 605 547 salutare
630 523 778 547 meum».
798 514 833 546 Et
850 518 979 556 propter
1005 514 1063 547 hoc
1080 514 1131 547 lob

170 567 319 610 vigesimo
342 567 523 601 secund02:
554 580 569 596 «
585 567 645 608 Qui
670 567 855 600 humiliatus
890 567 986 600 fuerit
1010 567 1071 600 erit
1099 567 1130 600 in

170 620 286 663 gloria,
310 623 341 653 et
364 620 418 662 qui
450 620 648 653 inclinaverit
676 621 784 653 oculos
816 629 908 660 suos,
941 621 1006 663 ipse
1030 621 1131 653 salva-

169 673 256 706 bitur
273 687 303 706 ».

259 728 311 759 22.
337 726 438 768 (Vers.
466 727 540 767 11.).
565 726 671 760 Tertio
702 726 908 770 confirmans
928 736 989 769 per
1017 727 1130 770 aequi-

169 783 268 812 tatem
290 779 461 818 divinam,
479 779 638 822 adiungit:
658 780 746 820 Quia
770 777 898 818 omnis,
916 780 975 823 qui
990 789 1024 812 se
1039 780 1129 812 exal-

170 836 235 871 tat,
265 841 322 875 per
350 833 518 874 superbam
550 832 735 871 elationem,
768 833 942 866 secundum
975 833 1051 866 illud
1077 833 1129 866 Iob

168 885 289 919 decimo
312 885 466 928 quinto-³:
497 885 606 926 «Quid
630 888 660 918 te
683 885 784 918 elevat
801 894 855 918 cor
872 889 974 924 tuum,
991 889 1022 919 et
1038 886 1127 928 quasi

168 948 280 981 magna
304 939 442 981 cogitans
465 938 613 971 attonitos
637 939 734 972 habes
756 939 864 972 oculos
881 942 918 971 »t
941 958 986 962 —
1011 939 1128 972 Humi-

168 991 328 1030 habitur,
360 1000 416 1034 per
448 992 643 1025 iudiciariam
677 992 922 1032 districtionem;
956 993 1049 1025 Isaiae
1080 1002 1127 1025 se-

168 1045 314 1079 cund04:
345 1059 360 1074 «ι
376 1045 465 1078 Oculi
491 1045 641 1078 sublimes
665 1046 801 1079 hominis
825 1046 1078 1079 humiliabuntur
1095 1060 1125 1079 ».

173 1098 284 1140 «Quia
307 1098 373 1131 dies
396 1098 519 1130 Domini
544 1107 640 1140 super
671 1108 797 1131 omnem
824 1099 998 1141 superbum
1022 1103 1053 1132 et
1077 1108 1127 1131 ar-

167 1155 348 1194 rogantem,
364 1154 396 1184 et
419 1151 640 1184 humiliabitur
653 1165 683 1183 ».
707 1164 721 1180 α
737 1152 772 1184 Et
788 1152 1008 1185 incurvabitur
1025 1152 1126 1184 omnis

167 1205 345 1238 sublimitas
368 1205 550 1243 hominum,
575 1208 606 1237 et
633 1205 855 1238 humiliabitur
887 1205 1020 1238 altitudo
1044 1205 1127 1238 viro-

167 1267 240 1291 rum
257 1258 411 1303 annulus
445 1257 628 1300 exemplum
661 1258 762 1299 patuit
796 1258 828 1290 in
853 1258 1001 1297 lucifero;
1033 1259 1127 1292 Isaiae

166 1311 288 1344 decimo
322 1311 478 1354 quarto⁵:
513 1308 706 1352 «Quofnodo
730 1311 885 1350 cecidisti,
911 1311 1039 1351 lucifer,
1072 1312 1127 1354 qui

167 1373 258 1397 mane
281 1365 455 1397 oriebaris?
479 1364 538 1406 Qui
561 1364 686 1397 dicebas
710 1364 742 1397 in
774 1364 868 1397 corde
897 1368 969 1397 tuo:
995 1365 1026 1397 ln
1059 1374 1128 1398 cae-

168 1418 233 1451 lum
262 1418 488 1457 conscendam,
511 1427 607 1460 super
631 1421 717 1451 astra
740 1418 815 1450 caeli
841 1418 988 1450 exaltabo
1012 1418 1127 1451 solium

167 1480 272 1504 meum
290 1484 319 1503 υ.
345 1471 382 1517 Et
405 1471 474 1504 ideo
509 1471 648 1510 corruit,
673 1471 748 1513 quia
782 1480 815 1504 se
850 1471 1019 1511 exaltavit;
1044 1471 1128 1504 unde

167 1524 336 1558 Ezechielis
359 1524 510 1566 vigesimo
533 1527 661 1557 octavo:
691 1538 707 1553 α
725 1525 767 1557 Eo
791 1525 875 1567 quod
899 1525 1056 1558 elevatum
1081 1528 1128 1558 est

167 1587 221 1611 cor
245 1581 336 1610 tuum
360 1577 441 1610 sicut
464 1586 518 1610 cor
544 1577 612 1616 Dei,
637 1577 753 1610 idcirco
778 1587 867 1617 ecce,
894 1587 951 1620 ego
974 1577 1127 1610 adducam

167 1640 262 1673 super
287 1635 317 1664 te
339 1631 471 1670 alienos,
488 1634 519 1664 et
534 1631 676 1673 polluent
698 1631 842 1664 decorem
868 1635 960 1664 tuum
984 1634 1015 1664 et
1031 1631 1127 1664 inter-

167 1684 272 1717 ficient
303 1688 333 1717 te
356 1688 387 1717 et
410 1684 577 1717 detrahent
606 1687 653 1723 te,
685 1687 717 1717 et
748 1684 893 1717 morieris
928 1685 960 1717 in
996 1685 1126 1717 interitu

166 1737 385 1770 occisorum».
411 1737 541 1779 Propter
573 1737 657 1779 quod
680 1737 796 1770 dicitur
821 1737 970 1770 imitatori
995 1737 1127 1776 luciferi,

167 1791 294 1824 cuilibet
319 1791 467 1833 superbo,
491 1791 604 1823 Abdiae
628 1790 774 1832 primo⁶:
804 1804 820 1819 «
836 1791 990 1832 Superbia
1024 1791 1127 1823 cordis

167 1845 212 1877 tui
237 1845 354 1877 extulit
377 1848 407 1877 te
432 1844 626 1877 habitantem
650 1844 681 1876 in
706 1843 853 1876 scissuris
876 1848 1057 1885 petrarum,
1074 1852 1128 1876 ex-

167 1898 313 1931 altantem
338 1898 450 1931 solium
478 1900 615 1936 tuu111»;
641 1900 672 1930 et
696 1900 782 1938 post:
805 1910 821 1925 «
838 1897 868 1929 Si
885 1897 1044 1929 exaltatus
1059 1896 1127 1929 fue-

167 1951 211 1984 ris
227 1955 263 1984 ut
286 1951 408 1994 aquila,
425 1955 456 1984 et
472 1951 497 1984 si
514 1951 596 1983 inter
612 1950 715 1984 sidera
730 1950 874 1992 posueris
890 1950 998 1982 nidum
1016 1953 1125 1989 tuum;

148 2004 238 2041 ,inde
261 2004 425 2037 detraham
450 2007 480 2037 te
496 2018 526 2036 ».
553 2004 622 2037 Ideo
654 2004 790 2037 consulit
821 2004 949 2046 Sapiens
978 2003 1127 2036 Ecclesia—

168 2058 235 2091 stici
260 2058 395 2091 sext0⁷:
426 2058 523 2091 «Non
553 2061 584 2091 te
619 2057 753 2090 extollas
788 2057 818 2089 in
855 2057 1041 2099 cogitatione
1073 2060 1127 2089 tua

168 2111 254 2144 velut
279 2114 409 2151 taurus,
435 2119 474 2144 ne
497 2111 578 2143 forte
602 2110 738 2143 elidatur
762 2110 864 2142 virtus
888 2113 952 2149 tua,
977 2113 1008 2142 et
1032 2110 1127 2142 relin-

167 2164 276 2206 quaris
299 2164 386 2197 velut
409 2164 529 2206 lignum
553 2164 678 2196 aridum
701 2163 733 2196 in
757 2172 902 2196 eremo».

256 2217 308 2250 23.
324 2217 372 2250 Sic
388 2217 493 2250 divina
509 2217 627 2250 iustitia
645 2217 800 2259 superbos
817 2216 972 2255 humiliat,
989 2220 1020 2249 et
1036 2212 1128 2249 econ-

169 2273 216 2303 tra
239 2271 376 2304 humiles
407 2271 543 2310 exaltat;
575 2271 644 2303 ideo
667 2270 793 2303 subdit:
821 2271 858 2302 El
881 2269 941 2313 qui
961 2279 995 2302 se
1019 2268 1128 2302 humi-

168 2323 244 2364 liat,
268 2333 325 2366 per
349 2324 558 2357 voluntariam
574 2324 796 2362 abiectionem;
822 2322 1003 2356 Psalmusssz
1034 2336 1050 2351 (τ
1067 2323 1128 2355 Cu-

168 2377 305 2411 stodiens
328 2378 477 2420 parvulos
500 2377 670 2416 Dominus,
706 2376 891 2409 humiliatus
923 2385 1013 2415 sum,
1037 2379 1069 2409 et
1093 2376 1129 2408 li-

168 2431 290 2464 beravit
314 2440 364 2464 me
380 2443 411 2471 »;
436 2435 467 2464 et
491 2431 619 2464 secundi
644 2431 763 2473 Regum
787 2434 896 2463 sexto:
926 2443 942 2458 a
960 2430 1077 2462 Ludam
1098 2433 1129 2463 et

169 2485 261 2519 vilior
284 2485 357 2518 fiam
389 2486 478 2528 plus,
503 2494 599 2528 quam
622 2485 724 2518 factus
748 2493 836 2524 sum,
866 2487 898 2517 et
920 2493 975 2517 ero
1000 2483 1128 2516 humilis

241 2673 250 2688 ¹
271 2674 345 2700 Vers.
365 2675 413 2705 23,
433 2676 492 2706 post
511 2680 591 2706 quem
612 2674 653 2699 ΡΞ.
672 2674 720 2706 90,
742 2673 784 2699 15.
802 2681 858 2706 seq.

240 2717 251 2732 ²
271 2719 346 2744 Vers.
365 2719 407 2744 29.
426 2731 462 2737 —
479 2718 569 2744 Glossa
585 2717 785 2744 interlinearis:
800 2717 900 2744 Coram
913 2717 996 2744 simul
1015 2716 1131 2744 discum-

171 2761 306 2793 bentibus,
329 2762 355 2788 in
374 2762 466 2788 eadem
486 2762 662 2794 beatitudine,
682 2762 723 2787 vel
744 2762 768 2786 in
797 2762 890 2787 eadem
920 2762 972 2788 ilde
996 2761 1131 2794 quiescen-

170 2805 247 2831 tibus.
267 2805 319 2832 Cfr.
338 2806 418 2831 Beda.

241 2848 252 2863 ⁸
272 2850 347 2875 Vers.
368 2851 408 2875 t2.
421 2864 457 2869 —
470 2850 560 2876 Glossa
579 2848 762 2876 interlinearis
782 2848 822 2880 (ex
836 2849 933 2881 Beda):
947 2848 1016 2880 Quia
1029 2848 1130 2880 omnis,

171 2893 218 2928 qui
235 2901 263 2920 se
280 2894 398 2926 ‹ez-altat,
412 2895 515 2920 incaute
534 2895 568 2920 de
587 2894 686 2919 meritis
698 2894 804 2926 allevat,
824 2892 1020 2925 humiliabitur,
1034 2900 1049 2918 a
1063 2893 1130 2926 Deo,

170 2938 217 2964 etsi
235 2945 288 2964 non
306 2945 395 2964 coram
415 2937 574 2964 hominibus.

241 2980 253 2995 ⁴
272 2982 347 3007 Vers.
368 2983 410 3007 ll.
431 2983 473 3008 ⁴2.
491 2986 517 3008 et
536 2982 578 3008 ⁴7.

241 3025 253 3040 ⁶
274 3027 346 3053 Vers.
367 3027 410 3053 ⁴2.
428 3034 499 3060 seq,
518 3026 563 3053 ubi
583 3034 632 3059 pro
653 3028 730 3054 astra
755 3026 824 3053 caeli
847 3026 1016 3058 Septuaginta
1040 3025 1130 3052 sidera

171 3071 251 3103 caeli,
278 3071 389 3103 Vulgata
408 3074 433 3097 et
452 3072 511 3098 Vat.
529 3073 607 3098 astra
626 3071 681 3098 Dei.
696 3086 728 3090 -—
743 3071 859 3098 Subinde
875 3071 1020 3103 allegantur
1039 3071 1130 3096 Ezech.

172 3116 220 3147 28,
240 3116 294 3141 6—8.

242 3159 253 3175 ⁵
273 3161 348 3186 vers.
367 3161 392 3186 3.
411 3164 437 3187 et
456 3161 480 3186 4.
500 3160 583 3188 Codd.
602 3160 737 3194 Superbia
755 3162 803 3187 tua
821 3160 920 3187 emtulit
939 3163 989 3186 etc.

243 3202 254 3218 ¹
276 3205 348 3230 Vers.
369 3206 394 3230 2.
413 3212 483 3238 ειη,
503 3204 548 3231 ubi
567 3212 616 3238 pro
635 3204 663 3231 in
676 3204 835 3238 coqitatione
848 3207 896 3232 tua
910 3205 1021 3237 Vulgata
1034 3207 1059 3230 et
1073 3205 1130 3234 Vat.

172 3249 202 3276 in
220 3248 378 3283 cogitatione
396 3249 504 3276 animae
522 3251 597 3281 tuae,
609 3252 635 3275 et
647 3248 760 3275 subinde
776 3249 855 3275 codd.
874 3249 998 3275 omittunt
1016 3248 1131 3282 liquam.

243 3291 255 3308 ⁸
274 3294 369 3320 psalm.
388 3293 456 3325 iit,
473 3294 505 3326 6,
524 3296 583 3326 post
601 3300 681 3326 quem
700 3294 728 3319 lt.
747 3293 812 3325 Reg.
833 3294 863 3325 6,
883 3294 926 3320 22.

243 3335 255 3351 ⁹
274 3337 349 3363 Vers.
368 3338 394 3362 8.
411 3341 437 3363 et
456 3337 481 3363 9.
498 3350 535 3356 -
547 3337 676 3370 Sequitur
694 3338 711 3362 l.
730 3337 798 3362 Petr.
817 3337 847 3370 5,
866 3338 893 3364 6.

244 3380 267 3398 ¹⁰
284 3381 379 3408 Psalm.
403 3380 453 3413 74,
474 3381 520 3414 tt,
539 3381 583 3408 cui
600 3380 768 3413 subiungitur
792 3381 883 3407 Ezech.
910 3381 958 3412 i7,
983 3381 1031 3414 24,
1056 3380 1131 3407 cuius

2091 223 2153 255 3612·

1199 302 1228 334 in
1254 303 1354 336 oculis
1378 304 1455 337 meis
1472 317 1502 344 »;
1527 306 1749 346 exaltabitur,
1776 317 1831 349 per
1867 309 2001 343 divinam
2039 311 2155 352 glorisi—

1197 355 1361 388 cationeui.
1396 357 1581 399 Exemplum
1607 363 1653 391 est
1689 360 1718 391 in
1752 361 1883 393 Domino
1916 363 2092 402 salvatore,
2117 364 2154 396 ad

1198 408 1410 451 Philippenses
1426 411 1599 443 secundo⁹:
1619 424 1633 439 α
1645 413 1822 446 lluiniliavit
1839 416 2040 457 semetipsum
2052 431 2066 445 ι»
2084 422 2153 455 etc.;

1196 465 1227 493 et
1251 465 1336 502 post:
1359 463 1518 504 «Propter
1542 465 1625 506 quod
1643 466 1773 498 etheus
1790 468 1939 501 exaltavit
1957 469 2043 501 illum
2059 484 2073 499 υ
2095 475 2152 503 etc.

1197 514 1231 546 Et
1255 514 1324 547 ideo
1346 515 1462 548 dicitur
1494 517 1613 558 primae
1646 518 1726 551 l’ctri
1751 520 1878 561 quinto:
1910 535 1924 548 «
1942 522 2150 555 llumiliainini

1195 567 1255 599 sub
1280 568 1397 609 potenti
1430 578 1525 601 manu
1561 569 1633 608 Dei,
1659 574 1694 602 ut
1727 580 1781 603 vos
1816 573 1933 605 exaltet
1958 574 1987 605 in
2014 579 2153 616 tempore

1195 620 1380 654 visitationis
1397 635 1426 653 n.
1446 622 1481 654 Et
1497 622 1535 655 de
1553 623 1601 655 his
1617 623 1741 657 duobus
1759 625 1787 656 in
1808 626 1926 658 Psalmo
1943 627 1986 658 ¹0:
2017 641 2030 654 α
2045 629 2156 660 Omina

1195 683 1315 707 cornua
1338 678 1538 716 peccatorum
1563 676 1775 718 confringam,
1792 682 1823 710 ct
1843 679 2070 715 exaltabuntur
2086 690 2155 712 cor—

1194 737 1258 760 nua
1282 727 1354 760 iusti
1373 740 1403 767 »;
1428 732 1458 760 et
1483 729 1651 762 Ezechielis
1683 730 1804 762 decimo
1839 732 1987 773 septimo:
2019 746 2033 759 «
2051 733 2154 765 Scient

1193 781 1299 813 omnia
1324 781 1407 823 ligna
1438 782 1592 823 regionis,
1617 783 1691 824 quia
1722 792 1779 825 ego
1812 784 1962 817 Dominus
1992 786 2154 818 humiliavi

1194 834 1313 876 lignum
1338 834 1473 867 sublime
1495 839 1527 867 et
1551 836 1686 868 exaltavi
1712 837 1831 878 lignum
1857 838 1975 871 humile
1993 852 2021 870 n.

1283 888 1335 920 ⁶24.
1361 888 1448 920 Ratio
1471 892 1576 921 autem
1602 889 1698 922 huius
1714 890 1850 922 iustitiae
1867 895 1897 923 et
1913 892 2080 933 aequitatis
2096 895 2153 930 cst,

1193 941 1286 982 quia,
1318 944 1437 982 quanto
1468 942 1540 983 quis
1577 942 1674 984 inagis
1698 952 1730 975 se
1762 943 1905 982 ι’.)εαίιαι,
1940 947 2024 977 tanto
2049 946 2154 978 [ninus

1193 992 1334 1026 honorat
1368 994 1469 1026 Deum
1502 998 1534 1027 et
1570 999 1654 1027 tanto
1690 995 1794 1028 minus
1826 997 2003 1038 magnificat
2035 998 2153 1036 Deum,

1192 1056 1227 1079 ac
1252 1056 1307 1089 per
1333 1047 1391 1079 hoc
1427 1052 1458 1080 et
1487 1051 1572 1080 tanto
1608 1049 1705 1091 magis
1728 1052 1776 1081 est
1804 1059 1935 1082 aversus
1963 1060 1981 1082 a
2014 1051 2090 1089 Deo,
2123 1056 2153 1084 et

1192 1100 1236 1132 sic
1261 1109 1316 1142 per
1352 1110 1548 1142 consequens
1572 1105 1657 1134 tanto
1690 1103 1794 1135 minus
1829 1107 1892 1141 est;
1918 1104 2085 1137 Ezechielis
2109 1106 2153 1137 vi-

1192 1154 1309 1195 gesimo
1332 1157 1441 1186 octavo
1457 1155 1498 1186 l¹:
1530 1168 1544 1183 «
1561 1155 1652 1187 Nihili
1686 1155 1786 1188 factus
1809 1165 1842 1188 es
1866 1160 1897 1189 et
1928 1167 1987 1189 non
2024 1158 2086 1190 eris
2122 1159 2152 1191 in

1194 1210 1384 1248 perpetuum
1403 1220 1432 1238 ».
1457 1225 1500 1230 —
1524 1208 1659 1246 Rursus,
1685 1212 1803 1250 quanto
1839 1209 1936 1251 magis
1960 1219 1992 1242 se
2017 1211 2151 1250 exaltat,

1193 1263 1278 1292 tanto
1303 1260 1400 1302 magis
1422 1270 1456 1293 se
1478 1271 1588 1303 supra
1611 1272 1644 1294 se
1668 1262 1779 1303 ipsam
1802 1263 1918 1305 eripit,
1944 1273 1979 1296 ac
2004 1273 2059 1305 per
2092 1265 2150 1297 hoc

1193 1316 1278 1345 tanto
1314 1313 1412 1355 magis
1444 1314 1617 1353 evanescit;
1650 1318 1680 1347 ct
1712 1316 1952 1358 quantomagis
1975 1318 2149 1356 evanescit,

1192 1369 1278 1398 tanto
1302 1366 1374 1408 plus
1408 1376 1426 1398 a
1459 1367 1590 1399 veritate
1626 1368 1741 1400 recedit
1770 1372 1801 1401 et
1837 1372 1921 1401 tanto
1957 1370 2060 1402 minus
2085 1374 2148 1403 cst:

1192 1428 1267 1460 ergo
1290 1423 1408 1461 quanto
1431 1420 1502 1461 quis
1527 1420 1624 1462 magis
1647 1430 1665 1452 a
1689 1430 1722 1453 se
1745 1422 1919 1460 exaltatur,
1944 1426 2029 1455 tanto
2055 1423 2152 1465 magis

1192 1471 1352 1510 dejicitur;
1371 1472 1422 1504 lob
1439 1472 1598 1514 trigesimo
1613 1473 1655 1504 ¹2:
1679 1487 1693 1501 «
1712 1474 1842 1506 Elevasti
1860 1484 1924 1513 me,
1942 1479 1972 1507 et
1994 1476 2082 1517 quasi
2100 1485 2154 1508 su-

1192 1532 1248 1565 per
1273 1527 1403 1556 ventum
1428 1533 1561 1566 ponens,
1586 1525 1694 1558 elisisti
1731 1527 1829 1559 valide
1846 1540 1876 1558 ».
1907 1547 1941 1551 —
1974 1528 2152 1567 Postremo,

1192 1580 1311 1618 quanto
1335 1577 1407 1619 quis
1430 1578 1528 1620 magis
1553 1587 1585 1611 se
1609 1579 1744 1618 exaltat,
1770 1584 1855 1612 tanto
1878 1581 2023 1622 ylariani
2048 1580 2151 1614 leomi—

1192 1640 1274 1662 num
1298 1631 1408 1673 magyis
1431 1636 1524 1663 amat
1533 1643 1544 1669 ;
1568 1635 1599 1664 et
1622 1636 1740 1674 quanto
1764 1633 1846 1665 illam
1872 1634 1970 1675 magis
1994 1635 2154 1676 amplecti-

1193 1686 1265 1722 tur,
1292 1687 1377 1716 tanto
1401 1684 1473 1726 plus
1496 1689 1543 1717 est
1567 1685 1728 1718 subiectus
1763 1686 1909 1718 humanis
1932 1687 2095 1726 laudibus,
2120 1691 2151 1720 et

1192 1740 1321 1778 propter
1346 1737 1405 1769 hoc
1430 1741 1515 1770 tanto
1540 1738 1638 1780 magis
1671 1739 1834 1771 hominum
1858 1748 1969 1772 servus
2001 1744 2031 1772 et
2068 1744 2152 1772 tanto

1192 1790 1290 1831 magis
1321 1790 1477 1830 deiectus;
1513 1791 1708 1824 Psalmusffl:
1740 1792 1993 1825 «Verumtamen
2025 1798 2154 1835 propter

1191 1843 1278 1876 dolos
1302 1844 1432 1885 posuisti
1457 1844 1518 1882 cis,
1543 1844 1679 1877 deiecisti
1704 1854 1775 1883 eos,
1800 1845 1874 1877 dum
1892 1846 2104 1878 allevarentur
2121 1860 2151 1878 ι).

1281 1897 1333 1928 25.
1359 1896 1418 1929 Sed
1441 1906 1458 1929 e
1481 1897 1657 1935 contrario,
1682 1902 1801 1939 quanto
1825 1899 1896 1940 quis
1921 1899 2018 1940 magis
2042 1908 2074 1931 se
2092 1898 2152 1931 ltu-

1191 1948 1318 1988 miliac,
1344 1952 1430 1981 tanto
1454 1950 1551 1991 magis
1571 1951 1672 1982 Deum
1689 1949 1850 1989 honoram
1868 1952 2069 1984 Ecclesiastici
2089 1955 2153 1984 ter-

1192 2003 1235 2035 tio
1250 2003 1293 2034 l4:
1324 2014 1339 2031 «
1358 2003 1466 2044 Magna
1490 2004 1627 2044 potentia
1650 2004 1704 2036 Dei
1722 2004 1836 2043 solius,
1861 2009 1891 2037 et
1915 2004 1954 2037 ab
1978 2005 2151 2037 humilibus

1191 2056 1367 2089 honoratur
1384 2068 1415 2095 »;
1440 2059 1470 2088 et
1495 2060 1612 2098 quanto
1641 2056 1739 2098 magis
1763 2057 1862 2089 Deum
1889 2057 2039 2095 honorat,
2066 2061 2151 2090 tanto

1192 2110 1291 2152 magis
1315 2109 1481 2151 adipsum
1505 2109 1755 2151 appropinquat,
1773 2118 1808 2142 ac
1826 2119 1881 2151 per
1905 2110 1963 2142 hoc
1989 2114 2074 2142 tanto
2091 2111 2152 2143 ele-

1192 2167 1286 2196 vatur
1309 2163 1348 2196 ad
1372 2163 1566 2196 sublimiora.
1593 2181 1634 2186 —
1659 2163 1815 2205 Amplius,
1847 2167 1965 2205 quanto
1997 2164 2094 2206 magis
2119 2173 2151 2197 se

1193 2217 1349 2255 humiliat,
1375 2220 1459 2249 tanto
1483 2217 1581 2259 magis
1604 2217 1690 2249 redit
1713 2217 1758 2249 ad
1782 2217 1943 2249 interiora
1952 2229 1963 2254 ;
1988 2221 2018 2250 et
2034 2210 2152 2259 quanto

1193 2270 1292 2312 magis
1324 2270 1457 2303 interius
1488 2270 1663 2312 colligitur,
1696 2273 1781 2302 tanto
1812 2270 1914 2302 virtus
1947 2270 2017 2303 eius
2052 2271 2151 2302 maior

1193 2323 1348 2356 efficitur:
1374 2326 1492 2365 quanto
1515 2333 1590 2365 ergo
1614 2323 1685 2365 quis
1709 2323 1807 2365 magis
1832 2323 2035 2361 humiliatur,
2064 2327 2150 2356 tanto

1194 2377 1367 2409 secundum
1393 2376 1558 2409 veritatem
1590 2376 1688 2409 maior
1712 2376 1865 2414 efficitur;
1890 2376 1973 2409 unde
1997 2376 2151 2409 secundae

1192 2430 1231 2462 ad
1254 2430 1432 2463 Corinthios
1463 2430 1647 2462 duodecimo
1662 2430 1704 2461 l⁵:
1735 2429 1874 2462 «Virtus
1906 2430 1936 2462 in
1971 2430 2151 2462 infirmitate

1193 2483 1358 2525 perficitur
1375 2496 1405 2514 ι).
1424 2501 1465 2506 -
1487 2483 1664 2521 Postremo,
1689 2486 1808 2525 quanto
1832 2483 1930 2525 magis
1955 2483 2151 2522 humiliatur,

1194 2672 1273 2697 tinem
1294 2671 1329 2704 (et
1347 2670 1467 2697 exaltari
1484 2670 1543 2703 etc.)
1564 2670 1645 2696 ACD
1664 2671 1792 2696 omittunt.
1812 2683 1848 2689 —
1865 2671 1954 2696 Glossa
1972 2670 2152 2703 interlinearis

1196 2716 1237 2749 (ex
1256 2716 1352 2749 Beda):
1371 2716 1406 2742 Et
1423 2714 1471 2749 qui
1487 2721 1515 2741 se
1533 2714 1672 2745 humiliat,
1692 2714 1803 2746 provide
1822 2715 1856 2740 de
1879 2714 2025 2746 beneficiis,
2048 2715 2153 2741 esraita-

1195 2760 1276 2792 bitur,
1296 2768 1310 2786 a
1330 2761 1393 2786 Deo.

1268 2804 1288 2819 ¹¹
1310 2806 1383 2830 Vers.
1404 2804 1446 2829 ⁴9.

1266 2847 1288 2862 ¹²
1310 2849 1382 2874 Vers.
1403 2849 1444 2873 22.
1463 2847 1514 2873 Cfr.
1535 2848 1658 2878 Grcgor„
1672 2846 1730 2871 XX.
1747 2846 1834 2871 Moral.
1854 2852 1876 2871 c.
1897 2847 1939 2871 33.
1959 2853 1983 2871 n.
1998 2847 2046 2877 65,
2060 2846 2104 2872 ubi
2118 2847 2152 2872 in-

1195 2896 1233 2919 ter
1251 2892 1300 2918 alia
1319 2892 1396 2918 dicit:
1415 2892 1466 2924 Qui
1484 2891 1554 2917 enim
1573 2888 1674 2915 veritali
1707 2890 1822 2915 inhaeret
1844 2890 1950 2915 vanitati
1975 2890 2045 2915 nullo
2072 2890 2152 2916 modo

1195 2936 1344 2963 succumbit
1362 2940 1411 2962 etc.

1267 2978 1288 2994 ¹⁸
1308 2980 1399 3005 Psalm.
1413 2980 1457 3010 72,
1472 2980 1513 3009 48,
1527 2979 1552 3004 in
1566 2985 1645 3011 quem
1659 2979 1745 3003 locum
1759 2978 1869 3009 August.
1883 2978 2009 3009 (Enarrat.
2019 2978 2045 3003 in
2056 2979 2097 3003 ΡΞ.
2109 2978 2152 3004 72.

1195 3032 1220 3050 n.
1242 3024 1294 3057 24.)
1315 3024 1363 3049 ait:
1383 3025 1438 3049 Non
1457 3024 1521 3049 dixit
1540 3022 1661 3049 Deiecisti
1677 3029 1735 3053 eos,
1756 3023 1817 3055 quia
1837 3023 1895 3048 elati
1909 3026 1983 3053 sunt,
2002 3030 2055 3048 non
2074 3023 2151 3055 quasi

1194 3072 1284 3101 postea
1304 3075 1385 3101 quam
1409 3068 1466 3094 elati
1480 3071 1554 3099 sunt,
1567 3067 1683 3093 deiecisti
1702 3067 1771 3098 illos,
1784 3067 1830 3092 sed
1844 3067 1870 3092 in
1883 3074 1914 3092 eo
1927 3067 1994 3099 ipso,
2008 3067 2080 3100 quod
2094 3067 2152 3092 elati

1194 3117 1267 3145 sunt,
1287 3112 1380 3138 deiecti
1399 3116 1468 3137 sunt.
1488 3113 1529 3138 Sic
1547 3112 1617 3137 enim
1636 3111 1720 3137 efferri
1741 3111 1792 3136 iam
1812 3111 1906 3137 cadere
1923 3115 1971 3136 est.

1266 3156 1288 3170 ¹⁴
1308 3157 1382 3182 Vers.
1401 3157 1445 3181 2¹.

1265 3199 1287 3215 ¹⁵
1306 3201 1379 3226 Vers.
1399 3201 1423 3225 9.
1442 3214 1478 3219 -
1496 3201 1592 3226 Auctor
1616 3200 1674 3225 libri
1702 3199 1736 3225 de
1762 3198 1868 3229 Causis,
1888 3199 2032 3230 propositio
2060 3199 2104 3223 ¹7:
2124 3200 2151 3224 ln

1194 3246 1265 3272 omni
1285 3245 1380 3270 virtute
1400 3245 1548 3277 propinqua
1566 3244 1616 3270 uni
1630 3250 1702 3278 puro
1721 3247 1759 3269 est
1772 3243 1884 3268 infinitas
1896 3243 1955 3274 plus
1968 3249 2047 3275 quam
2062 3243 2088 3267 in
2102 3243 2152 3267 vir-

1194 3294 1248 3317 tute
1266 3290 1409 3322 longinqua
1427 3288 1461 3314 ab
1474 3296 1513 3315 eo.
1528 3289 1603 3321 Quod
1617 3292 1668 3321 est,
1680 3289 1742 3321 quia
1755 3288 1852 3318 virtus,
1866 3287 1971 3320 quando
1984 3287 2074 3318 incipit
2089 3287 2151 3312 niul-

1194 3334 1319 3367 tiplicari,
1338 3337 1400 3359 tunc
1418 3334 1561 3359 destruitur
1579 3333 1663 3359 unitas
1681 3333 1751 3365 eius;
1771 3336 1796 3357 et
1813 3331 1919 3364 quando
1939 3331 2081 3357 destruitur
2094 3332 2152 3357 eius

1194 3379 1293 3411 unitas,
1312 3377 1453 3404 destruitur
1471 3377 1528 3403 eius
1547 3377 1673 3407 infinitas,
1691 3379 1716 3402 et
1734 3383 1786 3401 non
1799 3375 1941 3402 destruitur
1955 3375 2067 3401 infinitas
2080 3375 2152 3406 eius,

2170 900 2231 921 Ratio
2242 901 2319 927 triplex

2187 934 2225 947 ΓΟΙΊ
2238 934 2259 947 1¹3
2286 934 2296 944 θ’

2174 944 2310 975 ciali-anterii.

2167 1909 2229 1930 Ratio
2241 1909 2318 1935 triplex

2179 1942 2217 1962 pro
2232 1941 2254 1956 se
2270 1936 2307 1955 hu-

2192 1962 2295 1983 miliauta.
