<?xml version="1.0" encoding="UTF-8"?>
<!DOCTYPE html PUBLIC "-//W3C//DTD XHTML 1.0 Transitional//EN"
    "http://www.w3.org/TR/xhtml1/DTD/xhtml1-transitional.dtd">
<html xmlns="http://www.w3.org/1999/xhtml" xml:lang="en" lang="en">
 <head>
  <title>
</title>
<meta http-equiv="Content-Type" content="text/html;charset=utf-8" />
  <meta name='ocr-system' content='tesseract 3.04.00' />
  <meta name='ocr-capabilities' content='ocr_page ocr_carea ocr_par ocr_line ocrx_word'/>
</head>
<body>
  <div class='ocr_page' id='page_1' title='image "./doctorisseraphic07bona_0285.png"; bbox 0 0 2476 3921; ppageno 0'>
   <div class='ocr_carea' id='block_1_1' title="bbox 17 336 148 391">
    <p class='ocr_par' dir='ltr' id='par_1_1' title="bbox 17 336 148 391">
     <span class='ocr_line' id='line_1_1' title="bbox 17 336 148 367; baseline -0.015 -10"><span class='ocrx_word' id='word_1_1' title='bbox 17 338 49 360; x_wconf 75' lang='lat' dir='ltr'>Do</span> <span class='ocrx_word' id='word_1_2' title='bbox 61 336 148 367; x_wconf 68' lang='lat' dir='ltr'>pulvere</span> 
     </span>
     <span class='ocr_line' id='line_1_2' title="bbox 43 368 118 391; baseline -0.013 -7"><span class='ocrx_word' id='word_1_3' title='bbox 43 368 118 391; x_wconf 76' lang='lat' dir='ltr'>primo.</span> 
     </span>
    </p>
   </div>
   <div class='ocr_carea' id='block_1_2' title="bbox 4 765 150 813">
    <p class='ocr_par' dir='ltr' id='par_1_2' title="bbox 4 765 150 813">
     <span class='ocr_line' id='line_1_3' title="bbox 4 765 150 792; baseline -0.014 -4"><span class='ocrx_word' id='word_1_4' title='bbox 4 767 36 792; x_wconf 49' lang='lat' dir='ltr'>,Dc</span> <span class='ocrx_word' id='word_1_5' title='bbox 49 765 150 788; x_wconf 78' lang='lat' dir='ltr'>secundo.</span> 
     </span>
     <span class='ocr_line' id='line_1_4' title="bbox 4 803 5 813; baseline 0 0"><span class='ocrx_word' id='word_1_6' title='bbox 4 803 5 813; x_wconf 76' lang='lat' dir='ltr'>l</span> 
     </span>
    </p>
   </div>
   <div class='ocr_carea' id='block_1_3' title="bbox 2 1032 146 1055">
    <p class='ocr_par' dir='ltr' id='par_1_3' title="bbox 2 1032 146 1055">
     <span class='ocr_line' id='line_1_5' title="bbox 2 1032 146 1055; baseline -0.014 0"><span class='ocrx_word' id='word_1_7' title='bbox 2 1040 3 1043; x_wconf 55' lang='lat'>¹</span> <span class='ocrx_word' id='word_1_8' title='bbox 30 1033 61 1055; x_wconf 73' lang='lat' dir='ltr'>De</span> <span class='ocrx_word' id='word_1_9' title='bbox 75 1032 146 1055; x_wconf 74' lang='lat' dir='ltr'>tertio.</span> 
     </span>
    </p>
   </div>
   <div class='ocr_carea' id='block_1_4' title="bbox 4 1564 144 1589">
    <p class='ocr_par' dir='ltr' id='par_1_4' title="bbox 4 1564 144 1589">
     <span class='ocr_line' id='line_1_6' title="bbox 4 1564 144 1589; baseline 0 -2"><span class='ocrx_word' id='word_1_10' title='bbox 4 1565 34 1589; x_wconf 81' lang='lat' dir='ltr'>ne</span> <span class='ocrx_word' id='word_1_11' title='bbox 43 1564 144 1588; x_wconf 79' lang='lat' dir='ltr'>secundo.</span> 
     </span>
    </p>
   </div>
   <div class='ocr_carea' id='block_1_5' title="bbox 49 2206 146 2228">
    <p class='ocr_par' dir='ltr' id='par_1_5' title="bbox 49 2206 146 2228">
     <span class='ocr_line' id='line_1_7' title="bbox 49 2206 146 2228; baseline 0 0"><span class='ocrx_word' id='word_1_12' title='bbox 49 2206 111 2228; x_wconf 81' lang='lat' dir='ltr'>natio</span> <span class='ocrx_word' id='word_1_13' title='bbox 125 2206 146 2228; x_wconf 75' lang='lat'>1.</span> 
     </span>
    </p>
   </div>
   <div class='ocr_carea' id='block_1_6' title="bbox 764 220 1543 265">
    <p class='ocr_par' dir='ltr' id='par_1_6' title="bbox 764 220 1543 265">
     <span class='ocr_line' id='line_1_8' title="bbox 764 220 1543 265; baseline -0.001 0"><span class='ocrx_word' id='word_1_14' title='bbox 764 232 958 265; x_wconf 84' lang='lat' dir='ltr'><strong>COMMENT.</strong></span> <span class='ocrx_word' id='word_1_15' title='bbox 985 232 1021 265; x_wconf 87' lang='lat' dir='ltr'>IN</span> <span class='ocrx_word' id='word_1_16' title='bbox 1044 220 1285 265; x_wconf 77' lang='lat' dir='ltr'>EVANGELIUM</span> <span class='ocrx_word' id='word_1_17' title='bbox 1309 231 1427 264; x_wconf 70' lang='lat' dir='ltr'>LUCAE</span> <span class='ocrx_word' id='word_1_18' title='bbox 1451 232 1483 264; x_wconf 92' lang='lat' dir='ltr'>C.</span> <span class='ocrx_word' id='word_1_19' title='bbox 1508 232 1543 265; x_wconf 90' lang='lat' dir='ltr'>X.</span> 
     </span>
    </p>
   </div>
   <div class='ocr_carea' id='block_1_7' title="bbox 163 320 1130 2557">
    <p class='ocr_par' dir='ltr' id='par_1_7' title="bbox 163 320 1130 2557">
     <span class='ocr_line' id='line_1_9' title="bbox 168 320 1130 366; baseline -0.005 -8"><span class='ocrx_word' id='word_1_20' title='bbox 168 324 265 358; x_wconf 82' lang='lat' dir='ltr'><strong>cribri</strong></span> <span class='ocrx_word' id='word_1_21' title='bbox 291 324 467 357; x_wconf 80' lang='lat' dir='ltr'>remanebit</span> <span class='ocrx_word' id='word_1_22' title='bbox 489 322 594 366; x_wconf 88' lang='lat' dir='ltr'>pulvis</span> <span class='ocrx_word' id='word_1_23' title='bbox 610 335 641 355; x_wconf 72' lang='lat' dir='ltr'>n.</span> <span class='ocrx_word' id='word_1_24' title='bbox 658 341 702 347; x_wconf 93' lang='lat'>—</span> <span class='ocrx_word' id='word_1_25' title='bbox 718 322 844 355; x_wconf 81' lang='lat' dir='ltr'>Primus</span> <span class='ocrx_word' id='word_1_26' title='bbox 860 321 964 364; x_wconf 86' lang='lat' dir='ltr'>pulvis</span> <span class='ocrx_word' id='word_1_27' title='bbox 979 320 1130 354; x_wconf 85' lang='lat' dir='ltr'>adhaeret</span> 
     </span>
     <span class='ocr_line' id='line_1_10' title="bbox 167 374 1130 421; baseline -0.005 -10"><span class='ocrx_word' id='word_1_28' title='bbox 167 378 302 421; x_wconf 91' lang='lat' dir='ltr'>pedibus</span> <span class='ocrx_word' id='word_1_29' title='bbox 324 377 591 420; x_wconf 80' lang='lat' dir='ltr'>praedicantium,</span> <span class='ocrx_word' id='word_1_30' title='bbox 622 385 695 409; x_wconf 90' lang='lat' dir='ltr'>cum</span> <span class='ocrx_word' id='word_1_31' title='bbox 719 375 932 413; x_wconf 74' lang='lat' dir='ltr'>laudamur,-</span> <span class='ocrx_word' id='word_1_32' title='bbox 955 374 1009 407; x_wconf 91' lang='lat' dir='ltr'>sed</span> <span class='ocrx_word' id='word_1_33' title='bbox 1033 383 1130 408; x_wconf 88' lang='lat' dir='ltr'>excu-</span> 
     </span>
     <span class='ocr_line' id='line_1_11' title="bbox 166 428 1128 473; baseline -0.005 -8"><span class='ocrx_word' id='word_1_34' title='bbox 166 432 246 465; x_wconf 80' lang='lat' dir='ltr'>titur</span> <span class='ocrx_word' id='word_1_35' title='bbox 270 440 327 473; x_wconf 91' lang='lat' dir='ltr'>per</span> <span class='ocrx_word' id='word_1_36' title='bbox 342 430 640 464; x_wconf 72' lang='lat' dir='ltr'>considerationem</span> <span class='ocrx_word' id='word_1_37' title='bbox 655 429 730 469; x_wconf 81' lang='lat' dir='ltr'>sui,</span> <span class='ocrx_word' id='word_1_38' title='bbox 747 428 923 462; x_wconf 87' lang='lat' dir='ltr'>secundum</span> <span class='ocrx_word' id='word_1_39' title='bbox 952 428 1029 461; x_wconf 93' lang='lat' dir='ltr'>illud</span> <span class='ocrx_word' id='word_1_40' title='bbox 1052 428 1128 460; x_wconf 88' lang='lat' dir='ltr'>Mat-</span> 
     </span>
     <span class='ocr_line' id='line_1_12' title="bbox 165 481 1129 524; baseline -0.005 -6"><span class='ocrx_word' id='word_1_41' title='bbox 165 485 250 518; x_wconf 88' lang='lat' dir='ltr'>thaei</span> <span class='ocrx_word' id='word_1_42' title='bbox 273 484 443 517; x_wconf 84' lang='lat' dir='ltr'>decim01:</span> <span class='ocrx_word' id='word_1_43' title='bbox 474 496 489 512; x_wconf 76' lang='grc' dir='ltr'><em>α</em></span> <span class='ocrx_word' id='word_1_44' title='bbox 505 483 567 516; x_wconf 89' lang='lat' dir='ltr'>Vos</span> <span class='ocrx_word' id='word_1_45' title='bbox 589 492 651 515; x_wconf 93' lang='lat' dir='ltr'>non</span> <span class='ocrx_word' id='word_1_46' title='bbox 675 483 769 521; x_wconf 90' lang='lat' dir='ltr'>estis,</span> <span class='ocrx_word' id='word_1_47' title='bbox 793 482 849 524; x_wconf 88' lang='lat' dir='ltr'>qui</span> <span class='ocrx_word' id='word_1_48' title='bbox 867 481 1031 524; x_wconf 78' lang='lat' dir='ltr'>loquimini</span> <span class='ocrx_word' id='word_1_49' title='bbox 1049 493 1080 519; x_wconf 75' lang='lat'>»;</span> <span class='ocrx_word' id='word_1_50' title='bbox 1097 483 1129 513; x_wconf 91' lang='lat' dir='ltr'>et</span> 
     </span>
     <span class='ocr_line' id='line_1_13' title="bbox 163 534 1128 580; baseline -0.004 -10"><span class='ocrx_word' id='word_1_51' title='bbox 163 538 285 580; x_wconf 82' lang='lat' dir='ltr'>primae</span> <span class='ocrx_word' id='word_1_52' title='bbox 308 537 347 570; x_wconf 90' lang='lat' dir='ltr'>ad</span> <span class='ocrx_word' id='word_1_53' title='bbox 370 536 549 569; x_wconf 85' lang='lat' dir='ltr'>Corinthios</span> <span class='ocrx_word' id='word_1_54' title='bbox 571 535 777 568; x_wconf 91' lang='lat' dir='ltr'>duodecimo:</span> <span class='ocrx_word' id='word_1_55' title='bbox 807 547 822 563; x_wconf 78' lang='grc' dir='ltr'><em>α</em></span> <span class='ocrx_word' id='word_1_56' title='bbox 840 535 936 568; x_wconf 90' lang='lat' dir='ltr'>Nemo</span> <span class='ocrx_word' id='word_1_57' title='bbox 958 534 1050 567; x_wconf 88' lang='lat' dir='ltr'>dicit:</span> <span class='ocrx_word' id='word_1_58' title='bbox 1068 534 1128 566; x_wconf 88' lang='lat' dir='ltr'>Do-</span> 
     </span>
     <span class='ocr_line' id='line_1_14' title="bbox 164 587 1128 631; baseline -0.004 -7"><span class='ocrx_word' id='word_1_59' title='bbox 164 592 271 624; x_wconf 90' lang='lat' dir='ltr'>minus</span> <span class='ocrx_word' id='word_1_60' title='bbox 295 591 395 629; x_wconf 87' lang='lat' dir='ltr'>lesus,</span> <span class='ocrx_word' id='word_1_61' title='bbox 420 589 479 623; x_wconf 88' lang='lat' dir='ltr'>nisi</span> <span class='ocrx_word' id='word_1_62' title='bbox 504 589 536 622; x_wconf 92' lang='lat' dir='ltr'>in</span> <span class='ocrx_word' id='word_1_63' title='bbox 560 589 679 631; x_wconf 84' lang='lat' dir='ltr'>Spiritu</span> <span class='ocrx_word' id='word_1_64' title='bbox 703 591 811 621; x_wconf 87' lang='lat' dir='ltr'>sancto</span> <span class='ocrx_word' id='word_1_65' title='bbox 827 600 858 628; x_wconf 80' lang='grc'>»;</span> <span class='ocrx_word' id='word_1_66' title='bbox 883 591 914 621; x_wconf 90' lang='lat' dir='ltr'>et</span> <span class='ocrx_word' id='word_1_67' title='bbox 937 587 1058 630; x_wconf 86' lang='lat' dir='ltr'>primae</span> <span class='ocrx_word' id='word_1_68' title='bbox 1089 587 1128 620; x_wconf 82' lang='lat' dir='ltr'>ad</span> 
     </span>
     <span class='ocr_line' id='line_1_15' title="bbox 163 640 1129 685; baseline -0.005 -8"><span class='ocrx_word' id='word_1_69' title='bbox 163 644 342 677; x_wconf 83' lang='lat' dir='ltr'>Corinthios</span> <span class='ocrx_word' id='word_1_70' title='bbox 372 646 506 685; x_wconf 86' lang='lat' dir='ltr'>quarto:</span> <span class='ocrx_word' id='word_1_71' title='bbox 535 655 551 672; x_wconf 81' lang='lat'>«</span> <span class='ocrx_word' id='word_1_72' title='bbox 567 641 649 684; x_wconf 89' lang='lat' dir='ltr'>Quid</span> <span class='ocrx_word' id='word_1_73' title='bbox 672 641 784 680; x_wconf 84' lang='lat' dir='ltr'>habes,</span> <span class='ocrx_word' id='word_1_74' title='bbox 808 641 892 684; x_wconf 91' lang='lat' dir='ltr'>quod</span> <span class='ocrx_word' id='word_1_75' title='bbox 917 650 979 674; x_wconf 93' lang='lat' dir='ltr'>non</span> <span class='ocrx_word' id='word_1_76' title='bbox 1007 640 1129 682; x_wconf 87' lang='lat' dir='ltr'>accepi-</span> 
     </span>
     <span class='ocr_line' id='line_1_16' title="bbox 165 694 1130 737; baseline -0.006 -5"><span class='ocrx_word' id='word_1_77' title='bbox 165 699 204 732; x_wconf 89' lang='lat' dir='ltr'>sti</span> <span class='ocrx_word' id='word_1_78' title='bbox 221 701 258 730; x_wconf 74' lang='lat' dir='ltr'>n?</span> <span class='ocrx_word' id='word_1_79' title='bbox 275 697 344 730; x_wconf 85' lang='lat' dir='ltr'>ideo</span> <span class='ocrx_word' id='word_1_80' title='bbox 361 696 567 730; x_wconf 85' lang='lat' dir='ltr'>Ecclesiastici</span> <span class='ocrx_word' id='word_1_81' title='bbox 584 695 722 728; x_wconf 89' lang='lat' dir='ltr'>decimo:</span> <span class='ocrx_word' id='word_1_82' title='bbox 741 708 757 724; x_wconf 73' lang='grc' dir='ltr'><strong>α</strong></span> <span class='ocrx_word' id='word_1_83' title='bbox 769 695 850 737; x_wconf 88' lang='lat' dir='ltr'>Quid</span> <span class='ocrx_word' id='word_1_84' title='bbox 869 694 1026 737; x_wconf 86' lang='lat' dir='ltr'>superbis,</span> <span class='ocrx_word' id='word_1_85' title='bbox 1043 697 1130 727; x_wconf 86' lang='lat' dir='ltr'>terra</span> 
     </span>
     <span class='ocr_line' id='line_1_17' title="bbox 165 748 1128 791; baseline -0.006 -6"><span class='ocrx_word' id='word_1_86' title='bbox 165 755 197 785; x_wconf 93' lang='lat' dir='ltr'>et</span> <span class='ocrx_word' id='word_1_87' title='bbox 220 751 298 784; x_wconf 90' lang='lat' dir='ltr'>cinis</span> <span class='ocrx_word' id='word_1_88' title='bbox 313 753 352 783; x_wconf 68' lang='grc' dir='ltr'>»ἵ</span> <span class='ocrx_word' id='word_1_89' title='bbox 375 768 419 774; x_wconf 93' lang='grc'>-</span> <span class='ocrx_word' id='word_1_90' title='bbox 443 749 606 783; x_wconf 84' lang='lat' dir='ltr'>Secundus</span> <span class='ocrx_word' id='word_1_91' title='bbox 629 748 733 791; x_wconf 91' lang='lat' dir='ltr'>pulvis</span> <span class='ocrx_word' id='word_1_92' title='bbox 756 748 924 787; x_wconf 84' lang='lat' dir='ltr'>adhaeret,</span> <span class='ocrx_word' id='word_1_93' title='bbox 957 756 1030 781; x_wconf 91' lang='lat' dir='ltr'>cum</span> <span class='ocrx_word' id='word_1_94' title='bbox 1061 757 1128 779; x_wconf 89' lang='lat' dir='ltr'>non</span> 
     </span>
     <span class='ocr_line' id='line_1_18' title="bbox 165 800 1128 846; baseline -0.005 -9"><span class='ocrx_word' id='word_1_95' title='bbox 165 807 406 846; x_wconf 57' lang='lat' dir='ltr'>acceptantum</span> <span class='ocrx_word' id='word_1_96' title='bbox 429 802 484 835; x_wconf 89' lang='lat' dir='ltr'>sed</span> <span class='ocrx_word' id='word_1_97' title='bbox 500 802 552 835; x_wconf 91' lang='lat' dir='ltr'>hic</span> <span class='ocrx_word' id='word_1_98' title='bbox 568 802 733 835; x_wconf 84' lang='lat' dir='ltr'>excutitur</span> <span class='ocrx_word' id='word_1_99' title='bbox 749 810 805 844; x_wconf 87' lang='lat' dir='ltr'>per</span> <span class='ocrx_word' id='word_1_100' title='bbox 822 800 1128 833; x_wconf 74' lang='lat' dir='ltr'>rememorationem</span> 
     </span>
     <span class='ocr_line' id='line_1_19' title="bbox 167 854 1130 897; baseline -0.005 -6"><span class='ocrx_word' id='word_1_101' title='bbox 167 857 304 896; x_wconf 77' lang='lat' dir='ltr'>Christi,</span> <span class='ocrx_word' id='word_1_102' title='bbox 321 856 495 890; x_wconf 88' lang='lat' dir='ltr'>secundum</span> <span class='ocrx_word' id='word_1_103' title='bbox 509 855 586 888; x_wconf 90' lang='lat' dir='ltr'>illud</span> <span class='ocrx_word' id='word_1_104' title='bbox 600 855 721 888; x_wconf 88' lang='lat' dir='ltr'>loannis</span> <span class='ocrx_word' id='word_1_105' title='bbox 733 855 853 888; x_wconf 86' lang='lat' dir='ltr'>dec-imo</span> <span class='ocrx_word' id='word_1_106' title='bbox 866 854 977 897; x_wconf 89' lang='lat' dir='ltr'>quinto</span> <span class='ocrx_word' id='word_1_107' title='bbox 990 854 1020 886; x_wconf 75' lang='lat'>²:</span> <span class='ocrx_word' id='word_1_108' title='bbox 1038 867 1053 882; x_wconf 84' lang='lat'>«</span> <span class='ocrx_word' id='word_1_109' title='bbox 1067 854 1130 886; x_wconf 90' lang='lat' dir='ltr'>Me-</span> 
     </span>
     <span class='ocr_line' id='line_1_20' title="bbox 165 908 1128 951; baseline -0.005 -6"><span class='ocrx_word' id='word_1_110' title='bbox 165 914 304 945; x_wconf 90' lang='lat' dir='ltr'>mentote</span> <span class='ocrx_word' id='word_1_111' title='bbox 335 909 490 943; x_wconf 91' lang='lat' dir='ltr'>sermonis</span> <span class='ocrx_word' id='word_1_112' title='bbox 521 909 600 948; x_wconf 90' lang='lat' dir='ltr'>mei,</span> <span class='ocrx_word' id='word_1_113' title='bbox 629 918 723 951; x_wconf 90' lang='lat' dir='ltr'>quem</span> <span class='ocrx_word' id='word_1_114' title='bbox 748 917 806 950; x_wconf 80' lang='lat' dir='ltr'>ego</span> <span class='ocrx_word' id='word_1_115' title='bbox 829 908 955 941; x_wconf 90' lang='lat' dir='ltr'>locutus</span> <span class='ocrx_word' id='word_1_116' title='bbox 978 916 1049 940; x_wconf 92' lang='lat' dir='ltr'>sum</span> <span class='ocrx_word' id='word_1_117' title='bbox 1074 916 1128 940; x_wconf 84' lang='lat' dir='ltr'>vo-</span> 
     </span>
     <span class='ocr_line' id='line_1_21' title="bbox 165 961 1128 1003; baseline -0.004 -5"><span class='ocrx_word' id='word_1_118' title='bbox 165 965 234 998; x_wconf 91' lang='lat' dir='ltr'>bis:</span> <span class='ocrx_word' id='word_1_119' title='bbox 259 965 325 997; x_wconf 91' lang='lat' dir='ltr'>Non</span> <span class='ocrx_word' id='word_1_120' title='bbox 348 967 396 997; x_wconf 90' lang='lat' dir='ltr'>est</span> <span class='ocrx_word' id='word_1_121' title='bbox 419 972 532 996; x_wconf 88' lang='lat' dir='ltr'>servus</span> <span class='ocrx_word' id='word_1_122' title='bbox 555 962 656 995; x_wconf 89' lang='lat' dir='ltr'>maior</span> <span class='ocrx_word' id='word_1_123' title='bbox 679 962 806 995; x_wconf 89' lang='lat' dir='ltr'>domino</span> <span class='ocrx_word' id='word_1_124' title='bbox 834 970 901 995; x_wconf 89' lang='lat' dir='ltr'>suo.</span> <span class='ocrx_word' id='word_1_125' title='bbox 927 961 956 994; x_wconf 91' lang='lat' dir='ltr'>Si</span> <span class='ocrx_word' id='word_1_126' title='bbox 983 970 1032 994; x_wconf 91' lang='lat' dir='ltr'>me</span> <span class='ocrx_word' id='word_1_127' title='bbox 1056 970 1128 1003; x_wconf 89' lang='lat' dir='ltr'>per-</span> 
     </span>
     <span class='ocr_line' id='line_1_22' title="bbox 166 1015 1129 1058; baseline -0.003 -7"><span class='ocrx_word' id='word_1_128' title='bbox 166 1018 265 1052; x_wconf 86' lang='lat' dir='ltr'>secuti</span> <span class='ocrx_word' id='word_1_129' title='bbox 289 1021 381 1056; x_wconf 85' lang='lat' dir='ltr'>sunt,</span> <span class='ocrx_word' id='word_1_130' title='bbox 413 1019 444 1049; x_wconf 90' lang='lat' dir='ltr'>et</span> <span class='ocrx_word' id='word_1_131' title='bbox 472 1025 528 1049; x_wconf 89' lang='lat' dir='ltr'>vos</span> <span class='ocrx_word' id='word_1_132' title='bbox 559 1019 792 1058; x_wconf 88' lang='lat' dir='ltr'>persequentur</span> <span class='ocrx_word' id='word_1_133' title='bbox 808 1029 824 1045; x_wconf 67' lang='lat' dir='ltr'>a»</span> <span class='ocrx_word' id='word_1_134' title='bbox 853 1018 911 1048; x_wconf 91' lang='lat' dir='ltr'>etc.</span> <span class='ocrx_word' id='word_1_135' title='bbox 938 1033 980 1039; x_wconf 94' lang='lat'>—-</span> <span class='ocrx_word' id='word_1_136' title='bbox 1003 1015 1129 1048; x_wconf 90' lang='lat' dir='ltr'>Tertius</span> 
     </span>
     <span class='ocr_line' id='line_1_23' title="bbox 165 1068 1129 1115; baseline -0.004 -10"><span class='ocrx_word' id='word_1_137' title='bbox 165 1071 271 1115; x_wconf 89' lang='lat' dir='ltr'>pulvis</span> <span class='ocrx_word' id='word_1_138' title='bbox 299 1071 467 1109; x_wconf 83' lang='lat' dir='ltr'>adhaeret,</span> <span class='ocrx_word' id='word_1_139' title='bbox 499 1069 626 1112; x_wconf 89' lang='lat' dir='ltr'>quando</span> <span class='ocrx_word' id='word_1_140' title='bbox 655 1078 800 1102; x_wconf 84' lang='lat' dir='ltr'>munera</span> <span class='ocrx_word' id='word_1_141' title='bbox 823 1068 1023 1112; x_wconf 84' lang='lat' dir='ltr'>offeruntur,</span> <span class='ocrx_word' id='word_1_142' title='bbox 1047 1078 1129 1111; x_wconf 90' lang='lat' dir='ltr'>quae</span> 
     </span>
     <span class='ocr_line' id='line_1_24' title="bbox 165 1121 1127 1161; baseline -0.004 -3"><span class='ocrx_word' id='word_1_143' title='bbox 165 1126 337 1158; x_wconf 86' lang='lat' dir='ltr'>excaecant</span> <span class='ocrx_word' id='word_1_144' title='bbox 359 1123 468 1156; x_wconf 91' lang='lat' dir='ltr'>oculos</span> <span class='ocrx_word' id='word_1_145' title='bbox 491 1122 628 1161; x_wconf 89' lang='lat' dir='ltr'>ducum,</span> <span class='ocrx_word' id='word_1_146' title='bbox 652 1122 744 1154; x_wconf 87' lang='lat' dir='ltr'>iuxta</span> <span class='ocrx_word' id='word_1_147' title='bbox 760 1121 838 1154; x_wconf 92' lang='lat' dir='ltr'>illud</span> <span class='ocrx_word' id='word_1_148' title='bbox 854 1121 978 1154; x_wconf 90' lang='lat' dir='ltr'>Barucb</span> <span class='ocrx_word' id='word_1_149' title='bbox 995 1121 1127 1155; x_wconf 76' lang='lat' dir='ltr'>sexto³:</span> 
     </span>
     <span class='ocr_line' id='line_1_25' title="bbox 170 1175 1129 1219; baseline -0.004 -8"><span class='ocrx_word' id='word_1_150' title='bbox 170 1191 187 1207; x_wconf 76' lang='lat' dir='ltr'>nr</span> <span class='ocrx_word' id='word_1_151' title='bbox 202 1177 292 1211; x_wconf 86' lang='lat' dir='ltr'>Oculi</span> <span class='ocrx_word' id='word_1_152' title='bbox 316 1186 427 1210; x_wconf 93' lang='lat' dir='ltr'>eorum</span> <span class='ocrx_word' id='word_1_153' title='bbox 452 1176 535 1219; x_wconf 91' lang='lat' dir='ltr'>pleni</span> <span class='ocrx_word' id='word_1_154' title='bbox 560 1179 634 1209; x_wconf 92' lang='lat' dir='ltr'>sunt</span> <span class='ocrx_word' id='word_1_155' title='bbox 658 1175 789 1217; x_wconf 73' lang='lat' dir='ltr'>pulvere</span> <span class='ocrx_word' id='word_1_156' title='bbox 817 1184 836 1208; x_wconf 91' lang='lat' dir='ltr'>a</span> <span class='ocrx_word' id='word_1_157' title='bbox 867 1175 1000 1217; x_wconf 90' lang='lat' dir='ltr'>pedibus</span> <span class='ocrx_word' id='word_1_158' title='bbox 1029 1176 1129 1208; x_wconf 85' lang='lat' dir='ltr'>intro-</span> 
     </span>
     <span class='ocr_line' id='line_1_26' title="bbox 164 1228 1129 1271; baseline -0.004 -6"><span class='ocrx_word' id='word_1_159' title='bbox 164 1231 308 1265; x_wconf 88' lang='lat' dir='ltr'>euntium</span> <span class='ocrx_word' id='word_1_160' title='bbox 327 1243 357 1270; x_wconf 76' lang='grc'>»;</span> <span class='ocrx_word' id='word_1_161' title='bbox 383 1230 436 1264; x_wconf 89' lang='lat' dir='ltr'>sed</span> <span class='ocrx_word' id='word_1_162' title='bbox 461 1230 512 1263; x_wconf 89' lang='lat' dir='ltr'>hic</span> <span class='ocrx_word' id='word_1_163' title='bbox 537 1229 701 1263; x_wconf 84' lang='lat' dir='ltr'>excutitur</span> <span class='ocrx_word' id='word_1_164' title='bbox 717 1238 775 1271; x_wconf 88' lang='lat' dir='ltr'>per</span> <span class='ocrx_word' id='word_1_165' title='bbox 790 1228 987 1261; x_wconf 82' lang='lat' dir='ltr'>memoriam</span> <span class='ocrx_word' id='word_1_166' title='bbox 1011 1229 1129 1261; x_wconf 84' lang='lat' dir='ltr'>mortis</span> 
     </span>
     <span class='ocr_line' id='line_1_27' title="bbox 163 1282 1128 1326; baseline -0.003 -8"><span class='ocrx_word' id='word_1_167' title='bbox 163 1289 307 1318; x_wconf 81' lang='lat' dir='ltr'>nostrae.</span> <span class='ocrx_word' id='word_1_168' title='bbox 325 1284 573 1326; x_wconf 68' lang='lat' dir='ltr'>Hieronymus4:</span> <span class='ocrx_word' id='word_1_169' title='bbox 603 1296 620 1312; x_wconf 82' lang='lat'>«</span> <span class='ocrx_word' id='word_1_170' title='bbox 636 1282 735 1315; x_wconf 89' lang='lat' dir='ltr'>Facile</span> <span class='ocrx_word' id='word_1_171' title='bbox 759 1283 929 1315; x_wconf 89' lang='lat' dir='ltr'>contemnit</span> <span class='ocrx_word' id='word_1_172' title='bbox 945 1283 1050 1315; x_wconf 89' lang='lat' dir='ltr'>omnia</span> <span class='ocrx_word' id='word_1_173' title='bbox 1073 1283 1128 1325; x_wconf 92' lang='lat' dir='ltr'>qui</span> 
     </span>
     <span class='ocr_line' id='line_1_28' title="bbox 164 1335 1129 1380; baseline -0.004 -8"><span class='ocrx_word' id='word_1_174' title='bbox 164 1347 199 1372; x_wconf 86' lang='lat' dir='ltr'>se</span> <span class='ocrx_word' id='word_1_175' title='bbox 221 1346 346 1380; x_wconf 89' lang='lat' dir='ltr'>semper</span> <span class='ocrx_word' id='word_1_176' title='bbox 366 1337 481 1379; x_wconf 81' lang='lat' dir='ltr'>cogitat</span> <span class='ocrx_word' id='word_1_177' title='bbox 504 1336 696 1369; x_wconf 89' lang='lat' dir='ltr'>moriturum</span> <span class='ocrx_word' id='word_1_178' title='bbox 714 1348 744 1375; x_wconf 80' lang='grc'>»;</span> <span class='ocrx_word' id='word_1_179' title='bbox 769 1339 801 1369; x_wconf 94' lang='lat' dir='ltr'>et</span> <span class='ocrx_word' id='word_1_180' title='bbox 824 1335 855 1368; x_wconf 87' lang='lat' dir='ltr'>in</span> <span class='ocrx_word' id='word_1_181' title='bbox 879 1336 1000 1378; x_wconf 83' lang='lat' dir='ltr'>primae</span> <span class='ocrx_word' id='word_1_182' title='bbox 1023 1336 1061 1368; x_wconf 86' lang='lat' dir='ltr'>ad</span> <span class='ocrx_word' id='word_1_183' title='bbox 1079 1336 1129 1368; x_wconf 93' lang='lat' dir='ltr'>Ti-</span> 
     </span>
     <span class='ocr_line' id='line_1_29' title="bbox 165 1389 1127 1429; baseline -0.004 -4"><span class='ocrx_word' id='word_1_184' title='bbox 165 1392 327 1425; x_wconf 88' lang='lat' dir='ltr'>motheum</span> <span class='ocrx_word' id='word_1_185' title='bbox 340 1391 466 1423; x_wconf 90' lang='lat' dir='ltr'>ultimo:</span> <span class='ocrx_word' id='word_1_186' title='bbox 490 1403 506 1419; x_wconf 87' lang='lat'><strong><em>«</em></strong></span> <span class='ocrx_word' id='word_1_187' title='bbox 522 1389 604 1422; x_wconf 90' lang='lat' dir='ltr'>Nihil</span> <span class='ocrx_word' id='word_1_188' title='bbox 621 1389 786 1422; x_wconf 88' lang='lat' dir='ltr'>intulimus</span> <span class='ocrx_word' id='word_1_189' title='bbox 803 1389 834 1421; x_wconf 92' lang='lat' dir='ltr'>in</span> <span class='ocrx_word' id='word_1_190' title='bbox 851 1389 937 1422; x_wconf 86' lang='lat' dir='ltr'>hunc</span> <span class='ocrx_word' id='word_1_191' title='bbox 953 1389 1127 1429; x_wconf 87' lang='lat' dir='ltr'>mundum;</span> 
     </span>
     <span class='ocr_line' id='line_1_30' title="bbox 163 1442 1104 1486; baseline -0.003 -8"><span class='ocrx_word' id='word_1_192' title='bbox 163 1444 250 1478; x_wconf 87' lang='lat' dir='ltr'>haud</span> <span class='ocrx_word' id='word_1_193' title='bbox 272 1444 425 1483; x_wconf 91' lang='lat' dir='ltr'>dubium,</span> <span class='ocrx_word' id='word_1_194' title='bbox 449 1443 534 1486; x_wconf 91' lang='lat' dir='ltr'>quod</span> <span class='ocrx_word' id='word_1_195' title='bbox 557 1451 615 1476; x_wconf 87' lang='lat' dir='ltr'>nec</span> <span class='ocrx_word' id='word_1_196' title='bbox 638 1442 764 1475; x_wconf 83' lang='lat' dir='ltr'>auferre</span> <span class='ocrx_word' id='word_1_197' title='bbox 788 1442 864 1485; x_wconf 91' lang='lat' dir='ltr'>quid</span> <span class='ocrx_word' id='word_1_198' title='bbox 888 1451 1058 1484; x_wconf 88' lang='lat' dir='ltr'>possumus</span> <span class='ocrx_word' id='word_1_199' title='bbox 1073 1456 1104 1475; x_wconf 82' lang='lat'>».</span> 
     </span>
     <span class='ocr_line' id='line_1_31' title="bbox 255 1495 1129 1539; baseline -0.002 -9"><span class='ocrx_word' id='word_1_200' title='bbox 255 1499 307 1531; x_wconf 74' lang='lat'>21.</span> <span class='ocrx_word' id='word_1_201' title='bbox 333 1497 433 1539; x_wconf 88' lang='lat' dir='ltr'>(Vers.</span> <span class='ocrx_word' id='word_1_202' title='bbox 463 1497 537 1537; x_wconf 66' lang='lat'>12).</span> <span class='ocrx_word' id='word_1_203' title='bbox 563 1496 706 1529; x_wconf 91' lang='lat' dir='ltr'>Secundo</span> <span class='ocrx_word' id='word_1_204' title='bbox 722 1505 798 1529; x_wconf 92' lang='lat' dir='ltr'>vero</span> <span class='ocrx_word' id='word_1_205' title='bbox 814 1499 969 1538; x_wconf 88' lang='lat' dir='ltr'>quantum</span> <span class='ocrx_word' id='word_1_206' title='bbox 986 1495 1025 1528; x_wconf 89' lang='lat' dir='ltr'>ad</span> <span class='ocrx_word' id='word_1_207' title='bbox 1042 1505 1129 1528; x_wconf 85' lang='lat' dir='ltr'>com-</span> 
     </span>
     <span class='ocr_line' id='line_1_32' title="bbox 165 1549 1127 1588; baseline -0.004 -3"><span class='ocrx_word' id='word_1_208' title='bbox 165 1551 380 1585; x_wconf 83' lang='lat' dir='ltr'>minationem</span> <span class='ocrx_word' id='word_1_209' title='bbox 404 1550 590 1583; x_wconf 83' lang='lat' dir='ltr'>severitatis</span> <span class='ocrx_word' id='word_1_210' title='bbox 613 1549 734 1582; x_wconf 83' lang='lat' dir='ltr'>iudicii</span> <span class='ocrx_word' id='word_1_211' title='bbox 755 1549 883 1582; x_wconf 85' lang='lat' dir='ltr'>subdit:</span> <span class='ocrx_word' id='word_1_212' title='bbox 911 1549 989 1582; x_wconf 85' lang='lat' dir='ltr'>Dico</span> <span class='ocrx_word' id='word_1_213' title='bbox 1017 1549 1127 1588; x_wconf 80' lang='lat' dir='ltr'>vobis,</span> 
     </span>
     <span class='ocr_line' id='line_1_33' title="bbox 165 1602 1130 1649; baseline -0.002 -12"><span class='ocrx_word' id='word_1_214' title='bbox 165 1605 248 1649; x_wconf 82' lang='lat' dir='ltr'>quia</span> <span class='ocrx_word' id='word_1_215' title='bbox 271 1604 421 1638; x_wconf 77' lang='lat' dir='ltr'>Sodomis</span> <span class='ocrx_word' id='word_1_216' title='bbox 450 1604 486 1636; x_wconf 90' lang='lat' dir='ltr'>in</span> <span class='ocrx_word' id='word_1_217' title='bbox 509 1603 562 1636; x_wconf 78' lang='lat' dir='ltr'>die</span> <span class='ocrx_word' id='word_1_218' title='bbox 584 1603 644 1636; x_wconf 82' lang='lat' dir='ltr'>illa</span> <span class='ocrx_word' id='word_1_219' title='bbox 668 1603 843 1636; x_wconf 83' lang='lat' dir='ltr'>remissius</span> <span class='ocrx_word' id='word_1_220' title='bbox 866 1603 930 1636; x_wconf 85' lang='lat' dir='ltr'>erit</span> <span class='ocrx_word' id='word_1_221' title='bbox 952 1612 1055 1646; x_wconf 83' lang='lat' dir='ltr'>quam</span> <span class='ocrx_word' id='word_1_222' title='bbox 1079 1602 1130 1635; x_wconf 75' lang='lat' dir='ltr'>illi</span> 
     </span>
     <span class='ocr_line' id='line_1_34' title="bbox 163 1656 1129 1700; baseline -0.003 -8"><span class='ocrx_word' id='word_1_223' title='bbox 163 1658 295 1692; x_wconf 85' lang='lat' dir='ltr'>civitati</span> <span class='ocrx_word' id='word_1_224' title='bbox 302 1670 314 1697; x_wconf 90' lang='lat'>‚·</span> <span class='ocrx_word' id='word_1_225' title='bbox 337 1667 379 1691; x_wconf 86' lang='lat' dir='ltr'>ex</span> <span class='ocrx_word' id='word_1_226' title='bbox 402 1667 467 1700; x_wconf 90' lang='lat' dir='ltr'>quo</span> <span class='ocrx_word' id='word_1_227' title='bbox 489 1660 621 1699; x_wconf 89' lang='lat' dir='ltr'>apparet</span> <span class='ocrx_word' id='word_1_228' title='bbox 643 1656 826 1699; x_wconf 85' lang='lat' dir='ltr'>magnitudo</span> <span class='ocrx_word' id='word_1_229' title='bbox 838 1666 972 1699; x_wconf 88' lang='lat' dir='ltr'>poenae.</span> <span class='ocrx_word' id='word_1_230' title='bbox 990 1656 1067 1689; x_wconf 93' lang='lat' dir='ltr'>Nam</span> <span class='ocrx_word' id='word_1_231' title='bbox 1082 1656 1129 1689; x_wconf 89' lang='lat' dir='ltr'>di-</span> 
     </span>
     <span class='ocr_line' id='line_1_35' title="bbox 164 1709 1128 1753; baseline -0.003 -8"><span class='ocrx_word' id='word_1_232' title='bbox 164 1713 249 1746; x_wconf 88' lang='lat' dir='ltr'>citur</span> <span class='ocrx_word' id='word_1_233' title='bbox 280 1712 311 1745; x_wconf 94' lang='lat' dir='ltr'>in</span> <span class='ocrx_word' id='word_1_234' title='bbox 343 1711 498 1744; x_wconf 86' lang='lat' dir='ltr'>Canonica</span> <span class='ocrx_word' id='word_1_235' title='bbox 528 1710 664 1750; x_wconf 80' lang='lat' dir='ltr'>ludae⁶,</span> <span class='ocrx_word' id='word_1_236' title='bbox 697 1710 782 1753; x_wconf 90' lang='lat' dir='ltr'>quod</span> <span class='ocrx_word' id='word_1_237' title='bbox 810 1723 826 1738; x_wconf 87' lang='lat'>«</span> <span class='ocrx_word' id='word_1_238' title='bbox 844 1710 977 1743; x_wconf 86' lang='lat' dir='ltr'>Sodoma</span> <span class='ocrx_word' id='word_1_239' title='bbox 1007 1713 1039 1743; x_wconf 91' lang='lat' dir='ltr'>et</span> <span class='ocrx_word' id='word_1_240' title='bbox 1069 1709 1128 1743; x_wconf 91' lang='lat' dir='ltr'>Go-</span> 
     </span>
     <span class='ocr_line' id='line_1_36' title="bbox 165 1764 1128 1806; baseline -0.002 -8"><span class='ocrx_word' id='word_1_241' title='bbox 165 1766 298 1798; x_wconf 90' lang='lat' dir='ltr'>morrha</span> <span class='ocrx_word' id='word_1_242' title='bbox 320 1769 351 1798; x_wconf 90' lang='lat' dir='ltr'>et</span> <span class='ocrx_word' id='word_1_243' title='bbox 374 1764 525 1797; x_wconf 86' lang='lat' dir='ltr'>finitimae</span> <span class='ocrx_word' id='word_1_244' title='bbox 549 1764 692 1797; x_wconf 85' lang='lat' dir='ltr'>civitates</span> <span class='ocrx_word' id='word_1_245' title='bbox 708 1764 808 1797; x_wconf 81' lang='lat' dir='ltr'>sactae</span> <span class='ocrx_word' id='word_1_246' title='bbox 831 1767 906 1797; x_wconf 88' lang='lat' dir='ltr'>sunt</span> <span class='ocrx_word' id='word_1_247' title='bbox 929 1764 1128 1806; x_wconf 90' lang='lat' dir='ltr'>exemplum,</span> 
     </span>
     <span class='ocr_line' id='line_1_37' title="bbox 164 1817 1129 1861; baseline -0.002 -9"><span class='ocrx_word' id='word_1_248' title='bbox 164 1819 247 1861; x_wconf 83' lang='lat' dir='ltr'>ignis</span> <span class='ocrx_word' id='word_1_249' title='bbox 270 1818 389 1852; x_wconf 89' lang='lat' dir='ltr'>aeterni</span> <span class='ocrx_word' id='word_1_250' title='bbox 415 1827 547 1860; x_wconf 89' lang='lat' dir='ltr'>poenam</span> <span class='ocrx_word' id='word_1_251' title='bbox 572 1818 763 1851; x_wconf 84' lang='lat' dir='ltr'>sustinentes</span> <span class='ocrx_word' id='word_1_252' title='bbox 778 1831 810 1850; x_wconf 69' lang='grc' dir='ltr'>ι».</span> <span class='ocrx_word' id='word_1_253' title='bbox 827 1817 914 1851; x_wconf 92' lang='lat' dir='ltr'>Unde</span> <span class='ocrx_word' id='word_1_254' title='bbox 930 1821 961 1851; x_wconf 91' lang='lat' dir='ltr'>et</span> <span class='ocrx_word' id='word_1_255' title='bbox 977 1818 1129 1850; x_wconf 88' lang='lat' dir='ltr'>Dominus</span> 
     </span>
     <span class='ocr_line' id='line_1_38' title="bbox 164 1871 1129 1913; baseline -0.001 -8"><span class='ocrx_word' id='word_1_256' title='bbox 164 1872 225 1905; x_wconf 85' lang='lat' dir='ltr'>fuit</span> <span class='ocrx_word' id='word_1_257' title='bbox 248 1872 310 1905; x_wconf 90' lang='lat' dir='ltr'>illis</span> <span class='ocrx_word' id='word_1_258' title='bbox 332 1872 501 1905; x_wconf 87' lang='lat' dir='ltr'>fortissime</span> <span class='ocrx_word' id='word_1_259' title='bbox 525 1871 721 1913; x_wconf 86' lang='lat' dir='ltr'>indignatus,</span> <span class='ocrx_word' id='word_1_260' title='bbox 746 1871 920 1904; x_wconf 90' lang='lat' dir='ltr'>secundum</span> <span class='ocrx_word' id='word_1_261' title='bbox 944 1871 1030 1913; x_wconf 92' lang='lat' dir='ltr'>quod</span> <span class='ocrx_word' id='word_1_262' title='bbox 1052 1871 1129 1904; x_wconf 89' lang='lat' dir='ltr'>dici-</span> 
     </span>
     <span class='ocr_line' id='line_1_39' title="bbox 164 1924 1129 1967; baseline -0.002 -8"><span class='ocrx_word' id='word_1_263' title='bbox 164 1929 220 1959; x_wconf 88' lang='lat' dir='ltr'>tur</span> <span class='ocrx_word' id='word_1_264' title='bbox 242 1925 371 1959; x_wconf 89' lang='lat' dir='ltr'>Genesis</span> <span class='ocrx_word' id='word_1_265' title='bbox 393 1925 513 1958; x_wconf 89' lang='lat' dir='ltr'>decimo</span> <span class='ocrx_word' id='word_1_266' title='bbox 536 1934 638 1964; x_wconf 92' lang='lat' dir='ltr'>nono,</span> <span class='ocrx_word' id='word_1_267' title='bbox 662 1924 748 1967; x_wconf 90' lang='lat' dir='ltr'>quod</span> <span class='ocrx_word' id='word_1_268' title='bbox 776 1938 792 1954; x_wconf 84' lang='grc'>«</span> <span class='ocrx_word' id='word_1_269' title='bbox 808 1925 890 1967; x_wconf 92' lang='lat' dir='ltr'>pluit</span> <span class='ocrx_word' id='word_1_270' title='bbox 907 1925 1060 1958; x_wconf 88' lang='lat' dir='ltr'>Dominus</span> <span class='ocrx_word' id='word_1_271' title='bbox 1075 1933 1129 1958; x_wconf 89' lang='lat' dir='ltr'>su-</span> 
     </span>
     <span class='ocr_line' id='line_1_40' title="bbox 165 1977 1129 2022; baseline -0.001 -10"><span class='ocrx_word' id='word_1_272' title='bbox 165 1988 223 2022; x_wconf 91' lang='lat' dir='ltr'>per</span> <span class='ocrx_word' id='word_1_273' title='bbox 247 1979 413 2012; x_wconf 87' lang='lat' dir='ltr'>Sodomam</span> <span class='ocrx_word' id='word_1_274' title='bbox 444 1982 475 2012; x_wconf 88' lang='lat' dir='ltr'>et</span> <span class='ocrx_word' id='word_1_275' title='bbox 506 1977 715 2011; x_wconf 87' lang='lat' dir='ltr'>Gomorrham</span> <span class='ocrx_word' id='word_1_276' title='bbox 747 1978 884 2020; x_wconf 88' lang='lat' dir='ltr'>sulphur</span> <span class='ocrx_word' id='word_1_277' title='bbox 908 1980 940 2011; x_wconf 89' lang='lat' dir='ltr'>et</span> <span class='ocrx_word' id='word_1_278' title='bbox 962 1978 1066 2020; x_wconf 86' lang='lat' dir='ltr'>ignem</span> <span class='ocrx_word' id='word_1_279' title='bbox 1097 1980 1129 2011; x_wconf 91' lang='lat' dir='ltr'>et</span> 
     </span>
     <span class='ocr_line' id='line_1_41' title="bbox 164 2031 1127 2074; baseline -0.001 -9"><span class='ocrx_word' id='word_1_280' title='bbox 164 2032 323 2066; x_wconf 86' lang='lat' dir='ltr'>subvertit</span> <span class='ocrx_word' id='word_1_281' title='bbox 345 2031 487 2065; x_wconf 85' lang='lat' dir='ltr'>civitates</span> <span class='ocrx_word' id='word_1_282' title='bbox 512 2032 570 2064; x_wconf 88' lang='lat' dir='ltr'>has</span> <span class='ocrx_word' id='word_1_283' title='bbox 593 2034 624 2064; x_wconf 94' lang='lat' dir='ltr'>et</span> <span class='ocrx_word' id='word_1_284' title='bbox 647 2040 773 2064; x_wconf 90' lang='lat' dir='ltr'>omnem</span> <span class='ocrx_word' id='word_1_285' title='bbox 805 2031 889 2065; x_wconf 89' lang='lat' dir='ltr'>circa</span> <span class='ocrx_word' id='word_1_286' title='bbox 919 2031 1080 2074; x_wconf 86' lang='lat' dir='ltr'>regionem</span> <span class='ocrx_word' id='word_1_287' title='bbox 1096 2045 1127 2063; x_wconf 72' lang='lat' dir='ltr'>n.</span> 
     </span>
     <span class='ocr_line' id='line_1_42' title="bbox 165 2084 1129 2128; baseline -0.001 -10"><span class='ocrx_word' id='word_1_288' title='bbox 165 2086 301 2128; x_wconf 81' lang='lat' dir='ltr'>Apparet</span> <span class='ocrx_word' id='word_1_289' title='bbox 324 2085 418 2118; x_wconf 89' lang='lat' dir='ltr'>etiam</span> <span class='ocrx_word' id='word_1_290' title='bbox 442 2094 484 2118; x_wconf 86' lang='lat' dir='ltr'>ex</span> <span class='ocrx_word' id='word_1_291' title='bbox 510 2085 570 2118; x_wconf 91' lang='lat' dir='ltr'>hoc</span> <span class='ocrx_word' id='word_1_292' title='bbox 593 2084 778 2127; x_wconf 86' lang='lat' dir='ltr'>magnitudo</span> <span class='ocrx_word' id='word_1_293' title='bbox 800 2085 939 2127; x_wconf 82' lang='lat' dir='ltr'>calpae,</span> <span class='ocrx_word' id='word_1_294' title='bbox 964 2085 1039 2127; x_wconf 86' lang='lat' dir='ltr'>quia</span> <span class='ocrx_word' id='word_1_295' title='bbox 1062 2093 1129 2117; x_wconf 91' lang='lat' dir='ltr'>ma-</span> 
     </span>
     <span class='ocr_line' id='line_1_43' title="bbox 165 2137 1129 2181; baseline -0.002 -9"><span class='ocrx_word' id='word_1_296' title='bbox 165 2139 214 2172; x_wconf 90' lang='lat' dir='ltr'>ior</span> <span class='ocrx_word' id='word_1_297' title='bbox 237 2139 331 2181; x_wconf 88' lang='lat' dir='ltr'>culpa</span> <span class='ocrx_word' id='word_1_298' title='bbox 354 2141 402 2172; x_wconf 90' lang='lat' dir='ltr'>est</span> <span class='ocrx_word' id='word_1_299' title='bbox 425 2138 640 2181; x_wconf 77' lang='lat' dir='ltr'>contemptio⁶</span> <span class='ocrx_word' id='word_1_300' title='bbox 665 2138 807 2171; x_wconf 89' lang='lat' dir='ltr'>veritatis</span> <span class='ocrx_word' id='word_1_301' title='bbox 830 2147 925 2181; x_wconf 88' lang='lat' dir='ltr'>quam</span> <span class='ocrx_word' id='word_1_302' title='bbox 949 2137 1044 2170; x_wconf 89' lang='lat' dir='ltr'>libido</span> <span class='ocrx_word' id='word_1_303' title='bbox 1060 2146 1129 2170; x_wconf 90' lang='lat' dir='ltr'>car-</span> 
     </span>
     <span class='ocr_line' id='line_1_44' title="bbox 164 2190 1129 2234; baseline -0.003 -8"><span class='ocrx_word' id='word_1_304' title='bbox 164 2193 311 2226; x_wconf 87' lang='lat' dir='ltr'>nalitatis.</span> <span class='ocrx_word' id='word_1_305' title='bbox 336 2211 381 2217; x_wconf 87' lang='grc'>-</span> <span class='ocrx_word' id='word_1_306' title='bbox 404 2193 492 2226; x_wconf 85' lang='lat' dir='ltr'>Ratio</span> <span class='ocrx_word' id='word_1_307' title='bbox 522 2197 629 2226; x_wconf 90' lang='lat' dir='ltr'>autem</span> <span class='ocrx_word' id='word_1_308' title='bbox 659 2192 757 2225; x_wconf 91' lang='lat' dir='ltr'>huius</span> <span class='ocrx_word' id='word_1_309' title='bbox 788 2196 854 2231; x_wconf 88' lang='lat' dir='ltr'>est,</span> <span class='ocrx_word' id='word_1_310' title='bbox 878 2191 952 2234; x_wconf 87' lang='lat' dir='ltr'>quia</span> <span class='ocrx_word' id='word_1_311' title='bbox 976 2200 1038 2223; x_wconf 91' lang='lat' dir='ltr'>non</span> <span class='ocrx_word' id='word_1_312' title='bbox 1069 2190 1129 2223; x_wconf 84' lang='lat' dir='ltr'>suit</span> 
     </span>
     <span class='ocr_line' id='line_1_45' title="bbox 165 2244 1128 2288; baseline -0.003 -9"><span class='ocrx_word' id='word_1_313' title='bbox 165 2246 212 2279; x_wconf 88' lang='lat' dir='ltr'>eis</span> <span class='ocrx_word' id='word_1_314' title='bbox 235 2246 346 2279; x_wconf 81' lang='lat' dir='ltr'>obtata</span> <span class='ocrx_word' id='word_1_315' title='bbox 370 2249 465 2278; x_wconf 90' lang='lat' dir='ltr'>tanta</span> <span class='ocrx_word' id='word_1_316' title='bbox 491 2246 628 2288; x_wconf 61' lang='lat' dir='ltr'>gir-atim</span> <span class='ocrx_word' id='word_1_317' title='bbox 652 2249 683 2279; x_wconf 92' lang='lat' dir='ltr'>et</span> <span class='ocrx_word' id='word_1_318' title='bbox 707 2245 881 2278; x_wconf 85' lang='lat' dir='ltr'>secundum</span> <span class='ocrx_word' id='word_1_319' title='bbox 905 2244 989 2287; x_wconf 89' lang='lat' dir='ltr'>quod</span> <span class='ocrx_word' id='word_1_320' title='bbox 1012 2244 1128 2276; x_wconf 87' lang='lat' dir='ltr'>dicitur</span> 
     </span>
     <span class='ocr_line' id='line_1_46' title="bbox 164 2297 1127 2338; baseline -0.004 -5"><span class='ocrx_word' id='word_1_321' title='bbox 164 2300 247 2333; x_wconf 85' lang='lat' dir='ltr'>infra</span> <span class='ocrx_word' id='word_1_322' title='bbox 269 2299 492 2338; x_wconf 81' lang='lat' dir='ltr'>duodecimo⁷‚</span> <span class='ocrx_word' id='word_1_323' title='bbox 522 2312 538 2328; x_wconf 86' lang='lat'>«</span> <span class='ocrx_word' id='word_1_324' title='bbox 554 2299 605 2332; x_wconf 90' lang='lat' dir='ltr'>cui</span> <span class='ocrx_word' id='word_1_325' title='bbox 630 2299 767 2332; x_wconf 88' lang='lat' dir='ltr'>multum</span> <span class='ocrx_word' id='word_1_326' title='bbox 782 2298 891 2331; x_wconf 85' lang='lat' dir='ltr'>datum</span> <span class='ocrx_word' id='word_1_327' title='bbox 909 2301 973 2337; x_wconf 90' lang='lat' dir='ltr'>est,</span> <span class='ocrx_word' id='word_1_328' title='bbox 990 2297 1127 2330; x_wconf 90' lang='lat' dir='ltr'>multum</span> 
     </span>
     <span class='ocr_line' id='line_1_47' title="bbox 166 2350 1128 2397; baseline -0.003 -11"><span class='ocrx_word' id='word_1_329' title='bbox 166 2356 341 2397; x_wconf 87' lang='lat' dir='ltr'>quaeretur</span> <span class='ocrx_word' id='word_1_330' title='bbox 364 2353 405 2386; x_wconf 90' lang='lat' dir='ltr'>ab</span> <span class='ocrx_word' id='word_1_331' title='bbox 427 2362 464 2386; x_wconf 93' lang='lat' dir='ltr'>eo</span> <span class='ocrx_word' id='word_1_332' title='bbox 481 2367 511 2385; x_wconf 74' lang='grc' dir='ltr'>ι».</span> <span class='ocrx_word' id='word_1_333' title='bbox 538 2352 623 2386; x_wconf 90' lang='lat' dir='ltr'>Unde</span> <span class='ocrx_word' id='word_1_334' title='bbox 646 2352 685 2385; x_wconf 86' lang='lat' dir='ltr'>ad</span> <span class='ocrx_word' id='word_1_335' title='bbox 708 2352 863 2385; x_wconf 88' lang='lat' dir='ltr'>Hebraeos</span> <span class='ocrx_word' id='word_1_336' title='bbox 887 2351 1043 2384; x_wconf 89' lang='lat' dir='ltr'>secundo:</span> <span class='ocrx_word' id='word_1_337' title='bbox 1066 2364 1082 2379; x_wconf 83' lang='lat'>«</span> <span class='ocrx_word' id='word_1_338' title='bbox 1098 2350 1128 2383; x_wconf 91' lang='lat' dir='ltr'>Si</span> 
     </span>
     <span class='ocr_line' id='line_1_48' title="bbox 169 2403 1129 2449; baseline -0.003 -10"><span class='ocrx_word' id='word_1_339' title='bbox 169 2406 265 2440; x_wconf 53' lang='lat' dir='ltr'>enim¹</span> <span class='ocrx_word' id='word_1_340' title='bbox 279 2406 334 2449; x_wconf 90' lang='lat' dir='ltr'>qui</span> <span class='ocrx_word' id='word_1_341' title='bbox 358 2415 415 2449; x_wconf 92' lang='lat' dir='ltr'>per</span> <span class='ocrx_word' id='word_1_342' title='bbox 438 2406 570 2448; x_wconf 85' lang='lat' dir='ltr'>Angelos</span> <span class='ocrx_word' id='word_1_343' title='bbox 584 2405 688 2438; x_wconf 89' lang='lat' dir='ltr'>dictus</span> <span class='ocrx_word' id='word_1_344' title='bbox 711 2408 758 2438; x_wconf 88' lang='lat' dir='ltr'>est</span> <span class='ocrx_word' id='word_1_345' title='bbox 774 2413 878 2437; x_wconf 92' lang='lat' dir='ltr'>sermo</span> <span class='ocrx_word' id='word_1_346' title='bbox 895 2404 996 2437; x_wconf 85' lang='lat' dir='ltr'>factus</span> <span class='ocrx_word' id='word_1_347' title='bbox 1012 2407 1059 2436; x_wconf 91' lang='lat' dir='ltr'>est</span> <span class='ocrx_word' id='word_1_348' title='bbox 1074 2403 1129 2436; x_wconf 86' lang='lat' dir='ltr'>fir-</span> 
     </span>
     <span class='ocr_line' id='line_1_49' title="bbox 165 2458 1128 2503; baseline -0.003 -10"><span class='ocrx_word' id='word_1_349' title='bbox 165 2469 258 2499; x_wconf 89' lang='lat' dir='ltr'>mus;</span> <span class='ocrx_word' id='word_1_350' title='bbox 281 2460 439 2503; x_wconf 87' lang='lat' dir='ltr'>quomodo</span> <span class='ocrx_word' id='word_1_351' title='bbox 462 2468 520 2492; x_wconf 91' lang='lat' dir='ltr'>nos</span> <span class='ocrx_word' id='word_1_352' title='bbox 543 2459 748 2501; x_wconf 83' lang='lat' dir='ltr'>effugiemus,</span> <span class='ocrx_word' id='word_1_353' title='bbox 780 2458 805 2491; x_wconf 89' lang='lat' dir='ltr'>si</span> <span class='ocrx_word' id='word_1_354' title='bbox 837 2461 956 2491; x_wconf 86' lang='lat' dir='ltr'>tantam</span> <span class='ocrx_word' id='word_1_355' title='bbox 980 2458 1128 2500; x_wconf 87' lang='lat' dir='ltr'>neglexe-</span> 
     </span>
     <span class='ocr_line' id='line_1_50' title="bbox 166 2511 1129 2557; baseline -0.003 -11"><span class='ocrx_word' id='word_1_356' title='bbox 166 2513 269 2546; x_wconf 91' lang='lat' dir='ltr'>rimus</span> <span class='ocrx_word' id='word_1_357' title='bbox 292 2513 445 2552; x_wconf 82' lang='lat' dir='ltr'>salutem,</span> <span class='ocrx_word' id='word_1_358' title='bbox 470 2521 552 2555; x_wconf 91' lang='lat' dir='ltr'>quae</span> <span class='ocrx_word' id='word_1_359' title='bbox 562 2538 576 2557; x_wconf 20' lang='grc' dir='ltr'>,η</span> <span class='ocrx_word' id='word_1_360' title='bbox 595 2521 669 2545; x_wconf 89' lang='lat' dir='ltr'>cum</span> <span class='ocrx_word' id='word_1_361' title='bbox 693 2511 817 2544; x_wconf 87' lang='lat' dir='ltr'>initium</span> <span class='ocrx_word' id='word_1_362' title='bbox 843 2511 1014 2554; x_wconf 88' lang='lat' dir='ltr'>accepisset</span> <span class='ocrx_word' id='word_1_363' title='bbox 1037 2520 1129 2544; x_wconf 89' lang='lat' dir='ltr'>enar-</span> 
     </span>
    </p>
   </div>
   <div class='ocr_carea' id='block_1_8' title="bbox 166 2690 1131 3435">
    <p class='ocr_par' dir='ltr' id='par_1_8' title="bbox 166 2690 1130 2770">
     <span class='ocr_line' id='line_1_51' title="bbox 238 2690 1130 2725; baseline 0 -8"><span class='ocrx_word' id='word_1_364' title='bbox 238 2690 247 2705; x_wconf 93' lang='lat'>¹</span> <span class='ocrx_word' id='word_1_365' title='bbox 269 2691 344 2717; x_wconf 82' lang='lat' dir='ltr'>Vers.</span> <span class='ocrx_word' id='word_1_366' title='bbox 364 2691 411 2722; x_wconf 81' lang='lat'>20,</span> <span class='ocrx_word' id='word_1_367' title='bbox 434 2691 476 2717; x_wconf 90' lang='lat' dir='ltr'>cui</span> <span class='ocrx_word' id='word_1_368' title='bbox 502 2691 699 2724; x_wconf 83' lang='lat' dir='ltr'>subiunguntur</span> <span class='ocrx_word' id='word_1_369' title='bbox 719 2692 737 2718; x_wconf 92' lang='lat' dir='ltr'>l.</span> <span class='ocrx_word' id='word_1_370' title='bbox 755 2691 815 2718; x_wconf 92' lang='lat' dir='ltr'>Cor.</span> <span class='ocrx_word' id='word_1_371' title='bbox 836 2692 884 2725; x_wconf 72' lang='lat'>⁴2,</span> <span class='ocrx_word' id='word_1_372' title='bbox 904 2692 927 2718; x_wconf 83' lang='lat'>3.</span> <span class='ocrx_word' id='word_1_373' title='bbox 947 2695 973 2717; x_wconf 92' lang='lat' dir='ltr'>et</span> <span class='ocrx_word' id='word_1_374' title='bbox 993 2691 1023 2723; x_wconf 79' lang='lat'>4,</span> <span class='ocrx_word' id='word_1_375' title='bbox 1042 2691 1059 2717; x_wconf 90' lang='lat'>7</span> <span class='ocrx_word' id='word_1_376' title='bbox 1066 2700 1072 2724; x_wconf 86' lang='lat'>;</span> <span class='ocrx_word' id='word_1_377' title='bbox 1087 2692 1130 2717; x_wconf 87' lang='lat' dir='ltr'>Ec-</span> 
     </span>
     <span class='ocr_line' id='line_1_52' title="bbox 166 2735 626 2770; baseline -0.002 -7"><span class='ocrx_word' id='word_1_378' title='bbox 166 2736 207 2763; x_wconf 89' lang='lat' dir='ltr'>cli.</span> <span class='ocrx_word' id='word_1_379' title='bbox 229 2736 276 2769; x_wconf 65' lang='lat'>⁴0,</span> <span class='ocrx_word' id='word_1_380' title='bbox 296 2736 329 2761; x_wconf 82' lang='lat'>9:</span> <span class='ocrx_word' id='word_1_381' title='bbox 351 2735 422 2768; x_wconf 81' lang='lat' dir='ltr'>Quid</span> <span class='ocrx_word' id='word_1_382' title='bbox 439 2735 560 2770; x_wconf 79' lang='lat' dir='ltr'>superbit</span> <span class='ocrx_word' id='word_1_383' title='bbox 577 2739 626 2762; x_wconf 82' lang='lat' dir='ltr'>etc.</span> 
     </span>
    </p>

    <p class='ocr_par' dir='ltr' id='par_1_9' title="bbox 166 2779 1128 2851">
     <span class='ocr_line' id='line_1_53' title="bbox 237 2779 1128 2814; baseline 0 -8"><span class='ocrx_word' id='word_1_384' title='bbox 237 2779 249 2795; x_wconf 77' lang='lat'>²</span> <span class='ocrx_word' id='word_1_385' title='bbox 271 2781 345 2806; x_wconf 85' lang='lat' dir='ltr'>Vers.</span> <span class='ocrx_word' id='word_1_386' title='bbox 367 2781 409 2806; x_wconf 79' lang='lat'>20.</span> <span class='ocrx_word' id='word_1_387' title='bbox 428 2794 463 2800; x_wconf 91' lang='lat'><strong>—</strong></span> <span class='ocrx_word' id='word_1_388' title='bbox 482 2780 609 2812; x_wconf 83' lang='lat' dir='ltr'>Superius</span> <span class='ocrx_word' id='word_1_389' title='bbox 636 2787 686 2812; x_wconf 90' lang='lat' dir='ltr'>pro</span> <span class='ocrx_word' id='word_1_390' title='bbox 714 2787 776 2807; x_wconf 79' lang='lat' dir='ltr'>cum</span> <span class='ocrx_word' id='word_1_391' title='bbox 801 2787 855 2807; x_wconf 84' lang='lat' dir='ltr'>non</span> <span class='ocrx_word' id='word_1_392' title='bbox 874 2781 1050 2814; x_wconf 77' lang='lat' dir='ltr'>acceptantur</span> <span class='ocrx_word' id='word_1_393' title='bbox 1070 2780 1128 2806; x_wconf 87' lang='lat' dir='ltr'>Vat.</span> 
     </span>
     <span class='ocr_line' id='line_1_54' title="bbox 166 2822 1127 2851; baseline -0.001 0"><span class='ocrx_word' id='word_1_394' title='bbox 166 2831 231 2851; x_wconf 84' lang='lat' dir='ltr'>cum</span> <span class='ocrx_word' id='word_1_395' title='bbox 248 2826 468 2851; x_wconf 83' lang='lat' dir='ltr'>contemnuntur.</span> <span class='ocrx_word' id='word_1_396' title='bbox 957 2822 968 2838; x_wconf 81' lang='lat'>⁸</span> <span class='ocrx_word' id='word_1_397' title='bbox 988 2824 1062 2850; x_wconf 78' lang='lat' dir='ltr'>Vers.</span> <span class='ocrx_word' id='word_1_398' title='bbox 1085 2825 1127 2850; x_wconf 78' lang='lat' dir='ltr'>l6.</span> 
     </span>
    </p>

    <p class='ocr_par' dir='ltr' id='par_1_10' title="bbox 167 2867 1131 2989">
     <span class='ocr_line' id='line_1_55' title="bbox 238 2867 1129 2901; baseline 0 -7"><span class='ocrx_word' id='word_1_399' title='bbox 238 2867 251 2883; x_wconf 77' lang='lat'><strong>⁴</strong></span> <span class='ocrx_word' id='word_1_400' title='bbox 269 2870 349 2900; x_wconf 83' lang='lat' dir='ltr'>Epist.</span> <span class='ocrx_word' id='word_1_401' title='bbox 369 2868 429 2894; x_wconf 73' lang='lat'>⁴40.</span> <span class='ocrx_word' id='word_1_402' title='bbox 443 2868 517 2901; x_wconf 87' lang='lat' dir='ltr'>(alias</span> <span class='ocrx_word' id='word_1_403' title='bbox 533 2868 602 2901; x_wconf 83' lang='grc'>139.)</span> <span class='ocrx_word' id='word_1_404' title='bbox 617 2876 641 2894; x_wconf 92' lang='lat' dir='ltr'>n.</span> <span class='ocrx_word' id='word_1_405' title='bbox 657 2869 698 2894; x_wconf 75' lang='lat'>⁴6.</span> <span class='ocrx_word' id='word_1_406' title='bbox 712 2871 738 2894; x_wconf 88' lang='lat' dir='ltr'>et</span> <span class='ocrx_word' id='word_1_407' title='bbox 750 2868 897 2896; x_wconf 83' lang='lat' dir='ltr'>Comment.</span> <span class='ocrx_word' id='word_1_408' title='bbox 912 2869 937 2894; x_wconf 91' lang='lat' dir='ltr'>in</span> <span class='ocrx_word' id='word_1_409' title='bbox 953 2869 1033 2895; x_wconf 84' lang='lat' dir='ltr'>Eccle.</span> <span class='ocrx_word' id='word_1_410' title='bbox 1049 2869 1091 2900; x_wconf 80' lang='grc' dir='ltr'>Η,</span> <span class='ocrx_word' id='word_1_411' title='bbox 1105 2870 1129 2894; x_wconf 89' lang='grc'>8.</span> 
     </span>
     <span class='ocr_line' id='line_1_56' title="bbox 167 2913 1131 2947; baseline -0.001 -7"><span class='ocrx_word' id='word_1_412' title='bbox 167 2913 220 2940; x_wconf 72' lang='lat' dir='ltr'>Cir.</span> <span class='ocrx_word' id='word_1_413' title='bbox 239 2916 303 2939; x_wconf 90' lang='lat' dir='ltr'>tom.</span> <span class='ocrx_word' id='word_1_414' title='bbox 322 2913 364 2939; x_wconf 94' lang='lat' dir='ltr'>Vl.</span> <span class='ocrx_word' id='word_1_415' title='bbox 384 2920 445 2945; x_wconf 84' lang='lat' dir='ltr'>pag.</span> <span class='ocrx_word' id='word_1_416' title='bbox 466 2913 514 2944; x_wconf 80' lang='lat'>55,</span> <span class='ocrx_word' id='word_1_417' title='bbox 539 2916 601 2939; x_wconf 85' lang='lat' dir='ltr'>nota</span> <span class='ocrx_word' id='word_1_418' title='bbox 625 2914 649 2939; x_wconf 90' lang='lat'>6.</span> <span class='ocrx_word' id='word_1_419' title='bbox 670 2916 695 2939; x_wconf 88' lang='lat' dir='ltr'>et</span> <span class='ocrx_word' id='word_1_420' title='bbox 714 2920 775 2945; x_wconf 87' lang='lat' dir='ltr'>pag.</span> <span class='ocrx_word' id='word_1_421' title='bbox 797 2914 839 2944; x_wconf 82' lang='grc'>91,</span> <span class='ocrx_word' id='word_1_422' title='bbox 862 2916 921 2939; x_wconf 85' lang='lat' dir='ltr'>nota</span> <span class='ocrx_word' id='word_1_423' title='bbox 942 2914 967 2939; x_wconf 87' lang='grc'>3.</span> <span class='ocrx_word' id='word_1_424' title='bbox 986 2927 1022 2932; x_wconf 95' lang='grc'>-</span> <span class='ocrx_word' id='word_1_425' title='bbox 1041 2914 1131 2947; x_wconf 84' lang='lat' dir='ltr'>Sequi-</span> 
     </span>
     <span class='ocr_line' id='line_1_57' title="bbox 167 2957 430 2989; baseline -0.004 -5"><span class='ocrx_word' id='word_1_426' title='bbox 167 2961 210 2984; x_wconf 88' lang='lat' dir='ltr'>tur</span> <span class='ocrx_word' id='word_1_427' title='bbox 231 2958 247 2984; x_wconf 91' lang='grc'>1.</span> <span class='ocrx_word' id='word_1_428' title='bbox 267 2958 335 2983; x_wconf 89' lang='lat' dir='ltr'>Tim.</span> <span class='ocrx_word' id='word_1_429' title='bbox 356 2958 385 2989; x_wconf 84' lang='lat'>6,</span> <span class='ocrx_word' id='word_1_430' title='bbox 404 2957 430 2983; x_wconf 88' lang='lat'>7.</span> 
     </span>
    </p>

    <p class='ocr_par' dir='ltr' id='par_1_11' title="bbox 238 3000 1018 3035">
     <span class='ocr_line' id='line_1_58' title="bbox 238 3000 1018 3035; baseline 0.001 -8"><span class='ocrx_word' id='word_1_431' title='bbox 238 3000 250 3016; x_wconf 81' lang='lat'><strong>⁶</strong></span> <span class='ocrx_word' id='word_1_432' title='bbox 269 3002 345 3028; x_wconf 87' lang='lat' dir='ltr'>Vers.</span> <span class='ocrx_word' id='word_1_433' title='bbox 365 3002 391 3027; x_wconf 89' lang='lat'>7.</span> <span class='ocrx_word' id='word_1_434' title='bbox 409 3015 446 3021; x_wconf 92' lang='lat'>——</span> <span class='ocrx_word' id='word_1_435' title='bbox 465 3001 583 3028; x_wconf 86' lang='lat' dir='ltr'>Subinde</span> <span class='ocrx_word' id='word_1_436' title='bbox 601 3002 728 3034; x_wconf 82' lang='lat' dir='ltr'>allegatur</span> <span class='ocrx_word' id='word_1_437' title='bbox 746 3003 810 3028; x_wconf 85' lang='lat' dir='ltr'>Gen.</span> <span class='ocrx_word' id='word_1_438' title='bbox 832 3002 879 3033; x_wconf 82' lang='grc'>19,</span> <span class='ocrx_word' id='word_1_439' title='bbox 899 3002 941 3028; x_wconf 79' lang='lat'>25.</span> <span class='ocrx_word' id='word_1_440' title='bbox 961 3009 1018 3035; x_wconf 86' lang='lat' dir='ltr'>seq.</span> 
     </span>
    </p>

    <p class='ocr_par' dir='ltr' id='par_1_12' title="bbox 241 3044 867 3080">
     <span class='ocr_line' id='line_1_59' title="bbox 241 3044 867 3080; baseline 0.002 -8"><span class='ocrx_word' id='word_1_441' title='bbox 241 3044 253 3060; x_wconf 79' lang='lat'><strong>⁶</strong></span> <span class='ocrx_word' id='word_1_442' title='bbox 271 3048 306 3073; x_wconf 86' lang='lat' dir='ltr'>lta</span> <span class='ocrx_word' id='word_1_443' title='bbox 324 3046 344 3073; x_wconf 93' lang='lat' dir='ltr'>C</span> <span class='ocrx_word' id='word_1_444' title='bbox 356 3047 390 3079; x_wconf 87' lang='lat' dir='ltr'>D,</span> <span class='ocrx_word' id='word_1_445' title='bbox 410 3047 451 3073; x_wconf 90' lang='lat' dir='ltr'>alii</span> <span class='ocrx_word' id='word_1_446' title='bbox 471 3047 550 3073; x_wconf 88' lang='lat' dir='ltr'>codd.</span> <span class='ocrx_word' id='word_1_447' title='bbox 568 3050 594 3073; x_wconf 90' lang='lat' dir='ltr'>et</span> <span class='ocrx_word' id='word_1_448' title='bbox 613 3047 673 3073; x_wconf 84' lang='lat' dir='ltr'>Vat.</span> <span class='ocrx_word' id='word_1_449' title='bbox 692 3048 867 3080; x_wconf 81' lang='lat' dir='ltr'>contemptus.</span> 
     </span>
    </p>

    <p class='ocr_par' dir='ltr' id='par_1_13' title="bbox 169 3089 1127 3169">
     <span class='ocr_line' id='line_1_60' title="bbox 239 3089 1127 3125; baseline 0 -8"><span class='ocrx_word' id='word_1_450' title='bbox 239 3089 250 3106; x_wconf 85' lang='lat'>⁷</span> <span class='ocrx_word' id='word_1_451' title='bbox 269 3092 346 3118; x_wconf 88' lang='lat' dir='ltr'>Vers.</span> <span class='ocrx_word' id='word_1_452' title='bbox 366 3092 409 3118; x_wconf 76' lang='lat'>48.</span> <span class='ocrx_word' id='word_1_453' title='bbox 430 3091 572 3125; x_wconf 82' lang='lat' dir='ltr'>(ACDH:</span> <span class='ocrx_word' id='word_1_454' title='bbox 590 3091 637 3119; x_wconf 93' lang='lat' dir='ltr'>Cui</span> <span class='ocrx_word' id='word_1_455' title='bbox 657 3093 769 3118; x_wconf 86' lang='lat' dir='ltr'>multum</span> <span class='ocrx_word' id='word_1_456' title='bbox 789 3091 920 3118; x_wconf 81' lang='lat' dir='ltr'>donatum</span> <span class='ocrx_word' id='word_1_457' title='bbox 938 3094 990 3124; x_wconf 87' lang='lat' dir='ltr'>est,</span> <span class='ocrx_word' id='word_1_458' title='bbox 1015 3092 1127 3118; x_wconf 88' lang='lat' dir='ltr'>multum</span> 
     </span>
     <span class='ocr_line' id='line_1_61' title="bbox 169 3135 886 3169; baseline 0 -7"><span class='ocrx_word' id='word_1_459' title='bbox 169 3135 294 3169; x_wconf 62' lang='lat' dir='ltr'>emittetur</span> <span class='ocrx_word' id='word_1_460' title='bbox 313 3135 348 3162; x_wconf 86' lang='lat' dir='ltr'>ab</span> <span class='ocrx_word' id='word_1_461' title='bbox 366 3137 424 3169; x_wconf 83' lang='lat' dir='ltr'>eo),</span> <span class='ocrx_word' id='word_1_462' title='bbox 444 3139 504 3168; x_wconf 83' lang='lat' dir='ltr'>post</span> <span class='ocrx_word' id='word_1_463' title='bbox 521 3144 602 3169; x_wconf 88' lang='lat' dir='ltr'>quem</span> <span class='ocrx_word' id='word_1_464' title='bbox 621 3136 701 3162; x_wconf 81' lang='lat' dir='ltr'>Hebr.</span> <span class='ocrx_word' id='word_1_465' title='bbox 721 3137 752 3167; x_wconf 82' lang='lat'>2,</span> <span class='ocrx_word' id='word_1_466' title='bbox 771 3137 797 3162; x_wconf 78' lang='lat'>2.</span> <span class='ocrx_word' id='word_1_467' title='bbox 816 3139 841 3162; x_wconf 86' lang='lat' dir='ltr'>et</span> <span class='ocrx_word' id='word_1_468' title='bbox 861 3136 886 3161; x_wconf 87' lang='lat'>3.</span> 
     </span>
    </p>

    <p class='ocr_par' dir='ltr' id='par_1_14' title="bbox 168 3178 1131 3435">
     <span class='ocr_line' id='line_1_62' title="bbox 241 3178 1131 3214; baseline 0.001 -9"><span class='ocrx_word' id='word_1_469' title='bbox 241 3178 252 3193; x_wconf 81' lang='lat'>⁸</span> <span class='ocrx_word' id='word_1_470' title='bbox 270 3179 340 3206; x_wconf 87' lang='lat' dir='ltr'>Libr.</span> <span class='ocrx_word' id='word_1_471' title='bbox 360 3180 449 3206; x_wconf 87' lang='lat' dir='ltr'>XVlll.</span> <span class='ocrx_word' id='word_1_472' title='bbox 468 3180 557 3206; x_wconf 85' lang='lat' dir='ltr'>Moral.</span> <span class='ocrx_word' id='word_1_473' title='bbox 576 3188 599 3206; x_wconf 89' lang='lat' dir='ltr'>c.</span> <span class='ocrx_word' id='word_1_474' title='bbox 620 3181 662 3206; x_wconf 83' lang='grc' dir='ltr'>Η.</span> <span class='ocrx_word' id='word_1_475' title='bbox 680 3188 706 3206; x_wconf 90' lang='lat' dir='ltr'>n.</span> <span class='ocrx_word' id='word_1_476' title='bbox 727 3181 777 3206; x_wconf 68' lang='lat'>⁴8:</span> <span class='ocrx_word' id='word_1_477' title='bbox 801 3190 813 3204; x_wconf 67' lang='grc' dir='ltr'><strong><em>κ</em></strong></span> <span class='ocrx_word' id='word_1_478' title='bbox 826 3179 929 3213; x_wconf 86' lang='lat' dir='ltr'>Quibus</span> <span class='ocrx_word' id='word_1_479' title='bbox 943 3179 1074 3214; x_wconf 87' lang='lat' dir='ltr'>[hostibus</span> <span class='ocrx_word' id='word_1_480' title='bbox 1087 3181 1131 3206; x_wconf 87' lang='lat' dir='ltr'>Ec-</span> 
     </span>
     <span class='ocr_line' id='line_1_63' title="bbox 168 3223 1130 3258; baseline 0 -7"><span class='ocrx_word' id='word_1_481' title='bbox 168 3223 277 3258; x_wconf 86' lang='lat' dir='ltr'>clesiae]</span> <span class='ocrx_word' id='word_1_482' title='bbox 295 3225 436 3257; x_wconf 86' lang='lat' dir='ltr'>aliquando</span> <span class='ocrx_word' id='word_1_483' title='bbox 455 3225 533 3251; x_wconf 86' lang='lat' dir='ltr'>datur</span> <span class='ocrx_word' id='word_1_484' title='bbox 550 3225 586 3251; x_wconf 84' lang='lat' dir='ltr'>ad</span> <span class='ocrx_word' id='word_1_485' title='bbox 604 3226 730 3252; x_wconf 88' lang='lat' dir='ltr'>iudicium</span> <span class='ocrx_word' id='word_1_486' title='bbox 750 3232 842 3257; x_wconf 90' lang='lat' dir='ltr'>suum,</span> <span class='ocrx_word' id='word_1_487' title='bbox 872 3227 900 3251; x_wconf 91' lang='lat' dir='ltr'>ut</span> <span class='ocrx_word' id='word_1_488' title='bbox 926 3228 997 3251; x_wconf 85' lang='lat' dir='ltr'>recte</span> <span class='ocrx_word' id='word_1_489' title='bbox 1020 3225 1130 3258; x_wconf 83' lang='lat' dir='ltr'>quidem</span> 
     </span>
     <span class='ocr_line' id='line_1_64' title="bbox 169 3268 1129 3301; baseline 0.001 -8"><span class='ocrx_word' id='word_1_490' title='bbox 169 3268 256 3301; x_wconf 83' lang='lat' dir='ltr'>aliqua</span> <span class='ocrx_word' id='word_1_491' title='bbox 276 3268 371 3300; x_wconf 83' lang='lat' dir='ltr'>sciant,</span> <span class='ocrx_word' id='word_1_492' title='bbox 390 3268 438 3294; x_wconf 84' lang='lat' dir='ltr'>sed</span> <span class='ocrx_word' id='word_1_493' title='bbox 457 3275 488 3294; x_wconf 85' lang='lat' dir='ltr'>ex</span> <span class='ocrx_word' id='word_1_494' title='bbox 508 3268 564 3301; x_wconf 81' lang='lat' dir='ltr'>ipsa</span> <span class='ocrx_word' id='word_1_495' title='bbox 584 3270 632 3295; x_wconf 87' lang='lat' dir='ltr'>hac</span> <span class='ocrx_word' id='word_1_496' title='bbox 650 3269 757 3295; x_wconf 87' lang='lat' dir='ltr'>scientia</span> <span class='ocrx_word' id='word_1_497' title='bbox 776 3268 943 3300; x_wconf 83' lang='lat' dir='ltr'>obligatiores</span> <span class='ocrx_word' id='word_1_498' title='bbox 962 3268 996 3294; x_wconf 87' lang='lat' dir='ltr'>ad</span> <span class='ocrx_word' id='word_1_499' title='bbox 1015 3276 1129 3301; x_wconf 87' lang='lat' dir='ltr'>poenam</span> 
     </span>
     <span class='ocr_line' id='line_1_65' title="bbox 170 3311 1129 3346; baseline 0.001 -9"><span class='ocrx_word' id='word_1_500' title='bbox 170 3312 233 3337; x_wconf 84' lang='lat' dir='ltr'>flant</span> <span class='ocrx_word' id='word_1_501' title='bbox 245 3321 271 3337; x_wconf 62' lang='grc' dir='ltr'>ι).</span> <span class='ocrx_word' id='word_1_502' title='bbox 290 3311 407 3338; x_wconf 85' lang='lat' dir='ltr'>Subinde</span> <span class='ocrx_word' id='word_1_503' title='bbox 428 3312 462 3346; x_wconf 81' lang='lat' dir='ltr'>(e.</span> <span class='ocrx_word' id='word_1_504' title='bbox 480 3313 523 3338; x_wconf 66' lang='lat'>1¹2.</span> <span class='ocrx_word' id='word_1_505' title='bbox 536 3320 562 3338; x_wconf 86' lang='lat' dir='ltr'>n.</span> <span class='ocrx_word' id='word_1_506' title='bbox 577 3312 628 3346; x_wconf 72' lang='lat'><strong>⁴9.)</strong></span> <span class='ocrx_word' id='word_1_507' title='bbox 643 3314 691 3339; x_wconf 86' lang='lat' dir='ltr'>bac</span> <span class='ocrx_word' id='word_1_508' title='bbox 705 3313 731 3339; x_wconf 91' lang='lat' dir='ltr'>in</span> <span class='ocrx_word' id='word_1_509' title='bbox 743 3320 771 3339; x_wconf 90' lang='lat' dir='ltr'>re</span> <span class='ocrx_word' id='word_1_510' title='bbox 785 3313 929 3344; x_wconf 80' lang='lat' dir='ltr'>allegantur</span> <span class='ocrx_word' id='word_1_511' title='bbox 942 3313 1004 3338; x_wconf 87' lang='lat' dir='ltr'>Luc.</span> <span class='ocrx_word' id='word_1_512' title='bbox 1019 3313 1067 3343; x_wconf 70' lang='lat'>42,</span> <span class='ocrx_word' id='word_1_513' title='bbox 1082 3312 1129 3338; x_wconf 72' lang='lat'>47:</span> 
     </span>
     <span class='ocr_line' id='line_1_66' title="bbox 170 3355 1130 3390; baseline -0.001 -7"><span class='ocrx_word' id='word_1_514' title='bbox 170 3355 286 3388; x_wconf 78' lang='lat' dir='ltr'>Servus,</span> <span class='ocrx_word' id='word_1_515' title='bbox 300 3355 348 3390; x_wconf 79' lang='lat' dir='ltr'>qui</span> <span class='ocrx_word' id='word_1_516' title='bbox 359 3355 494 3389; x_wconf 61' lang='lat' dir='ltr'>cognoscit</span> <span class='ocrx_word' id='word_1_517' title='bbox 512 3356 678 3383; x_wconf 73' lang='lat' dir='ltr'>voluntatem</span> <span class='ocrx_word' id='word_1_518' title='bbox 697 3356 801 3384; x_wconf 83' lang='lat' dir='ltr'>domini</span> <span class='ocrx_word' id='word_1_519' title='bbox 817 3356 862 3383; x_wconf 81' lang='lat' dir='ltr'>sui</span> <span class='ocrx_word' id='word_1_520' title='bbox 874 3360 923 3383; x_wconf 85' lang='lat' dir='ltr'>etc.</span> <span class='ocrx_word' id='word_1_521' title='bbox 936 3360 962 3383; x_wconf 90' lang='lat' dir='ltr'>et</span> <span class='ocrx_word' id='word_1_522' title='bbox 975 3358 1024 3383; x_wconf 87' lang='lat' dir='ltr'>lac.</span> <span class='ocrx_word' id='word_1_523' title='bbox 1038 3356 1068 3387; x_wconf 80' lang='lat'>4,</span> <span class='ocrx_word' id='word_1_524' title='bbox 1083 3356 1130 3382; x_wconf 77' lang='lat'>47:</span> 
     </span>
     <span class='ocr_line' id='line_1_67' title="bbox 171 3399 1130 3435; baseline 0.001 -10"><span class='ocrx_word' id='word_1_525' title='bbox 171 3399 274 3426; x_wconf 81' lang='lat' dir='ltr'>Scienti</span> <span class='ocrx_word' id='word_1_526' title='bbox 291 3399 375 3434; x_wconf 72' lang='lat' dir='ltr'>iqitur</span> <span class='ocrx_word' id='word_1_527' title='bbox 395 3399 495 3426; x_wconf 83' lang='lat' dir='ltr'>bonum</span> <span class='ocrx_word' id='word_1_528' title='bbox 513 3400 603 3434; x_wconf 80' lang='lat' dir='ltr'>facere</span> <span class='ocrx_word' id='word_1_529' title='bbox 621 3404 669 3427; x_wconf 86' lang='lat' dir='ltr'>etc.</span> <span class='ocrx_word' id='word_1_530' title='bbox 684 3401 765 3435; x_wconf 83' lang='lat' dir='ltr'>(idem</span> <span class='ocrx_word' id='word_1_531' title='bbox 780 3404 863 3427; x_wconf 81' lang='lat' dir='ltr'>textus</span> <span class='ocrx_word' id='word_1_532' title='bbox 876 3401 1003 3434; x_wconf 78' lang='lat' dir='ltr'>allegatur</span> <span class='ocrx_word' id='word_1_533' title='bbox 1015 3408 1030 3426; x_wconf 91' lang='lat' dir='ltr'>a</span> <span class='ocrx_word' id='word_1_534' title='bbox 1044 3402 1069 3427; x_wconf 84' lang='lat' dir='ltr'>S.</span> <span class='ocrx_word' id='word_1_535' title='bbox 1083 3401 1130 3426; x_wconf 89' lang='lat' dir='ltr'>Bo-</span> 
     </span>
    </p>
   </div>
   <div class='ocr_carea' id='block_1_9' title="bbox 2089 236 2153 267">
    <p class='ocr_par' dir='ltr' id='par_1_15' title="bbox 2089 236 2153 267">
     <span class='ocr_line' id='line_1_68' title="bbox 2089 236 2153 267; baseline 0 -1"><span class='ocrx_word' id='word_1_536' title='bbox 2089 236 2153 267; x_wconf 66' lang='lat'>259</span> 
     </span>
    </p>
   </div>
   <div class='ocr_carea' id='block_1_10' title="bbox 1192 319 2156 2549">
    <p class='ocr_par' dir='ltr' id='par_1_16' title="bbox 1192 319 2156 992">
     <span class='ocr_line' id='line_1_69' title="bbox 1192 319 2156 363; baseline 0.003 -11"><span class='ocrx_word' id='word_1_537' title='bbox 1192 319 1257 352; x_wconf 91' lang='lat' dir='ltr'>rari</span> <span class='ocrx_word' id='word_1_538' title='bbox 1289 329 1346 361; x_wconf 91' lang='lat' dir='ltr'>per</span> <span class='ocrx_word' id='word_1_539' title='bbox 1379 320 1565 359; x_wconf 88' lang='lat' dir='ltr'>Dominum,</span> <span class='ocrx_word' id='word_1_540' title='bbox 1597 321 1636 353; x_wconf 91' lang='lat' dir='ltr'>ab</span> <span class='ocrx_word' id='word_1_541' title='bbox 1668 321 1713 353; x_wconf 90' lang='lat' dir='ltr'>eis</span> <span class='ocrx_word' id='word_1_542' title='bbox 1744 322 1798 363; x_wconf 89' lang='lat' dir='ltr'>qui</span> <span class='ocrx_word' id='word_1_543' title='bbox 1831 322 2019 361; x_wconf 86' lang='lat' dir='ltr'>audierunt,</span> <span class='ocrx_word' id='word_1_544' title='bbox 2044 323 2075 355; x_wconf 93' lang='lat' dir='ltr'>in</span> <span class='ocrx_word' id='word_1_545' title='bbox 2099 331 2156 355; x_wconf 90' lang='lat' dir='ltr'>nos</span> 
     </span>
     <span class='ocr_line' id='line_1_70' title="bbox 1192 372 2156 417; baseline 0.003 -12"><span class='ocrx_word' id='word_1_546' title='bbox 1192 372 1377 405; x_wconf 85' lang='lat' dir='ltr'>confirmata</span> <span class='ocrx_word' id='word_1_547' title='bbox 1400 376 1447 406; x_wconf 91' lang='lat' dir='ltr'>est</span> <span class='ocrx_word' id='word_1_548' title='bbox 1464 377 1502 405; x_wconf 66' lang='grc' dir='ltr'>»ἲ</span> <span class='ocrx_word' id='word_1_549' title='bbox 1525 392 1570 397; x_wconf 94' lang='lat'>—-</span> <span class='ocrx_word' id='word_1_550' title='bbox 1593 374 1657 406; x_wconf 77' lang='lat' dir='ltr'>Atia</span> <span class='ocrx_word' id='word_1_551' title='bbox 1681 374 1760 407; x_wconf 88' lang='lat' dir='ltr'>ratio</span> <span class='ocrx_word' id='word_1_552' title='bbox 1784 378 1831 407; x_wconf 91' lang='lat' dir='ltr'>est</span> <span class='ocrx_word' id='word_1_553' title='bbox 1847 379 1977 417; x_wconf 90' lang='lat' dir='ltr'>propter</span> <span class='ocrx_word' id='word_1_554' title='bbox 1993 376 2156 408; x_wconf 87' lang='lat' dir='ltr'>maiorem</span> 
     </span>
     <span class='ocr_line' id='line_1_71' title="bbox 1192 425 2156 469; baseline 0.005 -12"><span class='ocrx_word' id='word_1_555' title='bbox 1192 425 1344 458; x_wconf 87' lang='lat' dir='ltr'>veritatis</span> <span class='ocrx_word' id='word_1_556' title='bbox 1366 426 1546 464; x_wconf 85' lang='lat' dir='ltr'>notitiam;</span> <span class='ocrx_word' id='word_1_557' title='bbox 1578 426 1662 459; x_wconf 90' lang='lat' dir='ltr'>unde</span> <span class='ocrx_word' id='word_1_558' title='bbox 1693 426 1911 469; x_wconf 79' lang='lat' dir='ltr'>Gregorius⁸z</span> <span class='ocrx_word' id='word_1_559' title='bbox 1941 441 1956 456; x_wconf 75' lang='grc' dir='ltr'><em>α</em></span> <span class='ocrx_word' id='word_1_560' title='bbox 1974 429 2030 461; x_wconf 90' lang='lat' dir='ltr'>Ubi</span> <span class='ocrx_word' id='word_1_561' title='bbox 2055 429 2156 462; x_wconf 87' lang='lat' dir='ltr'>maius</span> 
     </span>
     <span class='ocr_line' id='line_1_72' title="bbox 1192 479 2155 522; baseline 0.004 -11"><span class='ocrx_word' id='word_1_562' title='bbox 1192 482 1240 512; x_wconf 89' lang='lat' dir='ltr'>est</span> <span class='ocrx_word' id='word_1_563' title='bbox 1263 479 1382 512; x_wconf 91' lang='lat' dir='ltr'>donum</span> <span class='ocrx_word' id='word_1_564' title='bbox 1406 479 1571 519; x_wconf 82' lang='lat' dir='ltr'>scientiae,</span> <span class='ocrx_word' id='word_1_565' title='bbox 1604 480 1645 512; x_wconf 91' lang='lat' dir='ltr'>ibi</span> <span class='ocrx_word' id='word_1_566' title='bbox 1679 483 1893 522; x_wconf 82' lang='lat' dir='ltr'>transgressor</span> <span class='ocrx_word' id='word_1_567' title='bbox 1916 482 2026 514; x_wconf 87' lang='lat' dir='ltr'>maiori</span> <span class='ocrx_word' id='word_1_568' title='bbox 2052 483 2155 515; x_wconf 85' lang='lat' dir='ltr'>subia-</span> 
     </span>
     <span class='ocr_line' id='line_1_73' title="bbox 1193 532 2154 575; baseline 0.002 -10"><span class='ocrx_word' id='word_1_569' title='bbox 1193 536 1243 565; x_wconf 89' lang='lat' dir='ltr'>cet</span> <span class='ocrx_word' id='word_1_570' title='bbox 1266 533 1425 574; x_wconf 74' lang='lat' dir='ltr'>culpae»;</span> <span class='ocrx_word' id='word_1_571' title='bbox 1459 532 1534 574; x_wconf 90' lang='lat' dir='ltr'>quia</span> <span class='ocrx_word' id='word_1_572' title='bbox 1564 532 1680 565; x_wconf 91' lang='lat' dir='ltr'>dicitur</span> <span class='ocrx_word' id='word_1_573' title='bbox 1713 533 1812 565; x_wconf 90' lang='lat' dir='ltr'>lacobi</span> <span class='ocrx_word' id='word_1_574' title='bbox 1845 538 1979 575; x_wconf 89' lang='lat' dir='ltr'>quarto:</span> <span class='ocrx_word' id='word_1_575' title='bbox 2010 535 2154 567; x_wconf 76' lang='lat' dir='ltr'>«scienti</span> 
     </span>
     <span class='ocr_line' id='line_1_74' title="bbox 1194 586 2154 628; baseline 0.002 -10"><span class='ocrx_word' id='word_1_576' title='bbox 1194 586 1312 619; x_wconf 91' lang='lat' dir='ltr'>bonum</span> <span class='ocrx_word' id='word_1_577' title='bbox 1337 586 1441 619; x_wconf 84' lang='lat' dir='ltr'>tacere</span> <span class='ocrx_word' id='word_1_578' title='bbox 1464 590 1496 619; x_wconf 91' lang='lat' dir='ltr'>et</span> <span class='ocrx_word' id='word_1_579' title='bbox 1519 595 1581 619; x_wconf 92' lang='lat' dir='ltr'>non</span> <span class='ocrx_word' id='word_1_580' title='bbox 1598 586 1721 619; x_wconf 81' lang='lat' dir='ltr'>facienti</span> <span class='ocrx_word' id='word_1_581' title='bbox 1747 590 1909 628; x_wconf 91' lang='lat' dir='ltr'>peccatum</span> <span class='ocrx_word' id='word_1_582' title='bbox 1933 591 1980 620; x_wconf 87' lang='lat' dir='ltr'>est</span> <span class='ocrx_word' id='word_1_583' title='bbox 2004 588 2094 620; x_wconf 79' lang='lat' dir='ltr'>illi».</span> <span class='ocrx_word' id='word_1_584' title='bbox 2114 607 2154 612; x_wconf 90' lang='grc'>-</span> 
     </span>
     <span class='ocr_line' id='line_1_75' title="bbox 1193 639 2156 682; baseline 0.002 -10"><span class='ocrx_word' id='word_1_585' title='bbox 1193 639 1229 671; x_wconf 91' lang='lat' dir='ltr'>Et</span> <span class='ocrx_word' id='word_1_586' title='bbox 1253 639 1338 681; x_wconf 89' lang='lat' dir='ltr'>quod</span> <span class='ocrx_word' id='word_1_587' title='bbox 1361 640 1632 682; x_wconf 87' lang='lat' dir='ltr'>contemptoribus</span> <span class='ocrx_word' id='word_1_588' title='bbox 1662 640 1804 672; x_wconf 89' lang='lat' dir='ltr'>veritatis</span> <span class='ocrx_word' id='word_1_589' title='bbox 1835 640 1973 672; x_wconf 84' lang='lat' dir='ltr'>maxima</span> <span class='ocrx_word' id='word_1_590' title='bbox 2004 641 2156 674; x_wconf 88' lang='lat' dir='ltr'>debeatur</span> 
     </span>
     <span class='ocr_line' id='line_1_76' title="bbox 1193 693 2155 736; baseline 0.002 -11"><span class='ocrx_word' id='word_1_591' title='bbox 1193 702 1312 735; x_wconf 88' lang='lat' dir='ltr'>poena,</span> <span class='ocrx_word' id='word_1_592' title='bbox 1336 696 1422 735; x_wconf 90' lang='lat' dir='ltr'>patet</span> <span class='ocrx_word' id='word_1_593' title='bbox 1445 702 1486 726; x_wconf 86' lang='lat' dir='ltr'>ex</span> <span class='ocrx_word' id='word_1_594' title='bbox 1511 694 1571 726; x_wconf 88' lang='lat' dir='ltr'>hoc</span> <span class='ocrx_word' id='word_1_595' title='bbox 1595 693 1679 736; x_wconf 91' lang='lat' dir='ltr'>quod</span> <span class='ocrx_word' id='word_1_596' title='bbox 1703 693 1819 726; x_wconf 89' lang='lat' dir='ltr'>dicitur</span> <span class='ocrx_word' id='word_1_597' title='bbox 1842 693 1881 726; x_wconf 89' lang='lat' dir='ltr'>ad</span> <span class='ocrx_word' id='word_1_598' title='bbox 1907 694 2060 727; x_wconf 82' lang='lat' dir='ltr'>Romanos</span> <span class='ocrx_word' id='word_1_599' title='bbox 2091 695 2155 736; x_wconf 89' lang='lat' dir='ltr'>pri-</span> 
     </span>
     <span class='ocr_line' id='line_1_77' title="bbox 1192 746 2154 789; baseline 0.001 -11"><span class='ocrx_word' id='word_1_600' title='bbox 1192 755 1244 778; x_wconf 89' lang='lat' dir='ltr'>mo</span> <span class='ocrx_word' id='word_1_601' title='bbox 1257 746 1270 765; x_wconf 81' lang='lat'>⁹</span> <span class='ocrx_word' id='word_1_602' title='bbox 1294 746 1332 779; x_wconf 90' lang='lat' dir='ltr'>de</span> <span class='ocrx_word' id='word_1_603' title='bbox 1356 746 1563 788; x_wconf 89' lang='lat' dir='ltr'>quibusdam,</span> <span class='ocrx_word' id='word_1_604' title='bbox 1588 746 1661 788; x_wconf 90' lang='lat' dir='ltr'>qui,</span> <span class='ocrx_word' id='word_1_605' title='bbox 1683 759 1698 775; x_wconf 77' lang='grc' dir='ltr'>α</span> <span class='ocrx_word' id='word_1_606' title='bbox 1715 755 1787 779; x_wconf 88' lang='lat' dir='ltr'>cum</span> <span class='ocrx_word' id='word_1_607' title='bbox 1805 746 1903 779; x_wconf 91' lang='lat' dir='ltr'>Deum</span> <span class='ocrx_word' id='word_1_608' title='bbox 1922 747 2154 789; x_wconf 81' lang='lat' dir='ltr'>cognovissent,</span> 
     </span>
     <span class='ocr_line' id='line_1_78' title="bbox 1193 799 2156 842; baseline 0.001 -10"><span class='ocrx_word' id='word_1_609' title='bbox 1193 809 1254 832; x_wconf 91' lang='lat' dir='ltr'>non</span> <span class='ocrx_word' id='word_1_610' title='bbox 1279 799 1362 832; x_wconf 88' lang='lat' dir='ltr'>sicut</span> <span class='ocrx_word' id='word_1_611' title='bbox 1385 800 1486 832; x_wconf 90' lang='lat' dir='ltr'>Deum</span> <span class='ocrx_word' id='word_1_612' title='bbox 1509 800 1766 842; x_wconf 85' lang='lat' dir='ltr'>glorificaverunt</span> <span class='ocrx_word' id='word_1_613' title='bbox 1783 813 1813 838; x_wconf 64' lang='grc' dir='ltr'>ι»,</span> <span class='ocrx_word' id='word_1_614' title='bbox 1831 799 1915 842; x_wconf 85' lang='lat' dir='ltr'>quod</span> <span class='ocrx_word' id='word_1_615' title='bbox 1938 800 2096 833; x_wconf 76' lang='lat' dir='ltr'>«tradidit</span> <span class='ocrx_word' id='word_1_616' title='bbox 2120 801 2156 833; x_wconf 91' lang='lat' dir='ltr'>il-</span> 
     </span>
     <span class='ocr_line' id='line_1_79' title="bbox 1193 853 2155 895; baseline 0.001 -9"><span class='ocrx_word' id='word_1_617' title='bbox 1193 853 1240 886; x_wconf 92' lang='lat' dir='ltr'>los</span> <span class='ocrx_word' id='word_1_618' title='bbox 1262 853 1347 886; x_wconf 91' lang='lat' dir='ltr'>Deus</span> <span class='ocrx_word' id='word_1_619' title='bbox 1370 853 1401 886; x_wconf 90' lang='lat' dir='ltr'>in</span> <span class='ocrx_word' id='word_1_620' title='bbox 1426 853 1597 895; x_wconf 89' lang='lat' dir='ltr'>reprobum</span> <span class='ocrx_word' id='word_1_621' title='bbox 1622 862 1748 886; x_wconf 90' lang='lat' dir='ltr'>sensum</span> <span class='ocrx_word' id='word_1_622' title='bbox 1766 867 1797 885; x_wconf 72' lang='grc' dir='ltr'>ι».</span> <span class='ocrx_word' id='word_1_623' title='bbox 1817 853 1852 885; x_wconf 88' lang='lat' dir='ltr'>Et</span> <span class='ocrx_word' id='word_1_624' title='bbox 1868 853 1948 886; x_wconf 90' lang='lat' dir='ltr'>ratio</span> <span class='ocrx_word' id='word_1_625' title='bbox 1973 854 2068 886; x_wconf 87' lang='lat' dir='ltr'>huius</span> <span class='ocrx_word' id='word_1_626' title='bbox 2085 854 2155 887; x_wconf 88' lang='lat' dir='ltr'>red-</span> 
     </span>
     <span class='ocr_line' id='line_1_80' title="bbox 1193 905 2155 948; baseline 0.001 -10"><span class='ocrx_word' id='word_1_627' title='bbox 1193 906 1298 945; x_wconf 87' lang='lat' dir='ltr'>ditur,</span> <span class='ocrx_word' id='word_1_628' title='bbox 1321 906 1397 948; x_wconf 91' lang='lat' dir='ltr'>quia</span> <span class='ocrx_word' id='word_1_629' title='bbox 1425 919 1441 935; x_wconf 79' lang='grc' dir='ltr'>α</span> <span class='ocrx_word' id='word_1_630' title='bbox 1458 915 1521 938; x_wconf 93' lang='lat' dir='ltr'>non</span> <span class='ocrx_word' id='word_1_631' title='bbox 1545 905 1762 948; x_wconf 83' lang='lat' dir='ltr'>probaverunt</span> <span class='ocrx_word' id='word_1_632' title='bbox 1785 906 1884 939; x_wconf 91' lang='lat' dir='ltr'>Deum</span> <span class='ocrx_word' id='word_1_633' title='bbox 1902 906 2020 939; x_wconf 89' lang='lat' dir='ltr'>babere</span> <span class='ocrx_word' id='word_1_634' title='bbox 2045 907 2075 939; x_wconf 92' lang='lat' dir='ltr'>in</span> <span class='ocrx_word' id='word_1_635' title='bbox 2100 916 2155 939; x_wconf 92' lang='lat' dir='ltr'>no-</span> 
     </span>
     <span class='ocr_line' id='line_1_81' title="bbox 1194 959 1334 992; baseline -0.007 0"><span class='ocrx_word' id='word_1_636' title='bbox 1194 959 1262 992; x_wconf 72' lang='lat' dir='ltr'>titia</span> <span class='ocrx_word' id='word_1_637' title='bbox 1277 973 1307 991; x_wconf 68' lang='lat'>2³.</span> <span class='ocrx_word' id='word_1_638' title='bbox 1326 970 1334 975; x_wconf 60' lang='lat'><em>⁶</em></span> 
     </span>
    </p>

    <p class='ocr_par' dir='ltr' id='par_1_17' title="bbox 1192 1012 2156 1376">
     <span class='ocr_line' id='line_1_82' title="bbox 1283 1012 2155 1055; baseline 0 -9"><span class='ocrx_word' id='word_1_639' title='bbox 1283 1014 1335 1046; x_wconf 70' lang='lat'>22.</span> <span class='ocrx_word' id='word_1_640' title='bbox 1362 1013 1463 1055; x_wconf 89' lang='lat' dir='ltr'>(Vers.</span> <span class='ocrx_word' id='word_1_641' title='bbox 1492 1012 1566 1054; x_wconf 86' lang='lat'>13.).</span> <span class='ocrx_word' id='word_1_642' title='bbox 1591 1013 1655 1045; x_wconf 88' lang='lat' dir='ltr'>Vae</span> <span class='ocrx_word' id='word_1_643' title='bbox 1671 1012 1741 1052; x_wconf 86' lang='lat' dir='ltr'>tibi,</span> <span class='ocrx_word' id='word_1_644' title='bbox 1761 1012 1930 1046; x_wconf 81' lang='lat' dir='ltr'>Corozain</span> <span class='ocrx_word' id='word_1_645' title='bbox 1946 1017 2004 1046; x_wconf 85' lang='lat' dir='ltr'>etc.</span> <span class='ocrx_word' id='word_1_646' title='bbox 2023 1014 2074 1047; x_wconf 88' lang='lat' dir='ltr'>Hic</span> <span class='ocrx_word' id='word_1_647' title='bbox 2093 1017 2155 1046; x_wconf 85' lang='lat' dir='ltr'>ter-</span> 
     </span>
     <span class='ocr_line' id='line_1_83' title="bbox 1194 1066 2155 1109; baseline 0.001 -10"><span class='ocrx_word' id='word_1_648' title='bbox 1194 1066 1237 1099; x_wconf 89' lang='lat' dir='ltr'>tio</span> <span class='ocrx_word' id='word_1_649' title='bbox 1260 1066 1329 1099; x_wconf 86' lang='lat' dir='ltr'>loco</span> <span class='ocrx_word' id='word_1_650' title='bbox 1352 1066 1557 1108; x_wconf 85' lang='lat' dir='ltr'>subiungitur</span> <span class='ocrx_word' id='word_1_651' title='bbox 1589 1066 1771 1109; x_wconf 84' lang='lat' dir='ltr'>increpatio</span> <span class='ocrx_word' id='word_1_652' title='bbox 1795 1071 2075 1108; x_wconf 82' lang='lat' dir='ltr'>contemptorum,</span> <span class='ocrx_word' id='word_1_653' title='bbox 2100 1067 2155 1109; x_wconf 91' lang='lat' dir='ltr'>qui</span> 
     </span>
     <span class='ocr_line' id='line_1_84' title="bbox 1193 1120 2156 1163; baseline 0.001 -10"><span class='ocrx_word' id='word_1_654' title='bbox 1193 1124 1323 1163; x_wconf 85' lang='lat' dir='ltr'>propter</span> <span class='ocrx_word' id='word_1_655' title='bbox 1346 1120 1410 1153; x_wconf 91' lang='lat' dir='ltr'>duo</span> <span class='ocrx_word' id='word_1_656' title='bbox 1433 1130 1452 1153; x_wconf 90' lang='lat' dir='ltr'>a</span> <span class='ocrx_word' id='word_1_657' title='bbox 1468 1120 1600 1153; x_wconf 92' lang='lat' dir='ltr'>Domino</span> <span class='ocrx_word' id='word_1_658' title='bbox 1617 1120 1797 1162; x_wconf 89' lang='lat' dir='ltr'>increpandi</span> <span class='ocrx_word' id='word_1_659' title='bbox 1815 1120 2025 1153; x_wconf 90' lang='lat' dir='ltr'>ostenduntur</span> <span class='ocrx_word' id='word_1_660' title='bbox 2041 1124 2071 1154; x_wconf 84' lang='lat' dir='ltr'>et</span> <span class='ocrx_word' id='word_1_661' title='bbox 2090 1125 2156 1154; x_wconf 85' lang='lat' dir='ltr'>tan-</span> 
     </span>
     <span class='ocr_line' id='line_1_85' title="bbox 1192 1173 2155 1215; baseline 0 -9"><span class='ocrx_word' id='word_1_662' title='bbox 1192 1182 1289 1215; x_wconf 86' lang='lat' dir='ltr'>quam</span> <span class='ocrx_word' id='word_1_663' title='bbox 1312 1173 1505 1206; x_wconf 86' lang='lat' dir='ltr'>damnabiles</span> <span class='ocrx_word' id='word_1_664' title='bbox 1528 1177 1728 1215; x_wconf 85' lang='lat' dir='ltr'>arguuntur,</span> <span class='ocrx_word' id='word_1_665' title='bbox 1753 1173 1870 1206; x_wconf 86' lang='lat' dir='ltr'>scilicet</span> <span class='ocrx_word' id='word_1_666' title='bbox 1901 1177 2031 1215; x_wconf 88' lang='lat' dir='ltr'>propter</span> <span class='ocrx_word' id='word_1_667' title='bbox 2058 1174 2155 1206; x_wconf 75' lang='lat' dir='ltr'>‹turi-</span> 
     </span>
     <span class='ocr_line' id='line_1_86' title="bbox 1194 1226 2154 1268; baseline 0.001 -9"><span class='ocrx_word' id='word_1_668' title='bbox 1194 1227 1275 1259; x_wconf 81' lang='lat' dir='ltr'>tz&#39;am</span> <span class='ocrx_word' id='word_1_669' title='bbox 1301 1227 1413 1259; x_wconf 83' lang='lat' dir='ltr'>cordis</span> <span class='ocrx_word' id='word_1_670' title='bbox 1436 1230 1467 1259; x_wconf 92' lang='lat' dir='ltr'>et</span> <span class='ocrx_word' id='word_1_671' title='bbox 1490 1230 1620 1268; x_wconf 86' lang='lat' dir='ltr'>propter</span> <span class='ocrx_word' id='word_1_672' title='bbox 1636 1226 1859 1259; x_wconf 69' lang='lat' dir='ltr'>eaeceltentiam</span> <span class='ocrx_word' id='word_1_673' title='bbox 1875 1227 2011 1259; x_wconf 87' lang='lat' dir='ltr'>mentis:</span> <span class='ocrx_word' id='word_1_674' title='bbox 2037 1227 2154 1260; x_wconf 86' lang='lat' dir='ltr'>duritia</span> 
     </span>
     <span class='ocr_line' id='line_1_87' title="bbox 1193 1279 2154 1322; baseline 0.001 -10"><span class='ocrx_word' id='word_1_675' title='bbox 1193 1280 1297 1313; x_wconf 91' lang='lat' dir='ltr'>cordis</span> <span class='ocrx_word' id='word_1_676' title='bbox 1327 1279 1478 1313; x_wconf 91' lang='lat' dir='ltr'>reddebat</span> <span class='ocrx_word' id='word_1_677' title='bbox 1509 1288 1562 1312; x_wconf 90' lang='lat' dir='ltr'>eos</span> <span class='ocrx_word' id='word_1_678' title='bbox 1593 1279 1853 1322; x_wconf 74' lang='lat' dir='ltr'>impoenitentes,</span> <span class='ocrx_word' id='word_1_679' title='bbox 1886 1279 1940 1312; x_wconf 89' lang='lat' dir='ltr'>sed</span> <span class='ocrx_word' id='word_1_680' title='bbox 1969 1280 2154 1313; x_wconf 80' lang='lat' dir='ltr'>excellentia</span> 
     </span>
     <span class='ocr_line' id='line_1_88' title="bbox 1193 1338 1403 1376; baseline -0.005 -10"><span class='ocrx_word' id='word_1_681' title='bbox 1193 1338 1403 1376; x_wconf 64' lang='lat' dir='ltr'>arrogantes.</span> 
     </span>
    </p>

    <p class='ocr_par' dir='ltr' id='par_1_18' title="bbox 1192 1386 2155 2276">
     <span class='ocr_line' id='line_1_89' title="bbox 1282 1386 2152 1429; baseline -0.001 -10"><span class='ocrx_word' id='word_1_682' title='bbox 1282 1387 1386 1419; x_wconf 88' lang='lat' dir='ltr'>Primo</span> <span class='ocrx_word' id='word_1_683' title='bbox 1401 1387 1513 1428; x_wconf 83' lang='lat' dir='ltr'>igitur,</span> <span class='ocrx_word' id='word_1_684' title='bbox 1529 1386 1708 1429; x_wconf 78' lang='lat' dir='ltr'>increpans</span> <span class='ocrx_word' id='word_1_685' title='bbox 1724 1386 1834 1419; x_wconf 83' lang='lat' dir='ltr'>cordis</span> <span class='ocrx_word' id='word_1_686' title='bbox 1850 1386 2033 1424; x_wconf 81' lang='lat' dir='ltr'>daritiam,</span> <span class='ocrx_word' id='word_1_687' title='bbox 2057 1386 2132 1419; x_wconf 88' lang='lat' dir='ltr'>dicit</span> <span class='ocrx_word' id='word_1_688' title='bbox 2146 1399 2152 1418; x_wconf 93' lang='lat'>:</span> 
     </span>
     <span class='ocr_line' id='line_1_90' title="bbox 1199 1439 2155 1482; baseline 0 -9"><span class='ocrx_word' id='word_1_689' title='bbox 1199 1441 1264 1474; x_wconf 92' lang='lat' dir='ltr'>Vae</span> <span class='ocrx_word' id='word_1_690' title='bbox 1281 1440 1358 1480; x_wconf 85' lang='lat' dir='ltr'>tibi,</span> <span class='ocrx_word' id='word_1_691' title='bbox 1379 1440 1564 1473; x_wconf 82' lang='lat' dir='ltr'>Corozain!</span> <span class='ocrx_word' id='word_1_692' title='bbox 1581 1450 1642 1473; x_wconf 85' lang='lat' dir='ltr'>vae</span> <span class='ocrx_word' id='word_1_693' title='bbox 1657 1440 1731 1479; x_wconf 87' lang='lat' dir='ltr'>tibi,</span> <span class='ocrx_word' id='word_1_694' title='bbox 1750 1439 1950 1472; x_wconf 72' lang='lat' dir='ltr'>Bethsaida!</span> <span class='ocrx_word' id='word_1_695' title='bbox 1966 1449 2048 1482; x_wconf 85' lang='lat' dir='ltr'>quae</span> <span class='ocrx_word' id='word_1_696' title='bbox 2064 1444 2155 1473; x_wconf 87' lang='lat' dir='ltr'>erant</span> 
     </span>
     <span class='ocr_line' id='line_1_91' title="bbox 1192 1493 2153 1535; baseline -0.001 -8"><span class='ocrx_word' id='word_1_697' title='bbox 1192 1494 1274 1527; x_wconf 85' lang='lat' dir='ltr'>duae</span> <span class='ocrx_word' id='word_1_698' title='bbox 1297 1494 1439 1527; x_wconf 85' lang='lat' dir='ltr'>civitates</span> <span class='ocrx_word' id='word_1_699' title='bbox 1469 1493 1639 1532; x_wconf 83' lang='lat' dir='ltr'>Galilaeae,</span> <span class='ocrx_word' id='word_1_700' title='bbox 1669 1493 1724 1526; x_wconf 91' lang='lat' dir='ltr'>ubi</span> <span class='ocrx_word' id='word_1_701' title='bbox 1748 1493 1885 1535; x_wconf 91' lang='lat' dir='ltr'>plurima</span> <span class='ocrx_word' id='word_1_702' title='bbox 1908 1493 2025 1526; x_wconf 81' lang='lat' dir='ltr'>fecerat</span> <span class='ocrx_word' id='word_1_703' title='bbox 2048 1493 2153 1535; x_wconf 85' lang='lat' dir='ltr'>signa,</span> 
     </span>
     <span class='ocr_line' id='line_1_92' title="bbox 1192 1547 2153 1588; baseline -0.001 -8"><span class='ocrx_word' id='word_1_704' title='bbox 1192 1550 1340 1581; x_wconf 89' lang='lat' dir='ltr'>ettamen</span> <span class='ocrx_word' id='word_1_705' title='bbox 1352 1547 1457 1580; x_wconf 88' lang='lat' dir='ltr'>adbuc</span> <span class='ocrx_word' id='word_1_706' title='bbox 1469 1547 1673 1588; x_wconf 84' lang='lat' dir='ltr'>permanebat</span> <span class='ocrx_word' id='word_1_707' title='bbox 1686 1547 1715 1579; x_wconf 90' lang='lat' dir='ltr'>in</span> <span class='ocrx_word' id='word_1_708' title='bbox 1729 1547 1775 1579; x_wconf 90' lang='lat' dir='ltr'>eis</span> <span class='ocrx_word' id='word_1_709' title='bbox 1786 1547 1904 1579; x_wconf 88' lang='lat' dir='ltr'>duritia</span> <span class='ocrx_word' id='word_1_710' title='bbox 1918 1547 1953 1578; x_wconf 85' lang='lat'>1⁰.</span> <span class='ocrx_word' id='word_1_711' title='bbox 1966 1566 2011 1570; x_wconf 90' lang='lat'>—</span> <span class='ocrx_word' id='word_1_712' title='bbox 2024 1547 2153 1588; x_wconf 86' lang='lat' dir='ltr'>Propter</span> 
     </span>
     <span class='ocr_line' id='line_1_93' title="bbox 1192 1599 2154 1643; baseline -0.002 -10"><span class='ocrx_word' id='word_1_713' title='bbox 1192 1600 1278 1643; x_wconf 88' lang='lat' dir='ltr'>quod</span> <span class='ocrx_word' id='word_1_714' title='bbox 1301 1600 1429 1633; x_wconf 89' lang='lat' dir='ltr'>subdit:</span> <span class='ocrx_word' id='word_1_715' title='bbox 1456 1600 1563 1641; x_wconf 75' lang='lat' dir='ltr'>Quia,</span> <span class='ocrx_word' id='word_1_716' title='bbox 1594 1600 1627 1632; x_wconf 83' lang='lat' dir='ltr'>si</span> <span class='ocrx_word' id='word_1_717' title='bbox 1657 1600 1693 1632; x_wconf 89' lang='lat' dir='ltr'>in</span> <span class='ocrx_word' id='word_1_718' title='bbox 1729 1600 1816 1643; x_wconf 82' lang='lat' dir='ltr'>Tyro</span> <span class='ocrx_word' id='word_1_719' title='bbox 1840 1603 1867 1632; x_wconf 92' lang='lat' dir='ltr'>et</span> <span class='ocrx_word' id='word_1_720' title='bbox 1894 1599 2013 1632; x_wconf 78' lang='lat' dir='ltr'>Sidone</span> <span class='ocrx_word' id='word_1_721' title='bbox 2043 1599 2154 1641; x_wconf 76' lang='lat' dir='ltr'>factae</span> 
     </span>
     <span class='ocr_line' id='line_1_94' title="bbox 1192 1652 2153 1697; baseline -0.001 -11"><span class='ocrx_word' id='word_1_722' title='bbox 1192 1653 1336 1697; x_wconf 80' lang='lat' dir='ltr'>fuissent</span> <span class='ocrx_word' id='word_1_723' title='bbox 1350 1654 1508 1693; x_wconf 79' lang='lat' dir='ltr'>virtutes,</span> <span class='ocrx_word' id='word_1_724' title='bbox 1526 1663 1611 1697; x_wconf 82' lang='lat' dir='ltr'>qaae</span> <span class='ocrx_word' id='word_1_725' title='bbox 1628 1654 1662 1686; x_wconf 86' lang='lat' dir='ltr'>in</span> <span class='ocrx_word' id='word_1_726' title='bbox 1678 1653 1770 1686; x_wconf 81' lang='lat' dir='ltr'>vobis</span> <span class='ocrx_word' id='word_1_727' title='bbox 1785 1652 1897 1696; x_wconf 83' lang='lat' dir='ltr'>factae</span> <span class='ocrx_word' id='word_1_728' title='bbox 1912 1657 2009 1692; x_wconf 82' lang='lat' dir='ltr'>sunt,</span> <span class='ocrx_word' id='word_1_729' title='bbox 2035 1653 2065 1686; x_wconf 89' lang='lat' dir='ltr'>id</span> <span class='ocrx_word' id='word_1_730' title='bbox 2089 1657 2153 1692; x_wconf 90' lang='lat' dir='ltr'>est,</span> 
     </span>
     <span class='ocr_line' id='line_1_95' title="bbox 1192 1707 2154 1741; baseline -0.001 -1"><span class='ocrx_word' id='word_1_731' title='bbox 1192 1708 1218 1741; x_wconf 92' lang='lat' dir='ltr'>si</span> <span class='ocrx_word' id='word_1_732' title='bbox 1242 1707 1394 1740; x_wconf 90' lang='lat' dir='ltr'>Dominus</span> <span class='ocrx_word' id='word_1_733' title='bbox 1417 1707 1463 1740; x_wconf 92' lang='lat' dir='ltr'>eis</span> <span class='ocrx_word' id='word_1_734' title='bbox 1487 1710 1572 1740; x_wconf 85' lang='lat' dir='ltr'>tanta</span> <span class='ocrx_word' id='word_1_735' title='bbox 1595 1707 1748 1740; x_wconf 87' lang='lat' dir='ltr'>miracula</span> <span class='ocrx_word' id='word_1_736' title='bbox 1769 1707 1955 1740; x_wconf 86' lang='lat' dir='ltr'>ostendisset</span> <span class='ocrx_word' id='word_1_737' title='bbox 1978 1710 2050 1739; x_wconf 92' lang='lat' dir='ltr'>ante</span> <span class='ocrx_word' id='word_1_738' title='bbox 2065 1715 2154 1739; x_wconf 87' lang='lat' dir='ltr'>suam</span> 
     </span>
     <span class='ocr_line' id='line_1_96' title="bbox 1192 1761 2155 1804; baseline -0.002 -9"><span class='ocrx_word' id='word_1_739' title='bbox 1192 1762 1431 1795; x_wconf 90' lang='lat' dir='ltr'>subversionem</span> <span class='ocrx_word' id='word_1_740' title='bbox 1448 1779 1490 1786; x_wconf 94' lang='lat'>—</span> <span class='ocrx_word' id='word_1_741' title='bbox 1507 1770 1603 1804; x_wconf 88' lang='lat' dir='ltr'>quam</span> <span class='ocrx_word' id='word_1_742' title='bbox 1627 1761 1836 1794; x_wconf 88' lang='lat' dir='ltr'>comminatus</span> <span class='ocrx_word' id='word_1_743' title='bbox 1859 1764 1907 1794; x_wconf 89' lang='lat' dir='ltr'>est</span> <span class='ocrx_word' id='word_1_744' title='bbox 1929 1761 2082 1794; x_wconf 90' lang='lat' dir='ltr'>Dominus</span> <span class='ocrx_word' id='word_1_745' title='bbox 2098 1769 2155 1803; x_wconf 89' lang='lat' dir='ltr'>per</span> 
     </span>
     <span class='ocr_line' id='line_1_97' title="bbox 1194 1814 2153 1857; baseline -0.002 -9"><span class='ocrx_word' id='word_1_746' title='bbox 1194 1815 1385 1855; x_wconf 86' lang='lat' dir='ltr'>Ezechielem</span> <span class='ocrx_word' id='word_1_747' title='bbox 1411 1815 1560 1857; x_wconf 88' lang='lat' dir='ltr'>vigesimo</span> <span class='ocrx_word' id='word_1_748' title='bbox 1584 1814 1778 1857; x_wconf 84' lang='lat' dir='ltr'>septim011:</span> <span class='ocrx_word' id='word_1_749' title='bbox 1812 1827 1828 1843; x_wconf 75' lang='grc' dir='ltr'>α</span> <span class='ocrx_word' id='word_1_750' title='bbox 1853 1815 1901 1847; x_wconf 92' lang='lat' dir='ltr'>Tu</span> <span class='ocrx_word' id='word_1_751' title='bbox 1933 1814 1974 1846; x_wconf 82' lang='lat' dir='ltr'>fili</span> <span class='ocrx_word' id='word_1_752' title='bbox 2000 1814 2153 1852; x_wconf 90' lang='lat' dir='ltr'>bominis,</span> 
     </span>
     <span class='ocr_line' id='line_1_98' title="bbox 1192 1867 2154 1910; baseline -0.002 -9"><span class='ocrx_word' id='word_1_753' title='bbox 1192 1877 1318 1901; x_wconf 85' lang='lat' dir='ltr'>assume</span> <span class='ocrx_word' id='word_1_754' title='bbox 1349 1877 1445 1910; x_wconf 90' lang='lat' dir='ltr'>super</span> <span class='ocrx_word' id='word_1_755' title='bbox 1477 1869 1596 1910; x_wconf 91' lang='lat' dir='ltr'>Tyrum</span> <span class='ocrx_word' id='word_1_756' title='bbox 1620 1868 1792 1901; x_wconf 90' lang='lat' dir='ltr'>lamentum</span> <span class='ocrx_word' id='word_1_757' title='bbox 1809 1881 1840 1906; x_wconf 67' lang='grc' dir='ltr'>ι»,</span> <span class='ocrx_word' id='word_1_758' title='bbox 1864 1871 1896 1900; x_wconf 91' lang='lat' dir='ltr'>et</span> <span class='ocrx_word' id='word_1_759' title='bbox 1920 1867 1951 1899; x_wconf 92' lang='lat' dir='ltr'>in</span> <span class='ocrx_word' id='word_1_760' title='bbox 1976 1867 2039 1900; x_wconf 86' lang='lat' dir='ltr'>fine</span> <span class='ocrx_word' id='word_1_761' title='bbox 2070 1867 2154 1909; x_wconf 89' lang='lat' dir='ltr'>capi-</span> 
     </span>
     <span class='ocr_line' id='line_1_99' title="bbox 1192 1921 2154 1963; baseline -0.001 -9"><span class='ocrx_word' id='word_1_762' title='bbox 1192 1922 1273 1955; x_wconf 90' lang='lat' dir='ltr'>tuli:</span> <span class='ocrx_word' id='word_1_763' title='bbox 1302 1935 1318 1950; x_wconf 76' lang='lat' dir='ltr'>&lt;r</span> <span class='ocrx_word' id='word_1_764' title='bbox 1334 1922 1378 1954; x_wconf 81' lang='lat' dir='ltr'>Ad</span> <span class='ocrx_word' id='word_1_765' title='bbox 1401 1922 1536 1954; x_wconf 87' lang='lat' dir='ltr'>nihilum</span> <span class='ocrx_word' id='word_1_766' title='bbox 1560 1921 1687 1955; x_wconf 86' lang='lat' dir='ltr'>redacta</span> <span class='ocrx_word' id='word_1_767' title='bbox 1710 1930 1743 1954; x_wconf 92' lang='lat' dir='ltr'>es</span> <span class='ocrx_word' id='word_1_768' title='bbox 1766 1925 1798 1954; x_wconf 90' lang='lat' dir='ltr'>et</span> <span class='ocrx_word' id='word_1_769' title='bbox 1820 1930 1882 1954; x_wconf 91' lang='lat' dir='ltr'>non</span> <span class='ocrx_word' id='word_1_770' title='bbox 1910 1921 1975 1954; x_wconf 81' lang='lat' dir='ltr'>eris</span> <span class='ocrx_word' id='word_1_771' title='bbox 1997 1929 2099 1963; x_wconf 90' lang='lat' dir='ltr'>usque</span> <span class='ocrx_word' id='word_1_772' title='bbox 2122 1921 2154 1953; x_wconf 92' lang='lat' dir='ltr'>in</span> 
     </span>
     <span class='ocr_line' id='line_1_100' title="bbox 1192 1975 2154 2018; baseline 0 -10"><span class='ocrx_word' id='word_1_773' title='bbox 1192 1976 1420 2018; x_wconf 89' lang='lat' dir='ltr'>sempiternum</span> <span class='ocrx_word' id='word_1_774' title='bbox 1433 1989 1448 2004; x_wconf 67' lang='lat' dir='ltr'>n</span> <span class='ocrx_word' id='word_1_775' title='bbox 1464 1994 1509 1999; x_wconf 88' lang='lat'>—-</span> <span class='ocrx_word' id='word_1_776' title='bbox 1520 1975 1624 2008; x_wconf 88' lang='lat' dir='ltr'>adhuc</span> <span class='ocrx_word' id='word_1_777' title='bbox 1640 1984 1703 2008; x_wconf 92' lang='lat' dir='ltr'>non</span> <span class='ocrx_word' id='word_1_778' title='bbox 1719 1979 1823 2008; x_wconf 89' lang='lat' dir='ltr'>essent</span> <span class='ocrx_word' id='word_1_779' title='bbox 1839 1975 2020 2014; x_wconf 87' lang='lat' dir='ltr'>subversae,</span> <span class='ocrx_word' id='word_1_780' title='bbox 2037 1978 2068 2008; x_wconf 90' lang='lat' dir='ltr'>et</span> <span class='ocrx_word' id='word_1_781' title='bbox 2084 1975 2154 2013; x_wconf 77' lang='lat' dir='ltr'>boe,</span> 
     </span>
     <span class='ocr_line' id='line_1_101' title="bbox 1193 2028 2155 2072; baseline -0.002 -10"><span class='ocrx_word' id='word_1_782' title='bbox 1193 2029 1268 2072; x_wconf 88' lang='lat' dir='ltr'>quia</span> <span class='ocrx_word' id='word_1_783' title='bbox 1290 2029 1527 2071; x_wconf 89' lang='lat' dir='ltr'>poenituissent.</span> <span class='ocrx_word' id='word_1_784' title='bbox 1546 2047 1588 2053; x_wconf 96' lang='lat'>—</span> <span class='ocrx_word' id='word_1_785' title='bbox 1605 2028 1692 2062; x_wconf 88' lang='lat' dir='ltr'>Unde</span> <span class='ocrx_word' id='word_1_786' title='bbox 1707 2028 1813 2061; x_wconf 88' lang='lat' dir='ltr'>addit:</span> <span class='ocrx_word' id='word_1_787' title='bbox 1834 2028 1919 2061; x_wconf 82' lang='lat' dir='ltr'>Olim</span> <span class='ocrx_word' id='word_1_788' title='bbox 1935 2028 1971 2061; x_wconf 87' lang='lat' dir='ltr'>in</span> <span class='ocrx_word' id='word_1_789' title='bbox 1995 2028 2102 2061; x_wconf 81' lang='lat' dir='ltr'>cilicio</span> <span class='ocrx_word' id='word_1_790' title='bbox 2126 2033 2155 2060; x_wconf 91' lang='lat' dir='ltr'>et</span> 
     </span>
     <span class='ocr_line' id='line_1_102' title="bbox 1192 2081 2152 2126; baseline -0.002 -10"><span class='ocrx_word' id='word_1_791' title='bbox 1192 2083 1300 2116; x_wconf 85' lang='lat' dir='ltr'>cinere</span> <span class='ocrx_word' id='word_1_792' title='bbox 1322 2083 1465 2115; x_wconf 75' lang='lat' dir='ltr'>sedentes</span> <span class='ocrx_word' id='word_1_793' title='bbox 1484 2082 1704 2124; x_wconf 78' lang='lat' dir='ltr'>poeniterent,</span> <span class='ocrx_word' id='word_1_794' title='bbox 1721 2081 1803 2115; x_wconf 88' lang='lat' dir='ltr'>sicut</span> <span class='ocrx_word' id='word_1_795' title='bbox 1818 2082 1963 2126; x_wconf 68' lang='lat' dir='ltr'>iecerunt</span> <span class='ocrx_word' id='word_1_796' title='bbox 1985 2081 2152 2120; x_wconf 86' lang='lat' dir='ltr'>Ninivitae,</span> 
     </span>
     <span class='ocr_line' id='line_1_103' title="bbox 1192 2134 2154 2177; baseline -0.001 -9"><span class='ocrx_word' id='word_1_797' title='bbox 1192 2136 1231 2169; x_wconf 90' lang='lat' dir='ltr'>de</span> <span class='ocrx_word' id='word_1_798' title='bbox 1254 2135 1372 2177; x_wconf 88' lang='lat' dir='ltr'>quibus</span> <span class='ocrx_word' id='word_1_799' title='bbox 1395 2135 1486 2168; x_wconf 89' lang='lat' dir='ltr'>Ionae</span> <span class='ocrx_word' id='word_1_800' title='bbox 1503 2135 1596 2167; x_wconf 89' lang='lat' dir='ltr'>tertio</span> <span class='ocrx_word' id='word_1_801' title='bbox 1610 2135 1653 2174; x_wconf 78' lang='lat'>²²³,</span> <span class='ocrx_word' id='word_1_802' title='bbox 1678 2134 1763 2177; x_wconf 89' lang='lat' dir='ltr'>quod</span> <span class='ocrx_word' id='word_1_803' title='bbox 1793 2147 1808 2163; x_wconf 71' lang='grc' dir='ltr'>α</span> <span class='ocrx_word' id='word_1_804' title='bbox 1824 2134 2087 2177; x_wconf 80' lang='lat' dir='ltr'>praedicaverunt</span> <span class='ocrx_word' id='word_1_805' title='bbox 2111 2134 2154 2167; x_wconf 89' lang='lat' dir='ltr'>ie-</span> 
     </span>
     <span class='ocr_line' id='line_1_104' title="bbox 1193 2187 2154 2230; baseline -0.002 -8"><span class='ocrx_word' id='word_1_806' title='bbox 1193 2190 1316 2222; x_wconf 93' lang='lat' dir='ltr'>iunium</span> <span class='ocrx_word' id='word_1_807' title='bbox 1340 2192 1372 2222; x_wconf 87' lang='lat' dir='ltr'>et</span> <span class='ocrx_word' id='word_1_808' title='bbox 1396 2188 1498 2222; x_wconf 88' lang='lat' dir='ltr'>vestiti</span> <span class='ocrx_word' id='word_1_809' title='bbox 1523 2192 1597 2221; x_wconf 89' lang='lat' dir='ltr'>sunt</span> <span class='ocrx_word' id='word_1_810' title='bbox 1620 2188 1718 2221; x_wconf 88' lang='lat' dir='ltr'>saccis</span> <span class='ocrx_word' id='word_1_811' title='bbox 1741 2197 1760 2221; x_wconf 93' lang='lat' dir='ltr'>a</span> <span class='ocrx_word' id='word_1_812' title='bbox 1776 2188 1898 2221; x_wconf 89' lang='lat' dir='ltr'>minore</span> <span class='ocrx_word' id='word_1_813' title='bbox 1915 2197 2017 2230; x_wconf 90' lang='lat' dir='ltr'>usque</span> <span class='ocrx_word' id='word_1_814' title='bbox 2034 2187 2073 2221; x_wconf 85' lang='lat' dir='ltr'>ad</span> <span class='ocrx_word' id='word_1_815' title='bbox 2089 2197 2154 2220; x_wconf 87' lang='lat' dir='ltr'>ma-</span> 
     </span>
     <span class='ocr_line' id='line_1_105' title="bbox 1193 2243 1339 2276; baseline -0.014 0"><span class='ocrx_word' id='word_1_816' title='bbox 1193 2243 1291 2276; x_wconf 88' lang='lat' dir='ltr'>iorem</span> <span class='ocrx_word' id='word_1_817' title='bbox 1309 2256 1339 2274; x_wconf 72' lang='lat' dir='ltr'>n.</span> 
     </span>
    </p>

    <p class='ocr_par' dir='ltr' id='par_1_19' title="bbox 1192 2295 2155 2549">
     <span class='ocr_line' id='line_1_106' title="bbox 1283 2295 2155 2338; baseline -0.002 -9"><span class='ocrx_word' id='word_1_818' title='bbox 1283 2296 1336 2330; x_wconf 71' lang='lat'>23.</span> <span class='ocrx_word' id='word_1_819' title='bbox 1362 2296 1397 2328; x_wconf 88' lang='lat' dir='ltr'>Et</span> <span class='ocrx_word' id='word_1_820' title='bbox 1420 2299 1512 2335; x_wconf 91' lang='lat' dir='ltr'>nota,</span> <span class='ocrx_word' id='word_1_821' title='bbox 1537 2295 1622 2338; x_wconf 90' lang='lat' dir='ltr'>quod</span> <span class='ocrx_word' id='word_1_822' title='bbox 1646 2295 1707 2328; x_wconf 92' lang='lat' dir='ltr'>tria</span> <span class='ocrx_word' id='word_1_823' title='bbox 1729 2295 1821 2334; x_wconf 90' lang='lat' dir='ltr'>dicit,</span> <span class='ocrx_word' id='word_1_824' title='bbox 1846 2295 1877 2327; x_wconf 94' lang='lat' dir='ltr'>in</span> <span class='ocrx_word' id='word_1_825' title='bbox 1906 2295 2023 2337; x_wconf 92' lang='lat' dir='ltr'>quibus</span> <span class='ocrx_word' id='word_1_826' title='bbox 2047 2295 2155 2337; x_wconf 79' lang='lat' dir='ltr'>expri-</span> 
     </span>
     <span class='ocr_line' id='line_1_107' title="bbox 1192 2347 2154 2392; baseline -0.004 -9"><span class='ocrx_word' id='word_1_827' title='bbox 1192 2350 1251 2383; x_wconf 90' lang='lat' dir='ltr'>mit</span> <span class='ocrx_word' id='word_1_828' title='bbox 1274 2349 1483 2392; x_wconf 88' lang='lat' dir='ltr'>poenitentiae</span> <span class='ocrx_word' id='word_1_829' title='bbox 1505 2348 1747 2391; x_wconf 83' lang='lat' dir='ltr'>perfectionem,</span> <span class='ocrx_word' id='word_1_830' title='bbox 1773 2348 1890 2381; x_wconf 88' lang='lat' dir='ltr'>scilicet</span> <span class='ocrx_word' id='word_1_831' title='bbox 1918 2347 2084 2386; x_wconf 81' lang='lat' dir='ltr'>cilicium,</span> <span class='ocrx_word' id='word_1_832' title='bbox 2109 2348 2154 2380; x_wconf 79' lang='lat' dir='ltr'>ci-</span> 
     </span>
     <span class='ocr_line' id='line_1_108' title="bbox 1192 2401 2154 2444; baseline -0.004 -7"><span class='ocrx_word' id='word_1_833' title='bbox 1192 2413 1305 2437; x_wconf 86' lang='lat' dir='ltr'>nerem</span> <span class='ocrx_word' id='word_1_834' title='bbox 1328 2406 1359 2437; x_wconf 91' lang='lat' dir='ltr'>et</span> <span class='ocrx_word' id='word_1_835' title='bbox 1382 2403 1569 2436; x_wconf 80' lang='lat' dir='ltr'>sessionem.</span> <span class='ocrx_word' id='word_1_836' title='bbox 1595 2402 1627 2434; x_wconf 88' lang='lat' dir='ltr'>ln</span> <span class='ocrx_word' id='word_1_837' title='bbox 1656 2402 1834 2444; x_wconf 90' lang='lat' dir='ltr'>poenitente</span> <span class='ocrx_word' id='word_1_838' title='bbox 1857 2401 1939 2434; x_wconf 90' lang='lat' dir='ltr'>enim</span> <span class='ocrx_word' id='word_1_839' title='bbox 1963 2401 2056 2434; x_wconf 89' lang='lat' dir='ltr'>debet</span> <span class='ocrx_word' id='word_1_840' title='bbox 2086 2410 2154 2434; x_wconf 85' lang='lat' dir='ltr'>esse</span> 
     </span>
     <span class='ocr_line' id='line_1_109' title="bbox 1192 2455 2154 2494; baseline -0.004 -3"><span class='ocrx_word' id='word_1_841' title='bbox 1192 2457 1287 2491; x_wconf 84' lang='lat' dir='ltr'>dolor</span> <span class='ocrx_word' id='word_1_842' title='bbox 1315 2466 1357 2491; x_wconf 86' lang='lat' dir='ltr'>ex</span> <span class='ocrx_word' id='word_1_843' title='bbox 1389 2456 1638 2490; x_wconf 86' lang='lat' dir='ltr'>consideratione</span> <span class='ocrx_word' id='word_1_844' title='bbox 1661 2455 1784 2488; x_wconf 92' lang='lat' dir='ltr'>divinae</span> <span class='ocrx_word' id='word_1_845' title='bbox 1808 2455 1961 2494; x_wconf 81' lang='lat' dir='ltr'>offensae,</span> <span class='ocrx_word' id='word_1_846' title='bbox 1985 2458 2016 2488; x_wconf 91' lang='lat' dir='ltr'>et</span> <span class='ocrx_word' id='word_1_847' title='bbox 2039 2455 2099 2488; x_wconf 88' lang='lat' dir='ltr'>hoc</span> <span class='ocrx_word' id='word_1_848' title='bbox 2122 2455 2154 2488; x_wconf 90' lang='lat' dir='ltr'>in</span> 
     </span>
     <span class='ocr_line' id='line_1_110' title="bbox 1193 2507 2155 2549; baseline -0.002 -6"><span class='ocrx_word' id='word_1_849' title='bbox 1193 2510 1324 2549; x_wconf 82' lang='lat' dir='ltr'>cilicio‚·</span> <span class='ocrx_word' id='word_1_850' title='bbox 1348 2509 1460 2549; x_wconf 88' lang='lat' dir='ltr'>timor,</span> <span class='ocrx_word' id='word_1_851' title='bbox 1484 2518 1526 2542; x_wconf 88' lang='lat' dir='ltr'>ex</span> <span class='ocrx_word' id='word_1_852' title='bbox 1550 2508 1797 2542; x_wconf 87' lang='lat' dir='ltr'>consideratione</span> <span class='ocrx_word' id='word_1_853' title='bbox 1813 2507 1984 2547; x_wconf 86' lang='lat' dir='ltr'>vindictae,</span> <span class='ocrx_word' id='word_1_854' title='bbox 2001 2511 2032 2541; x_wconf 91' lang='lat' dir='ltr'>et</span> <span class='ocrx_word' id='word_1_855' title='bbox 2048 2508 2155 2541; x_wconf 88' lang='lat' dir='ltr'>hocin</span> 
     </span>
    </p>
   </div>
   <div class='ocr_carea' id='block_1_11' title="bbox 1194 2686 2155 3427">
    <p class='ocr_par' dir='ltr' id='par_1_20' title="bbox 1194 2686 2155 2770">
     <span class='ocr_line' id='line_1_111' title="bbox 1195 2686 2153 2723; baseline -0.006 -6"><span class='ocrx_word' id='word_1_856' title='bbox 1195 2698 1255 2717; x_wconf 87' lang='lat' dir='ltr'>nav.</span> <span class='ocrx_word' id='word_1_857' title='bbox 1275 2691 1355 2723; x_wconf 87' lang='lat' dir='ltr'>paulo</span> <span class='ocrx_word' id='word_1_858' title='bbox 1375 2690 1503 2723; x_wconf 83' lang='lat' dir='ltr'>inferius).</span> <span class='ocrx_word' id='word_1_859' title='bbox 1523 2689 1614 2721; x_wconf 82' lang='lat' dir='ltr'>Regni.</span> <span class='ocrx_word' id='word_1_860' title='bbox 1635 2692 1732 2721; x_wconf 88' lang='lat' dir='ltr'>pastor.</span> <span class='ocrx_word' id='word_1_861' title='bbox 1762 2695 1788 2720; x_wconf 86' lang='lat' dir='ltr'>p.</span> <span class='ocrx_word' id='word_1_862' title='bbox 1817 2688 1854 2714; x_wconf 87' lang='grc' dir='ltr'><strong>ΙΙΙ.</strong></span> <span class='ocrx_word' id='word_1_863' title='bbox 1883 2694 1905 2713; x_wconf 90' lang='lat' dir='ltr'>c.</span> <span class='ocrx_word' id='word_1_864' title='bbox 1931 2687 1981 2713; x_wconf 79' lang='lat'>23:</span> <span class='ocrx_word' id='word_1_865' title='bbox 2002 2687 2059 2719; x_wconf 87' lang='lat' dir='ltr'>Quo</span> <span class='ocrx_word' id='word_1_866' title='bbox 2085 2686 2153 2711; x_wconf 87' lang='lat' dir='ltr'>enim</span> 
     </span>
     <span class='ocr_line' id='line_1_112' title="bbox 1194 2730 2155 2770; baseline -0.007 -8"><span class='ocrx_word' id='word_1_867' title='bbox 1194 2736 1308 2770; x_wconf 86' lang='lat' dir='ltr'>quisque</span> <span class='ocrx_word' id='word_1_868' title='bbox 1327 2735 1422 2761; x_wconf 90' lang='lat' dir='ltr'>melius</span> <span class='ocrx_word' id='word_1_869' title='bbox 1440 2735 1524 2767; x_wconf 88' lang='lat' dir='ltr'>sapit,</span> <span class='ocrx_word' id='word_1_870' title='bbox 1543 2741 1575 2759; x_wconf 87' lang='lat' dir='ltr'>eo</span> <span class='ocrx_word' id='word_1_871' title='bbox 1594 2733 1710 2760; x_wconf 86' lang='lat' dir='ltr'>deterius</span> <span class='ocrx_word' id='word_1_872' title='bbox 1730 2732 1860 2765; x_wconf 81' lang='lat' dir='ltr'>delinquit</span> <span class='ocrx_word' id='word_1_873' title='bbox 1872 2736 1920 2758; x_wconf 84' lang='lat' dir='ltr'>etc.</span> <span class='ocrx_word' id='word_1_874' title='bbox 1934 2731 1986 2758; x_wconf 85' lang='lat' dir='ltr'>Csr.</span> <span class='ocrx_word' id='word_1_875' title='bbox 2000 2730 2062 2756; x_wconf 90' lang='lat' dir='ltr'>ibid.</span> <span class='ocrx_word' id='word_1_876' title='bbox 2075 2738 2098 2756; x_wconf 85' lang='lat' dir='ltr'>c.</span> <span class='ocrx_word' id='word_1_877' title='bbox 2113 2731 2155 2756; x_wconf 81' lang='grc'>31.</span> 
     </span>
    </p>

    <p class='ocr_par' dir='ltr' id='par_1_21' title="bbox 1265 2778 1826 2812">
     <span class='ocr_line' id='line_1_113' title="bbox 1265 2778 1826 2812; baseline -0.007 -6"><span class='ocrx_word' id='word_1_878' title='bbox 1265 2778 1276 2794; x_wconf 79' lang='lat'><strong>⁹</strong></span> <span class='ocrx_word' id='word_1_879' title='bbox 1295 2780 1370 2806; x_wconf 86' lang='lat' dir='ltr'>Vers.</span> <span class='ocrx_word' id='word_1_880' title='bbox 1390 2780 1433 2810; x_wconf 80' lang='lat'>21,</span> <span class='ocrx_word' id='word_1_881' title='bbox 1453 2781 1513 2812; x_wconf 83' lang='lat' dir='ltr'>post</span> <span class='ocrx_word' id='word_1_882' title='bbox 1529 2786 1610 2812; x_wconf 89' lang='lat' dir='ltr'>quem</span> <span class='ocrx_word' id='word_1_883' title='bbox 1630 2785 1656 2804; x_wconf 89' lang='lat' dir='ltr'>v.</span> <span class='ocrx_word' id='word_1_884' title='bbox 1676 2778 1719 2803; x_wconf 65' lang='lat'>24.</span> <span class='ocrx_word' id='word_1_885' title='bbox 1738 2781 1764 2803; x_wconf 87' lang='lat' dir='ltr'>et</span> <span class='ocrx_word' id='word_1_886' title='bbox 1782 2778 1826 2802; x_wconf 78' lang='lat'>28.</span> 
     </span>
    </p>

    <p class='ocr_par' dir='ltr' id='par_1_22' title="bbox 1195 2820 2155 3161">
     <span class='ocr_line' id='line_1_114' title="bbox 1267 2820 2155 2856; baseline -0.008 -5"><span class='ocrx_word' id='word_1_887' title='bbox 1267 2823 1290 2838; x_wconf 79' lang='lat'>¹⁰</span> <span class='ocrx_word' id='word_1_888' title='bbox 1308 2825 1400 2850; x_wconf 86' lang='lat' dir='ltr'>Glossa</span> <span class='ocrx_word' id='word_1_889' title='bbox 1413 2823 1557 2851; x_wconf 84' lang='lat' dir='ltr'>ordinaria</span> <span class='ocrx_word' id='word_1_890' title='bbox 1577 2823 1619 2856; x_wconf 87' lang='lat' dir='ltr'>(ex</span> <span class='ocrx_word' id='word_1_891' title='bbox 1638 2823 1724 2853; x_wconf 82' lang='lat' dir='ltr'>Beda,</span> <span class='ocrx_word' id='word_1_892' title='bbox 1742 2822 1788 2855; x_wconf 86' lang='lat' dir='ltr'>qui</span> <span class='ocrx_word' id='word_1_893' title='bbox 1807 2821 1926 2855; x_wconf 89' lang='lat' dir='ltr'>sequitur</span> <span class='ocrx_word' id='word_1_894' title='bbox 1944 2821 2064 2851; x_wconf 65' lang='lat' dir='ltr'>Hieron,</span> <span class='ocrx_word' id='word_1_895' title='bbox 2083 2821 2111 2845; x_wconf 84' lang='lat' dir='ltr'>ll.</span> <span class='ocrx_word' id='word_1_896' title='bbox 2130 2820 2155 2845; x_wconf 84' lang='lat' dir='ltr'>in</span> 
     </span>
     <span class='ocr_line' id='line_1_115' title="bbox 1195 2864 2155 2901; baseline -0.005 -7"><span class='ocrx_word' id='word_1_897' title='bbox 1195 2869 1283 2895; x_wconf 85' lang='lat' dir='ltr'>Matth.</span> <span class='ocrx_word' id='word_1_898' title='bbox 1303 2869 1345 2900; x_wconf 72' lang='lat' dir='ltr'>ll,</span> <span class='ocrx_word' id='word_1_899' title='bbox 1365 2868 1418 2901; x_wconf 69' lang='lat'>24.)</span> <span class='ocrx_word' id='word_1_900' title='bbox 1439 2868 1465 2893; x_wconf 94' lang='lat' dir='ltr'>in</span> <span class='ocrx_word' id='word_1_901' title='bbox 1484 2869 1546 2894; x_wconf 86' lang='lat' dir='ltr'>Luc.</span> <span class='ocrx_word' id='word_1_902' title='bbox 1568 2868 1615 2898; x_wconf 80' lang='grc'>10,</span> <span class='ocrx_word' id='word_1_903' title='bbox 1635 2867 1686 2893; x_wconf 75' lang='grc' dir='ltr'>43ι</span> <span class='ocrx_word' id='word_1_904' title='bbox 1706 2866 1857 2897; x_wconf 86' lang='lat' dir='ltr'>Corozaim‚</span> <span class='ocrx_word' id='word_1_905' title='bbox 1877 2865 2028 2897; x_wconf 81' lang='lat' dir='ltr'>Bethsaida,</span> <span class='ocrx_word' id='word_1_906' title='bbox 2042 2864 2155 2896; x_wconf 83' lang='lat' dir='ltr'>Caphar-</span> 
     </span>
     <span class='ocr_line' id='line_1_116' title="bbox 1195 2909 2154 2939; baseline -0.006 0"><span class='ocrx_word' id='word_1_907' title='bbox 1195 2920 1276 2939; x_wconf 86' lang='lat' dir='ltr'>naum</span> <span class='ocrx_word' id='word_1_908' title='bbox 1295 2916 1321 2939; x_wconf 88' lang='lat' dir='ltr'>et</span> <span class='ocrx_word' id='word_1_909' title='bbox 1339 2912 1458 2939; x_wconf 82' lang='lat' dir='ltr'>Tiberias</span> <span class='ocrx_word' id='word_1_910' title='bbox 1486 2912 1604 2938; x_wconf 86' lang='lat' dir='ltr'>civitates</span> <span class='ocrx_word' id='word_1_911' title='bbox 1632 2914 1692 2938; x_wconf 86' lang='lat' dir='ltr'>sunt</span> <span class='ocrx_word' id='word_1_912' title='bbox 1711 2911 1840 2937; x_wconf 85' lang='lat' dir='ltr'>Galilaeae</span> <span class='ocrx_word' id='word_1_913' title='bbox 1860 2911 1883 2936; x_wconf 88' lang='lat' dir='ltr'>in</span> <span class='ocrx_word' id='word_1_914' title='bbox 1905 2910 1988 2935; x_wconf 85' lang='lat' dir='ltr'>littore</span> <span class='ocrx_word' id='word_1_915' title='bbox 2007 2909 2054 2935; x_wconf 87' lang='lat' dir='ltr'>laci</span> <span class='ocrx_word' id='word_1_916' title='bbox 2074 2910 2154 2934; x_wconf 85' lang='lat' dir='ltr'>Gene—</span> 
     </span>
     <span class='ocr_line' id='line_1_117' title="bbox 1196 2952 2155 2989; baseline -0.006 -6"><span class='ocrx_word' id='word_1_917' title='bbox 1196 2959 1291 2983; x_wconf 83' lang='lat' dir='ltr'>saretli.</span> <span class='ocrx_word' id='word_1_918' title='bbox 1310 2958 1362 2983; x_wconf 88' lang='lat' dir='ltr'>llas</span> <span class='ocrx_word' id='word_1_919' title='bbox 1380 2957 1481 2989; x_wconf 84' lang='lat' dir='ltr'>plangit</span> <span class='ocrx_word' id='word_1_920' title='bbox 1500 2956 1642 2987; x_wconf 86' lang='lat' dir='ltr'>Dominus,</span> <span class='ocrx_word' id='word_1_921' title='bbox 1662 2955 1723 2988; x_wconf 88' lang='lat' dir='ltr'>quia</span> <span class='ocrx_word' id='word_1_922' title='bbox 1742 2958 1803 2987; x_wconf 86' lang='lat' dir='ltr'>post</span> <span class='ocrx_word' id='word_1_923' title='bbox 1822 2958 1890 2980; x_wconf 81' lang='lat' dir='ltr'>tanta</span> <span class='ocrx_word' id='word_1_924' title='bbox 1911 2954 2035 2979; x_wconf 82' lang='lat' dir='ltr'>miracula</span> <span class='ocrx_word' id='word_1_925' title='bbox 2055 2956 2081 2978; x_wconf 89' lang='lat' dir='ltr'>et</span> <span class='ocrx_word' id='word_1_926' title='bbox 2106 2952 2155 2977; x_wconf 64' lang='lat' dir='ltr'>vir-</span> 
     </span>
     <span class='ocr_line' id='line_1_118' title="bbox 1196 2997 2155 3032; baseline -0.006 -5"><span class='ocrx_word' id='word_1_927' title='bbox 1196 3004 1264 3027; x_wconf 85' lang='lat' dir='ltr'>tutes</span> <span class='ocrx_word' id='word_1_928' title='bbox 1282 3008 1334 3026; x_wconf 88' lang='lat' dir='ltr'>non</span> <span class='ocrx_word' id='word_1_929' title='bbox 1353 3000 1547 3032; x_wconf 69' lang='lat' dir='ltr'>poenitum-ant,</span> <span class='ocrx_word' id='word_1_930' title='bbox 1576 3003 1601 3025; x_wconf 90' lang='lat' dir='ltr'>et</span> <span class='ocrx_word' id='word_1_931' title='bbox 1619 3003 1681 3026; x_wconf 90' lang='lat' dir='ltr'>sunt</span> <span class='ocrx_word' id='word_1_932' title='bbox 1700 3000 1803 3032; x_wconf 85' lang='lat' dir='ltr'>peiores</span> <span class='ocrx_word' id='word_1_933' title='bbox 1822 2997 1964 3031; x_wconf 83' lang='lat' dir='ltr'>gentilibus</span> <span class='ocrx_word' id='word_1_934' title='bbox 1981 2997 2098 3023; x_wconf 84' lang='lat' dir='ltr'>naturale</span> <span class='ocrx_word' id='word_1_935' title='bbox 2116 3003 2155 3022; x_wconf 87' lang='lat' dir='ltr'>so-</span> 
     </span>
     <span class='ocr_line' id='line_1_119' title="bbox 1195 3042 2154 3077; baseline -0.006 -6"><span class='ocrx_word' id='word_1_936' title='bbox 1195 3045 1332 3071; x_wconf 87' lang='lat' dir='ltr'>lummodo</span> <span class='ocrx_word' id='word_1_937' title='bbox 1353 3044 1393 3070; x_wconf 86' lang='lat' dir='ltr'>ius</span> <span class='ocrx_word' id='word_1_938' title='bbox 1412 3043 1612 3076; x_wconf 81' lang='lat' dir='ltr'>dissipantibus,</span> <span class='ocrx_word' id='word_1_939' title='bbox 1632 3044 1693 3077; x_wconf 87' lang='lat' dir='ltr'>quia</span> <span class='ocrx_word' id='word_1_940' title='bbox 1713 3047 1772 3076; x_wconf 88' lang='lat' dir='ltr'>post</span> <span class='ocrx_word' id='word_1_941' title='bbox 1791 3043 1939 3074; x_wconf 86' lang='lat' dir='ltr'>descriptae</span> <span class='ocrx_word' id='word_1_942' title='bbox 1958 3042 2023 3073; x_wconf 82' lang='lat' dir='ltr'>legis</span> <span class='ocrx_word' id='word_1_943' title='bbox 2042 3044 2154 3066; x_wconf 88' lang='lat' dir='ltr'>contem-</span> 
     </span>
     <span class='ocr_line' id='line_1_120' title="bbox 1195 3086 2154 3123; baseline -0.007 -7"><span class='ocrx_word' id='word_1_944' title='bbox 1195 3093 1270 3123; x_wconf 90' lang='lat' dir='ltr'>ptum</span> <span class='ocrx_word' id='word_1_945' title='bbox 1284 3090 1376 3116; x_wconf 86' lang='lat' dir='ltr'>Filium</span> <span class='ocrx_word' id='word_1_946' title='bbox 1390 3096 1498 3122; x_wconf 87' lang='lat' dir='ltr'>quoque</span> <span class='ocrx_word' id='word_1_947' title='bbox 1511 3089 1558 3115; x_wconf 83' lang='lat' dir='ltr'>Dei</span> <span class='ocrx_word' id='word_1_948' title='bbox 1576 3089 1730 3115; x_wconf 77' lang='lat' dir='ltr'>conculcare</span> <span class='ocrx_word' id='word_1_949' title='bbox 1744 3088 1910 3121; x_wconf 84' lang='lat' dir='ltr'>gratiamque</span> <span class='ocrx_word' id='word_1_950' title='bbox 1924 3086 2018 3118; x_wconf 87' lang='lat' dir='ltr'>ingrati</span> <span class='ocrx_word' id='word_1_951' title='bbox 2030 3091 2154 3117; x_wconf 82' lang='lat' dir='ltr'>spernere</span> 
     </span>
     <span class='ocr_line' id='line_1_121' title="bbox 1195 3135 1418 3161; baseline -0.009 0"><span class='ocrx_word' id='word_1_952' title='bbox 1195 3142 1247 3161; x_wconf 90' lang='lat' dir='ltr'>non</span> <span class='ocrx_word' id='word_1_953' title='bbox 1266 3135 1418 3160; x_wconf 85' lang='lat' dir='ltr'>timuerunt.</span> 
     </span>
    </p>

    <p class='ocr_par' dir='ltr' id='par_1_23' title="bbox 1194 3175 2154 3346">
     <span class='ocr_line' id='line_1_122' title="bbox 1267 3175 2154 3211; baseline -0.008 -6"><span class='ocrx_word' id='word_1_954' title='bbox 1267 3178 1288 3193; x_wconf 87' lang='lat'>¹¹</span> <span class='ocrx_word' id='word_1_955' title='bbox 1309 3180 1383 3205; x_wconf 86' lang='lat' dir='ltr'>Vers.</span> <span class='ocrx_word' id='word_1_956' title='bbox 1403 3180 1427 3211; x_wconf 79' lang='lat'>2,</span> <span class='ocrx_word' id='word_1_957' title='bbox 1446 3182 1472 3205; x_wconf 86' lang='lat' dir='ltr'>et</span> <span class='ocrx_word' id='word_1_958' title='bbox 1489 3178 1602 3204; x_wconf 86' lang='lat' dir='ltr'>subinde</span> <span class='ocrx_word' id='word_1_959' title='bbox 1619 3186 1645 3204; x_wconf 86' lang='lat' dir='ltr'>v.</span> <span class='ocrx_word' id='word_1_960' title='bbox 1665 3179 1715 3204; x_wconf 81' lang='lat'>36:</span> <span class='ocrx_word' id='word_1_961' title='bbox 1744 3177 1782 3203; x_wconf 79' lang='lat' dir='ltr'>Ad</span> <span class='ocrx_word' id='word_1_962' title='bbox 1802 3176 1910 3203; x_wconf 84' lang='lat' dir='ltr'>nihilum</span> <span class='ocrx_word' id='word_1_963' title='bbox 1939 3175 2052 3201; x_wconf 84' lang='lat' dir='ltr'>deducta</span> <span class='ocrx_word' id='word_1_964' title='bbox 2076 3181 2104 3199; x_wconf 79' lang='lat' dir='ltr'>es</span> <span class='ocrx_word' id='word_1_965' title='bbox 2129 3178 2154 3199; x_wconf 85' lang='lat' dir='ltr'>et</span> 
     </span>
     <span class='ocr_line' id='line_1_123' title="bbox 1195 3217 2154 3256; baseline -0.006 -7"><span class='ocrx_word' id='word_1_966' title='bbox 1195 3231 1248 3250; x_wconf 88' lang='lat' dir='ltr'>non</span> <span class='ocrx_word' id='word_1_967' title='bbox 1266 3224 1318 3249; x_wconf 81' lang='lat' dir='ltr'>eris</span> <span class='ocrx_word' id='word_1_968' title='bbox 1337 3230 1422 3256; x_wconf 84' lang='lat' dir='ltr'>usque</span> <span class='ocrx_word' id='word_1_969' title='bbox 1441 3223 1467 3248; x_wconf 88' lang='lat' dir='ltr'>in</span> <span class='ocrx_word' id='word_1_970' title='bbox 1482 3227 1654 3255; x_wconf 84' lang='lat' dir='ltr'>perpetuum.</span> <span class='ocrx_word' id='word_1_971' title='bbox 1673 3235 1709 3241; x_wconf 90' lang='lat'>—</span> <span class='ocrx_word' id='word_1_972' title='bbox 1729 3221 1855 3253; x_wconf 86' lang='lat' dir='ltr'>Superius</span> <span class='ocrx_word' id='word_1_973' title='bbox 1868 3222 1928 3252; x_wconf 82' lang='lat' dir='ltr'>post</span> <span class='ocrx_word' id='word_1_974' title='bbox 1941 3219 1967 3245; x_wconf 87' lang='lat' dir='ltr'>in</span> <span class='ocrx_word' id='word_1_975' title='bbox 1980 3217 2053 3245; x_wconf 75' lang='lat' dir='ltr'>vobis</span> <span class='ocrx_word' id='word_1_976' title='bbox 2066 3217 2154 3251; x_wconf 77' lang='lat' dir='ltr'>sactae</span> 
     </span>
     <span class='ocr_line' id='line_1_124' title="bbox 1194 3263 2153 3295; baseline -0.009 0"><span class='ocrx_word' id='word_1_977' title='bbox 1194 3269 1259 3295; x_wconf 82' lang='lat' dir='ltr'>sunt</span> <span class='ocrx_word' id='word_1_978' title='bbox 1276 3267 1298 3293; x_wconf 94' lang='lat' dir='ltr'>D</span> <span class='ocrx_word' id='word_1_979' title='bbox 1317 3267 1390 3293; x_wconf 85' lang='lat' dir='ltr'>addit</span> <span class='ocrx_word' id='word_1_980' title='bbox 1408 3266 1446 3293; x_wconf 87' lang='lat' dir='ltr'>ad</span> <span class='ocrx_word' id='word_1_981' title='bbox 1462 3269 1580 3294; x_wconf 82' lang='lat' dir='ltr'>vestram</span> <span class='ocrx_word' id='word_1_982' title='bbox 1599 3266 1731 3293; x_wconf 87' lang='lat' dir='ltr'>maiorem</span> <span class='ocrx_word' id='word_1_983' title='bbox 1750 3263 1959 3295; x_wconf 80' lang='lat' dir='ltr'>damnationem,</span> <span class='ocrx_word' id='word_1_984' title='bbox 1975 3266 2001 3288; x_wconf 84' lang='lat' dir='ltr'>et</span> <span class='ocrx_word' id='word_1_985' title='bbox 2012 3269 2060 3294; x_wconf 89' lang='lat' dir='ltr'>pro</span> <span class='ocrx_word' id='word_1_986' title='bbox 2073 3268 2153 3287; x_wconf 83' lang='lat' dir='ltr'>suam</span> 
     </span>
     <span class='ocr_line' id='line_1_125' title="bbox 1195 3308 1934 3346; baseline -0.007 -8"><span class='ocrx_word' id='word_1_987' title='bbox 1195 3312 1267 3346; x_wconf 85' lang='lat' dir='ltr'>[vat.</span> <span class='ocrx_word' id='word_1_988' title='bbox 1286 3311 1341 3345; x_wconf 80' lang='lat' dir='ltr'>sui]</span> <span class='ocrx_word' id='word_1_989' title='bbox 1361 3310 1565 3339; x_wconf 76' lang='lat' dir='ltr'>subversionem</span> <span class='ocrx_word' id='word_1_990' title='bbox 1580 3311 1602 3337; x_wconf 83' lang='lat' dir='ltr'>H</span> <span class='ocrx_word' id='word_1_991' title='bbox 1620 3317 1700 3337; x_wconf 78' lang='lat' dir='ltr'>suam</span> <span class='ocrx_word' id='word_1_992' title='bbox 1720 3308 1934 3336; x_wconf 80' lang='lat' dir='ltr'>destructionem.</span> 
     </span>
    </p>

    <p class='ocr_par' dir='ltr' id='par_1_24' title="bbox 1194 3350 2154 3427">
     <span class='ocr_line' id='line_1_126' title="bbox 1266 3350 2154 3387; baseline -0.008 -5"><span class='ocrx_word' id='word_1_993' title='bbox 1266 3354 1288 3370; x_wconf 77' lang='lat'>¹²</span> <span class='ocrx_word' id='word_1_994' title='bbox 1308 3357 1383 3382; x_wconf 86' lang='lat' dir='ltr'>Vers.</span> <span class='ocrx_word' id='word_1_995' title='bbox 1404 3356 1432 3387; x_wconf 82' lang='lat'>5,</span> <span class='ocrx_word' id='word_1_996' title='bbox 1454 3356 1480 3382; x_wconf 87' lang='lat' dir='ltr'>in</span> <span class='ocrx_word' id='word_1_997' title='bbox 1499 3356 1575 3382; x_wconf 91' lang='lat' dir='ltr'>cuius</span> <span class='ocrx_word' id='word_1_998' title='bbox 1588 3356 1639 3381; x_wconf 87' lang='lat' dir='ltr'>ssne</span> <span class='ocrx_word' id='word_1_999' title='bbox 1659 3355 1771 3386; x_wconf 77' lang='lat' dir='ltr'>Vulgata</span> <span class='ocrx_word' id='word_1_1000' title='bbox 1790 3356 1815 3379; x_wconf 85' lang='lat' dir='ltr'>et</span> <span class='ocrx_word' id='word_1_1001' title='bbox 1835 3353 1893 3378; x_wconf 84' lang='lat' dir='ltr'>Vat.</span> <span class='ocrx_word' id='word_1_1002' title='bbox 1912 3359 1929 3378; x_wconf 87' lang='lat' dir='ltr'>a</span> <span class='ocrx_word' id='word_1_1003' title='bbox 1948 3350 2051 3378; x_wconf 81' lang='lat' dir='ltr'>maiore</span> <span class='ocrx_word' id='word_1_1004' title='bbox 2070 3356 2154 3383; x_wconf 78' lang='lat' dir='ltr'>usquc</span> 
     </span>
     <span class='ocr_line' id='line_1_127' title="bbox 1194 3400 1390 3427; baseline -0.005 0"><span class='ocrx_word' id='word_1_1005' title='bbox 1194 3400 1232 3427; x_wconf 85' lang='lat' dir='ltr'>ad</span> <span class='ocrx_word' id='word_1_1006' title='bbox 1248 3400 1390 3427; x_wconf 77' lang='lat' dir='ltr'>minorem.</span> 
     </span>
    </p>
   </div>
   <div class='ocr_carea' id='block_1_12' title="bbox 2175 383 2272 405">
    <p class='ocr_par' dir='ltr' id='par_1_25' title="bbox 2175 383 2272 405">
     <span class='ocr_line' id='line_1_128' title="bbox 2175 383 2272 405; baseline -0.01 0"><span class='ocrx_word' id='word_1_1007' title='bbox 2175 383 2237 405; x_wconf 73' lang='lat' dir='ltr'>Ratio</span> <span class='ocrx_word' id='word_1_1008' title='bbox 2253 384 2272 404; x_wconf 76' lang='grc' dir='ltr'>Ξ.</span> 
     </span>
    </p>
   </div>
   <div class='ocr_carea' id='block_1_13' title="bbox 2170 1020 2312 1149">
    <p class='ocr_par' dir='ltr' id='par_1_26' title="bbox 2170 1020 2312 1149">
     <span class='ocr_line' id='line_1_129' title="bbox 2170 1020 2312 1047; baseline 0.007 -6"><span class='ocrx_word' id='word_1_1009' title='bbox 2170 1020 2201 1041; x_wconf 79' lang='lat' dir='ltr'>De</span> <span class='ocrx_word' id='word_1_1010' title='bbox 2217 1020 2312 1047; x_wconf 73' lang='lat' dir='ltr'>increpa-</span> 
     </span>
     <span class='ocr_line' id='line_1_130' title="bbox 2180 1050 2299 1069; baseline 0.008 -1"><span class='ocrx_word' id='word_1_1011' title='bbox 2180 1050 2237 1068; x_wconf 85' lang='lat' dir='ltr'>tione</span> <span class='ocrx_word' id='word_1_1012' title='bbox 2252 1054 2299 1069; x_wconf 85' lang='lat' dir='ltr'>con-</span> 
     </span>
     <span class='ocr_line' id='line_1_131' title="bbox 2175 1076 2304 1100; baseline 0.008 -6"><span class='ocrx_word' id='word_1_1013' title='bbox 2175 1076 2304 1100; x_wconf 75' lang='lat' dir='ltr'>temptorum</span> 
     </span>
     <span class='ocr_line' id='line_1_132' title="bbox 2184 1104 2298 1125; baseline 0 -3"><span class='ocrx_word' id='word_1_1014' title='bbox 2184 1104 2298 1125; x_wconf 65' lang='lat' dir='ltr'>morantur</span> 
     </span>
     <span class='ocr_line' id='line_1_133' title="bbox 2215 1128 2265 1149; baseline 0 -1"><span class='ocrx_word' id='word_1_1015' title='bbox 2215 1128 2265 1149; x_wconf 82' lang='lat' dir='ltr'>duo.</span> 
     </span>
    </p>
   </div>
   <div class='ocr_carea' id='block_1_14' title="bbox 2173 1394 2297 1421">
    <p class='ocr_par' dir='ltr' id='par_1_27' title="bbox 2173 1394 2297 1421">
     <span class='ocr_line' id='line_1_134' title="bbox 2173 1394 2297 1421; baseline 0 -6"><span class='ocrx_word' id='word_1_1016' title='bbox 2173 1394 2204 1415; x_wconf 85' lang='lat' dir='ltr'>De</span> <span class='ocrx_word' id='word_1_1017' title='bbox 2221 1394 2297 1421; x_wconf 83' lang='lat' dir='ltr'>primo.</span> 
     </span>
    </p>
   </div>
   <div class='ocr_carea' id='block_1_15' title="bbox 2174 2297 2294 2372">
    <p class='ocr_par' dir='ltr' id='par_1_28' title="bbox 2174 2297 2294 2372">
     <span class='ocr_line' id='line_1_135' title="bbox 2174 2297 2294 2328; baseline -0.008 -9"><span class='ocrx_word' id='word_1_1018' title='bbox 2174 2297 2223 2319; x_wconf 77' lang='lat' dir='ltr'>Tria</span> <span class='ocrx_word' id='word_1_1019' title='bbox 2237 2298 2294 2328; x_wconf 68' lang='lat' dir='ltr'>circa</span> 
     </span>
     <span class='ocr_line' id='line_1_136' title="bbox 2182 2327 2293 2354; baseline 0 -9"><span class='ocrx_word' id='word_1_1020' title='bbox 2182 2327 2293 2354; x_wconf 79' lang='lat' dir='ltr'>poeniten-</span> 
     </span>
     <span class='ocr_line' id='line_1_137' title="bbox 2201 2354 2260 2372; baseline 0 0"><span class='ocrx_word' id='word_1_1021' title='bbox 2201 2354 2260 2372; x_wconf 74' lang='lat' dir='ltr'>uam.</span> 
     </span>
    </p>
   </div>
  </div>
 </body>
</html>
