2476 3921
13 331 14 350 l

13 354 14 397 ᾗ

82 400 138 431 Quid
151 399 179 421 sit

96 431 164 449 eure.

34 878 88 907 Quid
96 877 175 901 vidore.

5 1478 6 1488 1
49 1473 84 1503 De¹
93 1472 121 1494 du
137 1471 172 1494 lici

31 1505 114 1522 nomine
137 1504 185 1520 van-

61 1526 155 1554 gelistae.

43 2164 74 2187 De
87 2165 174 2188 telonio.

804 193 998 226 COMMENT.
1025 194 1060 226 ΙΝ
1086 194 1324 227 EVANGELIUM
1350 195 1467 227 LUCAE
1491 196 1522 227 C.
1549 196 1583 228 V.

198 284 282 327 quod
306 284 422 317 dicitur
437 284 547 322 exire,
572 283 682 316 videre
705 287 737 316 et
761 292 889 315 vocare.
916 282 990 314 Eaeic
1014 282 1140 324 quidem
1154 308 1161 321 ,

198 342 233 371 ut
257 338 416 380 requirat3
441 337 542 376 videt,
567 340 603 369 ut
619 337 772 375 attrahat;
797 334 928 379 affatur
943 339 975 368 et
990 339 1103 374 vocat,
1127 339 1162 368 ut

196 392 235 425 ad
270 400 304 425 se
334 394 506 424 convertat.
547 390 637 423 Exiit
666 390 794 433 quidem
832 399 888 432 per
919 389 1160 422 sollicitudinem

157 485 160 488 ⁴
197 444 378 487 requirendi
413 453 495 486 opus
529 453 639 483 suum,
671 443 754 477 sicut
785 443 814 475 in
853 443 972 476 Psalmo
992 444 1002 462 ¹
1025 442 1159 475 dicitur:

201 512 216 527 α
234 498 339 531 Exibit
371 498 467 531 homo
502 497 541 530 ad
564 506 645 540 opus
681 506 775 530 suum
812 501 843 529 et
871 497 910 529 ad
945 496 1160 538 operationem

196 560 285 585 suam
309 560 412 594 usque
443 551 480 584 ad
513 560 724 593 vesperam».
756 550 844 583 Unde
876 550 1073 592 significatur
1104 559 1161 591 per

195 604 472 647 patremfamilias,
504 603 543 637 de
566 613 631 646 quo
661 603 807 636 Matthaei
844 603 994 645 vigesimo
1024 602 1160 641 dicitur,

195 658 279 701 quod
307 658 416 691 «exiit
439 657 542 700 primo
566 666 657 690 mane
681 657 858 690 conducere
881 656 1043 698 operarios
1067 656 1097 688 in
1115 656 1160 688 vi-

195 721 286 745 neam
310 720 398 744 suam
417 724 447 743 n.
473 711 526 745 Hic
549 713 597 744 est
613 719 687 744 vere
711 710 864 743 Dominus
880 710 983 749 lesus,
1007 710 1060 751 qui
1086 709 1161 742 dicit

194 764 233 797 de
257 773 290 797 se
314 763 382 806 ipso
406 763 528 796 loannis
547 763 670 796 decimo
693 766 802 796 sexto:
825 776 840 792 «
859 763 948 796 Exivi
972 772 991 795 a
1016 763 1105 795 Patre
1129 767 1160 795 et

195 818 266 851 veni
291 817 321 850 in
354 817 509 850 mundum
532 831 567 856 »,
592 817 668 859 quia
698 817 737 850 de
761 820 884 850 secreto
914 817 985 849 sinu
1011 816 1098 849 venit
1128 817 1158 848 in

195 871 407 904 manifestum.
427 889 467 893 -
485 870 546 903 Nec
572 873 692 903 tantum
714 870 806 909 exiit,
832 869 885 902 sed
902 874 930 902 et
954 869 1037 902 vidit
1049 870 1160 912 publi—

195 934 338 963 canum,
363 927 399 957 ut
427 933 484 966 per
517 927 695 966 respectum
728 923 961 956 misericordiae
985 924 1088 967 ipsum
1121 924 1160 957 ad

195 987 228 1011 se
256 978 410 1017 attrahat,
443 978 524 1010 sicut
556 977 681 1019 petebat
713 977 764 1010 ille
794 976 904 1009 videri
934 977 965 1009 in
995 977 1159 1010 Psalm02:

200 1045 215 1060 «τ
232 1031 308 1064 Vide
325 1031 533 1064 humilitatem
560 1040 661 1064 meam
678 1033 710 1063 et
727 1030 865 1063 laborem
890 1039 995 1063 meum
1011 1044 1025 1059 n
1047 1034 1106 1064 etc.
1126 1031 1160 1063 Et

194 1085 254 1118 hoc
277 1084 370 1117 modo
393 1084 476 1117 vidit
498 1084 613 1123 istum,
638 1084 731 1126 quia,
756 1083 829 1117 licet
851 1088 934 1117 esset
958 1087 1103 1126 peccator
1128 1085 1158 1117 in

193 1138 289 1178 sacto,
313 1141 382 1171 erat
398 1141 501 1170 tamen
518 1138 638 1171 electus
663 1138 692 1170 in
709 1137 816 1170 divino
832 1138 1008 1180 proposito;
1033 1138 1160 1180 Sapien-

193 1191 254 1225 tiae
286 1195 419 1234 quarto:
449 1204 464 1220 «
489 1192 659 1233 Respectus
690 1191 759 1224 eius
794 1191 825 1224 in
857 1191 973 1224 electos
1004 1192 1103 1234 ipsius
1128 1205 1159 1231 »;

193 1245 277 1279 unde
305 1245 421 1278 dicitur
455 1244 537 1277 infra
571 1245 723 1287 vigesimo
755 1244 910 1277 secundo:
945 1257 960 1273 α
981 1245 1160 1278 Conversus

193 1300 361 1338 Dominus,
378 1299 520 1341 respexit
537 1299 679 1338 Petrum,
703 1302 734 1332 et
758 1307 905 1341 egressus
926 1299 1009 1332 foras
1032 1299 1159 1338 Petrus,

192 1354 280 1388 ssevit
302 1362 409 1386 amare
426 1367 456 1385 ιι.
945 1383 948 1385 .
1135 1362 1140 1369 ·

284 1408 335 1439 65.
361 1407 422 1439 Hoc
454 1409 600 1448 respectu
624 1405 709 1438 vidit
739 1406 824 1439 lesus
850 1405 1069 1448 publicanum
1101 1416 1158 1438 no-

194 1461 282 1495 mine
304 1461 397 1498 Levi,
423 1460 453 1493 id
477 1463 525 1493 est
556 1460 767 1499 Matthaeum,
792 1460 865 1502 qui,
890 1464 927 1492 ut
954 1459 1028 1493 dicit
1052 1460 1159 1493 Hiero-

193 1514 345 1556 nymus³,
368 1514 428 1546 suit
451 1513 624 1551 binomius;
649 1513 702 1546 sed
728 1514 826 1546 Lucas
842 1517 873 1546 et
889 1514 1012 1546 Marcus
1029 1517 1159 1556 propter

192 1567 345 1599 honorem
370 1566 584 1608 Evangelistae
607 1575 721 1598 nomen
749 1569 854 1599 tacent
877 1567 1059 1608 vulgatum,
1083 1567 1159 1598 Mat-

193 1620 307 1653 thaeus
337 1624 443 1653 autem
480 1620 509 1652 in
546 1620 701 1653 sermonis
736 1620 890 1662 principio
913 1623 1078 1653 accusator
1109 1620 1158 1653 sui

192 1673 309 1713 factus,
334 1674 524 1707 Matthaeum
550 1682 583 1707 se
607 1677 638 1706 et
661 1673 865 1715 publicanum
892 1673 1041 1706 nominat.
1061 1692 1102 1697 ——
1124 1674 1160 1706 Et

192 1730 284 1766 nota,
307 1727 392 1770 quod
413 1727 588 1769 publicani
610 1727 797 1760 dicebantur
818 1727 871 1769 qui
901 1727 1027 1769 publice
1050 1736 1160 1769 pecca-

192 1781 285 1820 bant,
315 1781 397 1814 sicut
420 1781 574 1823 accipitur
606 1780 687 1813 infra
717 1780 839 1813 decimo
869 1781 1023 1813 octav04:
1053 1794 1069 1810 <r
1090 1781 1160 1813 Duo

191 1834 336 1880 homines
359 1834 570 1867 ascenderunt
594 1833 625 1866 in
650 1833 823 1875 templum:
848 1842 933 1866 unus
957 1834 1159 1873 Pharisaeus,

192 1891 224 1921 et
251 1888 331 1921 alter
367 1887 554 1930 publicanus
571 1899 605 1926 »;
642 1887 712 1925 vel,
748 1887 803 1930 qui
839 1896 961 1920 merces
997 1887 1159 1921 vendendo

192 1941 340 1985 omnibus
356 1940 575 1983 publicabant,
600 1940 682 1973 sicut
707 1944 900 1974 mercatores
915 1940 1019 1974 facere
1043 1941 1159 1980 solent,

193 1994 275 2027 sicut
297 1993 452 2036 accipitur
476 2003 574 2036 supra
605 1994 715 2041 tertio;
741 1994 809 2033 vel,
833 1994 888 2037 qui
921 1994 1046 2037 publica
1064 1995 1160 2029 vecti-

192 2047 273 2090 galia
295 2047 478 2089 exigebant;
503 2050 535 2080 et
557 2047 602 2080 sic
626 2047 752 2081 videtur
780 2048 908 2090 proprie
932 2048 1029 2090 accipi
1055 2048 1116 2082 hic.

283 2101 334 2133 66.
359 2100 446 2134 Unde
462 2100 629 2134 subditur:
655 2101 821 2135 Sedentem
846 2102 892 2135 ad
916 2102 1083 2135 telonium.
1107 2103 1159 2136 Se-

193 2153 332 2187 cundum
365 2154 478 2187 Bedam
491 2154 504 2174 ⁶
538 2167 553 2183 α
575 2154 653 2187 telos
684 2154 815 2193 Graece,
848 2155 980 2197 vectigal
1004 2155 1111 2188 Latine
1128 2167 1159 2194 »;

194 2205 367 2239 secundum
394 2206 547 2239 Isidorum
571 2206 659 2240 locus
682 2210 744 2246 est,
774 2220 790 2236 «
806 2207 859 2240 ubi
886 2216 1007 2241 merces
1031 2208 1159 2241 navium

195 2260 242 2293 vel
276 2263 446 2293 nautarum
478 2260 692 2294 emolumenta
723 2260 901 2294 redduntur
923 2273 959 2300 »;
984 2261 1158 2295 secundum

194 2312 393 2346 Ambrosium
416 2313 588 2356 aequivoce
611 2317 715 2356 potest
737 2314 835 2356 accipi
857 2314 897 2347 ad
920 2314 1060 2357 vectigal
1074 2318 1105 2348 et
1121 2315 1159 2348 ad

192 2366 348 2406 domum,
372 2366 405 2400 in
428 2376 492 2409 qua
516 2366 679 2406 redditur;
704 2367 788 2401 unde
811 2367 886 2401 dicit
902 2368 931 2401 ⁶:
960 2381 976 2398 «ι
995 2368 1046 2402 llle
1070 2369 1161 2411 prius

265 2577 274 2591 ¹
295 2578 389 2603 psalm.
410 2578 476 2609 103,
497 2578 539 2604 23.
560 2592 592 2596 —
614 2578 671 2604 Duo
690 2586 764 2612 seqq.
784 2579 834 2605 loci
853 2583 913 2606 sunt
932 2581 1018 2607 Mattli.
1033 2582 1075 2612 20,
1097 2583 1119 2607 1.
1134 2585 1159 2607 et

193 2623 263 2648 loan.
285 2622 330 2654 16,
351 2623 393 2647 28.
412 2636 448 2641 —
468 2622 596 2655 Superius
627 2623 684 2649 Vat.
713 2624 809 2650 omittit
836 2624 941 2658 affatur
969 2627 996 2652 et
1014 2626 1073 2658 (pro
1093 2627 1118 2653 et
1137 2626 1158 2651 D

193 2665 269 2698 sive),
288 2673 357 2700 quae
381 2666 461 2692 etiam
486 2667 620 2700 aliquanto
645 2667 752 2694 insertus
780 2675 828 2701 pro
847 2668 880 2695 de
897 2671 999 2696 secreto
1018 2660 1081 2697 sinu
1101 2670 1158 2704 [cfr.

194 2711 261 2736 loen.
284 2711 313 2743 l,
333 2710 386 2745 18.]
406 2711 479 2738 venit
496 2711 630 2738 substituit
649 2711 681 2738 de
698 2715 800 2740 secreto
819 2714 888 2740 veni.

265 2752 276 2768 ²
295 2754 390 2780 psalm.
403 2754 445 2786 2⁴,
460 2755 548 2780 18.-
559 2756 711 2789 Sequuntur
722 2757 782 2789 Sap.
794 2757 818 2787 4,
831 2758 871 2783 15.
882 2761 908 2784 et
917 2759 979 2784 Luc.
992 2759 1034 2791 22,
1046 2760 1088 2785 61.
1102 2767 1157 2793 seq.

265 2796 276 2812 ³
296 2798 366 2824 Libr.
386 2800 404 2825 1.
431 2799 580 2826 Comment.
609 2801 633 2826 in
658 2801 744 2827 Matth.
765 2802 795 2834 9,
815 2803 844 2828 9;
864 2802 947 2829 Ceteri
976 2804 1159 2836 Evangelistae

195 2845 303 2875 propter
322 2844 510 2870 verecundiam
530 2848 556 2871 et
576 2846 703 2872 honorem
729 2847 849 2873 Matthaei
877 2848 1016 2874 noluerunt
1034 2856 1095 2874 eurn
1115 2856 1159 2875 no-

194 2887 265 2912 mine
283 2887 415 2919 appellare
434 2889 555 2920 vulgato,
575 2889 621 2915 sed
640 2889 761 2916 dixerunt
780 2889 858 2922 Levtss·
878 2891 977 2923 duplici
996 2892 1096 2925 quippe
1115 2900 1159 2918 vo-

194 2930 288 2957 cabulo
308 2931 362 2957 fnit.
383 2932 440 2964 lpse
458 2936 547 2958 autem
568 2934 723 2966 Matthaeus,
742 2935 889 2961 secundum
909 2936 971 2962 illud
990 2936 1062 2970 quod
1082 2944 1096 2962 a
1117 2937 1159 2962 Sa-

194 2975 300 3001 lomone
318 2974 411 3009 [Prov.
430 2976 478 3008 18,
499 2976 556 3011 17.]
586 2978 759 3011 praecipitur:
781 2980 871 3006 Iustus
894 2982 1040 3007 accusator
1058 2982 1097 3007 est
1114 2981 1161 3007 sui

195 3018 224 3046 in
239 3018 375 3053 principio
393 3021 553 3048 sermonis...
574 3022 731 3049 Matthaeum
751 3030 779 3049 se
798 3027 823 3050 et
843 3023 1013 3056 publicanum
1032 3025 1158 3058 nominat,

196 3066 224 3090 ut
241 3064 363 3090 ostendat
379 3065 541 3098 legentibus,
560 3067 662 3093 nullum
681 3067 779 3094 debere
798 3069 908 3094 salutem
929 3069 1071 3102 desperare
1090 3073 1138 3096 etc.

265 3105 277 3121 ⁴
296 3107 370 3133 Vers.
392 3108 440 3141 to,
459 3112 519 3141 post
537 3117 618 3142 quem
637 3111 668 3142 3,
689 3112 736 3142 12,
762 3111 808 3137 ubi
826 3112 905 3138 etiam
925 3120 938 3138 a
959 3114 983 3138 S.
1004 3114 1103 3139 Bonav.
1123 3114 1160 3139 di·

196 3158 288 3177 versae
307 3152 512 3185 significationes
530 3154 645 3180 nominis
660 3154 825 3189 publicanus
844 3158 996 3183 afferuntur.
1010 3158 1037 3183 B.
1052 3157 1159 3189 Albert„

197 3196 222 3221 in
241 3197 303 3222 Luc.
324 3197 354 3229 5,
374 3197 423 3223 27:
447 3197 518 3224 Vidit
531 3197 725 3232 publicanum,
750 3201 813 3233 quia
842 3200 955 3233 publicis
984 3202 1159 3235 vectigalibus

195 3240 356 3273 accipiendis
375 3245 400 3267 et
419 3243 614 3275 congregandis
633 3247 688 3270 orat
716 3246 897 3278 praepositum
924 3247 988 3272 haec
1007 3250 1096 3273 autem
1116 3255 1159 3274 ve·

196 3285 300 3317 ctigalia
319 3285 353 3312 de
380 3287 510 3313 vehendis
535 3287 669 3314 mercibus
694 3289 899 3322 accipiebantur.
928 3291 1042 3324 Quidam
1071 3295 1158 3318 tamen

197 3329 295 3362 dicunt,
314 3330 387 3363 quod
406 3334 462 3357 erat
489 3335 619 3358 mercator
647 3339 749 3360 merces
768 3335 880 3366 vehens;
908 3338 934 3361 et
954 3336 1003 3361 boc
1022 3342 1074 3361 non
1093 3339 1158 3368 puto

197 3379 255 3399 esse
272 3379 377 3400 verum.
396 3375 539 3407 vectigalia
558 3379 648 3402 autem
666 3383 727 3403 cum
747 3378 894 3404 extorsione
907 3378 1114 3411 accipiebantur,
1131 3383 1157 3405 et

304 3426 334 3454 S.
349 3427 451 3454 Bonav.
463 3442 498 3448 -
511 3429 586 3454 Tom.
601 3430 653 3455 Vll.

2130 202 2186 231 122·

1225 282 1307 315 dura
1337 283 1376 315 de
1408 283 1586 323 laboribus,
1610 294 1705 318 avara
1726 286 1764 318 de
1789 286 1985 319 mercedibus
2015 288 2187 320 multorum

1225 336 1437 369 emolumenta
1460 340 1670 379 extorquens,
1698 343 1825 372 vocatus
1850 340 1963 378 verbo,
1989 341 2117 382 propria
2141 351 2188 373 re-

1227 389 1318 431 liquit
1344 390 1398 431 qui
1433 390 1572 431 rapiebat
1599 391 1697 423 aliena
1717 406 1746 423 ».
1782 406 1796 419 a
1815 393 1910 425 Nemo
1934 403 2024 435 ergo,
2054 398 2089 426 ut
2115 394 2190 426 dicit

1223 442 1332 475 Glossa
1357 442 1495 480 Bedam,
1520 443 1558 474 ‹le
1583 444 1776 477 immanitate
1802 450 2000 486 peccatorum
2025 447 2188 488 desperet.

1224 504 1298 527 cum
1323 496 1497 528 Matthaeus
1520 496 1559 528 de
1584 497 1751 538 publicano
1776 498 1805 529 in
1832 499 2027 539 afuistriliim,
2051 501 2089 532 de
2115 501 2188 532 ualo-

1225 549 1315 581 nario
1339 548 1370 580 in
1397 549 1622 590 Evangeiistam
1648 550 1688 582 sit
1712 554 1853 583 mutatus
1870 565 1899 583 n.

1316 603 1367 634 67.
1394 602 1455 635 Nec
1479 606 1601 635 lantum
1628 603 1720 641 vidit,
1747 607 1782 636 ut
1806 605 1993 644 attraheret,
2018 606 2071 638 sed
2097 607 2188 638 etiam
2206 615 2355 641 ‘momme-

1225 655 1391 688 allocut-us
1413 661 1459 687 est
1483 665 1575 695 eum,
1609 660 1644 689 ut
1668 661 1885 696 converteret,
1918 668 1989 691 cum
2019 660 2187 692 subditur:

1227 710 1266 741 Ει
1289 709 1338 741 ait
1362 709 1429 742 uli:
1456 710 1596 753 Sequere
1611 720 1680 749 me,
1704 711 1822 743 scilicet
1839 721 1894 753 per
1908 713 2049 745 omnium
2071 717 2189 755 tempo-

1225 763 1339 795 ralium
1365 763 1709 802 abrenuntiationem,
1735 765 1826 806 quia,
1852 766 2025 798 secundum
2045 767 2127 808 quod
2145 768 2190 799 di-
2207 774 2357 805 ”catenum

1224 817 1267 850 cit
1288 816 1410 849 loannis
1433 817 1586 856 octavo⁸,
1616 831 1631 846 α
1648 818 1702 860 qui
1721 819 1866 860 sequitur
1891 828 1940 851 me
1965 829 2026 852 non
2051 822 2191 853 ambulat
2234 803 2329 822 ‘mmm'

1224 870 1255 903 in
1273 870 1412 903 tenebris
1428 884 1463 910 »;
1481 875 1512 903 et
1529 872 1733 904 Ecclesiastici
1752 873 1902 914 vigesimo
1920 874 2029 906 tertio:
2053 888 2068 901 α
2085 876 2189 915 Magna

1224 924 1324 967 gioria
1347 929 1394 957 est
1418 925 1506 967 sequi
1532 925 1699 958 Dominum
1719 940 1747 958 ι».
1775 926 1913 970 Sequere
1930 937 1979 959 me
2003 948 2045 952 —
2069 929 2192 962 alis-cre-

1225 979 1288 1011 cive
1310 978 1427 1011 dicitur
1443 997 1487 1002 —-
1504 988 1564 1011 non
1583 979 1681 1012 luera
1698 980 1917 1022 tempor-alim
1935 982 2023 1023 quia,
2043 982 2191 1015 Ecclesia-

1225 1032 1292 1065 stici
1310 1032 1471 1074 trigesimo
1488 1036 1603 1075 quarto
1616 1033 1646 1071 ⁹,
1677 1047 1692 1061 «
1709 1034 1791 1066 sicut
1812 1035 1866 1076 qui
1888 1036 2098 1076 apprehendit
2122 1047 2191 1069 um-

1224 1085 1313 1117 bram
1345 1089 1377 1118 et
1401 1086 1547 1127 sequitur
1572 1089 1698 1125 ventos,
1732 1086 1776 1118 sic
1807 1087 1860 1129 qui
1895 1088 2026 1120 attendit
2055 1089 2092 1121 ad
2127 1090 2190 1122 visa

1224 1139 1387 1172 mendacia
1404 1153 1433 1171 x».
1452 1158 1494 1163 —
1509 1139 1648 1183 Sequere
1665 1150 1731 1179 me,
1750 1150 1810 1173 non
1828 1141 1995 1174 desideria
2012 1143 2190 1180 earnalia,-

1225 1191 1429 1225 Ecclesiastici
1454 1192 1583 1234 quinto:
1614 1206 1629 1221 α
1647 1192 1689 1225 Ne
1713 1193 1857 1235 sequaris
1882 1194 1911 1226 in
1937 1195 2120 1229 fortitudine
2138 1201 2190 1230 tua

1223 1245 1508 1287 concupiscentiam
1545 1246 1648 1278 cordis
1684 1247 1728 1278 tui
1744 1259 1777 1285 »;
1804 1251 1834 1279 et
1868 1248 2109 1281 Proverbiorum
2142 1259 2190 1282 se-

1224 1299 1336 1340 ptimo:
1366 1299 1549 1340 «Sequitur
1584 1308 1652 1331 eam
1690 1300 1772 1332 sicut
1800 1300 1855 1333 bos
1890 1300 2005 1334 ductus
2040 1302 2077 1334 ad
2103 1303 2190 1336 victi-

1224 1361 1307 1384 mam
1325 1365 1340 1380 »
1370 1356 1428 1384 etc.
1447 1370 1488 1375 —
1508 1352 1646 1395 Sequere
1662 1362 1731 1391 me,
1749 1362 1809 1385 non
1834 1353 1968 1396 flagitia
1991 1356 2188 1395 mundana,

1223 1405 1305 1438 sicut
1321 1405 1380 1444 illi,
1397 1405 1435 1438 de
1455 1406 1573 1447 quibus
1589 1406 1716 1439 secundi
1739 1407 1856 1449 Regum
1878 1407 1999 1440 decimo
2023 1410 2134 1451 quinto
2149 1411 2188 1443 ¹⁰:

1220 1472 1243 1488 «ι
1257 1460 1334 1491 Toto
1350 1459 1445 1492 corde
1457 1459 1627 1492 universus
1642 1460 1734 1493 Israel
1748 1461 1893 1503 sequitur
1907 1462 2048 1495 Absalom
2063 1476 2093 1502 ”3
2111 1464 2189 1497 Osee

1222 1512 1423 1546 duodecimo:
1446 1526 1460 1541 «
1478 1513 1626 1555 Ephraim
1644 1514 1743 1556 pascit
1759 1518 1887 1547 ventum
1913 1519 1944 1548 et
1969 1517 2114 1558 sequitur
2138 1527 2189 1549 ao-

1223 1570 1324 1606 stum,
1341 1570 1406 1599 tola
1420 1566 1470 1599 die
1487 1567 1650 1600 mendacia
1666 1571 1698 1600 et
1713 1568 1889 1601 vastitatem
1907 1569 2094 1611 multiplicat
2108 1585 2137 1603 ».
2157 1572 2189 1604 Et

1224 1620 1302 1653 tales
1319 1624 1393 1653 sunt
1410 1629 1488 1653 vane
1501 1621 1627 1663 gloriosi
1645 1622 1680 1660 ¹¹,
1694 1621 1748 1663 qui
1766 1625 1900 1663 pascunt
1913 1627 2041 1656 ventum
2060 1625 2190 1658 munda-

1225 1682 1283 1706 nae
1307 1673 1463 1706 vanitatis.

1315 1727 1367 1758 68.
1392 1726 1494 1767 (Vers.
1520 1728 1597 1767 ⁹28).
1623 1728 1766 1761 Secundo
1790 1733 1896 1761 autem
1919 1730 2096 1763 ostenditur
2121 1741 2192 1774 per·
2213 1734 2319 1756 secunao.

1223 1779 1305 1812 fecta
1327 1788 1369 1812 ex
1395 1783 1485 1821 parte
1509 1779 1604 1813 liberi
1626 1780 1766 1814 arbitrii
1780 1783 2009 1816 eonsentientes
2032 1785 2191 1828 obtempe-

1224 1832 1338 1871 rando,
1362 1841 1436 1865 cum
1453 1832 1616 1868 subditur:
1646 1834 1683 1866 Ec
1707 1834 1830 1867 relictis
1847 1836 2015 1876 omnibus,
2032 1847 2190 1881 surgens,

1223 1890 1355 1919 secutus
1379 1890 1427 1919 esc
1456 1896 1551 1923 eum,-
1575 1887 1605 1918 in
1631 1896 1695 1929 quo
1718 1887 1901 1930 designatur
1933 1890 2091 1931 perfectus
2119 1901 2192 1925 con-

1224 1948 1337 1973 sensus
1371 1939 1462 1972 liberi
1494 1940 1617 1973 arbitrii
1650 1945 1681 1973 et
1711 1945 1866 1983 quantum
1898 1943 1935 1975 ad
1973 1954 2138 1978 recessum
2169 1957 2191 1979 a

1223 1993 1313 2026 malo
1336 1996 1368 2026 et
1391 1992 1579 2036 profectum
1604 1994 1639 2026 in
1657 1993 1738 2027 bono
1762 1998 1793 2027 et
1817 1997 2134 2030 consummaciotwm
2156 1999 2191 2031 in
2220 2002 2340 2050 12003013595

1223 2051 1314 2080 statu
1335 2046 1490 2090 perfecto.
1525 2047 1595 2081 Ideo
1618 2048 1749 2086 dicitur,
1782 2048 1866 2091 quod
1891 2050 2005 2082 omnia
2039 2050 2189 2094 reliquie,
2211 2035 2264 2055 ’ΨΟΘ
2304 2036 2344 2051 ‘¹³'

1224 2100 1308 2144 quod
1333 2101 1504 2141 surreoez't,
1527 2106 1558 2135 et
1583 2102 1667 2144 quod
1693 2101 1863 2135 Christum
1887 2108 2019 2136 secutus
2041 2103 2128 2146 fuit,
2154 2110 2190 2138 ut

1225 2157 1330 2196 posset
1364 2154 1469 2187 dicere
1505 2154 1582 2188 illud
1615 2155 1694 2188 Petri
1721 2156 1864 2189 Matthaei
1898 2156 2019 2189 decimo
2043 2167 2126 2191 nono
2145 2159 2188 2191 ¹²:

1231 2220 1247 2236 «
1264 2207 1358 2247 Ecce,
1375 2217 1432 2241 nos
1448 2208 1636 2250 reliquimus
1653 2209 1759 2241 onmia
1775 2212 1806 2242 et
1822 2210 1920 2242 secuti
1938 2219 2049 2244 sumus
2063 2215 2092 2244 te
2105 2225 2135 2243 n.
2156 2212 2189 2244 Et

1226 2261 1285 2294 hoc
1309 2264 1371 2300 est,
1394 2261 1434 2294 ad
1457 2262 1542 2304 quod
1559 2263 1707 2295 hortatur
1725 2272 1781 2296 nos
1799 2264 1963 2305 Apostolus
1979 2264 2017 2297 ad
2035 2265 2189 2298 Hebraeos

1225 2314 1428 2348 duodecimo:
1448 2328 1464 2343 «
1477 2315 1675 2358 Deponentes
1687 2325 1779 2350 omne
1796 2317 1919 2359 pondus
1935 2321 1965 2350 et
1982 2318 2189 2352 circumstans

1225 2377 1283 2402 nos
1307 2372 1489 2411 peccatum,
1514 2379 1571 2411 per
1596 2370 1778 2412 patientiam
1803 2377 1971 2404 curramus
1988 2385 2003 2400 »
2032 2375 2090 2405 etc.

1223 2581 1284 2607 ideo
1304 2581 1354 2607 tale
1372 2581 1489 2606 officium
1516 2581 1613 2606 infame
1639 2584 1685 2607 est.
1713 2582 1768 2607 lsai.
1798 2582 1827 2612 3,
1858 2583 1905 2607 4⁶2:
1935 2582 2067 2615 Populum
2098 2590 2185 2609 meum

1223 2627 1364 2652 exactores
1383 2625 1429 2651 sui
1445 2625 1640 2660 spoliaverunt.
1670 2625 1722 2651 Csr.
1752 2625 1883 2657 ambros„
1904 2627 1935 2652 Y,
1956 2627 1982 2651 in
2007 2628 2068 2652 Luc.
2089 2629 2114 2652 11.
2146 2628 2186 2652 16.

1223 2670 1307 2697 Codd.
1327 2671 1346 2696 Α
1357 2670 1376 2696 C
1387 2671 1408 2696 D
1419 2671 1439 2696 H
1461 2671 1584 2697 omittunt
1602 2670 1673 2697 sicut
1690 2672 1883 2697 mercatores...
1902 2670 2052 2704 eoeiyebant.

1294 2713 1305 2728 ⁶
1324 2715 1395 2741 Libr.
1414 2716 1442 2741 ll.
1463 2716 1487 2741 in
1508 2716 1593 2741 Matth.
1614 2716 1645 2747 9,
1665 2716 1688 2741 9.
1702 2730 1737 2735 -
1752 2716 1881 2741 Sententia
1896 2716 1986 2742 lsidori
2001 2716 2111 2742 liabetur
2126 2717 2184 2742 XV.

1224 2760 1369 2792 Etymolog.
1390 2767 1411 2786 r.
1432 2761 1457 2786 2.
1477 2768 1501 2786 n.
1523 2761 1563 2787 15.
1585 2761 1633 2786 l‘ro
1653 2760 1819 2792 redduntur,
1839 2761 1911 2794 quod
1933 2762 2009 2787 EFG
2029 2768 2089 2787 cum
2116 2766 2184 2787 textu

1223 2804 1344 2836 originali
1363 2804 1497 2836 exhibent,
1517 2805 1566 2832 AC
1579 2806 1630 2831 Dll
1649 2805 1813 2837 vendanum,
1834 2806 1892 2831 Vat.
1912 2808 2115 2832 convertuntur.

1294 2847 1306 2863 ⁶
1325 2848 1394 2875 Libr.
1416 2849 1447 2875 V.
1467 2850 1491 2875 iu
1513 2851 1575 2875 Luc.
1594 2858 1618 2876 n.
1643 2851 1687 2876 l6:
1708 2851 1796 2883 ltaque
1816 2851 1856 2876 ille
1875 2851 1948 2882 prius
1967 2858 2046 2876 avara
2067 2851 2100 2876 de
2121 2859 2186 2877 mer·

1223 2892 1334 2919 cedibus
1353 2892 1417 2926 [ms.
1437 2893 1501 2925 Reg.
1525 2893 1683 2927 mercibus}
1710 2894 1776 2919 dura
1803 2894 1835 2919 de
1855 2893 1989 2919 laboribus
2010 2895 2186 2928 periculisque

1194 2961 1197 2964 .
1223 2941 1364 2964 nautarum
1384 2939 1560 2964 emolumenta
1581 2943 1750 2970 convertens,
1771 2938 1853 2963 verbo
1873 2942 1997 2968 vocatus,
2018 2940 2124 2970 propria
2145 2939 2188 2965 de-

1223 2982 1343 3015 reliquit,
1362 2983 1406 3015 qui
1427 2981 1547 3014 rapiebat
1565 2983 1660 3013 alicua,
1689 2990 1719 3008 at·
1749 2983 1799 3008 vlle
1829 2983 1890 3008 illud
1919 2983 2000 3009 sedile
2029 2984 2186 3014 destituens,

1223 3030 1277 3052 toto
1297 3030 1357 3058 post
1376 3027 1517 3052 Dominum
1537 3027 1650 3058 vestigio
1670 3027 1763 3053 mentis
1783 3027 1887 3053 incedit.

1294 3069 1304 3085 '¹
1326 3071 1427 3097 Scilicet
1446 3070 1587 3097 ordinaria
1609 3072 1632 3096 in
1653 3072 1714 3097 Luc.
1734 3072 1763 3102 5,
1790 3072 1832 3097 27.
1853 3072 1922 3097 Beda
1942 3072 2061 3105 sequitur
2081 3072 2185 3098 Hieron.

1223 3122 1304 3148 supra
1323 3119 1384 3141 nota
1405 3116 1429 3140 3.
1449 3115 1599 3146 allegatum.

1295 3158 1306 3173 ⁸
1325 3161 1400 3186 Vers.
1424 3160 1466 3190 12,
1487 3163 1547 3191 post
1565 3167 1644 3192 quenl
1666 3160 1742 3185 Ec‹·li.
1763 3160 1809 3190 23,
1831 3160 1870 3185 38.

1294 3201 1306 3217 ⁹
1326 3204 1400 3229 Vei-s.
1420 3204 1443 3228 2.
1458 3203 1547 3228 Glossa
1561 3202 1744 3229 interlinearis
1759 3203 1782 3228 in
1797 3204 1857 3229 Luc.
1879 3204 1909 3235 5,
1930 3203 1977 3229 27:
1990 3203 2108 3237 Sequere
2127 3211 2184 3233 me,

1223 3254 1274 3273 non
1295 3248 1375 3273 lucra.
1397 3260 1435 3265 -·
1449 3248 1506 3272 Duo
1525 3254 1599 3280 seqq.
1620 3247 1668 3273 lori
1688 3251 1748 3273 sunt
1767 3248 1844 3273 Eccli.
1863 3248 1893 3278 5,
1914 3248 1938 3273 2.
1958 3252 1983 3273 et
2002 3248 2078 3273 Prov.
2092 3248 2122 3279 7,
2142 3249 2185 3273 22.

1295 3290 1318 3306 ¹⁰
1337 3292 1412 3318 Vers.
1433 3292 1475 3317 13.
1496 3306 1529 3310 -
1549 3292 1671 3324 Sequitur
1684 3284 1757 3318 ³Osee
1777 3293 1824 3322 ⁴2,
1848 3293 1869 3317 l.

1295 3335 1316 3350 ¹¹
1336 3335 1400 3362 Cod.
1421 3336 1439 3361 F
1459 3335 1657 3369 tvmaqloriosi‚
1681 3340 1709 3362 ut
1728 3337 1805 3362 codd.
1826 3337 1887 3362 iun-a
1909 3343 1930 3362 c.
1951 3337 1974 3362 6.
1996 3344 2020 3362 n.
2040 3337 2082 3362 58.

1294 3378 1317 3394 ¹²
1336 3380 1411 3405 vers.
1431 3380 1480 3412 27,
1499 3384 1559 3411 post
1577 3387 1657 3413 quem
1678 3380 1756 3405 Hebr.
1778 3381 1824 3412 12,
1847 3381 1870 3405 l.

2046 3433 2075 3460 ¹7
