2476 3921
767 191 962 226 COMMENT.
987 192 1025 226 IN
1049 193 1289 227 EVANGELIUM
1313 195 1430 228 LUCAE
1455 196 1486 229 C.
1513 197 1574 229 XX.
2100 199 2163 232 509

172 278 335 313 offendunt
365 280 420 323 qui
452 280 485 313 in
513 280 616 323 ipsum
642 289 704 313 11011
729 280 882 320 0101111111,
906 281 1042 314 11011101]
1066 281 1137 314 imi-

172 336 301 373 tantur;
326 333 448 376 primae
472 333 555 366 Petri
579 333 718 367 secundo
732 335 760 366 l:
790 347 806 363 α
822 334 918 367 Vobis
941 335 1044 368 honor
1068 344 1136 368 010-

171 387 336 426 dentibus,
360 396 423 420 non
454 385 657 420 credemibus
686 390 795 421 autem
827 387 925 430 lapis,
957 397 1053 430 quem
1086 397 1136 421 re-

171 440 389 484 probaverunt
410 440 629 480 aedificantes,
654 440 706 474 bic
729 440 832 474 factus
856 441 951 474 estin
969 445 1064 484 caput
1080 451 1136 475 an-

170 494 252 537 guli,
268 497 300 528 et
316 494 395 537 lapis
418 493 600 527 offensionis
622 497 654 527 et
677 497 768 536 petra
791 494 928 527 scandali
954 494 1002 527 his
1018 495 1072 537 qui
1090 495 1135 528 os-

169 547 303 581 fendunt
337 547 436 581 verbo
470 550 502 581 et
532 556 596 580 non
627 547 779 587 credunt,
812 547 845 580 111
875 557 940 590 quo
971 550 1003 581 et
1042 548 1134 590 positi

170 604 292 634 sunt».
325 601 361 634 Et
391 600 436 634 sic
465 600 583 633 factum
616 603 664 633 est
693 600 832 640 Iudaeis,
857 601 1032 634 secundum
1056 601 1134 634 illud

169 654 265 688 Isaiae
288 654 446 688 octavo2:
475 666 491 683 α
509 653 575 687 Erit
605 654 695 687 vobis
726 654 879 688 Dominus
903 655 934 687 in
958 655 1134 688 sanctifica-

169 707 285 741 tionem
296 731 304 747 ‚
329 707 361 740 in
384 701 519 749 lapidem
540 710 647 740 autem
663 707 843 740 offensionis
858 710 890 741 et
906 711 1028 750 petram
1044 717 1134 741 scan-

168 761 230 794 dali
253 761 378 794 duabus
400 761 546 794 domibus
562 761 675 800 Israel,
693 761 724 793 in
742 761 892 804 laqueum
910 765 941 795 et
957 761 988 794 in
1006 761 1131 794 ruinam

168 814 385 848 habitantibus
408 814 587 848 Ierusalem.
620 814 656 847 Et
684 814 843 848 offendent
866 823 908 848 ex
931 815 977 848 eis
1002 814 1130 857 plurimi

168 871 201 901 et
222 867 335 909 cadent
350 871 382 901 et
397 871 605 901 conterentur
621 871 653 900 et
668 867 855 901 irretientur
871 871 903 900 et
918 867 1083 909 capientur
1096 880 1130 900 ω.

173 933 190 951 α
206 921 403 964 Exspectabo
426 921 612 960 Dominum,
630 921 684 964 qui
701 921 864 954 abscondit
879 920 990 954 faciem
1007 929 1096 954 suam
1112 929 1131 953 a

168 975 260 1008 domo
284 974 374 1008 Iacob
391 987 420 1007 n.
446 974 506 1016 Qui
538 984 614 1017 ergo
638 974 892 1007 scandalizantur
915 983 1012 1016 super
1044 974 1130 1008 hunc

167 1028 302 1071 lapidem
327 1028 461 1068 cadunt,
485 1027 540 1061 sed
567 1027 622 1070 qui
654 1028 904 1062 condemnantur
931 1028 971 1061 ab
998 1028 1059 1061 hoc
1087 1028 1131 1061 la-

167 1082 239 1125 pide
262 1084 490 1122 conteruntur,
507 1081 681 1115 secundum
700 1081 778 1114 illud
804 1081 899 1114 Isaiae
924 1081 1085 1124 trigesimo
1099 1082 1130 1115 ³:

172 1148 189 1165 α
205 1136 331 1176 Subito,
355 1136 432 1169 dum
456 1145 519 1169 non
542 1137 708 1177 speratur,
734 1135 837 1168 veniet
865 1135 1012 1169 contritio
1042 1136 1129 1176 eius,

167 1192 198 1223 et
214 1188 390 1224 conteritur
406 1189 494 1223 velut
510 1189 620 1231 lagena
636 1189 723 1231 figuli
741 1189 928 1222 contritione
952 1190 1130 1232 pervalida,

168 1246 200 1277 et
223 1252 287 1276 non
309 1242 489 1276 invenietur
512 1242 551 1275 de
574 1242 758 1284 fragmentis
781 1242 851 1275 eius
874 1245 971 1282 testa,
1003 1243 1035 1275 in
1067 1252 1131 1285 qua

166 1298 312 1338 portetur
336 1295 494 1338 igniculus
516 1294 555 1328 de
579 1295 740 1334 incendi0,
758 1298 813 1328 aut
831 1295 999 1328 hauriatur
1016 1305 1130 1338 parum

165 1358 267 1393 aquae
282 1349 321 1383 de
337 1349 426 1382 fovea
442 1362 472 1381 ».
499 1349 629 1391 Propter
645 1349 730 1391 quod
743 1350 757 1368 4
778 1361 794 1378 α
810 1358 873 1382 11011
889 1349 934 1382 510
949 1349 1051 1392 impii,
1068 1358 1134 1394 nou

166 1404 228 1443 sic,
253 1403 307 1436 sed
331 1406 481 1446 tanquam
506 1403 629 1445 pulvis,
654 1412 749 1445 quem
775 1403 900 1445 proiicit
923 1406 1037 1436 ventus
1052 1412 1071 1436 a
1086 1403 1130 1436 far

165 1458 212 1491 cie
236 1461 341 1490 terrae
358 1470 388 1489 ».
412 1476 458 1482 -—
481 1457 515 1489 In
539 1457 599 1490 hac
630 1457 728 1500 igitur
752 1457 941 1490 auctoritate
964 1456 1131 1490 confirmat

165 1511 317 1545 Dominus
340 1511 546 1544 Intentionem
579 1511 765 1553 parabolae,
798 1511 917 1544 scilicet
947 1510 1032 1553 quod
1063 1510 1130 1552 ipse

164 1564 397 1607 reprobandus
420 1567 468 1597 est
490 1573 509 1597 a
533 1564 671 1604 Iudaeis,
696 1564 860 1597 electurus
873 1567 1003 1607 yentes,
1020 1562 1130 1606 repul-

163 1628 269 1652 surus
300 1618 443 1651 Iudaeos
474 1621 605 1661 propter
628 1627 718 1652 suam
743 1618 925 1660 perfidiam,
949 1621 981 1651 et
1004 1617 1129 1650 tandem

164 1672 448 1705 condemnaturus
472 1681 529 1714 per
553 1672 741 1705 sententiam
766 1671 972 1704 definitivam.

254 1726 307 1758 25.
334 1725 436 1768 (Vers.
464 1726 539 1766 19.).
571 1726 612 1758 Et
641 1724 845 1768 quaerebant
874 1723 1044 1766 principes
1074 1733 1130 1756 sa-

25 1779 133 1801 ⁰⁰¹¹v¹ffl⁰
165 1779 335 1812 cerdotum
357 1782 416 1813 etc.
443 1779 514 1812 Post
535 1778 696 1821 repulsam
721 1777 912 1811 calumniam
930 1781 961 1811 et
976 1777 1129 1811 detectam

3 1806 152 1855 {3333}ss
165 1832 329 1876 perfidiam
354 1832 500 1875 sequitur
523 1832 575 1865 hic
599 1831 693 1865 tertia
716 1831 835 1874 pars⁵‚
868 1831 899 1864 in
932 1840 996 1873 qua
1017 1831 1130 1873 depre-

15 1859 148 1914 (ῐῖῖῗὲιῗὶῖῠ-
166 1885 276 1920 hendit
307 1886 524 1919 adinventam
546 1885 741 1918 versutiam.
766 1885 866 1918 Huius
889 1888 995 1918 autem
1019 1893 1131 1918 versu—

57 1939 146 1962 ffivssffi·
165 1940 227 1973 tiae
249 1939 353 1982 primo
381 1939 531 1973 describit
555 1939 753 1982 Evangelista
776 1938 1043 1972 adinventionem
1065 1936 1130 1981 fal-

166 1994 289 2032 lacem,·
306 1992 445 2027 secundo
469 2002 556 2033 vero,
581 1991 842 2035 confutationem
858 1991 1130 2031 veracem,ihi⁶:

167 2046 390 2080 Considerans
413 2050 525 2080 autem
549 2046 662 2079 dolum
686 2046 821 2079 illorum
846 2049 905 2079 etc.

255 2100 529 2133 Adinventionem
552 2103 664 2133 autem
679 2097 1013 2133 versutiae-describit
1030 2097 1129 2130 Evan-

3 2151 81 2201 ¹223&
91 2153 152 2203 2233·
165 2153 275 2197 gelista
298 2157 453 2197 quantum
477 2153 516 2187 ad
532 2153 610 2193 tria,
636 2153 755 2186 scilicet
779 2154 934 2194 quantum
958 2151 997 2184 ad
1021 2150 1129 2183 Phari-

2 2205 152 2256 “timasi
166 2216 312 2242 saeorum
340 2207 604 2250 indignationem
635 2205 850 2244 malevolam,
882 2204 1129 2237 insidiationem

54 2261 99 2287 ΡΒ·
166 2260 353 2304 maliynam
376 2263 408 2294 et
431 2260 724 2303 interroyationem
748 2257 963 2291 malitiosam.

256 2314 359 2347 Primo
382 2314 479 2356 igitur
503 2315 657 2356 quantum
682 2312 721 2345 ad
747 2311 1014 2344 Pharisaeorum
1042 2310 1129 2343 indi-

165 2366 357 2409 9nationem
379 2365 576 2398 malevolam
599 2365 695 2398 dicit:
722 2366 760 2398 Et
783 2363 988 2409 quaerebant
999 2363 1129 2406 princi-

163 2428 222 2462 pes
245 2418 456 2461 sacerdotum
479 2422 508 2451 et
530 2418 660 2451 scribae
675 2418 802 2451 mittere
826 2417 862 2450 in
886 2417 981 2450 illum
1006 2426 1130 2450 manus

166 2473 250 2507 illa⁷
284 2468 389 2512 hora;
420 2472 642 2517 quaerebant,
674 2472 821 2515 inquam,
852 2471 892 2504 ad
920 2471 1023 2514 ipsum
1048 2471 1130 2505 occi-

165 2526 322 2566 dendum,
347 2526 522 2560 secundum
545 2525 624 2559 illud
640 2525 762 2558 Ioannis
779 2524 928 2567 septimo:
952 2537 968 2553 «
983 2524 1064 2566 Quid
1081 2532 1130 2558 me

37 1459 145 1488 Epilogus.

28 2349 146 2393 Indignatio

33 2393 146 2416 malevola.

239 2707 343 2738 ¹’Vers.
368 2711 393 2737 7.
418 2718 474 2745 seq.
493 2725 528 2732 —
547 2713 675 2745 Superius
693 2720 741 2745 pro
761 2712 809 2747 qui
826 2712 854 2739 in
872 2712 963 2747 ipsum
981 2711 1000 2738 C
1012 2712 1063 2737 ΒΗ
1084 2709 1132 2745 qui

167 2755 265 2790 ipsum.

238 2799 249 2815 ²
268 2801 343 2827 Vers.
364 2800 406 2827 111.
425 2808 481 2834 seq.
501 2804 526 2827 et
546 2801 587 2828 17.

238 2844 249 2859 ⁸
268 2845 345 2871 Vers.
365 2845 406 2871 13.
425 2849 451 2872 01
471 2845 512 2871 tt.

238 2888 249 2903 ¹
269 2889 301 2916 Ut
320 2889 415 2916 dicitur
433 2890 460 2916 in
480 2890 520 2916 Ps.
543 2891 569 2924 1,
590 2890 615 2916 4.

238 2931 250 2948 ⁶
269 2934 344 2960 Vers.
364 2934 408 2960 23.

195 3012 199 3019 .
239 2975 249 2991 ⁷
268 2977 303 3003 lta
321 2977 399 3004 etiarn
419 2978 502 3011 Beda,
522 2978 600 3005 Card.
612 2979 704 3011 Ilugo,
723 2979 750 3004 B.
771 2977 880 3010 Albert.,
895 2979 921 3004 S.
941 2977 1049 3009 Thom.,
1068 2978 1129 3003 Gor-

167 3026 248 3046 ranus
266 3024 292 3047 et
310 3021 429 3054 Lyranus
448 3029 509 3049 cum
530 3023 658 3056 Vulgata3
677 3024 797 3055 Hierom,
817 3023 939 3049 Biblioth.
965 3022 994 3049 in
1019 3021 1076 3048 illa.
1094 3035 1130 3041 —

168 3063 286 3091 Subinde
304 3061 431 3098 allegatur
450 3067 520 3093 ioan.
538 3067 568 3099 7,
588 3068 622 3093 20
629 3078 636 3099 3
656 3069 703 3094 cl'r.
721 3075 801 3100 supra
821 3075 883 3100 pag.
903 3067 968 3099 500,
987 3070 1048 3093 nota
1067 3067 1093 3092 9.

239 3107 250 3123 ⁸
269 3109 344 3136 Vers.
364 3110 408 3136 25.
422 3123 458 3131 -
471 3110 563 3137 Glossa
576 3111 720 3139 ordinaria
740 3112 781 3146 (ex
797 3111 878 3146 Beda)
899 3112 925 3138 in
938 3112 999 3138 Luc.
1020 3111 1062 3144 20,
1083 3111 1128 3136 191

169 3152 249 3186 Quasi
268 3153 437 3180 mentientem
456 3158 587 3188 quaerunt
604 3155 762 3190 interficere,
782 3157 809 3183 in
828 3163 882 3190 quo
901 3162 965 3182 vera
984 3155 1129 3189 probantur

168 3203 238 3230 quae
258 3196 365 3223 dlxerat.
386 3197 444 3230 Ipse
462 3200 502 3224 est
519 3198 588 3225 enim
609 3200 700 3233 heres,
724 3200 756 3226 illi
776 3196 854 3233 pravi
879 3200 978 3231 coloni,
1003 3199 1048 3233 qui
1074 3199 1129 3225 solo

169 3241 286 3267 humano
299 3242 404 3268 'terrore
422 3242 598 3276 retardantur,
617 3242 702 3269 donec
719 3242 822 3270 veniret
838 3245 902 3270 hora
921 3238 988 3269 elus·

239 3284 252 3301 ⁹
270 3287 304 3313 Ita
323 3286 402 3314 ettam
420 3286 497 3314 Card.
511 3287 588 3321 Hugo
600 3287 630 3315 et‘
644 3288 672 3314 Β.
685 3287 783 3315 Albert.
803 3288 932 3322 (Lyranus
945 3287 971 3314 in
986 3285 1129 3320 margine„

171 3329 228 3356 Vat.
247 3336 308 3356 cum
327 3326 441 3363 Vulgata
454 3329 542 3364 hanc,·
555 3337 604 3364 pro
622 3330 723 3358 dixerit
735 3329 754 3358 C
765 3330 917 3358 D'dt'oeerac.
930 3344 965 3350 —
978 3330 1036 3357 Duo
1054 3333 1129 3364 seqq.

169 3374 218 3401 loci
238 3377 299 3401 sunt
319 3374 400 3402 Amos
419 3374 448 3407 5,
469 3375 511 3402 10.
529 3377 556 3402 et
576 3376 624 3403 Ier.
643 3376 692 3409 26,
712 3376 754 3403 tt.

859 2888 870 2905 ⁶
889 2890 940 2916 Cir.
959 2896 1039 2921 supra
1059 2895 1083 2914 n.
1106 2889 1130 2914 I.

1200 283 1353 325 quaeritis
1369 284 1561 325 interficere,
1580 286 1757 326 hominem,
1781 287 1835 330 qui
1858 296 1934 321 vera
1951 288 2076 321 locutus
2092 297 2162 321 sum

1200 337 1289 370 vobis
1305 341 1340 370 n?
1364 338 1410 371 Ex
1434 339 1528 372 animi
1553 349 1628 382 ergo
1654 340 1863 383 indignatione
1879 341 2092 384 quaerebant,
2110 342 2162 375 sed

1200 399 1242 423 ex
1266 392 1373 436 populi
1406 393 1572 427 tormidine
1601 403 1662 427 non
1687 394 1855 428 audebant.
1879 414 1924 419 —
1947 395 2041 428 Unde·
2057 395 2162 428 addit:

1201 444 1240 475 Et
1264 444 1445 477 timuerunt
1473 446 1654 488 populum,
1688 456 1749 479 non
1782 447 1904 486 Deum;
1936 451 2047 480 contra
2077 448 2163 490 quod

1200 496 1442 531 proverbiorum
1462 499 1609 540 vigesimo
1625 500 1754 532 nono⁸:
1777 513 1793 529 α
1809 501 1868 542 Qui
1892 501 1979 533 timet
2003 501 2160 534 hominem

1199 550 1261 582 cito
1284 554 1459 584 corruet».
1485 552 1638 594 Populum
1655 557 1760 586 autem
1778 554 1878 596 magis
1895 554 2047 587 timebant
2063 563 2158 596 quam

1200 602 1299 635 Deum
1312 629 1319 642 ,
1343 604 1418 645 quia
1442 605 1513 646 plus
1529 605 1676 638 amabant
1691 606 1798 648 populi
1816 606 1940 639 laudem
1958 616 2053 649 quam
2071 607 2161 640 Chri-

1198 655 1236 688 sti
1262 656 1442 696 veritatem3
1469 658 1537 690 laus
1561 658 1644 691 enim
1669 659 1776 700 populi
1801 659 1957 701 ungebat,
1974 660 2028 693 sed
2044 660 2161 693 veritas

1197 708 1312 742 Christi
1345 710 1506 752 arguebat.
1541 730 1582 735 —
1611 711 1697 745 Unde
1729 712 1899 746 subditur:
1931 713 2160 756 Cognoverunt

1196 762 1298 801 enim,
1323 764 1411 806 quod
1426 764 1472 796 ad
1488 764 1577 806 ipsos
1600 765 1723 798 dixerit
1745 766 1998 799 similitudinem
2022 767 2122 799 istam
2135 767 2158 799 ⁰.

1196 815 1232 847 Et
1255 815 1300 848 sic
1324 816 1439 849 veritas
1471 817 1577 850 odIum
1607 819 1751 860 peperit,
1776 823 1807 852 et
1830 819 2027 853 verificatum
2051 823 2099 852 est
2123 820 2159 852 il-

1196 867 1250 900 lud
1275 868 1365 902 Amos
1389 870 1523 911 quinto:
1554 883 1570 899 «
1586 870 1664 904 Odio
1689 872 1872 905 habuerunt
1887 873 2108 914 corripientem
2126 873 2157 905 in

1194 924 1286 963 porta
1309 925 1340 955 et
1363 923 1543 965 loquentem
1570 925 1706 966 perfecte
1722 925 1891 959 abominati
1907 930 1983 959 sunt
2000 940 2029 958 ι».
2048 927 2079 959 111
2098 927 2158 960 1111-
2194 940 2200 954 ι

1195 975 1245 1008 1115
1268 975 1402 1018 liguram
1436 977 1552 1010 dicitur
1582 978 1730 1012 Ieremiae
1754 979 1903 1021 vigesimo
1927 983 2039 1013 sexto:
2069 992 2085 1008 α
2102 980 2157 1012 Lo-

1195 1028 1260 1061 cuti
1292 1033 1367 1063 sunt
1397 1031 1574 1065 sacerdotes
1605 1036 1636 1065 et
1668 1033 1840 1075 Prophetae
1871 1033 1910 1066 ad
1938 1033 2095 1076 principes
2127 1038 2158 1066 et

1194 1090 1320 1115 omnem
1344 1083 1497 1125 populum
1521 1084 1682 1118 dicentes:
1708 1085 1860 1119 Iudicium
1885 1086 1996 1119 mortis
2020 1090 2067 1119 est
2089 1087 2157 1119 viro

1195 1134 1265 1174 isti,
1289 1136 1364 1178 quia
1388 1138 1589 1179 prophetavit
1612 1138 1765 1172 adversus
1781 1139 1939 1172 civitatem
1956 1140 2057 1179 istam,
2075 1140 2157 1173 sicut

1194 1189 1326 1223 audistis
1349 1190 1481 1224 auribus
1504 1192 1617 1225 vestris
1634 1205 1664 1224 ι).
1689 1192 1740 1225 1511
1764 1195 1871 1226 autem
1889 1193 2063 1232 Pharisaei,
2080 1193 2155 1226 dum

1195 1243 1340 1276 volebant
1363 1244 1524 1278 Christum
1555 1245 1715 1285 occidere,
1748 1246 1961 1288 impugnando
1992 1247 2155 1280 veritatem

1194 1297 1333 1330 auditam
1356 1298 1456 1340 ipsam
1480 1298 1643 1332 veritatem
1668 1299 1857 1343 implebant,
1881 1299 2054 1332 secundum
2079 1299 2158 1332 illud

1195 1350 1328 1383 Actuum
1346 1350 1466 1384 decimo
1484 1352 1576 1384 tertio
1590 1352 1637 1384 1⁰:
1669 1365 1685 1381 α
1700 1352 1760 1394 Qui
1782 1352 1965 1386 habitabant
1988 1353 2157 1386 Ierusalem

1194 1407 1226 1437 et
1249 1403 1406 1446 principes
1437 1404 1523 1444 eius,
1553 1405 1639 1438 bunc
1663 1405 1764 1438 Iesum
1795 1406 1975 1448 ignorantes
2006 1410 2038 1439 et
2066 1415 2157 1439 voces

1195 1457 1441 1499 Prophetarum,
1465 1466 1547 1500 quae
1575 1466 1632 1500 per
1663 1467 1756 1491 omne
1787 1458 1957 1491 Sabbatum
1989 1459 2156 1501 leguntur,

1194 1510 1367 1558 iudicantes
1390 1510 1623 1552 impleverunt;
1641 1514 1673 1544 et
1688 1511 1807 1546 nullam
1824 1520 1952 1544 causam
1974 1512 2087 1545 mortis
2111 1512 2157 1544 in-

1194 1563 1355 1596 venientes
1377 1563 1409 1596 in
1433 1572 1488 1603 eo,
1518 1564 1678 1606 petierunt
1700 1573 1719 1596 a
1743 1557 1857 1604 Pilato,
1881 1568 1918 1597 ut
1941 1564 2157 1598 interficerent

1194 1625 1277 1649 eum.
1309 1616 1452 1659 Cumque
1483 1619 1753 1650 consummassent
1784 1617 1906 1656 omnia,
1938 1626 2020 1660 quae
2050 1617 2089 1650 de
2120 1627 2157 1651 eo

1194 1670 1311 1712 scripta
1343 1674 1451 1709 erant,
1483 1669 1675 1712 deponentes
1698 1679 1772 1703 eum
1795 1670 1834 1703 de
1857 1670 1956 1712 ligno,
1980 1674 2156 1713 posuerunt

1194 1733 1267 1757 eum
1291 1724 1322 1757 in
1347 1726 1550 1757 monumento
1566 1737 1598 1756 n.

1283 1778 1336 1811 26.
1361 1778 1462 1820 (Vers.
1487 1778 1565 1819 20.)
1590 1777 1734 1811 Secundo
1764 1781 1920 1821 quantum
1944 1778 1984 1811 ad
2015 1778 2157 1811 insidia-

1195 1832 1315 1864 tionem
1337 1831 1525 1874 maliqnam
1549 1831 1676 1864 subdit:
1702 1832 1742 1864 Et
1765 1831 1973 1864 observantes
1994 1832 2158 1864 miserunt

1195 1883 1427 1923 insidiatores,
1452 1884 1511 1927 qui
1532 1893 1566 1917 se
1589 1884 1695 1917 iustos
1717 1884 1935 1923 simularent,
1953 1887 2062 1917 contra
2078 1884 2156 1917 illud

1194 1937 1437 1970 Proverbiorum
1460 1937 1611 1980 vigesimo
1634 1940 1748 1980 quarto
1762 1938 1809 1970 ¹¹:
1839 1950 1856 1966 «
1871 1938 1914 1970 Ne
1937 1937 2092 1970 insidieris
2124 1941 2155 1970 et

1194 2000 1328 2034 quaeras
1358 1991 1556 2033 iniquitatem
1582 1991 1613 2024 in
1636 1990 1729 2024 domo
1752 1990 1827 2023 iusti
1851 1993 1883 2024 et
1904 1999 1944 2023 ne
1968 1993 2070 2023 vastes
2103 1999 2152 2022 re-

1194 2044 1300 2087 quiem
1323 2044 1392 2077 eius
1408 2057 1438 2076 ».
1463 2043 1595 2076 Insidiae
1618 2047 1724 2077 autem
1748 2043 1830 2076 fiunt
1846 2051 1903 2085 per
1920 2043 2152 2083 simulationes;

1194 2100 1303 2130 contra
1326 2105 1407 2139 quos
1437 2096 1490 2129 Iob
1522 2096 1683 2138 trigesimo
1713 2099 1823 2129 sexto:
1855 2108 1871 2124 α
1888 2095 2092 2129 Simulatores
2123 2100 2154 2129 et

1193 2150 1295 2183 callidi
1319 2153 1491 2192 provocant
1506 2149 1585 2182 iram
1601 2149 1657 2182 Dei
1673 2161 1705 2188 »3
1729 2149 1818 2191 quIa,
1836 2149 2078 2182 Proverbiorum
2095 2159 2154 2182 un-

1192 2203 1331 2243 decimo,
1360 2215 1376 2231 cr
1393 2203 1558 2236 simulator
1581 2211 1637 2236 ore
1659 2202 1774 2245 decipit
1796 2202 1934 2236 amicum
1951 2211 2044 2235 suum
2062 2216 2092 2235 n.
2110 2222 2154 2226 —

1194 2256 1230 2289 Et
1252 2256 1327 2299 quia
1350 2256 1508 2289 simulatio
1531 2255 1710 2289 adiunctam
1735 2255 1830 2289 habet
1853 2255 2056 2288 intentionem
2081 2264 2153 2298 per—

1194 2318 1336 2349 versam,
1360 2309 1430 2342 ideo
1453 2309 1558 2342 addit:
1589 2309 1629 2342 Ut
1651 2312 1805 2352 caperent
1832 2318 1908 2341 eum
1939 2309 1976 2341 in
2006 2318 2154 2341 sermone

1195 2363 1262 2396 etl8
1287 2363 1456 2396 traderent
1479 2362 1573 2396 illum
1593 2362 1807 2406 principatui
1829 2367 1858 2395 et
1877 2362 2032 2404 potestati
2051 2371 2151 2404 prue-

1194 2413 1298 2456 sid'is,
1329 2416 1447 2450 sci-licet
1469 2415 1608 2449 Herodis.
1633 2415 1720 2449 Unde
1743 2415 1838 2449 Marci
1861 2415 2046 2448 duodecimo
2077 2415 2153 2448 dici-

1194 2474 1270 2503 tur:
1299 2470 1459 2503 «Mittunt
1488 2469 1528 2502 ad
1559 2478 1632 2503 eum
1664 2469 1814 2512 quosdam
1846 2478 1888 2502 ex
1922 2468 2093 2502 Pharisaeis
2123 2471 2152 2501 01

1194 2523 1393 2564 1101011131115,
1417 2526 1453 2557 111
1477 2532 1550 2557 eum
1574 2526 1722 2566 caperent
1738 2522 1770 2555 in
1787 2522 1884 2556 verbo
1901 2536 1930 2554 n.
1950 2522 1984 2554 Et
2002 2522 2077 2555 haec
2095 2521 2154 2554 suit

1266 2709 1288 2725 ¹0
1307 2710 1382 2735 Vers.
1402 2708 1493 2734 27-29.
2052 2742 2056 2745 ξ

1265 2749 1287 2769 ¹'¹
1309 2754 1381 2780 Vers.
1412 2754 1453 2780 15.
1476 2766 1511 2772 -
1533 2753 1590 2778 Duo
1617 2758 1690 2785 seqq.
1720 2751 1768 2777 loci
1800 2753 1861 2777 sunt
1893 2750 1938 2776 Iob
1967 2749 2019 2779 36.
2052 2750 2095 2777 13.
2129 2755 2152 2776 01

1194 2799 1271 2825 Prov.
1292 2799 1320 2824 11
1333 2818 1340 2830 ,
1360 2798 1385 2824 9.

1266 2841 1288 2857 ¹⁹
1307 2843 1342 2868 lta
1361 2841 1438 2867 etiam
1458 2840 1543 2872 Beda,
1562 2839 1638 2866 Card.
1658 2839 1748 2871 nugo,
1766 2839 1795 2864 B.
1815 2837 1926 2869 Atbert„
1942 2839 1966 2863 S.
1982 2838 2088 2869 Thom.,
2107 2838 2154 2870 Ly-

1193 2891 1289 2916 ranus3
1306 2885 1363 2911 Vat.
1383 2887 1445 2911 cum
1464 2884 1576 2916 Vulgata
1595 2884 1634 2909 ut.
1653 2882 1797 2908 -.610550
1811 2881 2008 2909 interlinearis:
2029 2880 2064 2909 Ut
2079 2887 2154 2915 mpe-

1192 2931 1253 2957 rent
1271 2936 1333 2956 eum
1350 2928 1379 2955 in
1397 2934 1533 2960 sermone,
1547 2931 1576 2953 ut
1588 2926 1703 2960 aliquid,
1722 2926 1794 2952 velut
1803 2933 1834 2952 eo
1849 2926 1999 2958 ignorante,
2018 2926 2153 2958 extorque-

1192 2977 1262 3005 rent,
1275 2973 1345 3000 unde
1356 2972 1433 3005 argui
1451 2974 1553 3007 posset,
1571 2972 1599 2997 et
1614 2969 1778 2997 vaderent...
1793 2969 1920 3004 potestati
1934 2967 2084 3003 praesidis,
2105 2970 2151 2995 He-

1192 3018 1278 3050 rodis,
1297 3017 1343 3051 qul
1360 3017 1387 3043 in
1407 3016 1455 3042 illis
1473 3015 1568 3042 diebus
1581 3017 1636 3041 erat
1654 3014 1828 3046 ierosolymis.
1842 3028 1876 3032 ——
1889 3013 2005 3040 Subinde
2025 3013 2151 3046 allegatur

1193 3064 1270 3089 Marc.
1291 3062 1338 3094 12,
1358 3061 1406 3092 13,
1426 3060 1452 3092 In
1470 3065 1550 3093 quem
1571 3059 1774 3092 Theophylect.:
1793 3058 1911 3084 Diximus
1935 3058 2012 3083 etiam
2032 3058 2095 3084 alias
2119 3058 2152 3084 de

1193 3106 1360 3137 Herodianis,
1379 3104 1452 3138 quod
1471 3103 1548 3130 ruerit
1566 3103 1681 3129 haeresis
1700 3102 1834 3136 quaedam
1852 3105 1913 3128 tunc
1932 3108 2018 3134 nuper
2037 3105 2094 3127 orta
2116 3101 2153 3127 di-

1193 3151 1322 3181 centium,
1341 3149 1471 3175 Herodem
1485 3154 1545 3174 0550
1561 3147 1705 3179 ChrIStum,
1725 3153 1756 3172 eo
1770 3145 1844 3179 quod
1862 3146 1889 3171 in
1908 3145 2072 3178 temporibus
2085 3146 2152 3172 illius

1193 3194 1330 3222 defecisset
1347 3192 1478 3219 successio
1497 3198 1590 3224 regum
1611 3191 1784 3217 Iudaicorum.
1803 3190 1850 3215 Alii
1869 3194 1957 3215 autem
1978 3189 2082 3222 dicunt,
2106 3190 2153 3215 Ile-

1194 3239 1317 3266 rodianos
1337 3239 1386 3264 hoc
1405 3238 1463 3263 loco
1481 3236 1565 3263 dlctos
1588 3242 1645 3262 aese
1664 3235 1758 3262 mllltes
1783 3234 1906 3266 Herodis,
1926 3241 1994 3272 quos
2018 3234 2148 3260 Pharisaei

1194 3284 1220 3310 in
1239 3286 1317 3310 testes
1328 3288 1427 3308 eorum
1446 3288 1515 3315 quae
1533 3280 1651 3308 Chrlstus
1669 3280 1786 3307 dicturus
1805 3281 1872 3313 erat,
1887 3282 2038 3309 assumunt.
2052 3282 2081 3305 ut
2093 3285 2152 3305 con-

1193 3330 1333 3362 sequenter
1351 3325 1575 3358 comprehendant
1593 3324 1664 3352 Illum
1684 3327 1709 3350 et
1733 3323 1874 3350 abducant.
1898 3323 1952 3350 Cir.
1969 3323 2087 3356 Hieron,
2113 3322 2150 3348 III.

1193 3372 1340 3400 comment.
1359 3370 1386 3397 in
1406 3370 1492 3397 Metth.
1508 3370 1556 3402 22,
1577 3369 1618 3396 15.

2178 1200 2309 1222 Notandum.

2175 1785 2286 1807 insidiatio

2185 1813 2284 1839 maligna.
