2476 3921
5 369 6 399 1
19 357 152 406 aazias*

1 1092 83 1123 tsensus
99 1091 150 1113 alle-

32 1124 122 1146 gericus.

9 2605 80 2633 Quoad
87 2607 159 2630 termi-

14 2635 69 2655 num
78 2639 91 2656 a
100 2639 151 2662 quo.

64 2751 152 2775 Divisio.

890 213 1088 248 EXPOSITIO
1112 214 1345 248 THRENORUM
1369 215 1401 247 C.
1427 216 1446 248 1.

251 303 417 332 Habitavit.
438 302 523 337 Ecce,
545 311 722 338 consequens
742 302 876 332 molestia
891 304 981 339 primo
995 303 1134 339 quantum

172 351 208 380 ad
228 353 390 381 carentiam
410 351 589 380 desideratae
610 352 732 387 quietis,·
763 352 899 386 secundo,
932 353 1070 388 quantum
1098 352 1135 380 ad

172 401 380 436 confluentiam
394 400 570 429 inundantis
583 400 714 436 undique
730 400 939 435 tribulationis,
955 401 1009 429 ibi:
1030 400 1134 429 Omnes

165 450 376 486 persecutores.
397 465 438 470 —
459 448 541 478 Dicit
556 457 623 485 ergo
636 448 662 477 ¹:
688 449 847 478 Habitavit
866 450 945 478 inter
963 451 1076 486 yentes,
1098 449 1135 477 ad

169 498 297 528 litteram
317 500 347 527 in
368 498 525 534 Babylone,
546 506 598 526 nec
627 498 739 526 invenit
757 498 901 533 requiem;
922 499 1069 534 proprium
1090 498 1135 527 est

169 548 354 582 afflictorum,
377 547 450 584 quod
471 555 582 582 semper
602 555 737 583 praesens
758 547 913 582 periculum
927 547 1045 583 gravius
1066 547 1134 575 iudi-

169 597 252 632 cant3
274 597 348 625 sicut
368 596 478 632 aegroti
498 596 528 624 in
548 595 630 624 nocte
651 595 724 624 diem
746 595 928 631 exspectant,
951 596 990 624 sic
1012 596 1134 631 populus

169 645 224 674 iste
250 647 281 674 in
311 645 389 674 terra
421 644 538 680 propria
568 643 693 673 afflictus
720 644 820 680 fugam
842 644 939 679 petiit,
961 652 1012 672 nec
1033 644 1073 672 sic
1093 653 1134 673 re-

168 695 262 731 quiem
281 694 401 723 invenit.
422 693 509 722 Cuius
529 701 615 722 causa
638 693 770 722 subditur
790 694 820 721 in
840 701 872 722 eo
893 693 967 729 quod
988 693 1132 729 sequitur:

173 742 278 773 Omnes
292 743 493 779 persecutores
524 742 601 778 eius,
634 742 757 778 undique
778 741 972 776 coarctantes,
995 741 1133 770 finitimae

168 791 298 821 nationes
328 791 518 825 insultantes,
550 790 810 826 apprehenderwnt
835 798 901 819 eam
931 790 1009 819 inter
1040 799 1134 827 anqu-

167 839 257 876 snas,
279 840 359 876 quia,
381 840 493 876 fug-lens
515 839 685 874 Chaldaeos,
707 839 806 868 incidit
819 840 850 867 in
864 839 1037 875 Aegyptios,
1060 839 1134 868 sicut

169 888 250 924 patet
269 889 300 917 in
320 886 480 926 Ieremia':
507 899 521 913 α
536 888 589 922 Qui
610 888 647 916 ad
668 888 804 922 mortem,
826 888 862 916 ad
884 887 1020 923 mortem3
1042 888 1134 924 etqui

167 938 205 966 ad
223 937 366 974 gladium,
387 937 424 966 ad
444 937 587 973 gladium3
608 937 637 966 et
658 937 706 973 qui
726 937 763 966 ad
783 937 899 971 famem,
921 936 958 966 ad
972 936 1090 972 famem;
1105 936 1134 966 et

168 987 216 1023 qui
230 986 267 1015 ad
286 985 492 1022 captivitatem,
513 986 550 1014 ad
570 985 767 1022 captivitatem
781 997 810 1014 ».

250 1034 298 1063 12.
319 1034 504 1071 Alleyorice:
524 1034 620 1071 Iuda,
642 1035 736 1064 tribus
757 1035 877 1072 regalis,
900 1035 1044 1072 significat
1068 1035 1134 1064 illos

167 1084 216 1121 qui
235 1085 265 1113 in
286 1084 411 1113 Ecclesia
442 1083 510 1113 sunt
541 1084 690 1113 sublimius
716 1084 881 1119 constituti,
913 1085 961 1121 qui
987 1084 1133 1113 Christum

149 1144 150 1147 ¹
168 1141 198 1162 se
214 1132 346 1162 confiteri
366 1133 479 1168 dicunt,
500 1133 549 1162 sed
569 1134 636 1170 quia
649 1134 680 1162 in
693 1134 754 1163 eius
774 1142 869 1163 amore
882 1134 958 1163 firmi
979 1142 1036 1163 non
1051 1133 1133 1169 sunt,

169 1190 221 1218 pro
241 1183 332 1218 ipsius
352 1183 464 1211 nomine
484 1183 602 1219 indigna
623 1183 685 1219 pati
706 1182 885 1212 erubescunt.
906 1183 1047 1220 Miqramt
1067 1191 1134 1219 ergo

163 1233 289 1267 propter
309 1230 497 1267 afflictionem
516 1232 545 1260 et
564 1231 785 1261 multitudinem
797 1232 961 1269 servitutis,
976 1233 1051 1269 quia,
1067 1232 1133 1261 dum

169 1280 336 1310 Sanctorum
357 1281 537 1317 passionibus
569 1282 774 1310 communicare
804 1281 923 1316 nolunt,
944 1290 962 1310 a
992 1282 1134 1312 consortio

168 1330 309 1371 iustorum
328 1331 413 1359 alieni
433 1331 523 1366 fiunt;
555 1331 658 1367 quibus
690 1331 826 1360 habitare
855 1332 933 1360 inter
962 1333 1060 1368 yentes
1090 1331 1135 1360 est

168 1379 376 1408 mundanorum
397 1380 543 1409 hominum
563 1380 671 1409 imitari
696 1389 788 1409 mores
809 1380 838 1409 et
859 1381 1010 1409 mundanis
1031 1381 1135 1410 sollici-

170 1429 315 1458 tudinibus
335 1429 489 1465 implicari;
511 1429 548 1458 ad
561 1429 636 1465 quod
650 1430 778 1466 sequitur
787 1451 794 1464 ,
809 1438 856 1458 eos
869 1429 1000 1465 requiem
1013 1429 1133 1458 minime

168 1478 315 1512 invenire,·
335 1478 364 1506 et
384 1477 547 1514 frequenter
578 1478 652 1507 tales
681 1478 712 1507 in
732 1486 835 1514 graves
856 1477 968 1507 labores
995 1478 1025 1507 et
1045 1477 1132 1506 infru-

168 1526 282 1555 ctuosos
302 1526 446 1561 incidunt,
468 1527 517 1562 qui
537 1526 688 1555 mediocres
703 1534 755 1562 pro
770 1526 884 1555 Christo
905 1527 1000 1555 subire
1020 1526 1133 1555 nolunt.

169 1575 257 1603 Unde*
270 1575 343 1603 tales
364 1575 520 1611 alloquitur
541 1575 678 1604 Dominus
699 1583 750 1611 per
770 1575 877 1604 Isaiam
889 1574 917 1603 ⁸:
945 1586 960 1600 α
974 1575 1132 1610 Descende,

169 1624 234 1653 sede
254 1624 284 1654 in
305 1624 435 1660 pulvere,
457 1624 539 1660 virgo
559 1623 619 1653 filia
640 1623 807 1660 Babylonis3
829 1624 898 1653 tolle
919 1624 1037 1659 molam,
1058 1624 1131 1653 mole

168 1672 316 1701 farinam»
342 1672 409 1707 etc,
430 1681 516 1709 quam
536 1672 643 1701 molere
663 1672 707 1701 est
728 1672 847 1701 circuitu
867 1672 952 1702 huius
976 1673 1073 1701 mundi
1093 1673 1134 1701 la-

169 1722 279 1751 borioso
299 1722 455 1759 implicari;
477 1730 495 1751 a
515 1730 570 1758 quo
591 1730 713 1751 avocans
734 1722 873 1752 Dominus
893 1722 974 1751 dicit:
1001 1733 1016 1748 «
1030 1722 1132 1751 Venite

168 1771 206 1800 ad
225 1780 283 1806 me,
311 1780 422 1806 omnes,
444 1772 493 1808 qui
512 1771 677 1800 laboratis»
702 1771 755 1800 etc.
786 1771 855 1806 Vel,
888 1771 1023 1800 habitare
1053 1772 1133 1801 inter

166 1821 264 1857 yentes
285 1820 329 1849 est
349 1821 512 1850 carnalibus
532 1820 677 1849 desideriis
707 1821 753 1850 vel
774 1821 917 1850 carnalem
938 1821 1028 1850 vitam
1049 1829 1134 1858 agen-

169 1869 246 1898 tibus
266 1878 372 1899 morem
393 1878 500 1906 gerere.
521 1870 585 1900 Nec
604 1870 716 1899 invenit
745 1870 891 1906 requiem;
911 1870 985 1899 unde
1007 1870 1092 1907 Hugo
1105 1869 1133 1898 ⁴:

173 1929 189 1944 <e
202 1918 246 1947 Sic
260 1919 387 1953 Samson,
401 1919 491 1948 erutis
506 1919 593 1948 oculis
602 1940 609 1954 ,
624 1919 660 1947 ad
674 1919 778 1948 molam
793 1919 918 1955 ponitur,
933 1920 1008 1956 quia,
1030 1920 1134 1948 amisso

168 1967 275 1996 lumine
295 1967 442 2001 veritatis,
463 1968 576 1996 animus
603 1976 654 2004 per
684 1968 845 2004 appetitum
865 1967 1044 1997 terrenorum
1065 1968 1135 1997 desie

169 2015 310 2045 deriorum
330 2016 529 2045 circumfertur
543 2028 571 2044 ».
597 2016 702 2046 Omnes
717 2017 919 2053 persecutores
940 2017 1018 2053 eius,
1040 2017 1069 2045 id
1089 2017 1135 2045 est

169 2065 289 2101 spir-itus
308 2065 427 2101 maligni
457 2065 487 2093 et
513 2065 651 2094 desideria
673 2066 783 2100 carnis,
809 2076 824 2091 α
838 2074 909 2102 quae
940 2064 1068 2095 militant
1087 2066 1134 2095 ad-

169 2122 269 2142 versus
296 2114 420 2142 animam
434 2125 462 2148 »‚
494 2114 574 2150 quia,
606 2114 718 2150 quando
745 2114 982 2150 multiplicatione
1009 2115 1134 2150 peccato-

170 2170 234 2191 rum
255 2161 421 2191 continuata
448 2163 477 2190 in
499 2162 704 2198 desperationis
725 2158 1024 2198 angustiasslabitur,
1045 2161 1138 2192 nullis

170 2211 227 2239 iam
247 2210 454 2240 tentationibus
475 2210 643 2239 reluctatur.
664 2210 730 2244 Vel,
752 2211 892 2246 oenyustia
911 2210 997 2239 huius
1029 2212 1134 2240 saeculi

170 2258 319 2288 tristitiam
340 2258 498 2296 significat,
520 2259 550 2287 in
580 2267 666 2295 quam
697 2266 809 2287 necesse
839 2258 883 2287 est
908 2258 1029 2287 incidere
1054 2267 1134 2288 mun-

169 2307 245 2336 dana
265 2307 368 2337 solatia
389 2306 558 2344 quaerentes
578 2306 777 2340 immoderate,
791 2306 862 2342 ipsis
877 2305 1046 2340 subtractis;
1061 2314 1133 2341 quae

170 2357 283 2394 quidem
303 2357 425 2386 tristitia
446 2356 482 2385 ad
502 2356 579 2385 mala
592 2355 718 2392 disponit
738 2355 887 2389 universa3
902 2354 976 2383 unde
990 2355 1020 2383 in
1040 2354 1133 2383 Eccle-

170 2405 284 2436 siastico
298 2405 323 2434 ⁶:
344 2405 468 2435 «Omnis
490 2405 577 2442 plaga
597 2404 718 2433 tristitia
739 2403 830 2433 cordis
851 2403 896 2432 est
909 2415 938 2431 2.
958 2419 998 2424 -—
1012 2403 1065 2432 Vel
1080 2402 1133 2432 hoc

169 2454 342 2492 intelligitur
354 2456 384 2484 in
398 2454 502 2489 morte,
524 2454 637 2491 quando
650 2462 708 2483 non
722 2453 817 2490 potest
838 2453 962 2481 transire
983 2452 1020 2481 ad
1040 2451 1132 2481 dexte-

170 2512 232 2533 ram
251 2513 303 2534 nec
322 2505 359 2534 ad
373 2505 529 2534 sinistram.

250 2553 298 2582 13.
320 2553 414 2591 (Vers.
434 2554 487 2591 4.).
508 2554 639 2583 Dauara.
666 2553 738 2584 Viae
759 2551 840 2582 Sion.
861 2551 1018 2588 Postquam
1037 2550 1132 2580 actum

169 2602 214 2631 est
244 2602 278 2632 de
308 2603 422 2632 miseria
452 2589 630 2640 captivitatis
668 2602 808 2639 quantum
838 2601 875 2630 ad
906 2601 1063 2630 terminum
1094 2599 1135 2629 ad

171 2659 270 2688 quem,
292 2651 338 2681 hic
357 2651 454 2689 agitur
474 2652 508 2681 de
529 2652 625 2681 eadem
645 2651 784 2688 quantum
805 2650 841 2680 ad
857 2650 1014 2679 terminum
1028 2658 1047 2678 a
1061 2658 1132 2686 quo,

171 2699 278 2729 scilicet
297 2700 437 2737 quantum
457 2700 494 2730 ad
524 2700 732 2730 desolationem
762 2700 905 2736 civitatis,
927 2708 1012 2736 quam
1033 2698 1134 2728 descri-

171 2747 214 2776 bit
234 2749 325 2784 primo
345 2749 485 2785 quantum
512 2749 549 2778 ad
576 2750 801 2779 devastationem
822 2750 884 2778 eius
906 2748 1073 2785 lugubrem,·
1094 2756 1134 2777 se-

170 2796 260 2826 cundo
280 2797 377 2826 subdit
405 2798 594 2834 luyubritatis
614 2798 772 2833 rationem,
792 2798 850 2826 ibi:
880 2797 1048 2827 Sacerdotes
1072 2798 1134 2826 eius

243 2991 252 3006 ¹
275 2991 361 3017 Verba
382 2991 448 3019 Dicit
466 2999 530 3026 erqo
551 2993 680 3020 habentur
700 2994 725 3019 in
744 2994 800 3020 solo
820 2994 846 3019 B.

212 3024 224 3037 s
243 3025 254 3041 ⁹
274 3027 337 3060 Cap.
359 3027 406 3058 45,
426 3028 451 3053 2.

245 3061 255 3076 Β
274 3062 338 3095 Cep.
358 3062 403 3094 47,
424 3063 447 3088 t.
469 3077 502 3081 —
522 3064 587 3089 inu-a
607 3071 656 3096 pro
676 3071 759 3098 quam
777 3063 878 3090 molere
898 3065 954 3090 Vnt.
981 3063 1054 3098 quod
1078 3070 1134 3090 mo-

174 3098 241 3130 lere,
255 3102 280 3124 ct
294 3097 450 3124 huiusmodi
462 3105 510 3130 pro
523 3097 604 3125 huius
624 3099 728 3126 mundi.
743 3114 775 3118 —
791 3100 914 3133 Sequitur
931 3100 1017 3126 Metui.
1034 3100 1075 3131 Μ,
1091 3100 1133 3125 28.

244 3132 255 3148 ⁴
274 3134 459 3160 Annotationes
477 3134 502 3158 in
517 3133 613 3159 Thren.
634 3135 643 3160 t
656 3154 662 3166 ,
676 3135 700 3160 3.
713 3149 749 3155 —
763 3134 849 3161 Verba
862 3142 931 3169 quae
948 3134 1066 3161 militant
1084 3138 1132 3160 etc.

174 3169 303 3209 nubentur
323 3170 339 3208 Ι..
358 3169 423 3195 petr.
444 3170 473 3199 2,
488 3169 578 3207 ⁴⁴·.“'
591 3169 650 3208 Vat.
664 3173 723 3202 post
735 3169 780 3197 Sic
793 3170 888 3197 omittit
901 3171 1031 3202 Samson,
1046 3173 1071 3195 et
1085 3177 1133 3201 pro

174 3212 256 3254 qmaf'
275 3203 473 3273 ἓζιιῖτιῗδὲὅῗθῗξῐ
480 3210 734 3278 Ξαέὗὲἔΐῖἑξοῆει.
748 3244 871 3273 corrupte
883 3242 1060 3275 peccatorum
1073 3246 1132 3266 con-

174 3274 274 3302 tinuati
290 3283 338 3308 pro
361 3276 533 3309 peccatorum
552 3275 722 3307 continuata,
741 3278 767 3301 et
784 3275 889 3303 nultius
914 3275 970 3303 iam
998 3282 1047 3309 pro
1073 3274 1132 3302 nul-

175 3309 209 3337 lis
227 3310 298 3343 iam,
319 3311 381 3337 intra
402 3313 461 3337 unte
479 3308 639 3343 intelligitur
657 3310 754 3336 omittit
771 3310 831 3337 hoc.

246 3345 257 3361 ⁶
277 3346 406 3379 Expositio
424 3352 505 3378 super
525 3345 614 3371 ierem.
634 3344 691 3370 libr.
706 3345 798 3378 xviii,
818 3346 988 3377 introductio,
1010 3346 1054 3373 ubi
1074 3349 1133 3378 post

176 3380 415 3414 interpretationem
440 3381 602 3413 singularum
622 3380 766 3407 litterarum
792 3380 1010 3414 (elementorum)
1030 3384 1131 3414 septem

2098 219 2162 253 613

1196 306 1348 340 yementes.
1374 305 1604 334 Devastationem
1626 306 1720 335 autem
1743 307 1867 335 civitatis
1885 308 2009 336 ostendit
2023 309 2161 344 quantum

1199 353 1235 381 ad
1255 353 1316 381 loca
1347 355 1438 390 magis
1466 355 1662 391 frequentata,
1691 364 1761 391 quae
1794 357 1862 385 sunt
1890 358 1953 385 viae
1984 358 2012 386 et
2039 359 2160 393 portae,

1198 410 1269 437 quae
1292 402 1384 430 solent
1406 411 1473 438 prae
1494 404 1595 432 ceteris
1620 404 1808 440 frequentari;
1831 406 1932 441 quibus
1960 407 2112 435 destructis
2133 407 2162 435 et

1198 450 1346 484 desolatis,
1369 451 1506 487 sequitur,
1535 453 1568 480 ut
1588 453 1715 481 desolata
1737 454 1775 482 sit
1804 463 1870 489 pars
1891 455 1999 490 reliqua
2027 455 2162 483 civitatis.

1198 515 1239 519 —
1252 499 1326 527 Huic
1346 500 1441 528 autem
1456 502 1550 530 versui
1566 502 1760 537 praemittitur
1775 503 1873 531 littera
1888 503 2012 539 Daleth,
2035 504 2108 539 quod
2122 505 2162 532 in-

1198 548 1376 584 terpretatur
1403 549 1580 584 tabularum,
1603 552 1646 579 vel
1669 551 1846 585 tabulatum,
1876 553 1919 580 vel
1941 553 2059 586 tabula:
2088 553 2161 581 unde

1198 596 1315 632 mystice
1336 597 1523 633 significatur,
1546 599 1619 634 quod
1640 599 1776 628 desolatio
1797 600 1891 628 evenit
1912 601 2028 636 propter
2047 610 2161 636 praeva-

1198 644 1362 673 ricationem
1383 645 1467 681 Legis
1487 646 1636 674 contentae
1657 647 1686 674 in
1707 646 1816 675 duabus
1831 647 1946 675 tabulis.
1969 648 2047 676 Unde
2068 648 2162 677 Baba»

1197 702 1252 722 nus
1264 691 1284 727 ⁰,
1313 694 1435 729 quatuor
1462 695 1538 723 dicta
1559 694 1698 723 elementa
1725 696 1754 723 in
1776 704 1861 723 unam
1890 696 2019 732 redigens
2047 697 2162 725 senten-

1197 742 1283 776 tiam,
1306 742 1388 770 dicit:
1415 754 1429 768 α
1444 742 1541 771 Prima
1561 744 1693 772 connexio
1715 743 1758 771 est
1780 743 1927 780 doctrina,
1956 745 2072 780 domus,
2096 745 2162 780 pl&

1197 791 1314 826 nitudo,
1331 791 1515 827 tabularum,
1531 793 1597 828 quia
1618 792 1747 820 videlicet
1761 792 1889 821 doctrina
1910 793 2065 826 Ecclesiae,
2088 803 2161 830 quae

1197 840 1296 868 domus
1318 840 1369 868 Dei
1389 841 1446 874 est,
1468 841 1497 869 in
1519 841 1655 870 librorum
1678 842 1837 876 reperiatur
1859 842 2032 877 plenitudine
2053 843 2162 872 divino-

1197 897 1261 916 rum
1276 900 1304 915 ».
1327 888 1385 917 Alii
1406 889 1501 917 tamen
1522 889 1636 923 dicunt,
1663 889 1701 917 ibi
1722 889 1887 918 incendium
1915 890 2016 919 domus
2037 891 2162 919 Domini

1197 937 1353 973 deplorari,
1383 938 1449 973 quia
1467 938 1574 967 tabulis
1601 938 1743 974 lignorum
1771 939 1989 974 imputribilium
2017 940 2080 968 erat
2100 948 2162 969 coo-

1198 985 1288 1021 perta,
1311 986 1384 1014 sicut
1405 987 1485 1022 patet
1508 987 1592 1016 tertio
1613 987 1721 1023 Regum
1734 986 1754 1015 ⁷.

2183 316 2306 338 Devastatio

2192 343 2296 370 lugubris.

2182 512 2262 533 Littera
2278 511 2317 533 Da-

2219 539 2271 560 letti.

1279 1034 1326 1063 14.
1348 1036 1495 1071 Sequitur:
1524 1036 1594 1065 Viae
1627 1036 1713 1072 Sion,
1736 1037 1763 1065 id
1785 1037 1828 1065 est
1855 1037 1988 1066 ducentes
2016 1038 2096 1071 Sion,
2126 1037 2162 1066 ad
2176 1042 2251 1070 Quoad
2265 1042 2318 1063 viu.

1197 1083 1325 1113 litteram
1348 1084 1459 1121 luyent,
1482 1085 1510 1113 id
1531 1085 1590 1119 est,
1613 1086 1749 1122 lugubres
1771 1086 1839 1115 sunt
1860 1087 1888 1115 et
1908 1087 1945 1115 ad
1973 1087 2081 1115 luctum
2103 1087 2162 1116 solo

1198 1134 1262 1162 visu
1277 1134 1441 1169 provocant.
1465 1133 1551 1163 Cuius
1572 1143 1686 1163 causam
1709 1135 1804 1163 subdit
1825 1136 1934 1164 dicens:
1950 1136 1997 1164 Eo
2013 1137 2090 1172 quod
2103 1145 2163 1164 non

1196 1183 1238 1212 sit
1257 1183 1309 1219 qui
1329 1184 1427 1212 veniat
1448 1183 1488 1212 ad
1507 1183 1735 1220 solemnitatem,
1758 1185 1831 1213 sicut
1852 1184 1907 1213 fuit
1927 1184 1994 1213 ante
2015 1185 2164 1220 captivita-

1198 1232 1265 1261 tem.
1286 1232 1325 1261 Et
1345 1232 1397 1261 hoc
1419 1233 1593 1268 praedictum
1616 1233 1670 1261 fuit
1691 1233 1727 1261 ab
1748 1233 1817 1262 Osee
1830 1232 1854 1261 ⁸:
1882 1245 1896 1258 α
1912 1233 1983 1267 Quid
2004 1233 2113 1262 facietis
2134 1235 2163 1262 in

1197 1281 1241 1310 die
1262 1282 1393 1316 solemni,
1414 1282 1443 1310 in
1458 1282 1501 1310 die
1516 1282 1682 1310 festivitatis
1697 1282 1830 1311 Domini?
1851 1282 1919 1311 Ecce
1934 1284 2022 1316 enim,
2045 1283 2163 1318 profecti

1198 1330 1267 1359 sunt
1287 1339 1304 1358 a
1325 1330 1462 1359 vastitate
1477 1342 1504 1358 ».
1527 1330 1565 1358 Et
1585 1331 1629 1359 est
1651 1330 1695 1359 hic
1717 1332 1835 1359 octavus
1851 1331 1930 1359 locus
1952 1331 2163 1366 conquestionis

1197 1380 1351 1408 secundum
1366 1379 1497 1408 Glossam
1509 1378 1529 1407 ⁹.
1545 1396 1585 1399 —
1602 1378 1706 1408 Ommes
1716 1380 1821 1414 portae
1835 1380 1897 1407 eius
1911 1380 2086 1415 destructae,
2103 1388 2164 1414 por-

1197 1427 1244 1456 tae
1266 1428 1325 1456 tam
1356 1427 1481 1456 civitatis
1513 1436 1597 1463 quam
1619 1427 1756 1455 atriorum
1788 1435 1872 1462 quam
1895 1428 1979 1455 etiam
2011 1428 2109 1462 templi
2136 1428 2164 1455 et

1197 1476 1343 1504 columnae
1375 1484 1472 1504 earum
1503 1476 1532 1504 in
1560 1475 1732 1511 Babylonem
1764 1476 1947 1511 asportatae,
1979 1476 2053 1504 sicut
2084 1476 2164 1511 patet

1197 1524 1300 1561 quarto
1321 1525 1430 1560 Regum
1443 1523 1482 1559 ¹⁰;
1504 1525 1534 1552 in
1555 1524 1684 1553 Psalmo:
1705 1536 1719 1549 <z
1735 1524 1821 1558 Quasi
1835 1526 1864 1553 in
1880 1525 1952 1553 silva
1967 1525 2109 1560 lignorum
2125 1533 2164 1553 se-

1197 1573 1311 1602 curibus
1332 1574 1432 1602 ianuas
1453 1574 1513 1602 eius
1534 1574 1696 1602 exciderunt
1717 1574 1789 1602 inid
1809 1574 1903 1609 ipsum
1918 1584 1950 1608 »ς
1972 1574 2001 1602 in
2023 1574 2160 1602 Ieremia:

1202 1634 1216 1648 -x
1230 1622 1316 1651 Luxit
1338 1623 1456 1656 Iudaea,
1478 1622 1508 1651 et
1529 1623 1627 1658 portae
1649 1624 1709 1651 eius
1730 1624 1936 1652 corruerunt».

1279 1671 1326 1700 15.
1348 1671 1527 1708 Alleyorice:
1549 1672 1619 1701 Viae
1635 1672 1709 1701 Sion
1729 1672 1798 1700 sunt
1812 1672 1907 1701 Sancti
1922 1672 2022 1705 dantes
2037 1672 2165 1707 exempla

1197 1721 1290 1756 vitae3
1311 1721 1385 1749 unde
1413 1721 1549 1750 Ieremias
1565 1720 1608 1750 ¹¹:
1635 1732 1649 1746 α
1670 1721 1750 1749 State
1782 1729 1866 1757 super
1887 1722 1948 1749 vias
1970 1721 1998 1749 et
2019 1721 2111 1749 videte
2136 1721 2165 1749 et

1196 1770 1374 1807 interrogate
1395 1770 1429 1799 de
1450 1770 1560 1799 semitis
1580 1770 1722 1806 antiquis,
1745 1779 1816 1806 quae
1838 1770 1877 1798 sit
1897 1771 1943 1798 via
1963 1769 2037 1799 bona
2052 1782 2080 1797 ι».
2101 1769 2165 1798 Lu-

1196 1820 1266 1856 gent
1292 1828 1360 1856 ergo
1380 1819 1434 1848 hae
1454 1820 1534 1855 viae,
1556 1827 1587 1847 eo
1613 1819 1692 1855 quod
1710 1828 1771 1847 non
1794 1821 1864 1848 sunt
1889 1820 1940 1854 qui
1958 1819 2076 1847 veniant
2096 1819 2164 1853 etc,

1198 1869 1265 1905 quia
1284 1868 1380 1897 Sancti
1400 1868 1514 1904 lugent,
1537 1868 1603 1896 dum
1624 1868 1732 1896 cultum
1751 1868 1802 1896 Dei
1816 1868 1957 1896 contemni
1974 1868 2164 1896 considerant.

1196 1917 1289 1947 Deum
1309 1918 1384 1947 enim
1405 1917 1510 1951 colere,
1533 1917 1591 1946 Deo
1618 1917 1820 1953 poenitentiam
1848 1925 1946 1953 agere,
1969 1916 2020 1945 hoc
2041 1917 2085 1944 est
2106 1917 2164 1945 Deo

1197 1967 1410 1996 solemnitatem
1431 1965 1540 2000 facere,·
1561 1966 1634 1994 unde
1656 1965 1809 2001 Gregorius
1823 1964 1845 1979 ¹⁹
1867 1974 1952 2000 super
1973 1965 2059 1993 illud:
2076 1964 2164 2001 Agite

1198 2016 1274 2046 diem
1293 2015 1448 2045 solemnem
1475 2015 1507 2042 in
1529 2015 1695 2049 condensis,
1717 2014 1800 2047 dicit,
1829 2014 1952 2042 recitans
1980 2014 2066 2041 aliam
2087 2014 2162 2042 litte-

1198 2074 1260 2094 ram
1281 2064 1402 2098 Psalmi,
1424 2064 1472 2092 ubi
1493 2063 1596 2092 dicitur
1616 2062 1702 2091 illud:
1725 2062 1813 2099 Ayite
1842 2062 1917 2090 diem
1947 2061 2101 2090 solemnem
2133 2062 2163 2090 in

1197 2112 1544 2152 confrequentationibus,
1560 2112 1634 2148 quia,
1649 2111 1750 2148 inquit,
1771 2111 1865 2139 «diem
1880 2111 2031 2139 solemnem
2043 2110 2162 2139 Domino

1195 2163 1227 2191 in
1247 2161 1574 2199 confrequentationibus
1594 2160 1758 2194 constituit,
1779 2160 1906 2196 quisquis
1928 2160 1999 2187 sein
2015 2160 2073 2187 eius
2088 2159 2162 2187 desi-

1197 2211 1274 2240 derio
1288 2211 1400 2240 assidue
1414 2211 1517 2246 affligit
1528 2222 1556 2238 ».
1572 2210 1683 2239 Portae
1697 2210 1758 2238 eius
1773 2209 1949 2239 destructae:
1962 2209 2065 2244 portae
2079 2216 2161 2243 prae-

1195 2260 1250 2288 lati
1272 2259 1356 2293 sunt,
1379 2268 1429 2295 per
1450 2268 1521 2295 quas
1543 2259 1649 2288 subditi
1669 2258 1776 2287 habent
1796 2258 1920 2292 intrare;
1943 2258 1998 2293 ipsi
2019 2259 2092 2286 enim
2117 2257 2160 2286 de-

1196 2307 1265 2336 bent
1279 2307 1401 2336 subditis
1415 2308 1491 2336 viam
1505 2309 1615 2343 aperire
1630 2307 1749 2342 salutis;
1770 2308 1905 2336 Ieremias
1918 2306 1940 2322 ¹³
1954 2319 1960 2335 :
1988 2319 2002 2332 ι
2016 2307 2101 2335 Luxit
2115 2307 2160 2335 Iu-

1195 2356 1279 2390 daea,
1314 2355 1344 2384 et
1370 2357 1477 2391 portae
1507 2356 1570 2385 cius
1597 2357 1766 2385 corruerunt
1793 2357 1821 2385 et
1849 2357 2014 2385 obscuratae
2035 2356 2103 2384 sunt
2130 2356 2159 2383 in

1195 2404 1274 2433 terra
1288 2414 1323 2438 »ς
1352 2404 1434 2439 quasi
1461 2403 1550 2431 dicat:
1573 2412 1659 2432 causa
1687 2405 1785 2432 ruinae
1806 2404 1982 2433 subditorum
2007 2404 2051 2432 est
2079 2405 2161 2432 ruina

1196 2453 1405 2490 praelatorum,
1427 2453 1500 2481 sicut
1515 2461 1528 2481 e
1544 2453 1685 2481 contrario
1701 2453 1862 2482 reformatio
1878 2453 2054 2484 subditorum
2069 2453 2112 2481 est
2126 2461 2159 2481 ex

1195 2502 1269 2531 bona
1289 2501 1351 2530 vita
1371 2501 1573 2537 praelatorum.
1589 2500 1668 2529 Unde
1688 2501 1761 2529 istae
1782 2501 1880 2536 portae
1895 2501 1963 2529 sunt
1982 2501 2156 2534 destructae,

1196 2551 1262 2588 quia
1283 2550 1317 2579 de
1339 2550 1430 2586 portis
1451 2550 1526 2578 vitae
1546 2548 1637 2578 factae
1656 2549 1726 2577 sunt
1748 2549 1846 2584 portae
1866 2549 2020 2585 gehennae.

1278 2598 1326 2628 16.
1340 2598 1516 2628 Moraliter:
1537 2598 1606 2627 Viae
1619 2597 1699 2633 Sion,
1714 2598 1743 2626 id
1758 2597 1801 2626 est
1815 2598 1917 2626 notitia
1931 2597 2158 2633 Scripturarum,

1198 2649 1310 2686 lucent,
1332 2648 1361 2677 id
1388 2647 1432 2677 est
1452 2648 1548 2684 lugere
1570 2647 1692 2680 faciunt3
1715 2655 1746 2674 eo
1768 2646 1846 2681 quod
1866 2654 1923 2673 non
1954 2646 2014 2674 sint
2042 2646 2093 2680 qui
2114 2653 2158 2673 ve-

1196 2699 1283 2727 niant
1304 2698 1344 2727 ad
1363 2696 1590 2731 solemnitatem,
1613 2695 1641 2723 id
1662 2695 1705 2724 est
1725 2694 1841 2730 proptor
1862 2694 2023 2722 interiorem
2048 2694 2158 2721 univer-

1198 2747 1286 2776 salem
1306 2746 1545 2775 deordinationem
1566 2745 1675 2773 animae
1693 2744 1830 2780 quantum
1851 2743 1887 2770 ad
1905 2743 1978 2770 vires
1999 2742 2157 2777 cognitivas

1198 2796 1226 2824 et
1247 2795 1384 2829 motivas3
1406 2802 1477 2830 quae
1505 2793 1573 2822 tunc
1592 2793 1711 2821 veniunt
1736 2791 1776 2819 ad
1795 2790 2023 2825 solemnitatem,
2046 2789 2157 2826 quando

1200 2992 1259 3018 fucit
1278 2990 1457 3018 connexiones
1477 2990 1592 3022 plurium
1612 2989 1754 3014 litterarum
1774 2991 1841 3014 etex
1855 2987 2016 3018 singularum
2034 2986 2157 3018 interpre-

1199 3028 1295 3053 tatione
1315 3027 1385 3052 unita
1405 3026 1534 3059 quasdam
1555 3025 1694 3050 sententias
1714 3024 1790 3049 eruit.
1810 3037 1842 3041 —
1862 3024 1946 3054 Supra
1967 3029 2014 3054 pro
2029 3021 2101 3055 quod
2116 3020 2157 3047 de-

1198 3062 1295 3090 solatio
1315 3061 1401 3088 evenit
1420 3062 1477 3086 Vnt.
1496 3063 1619 3092 corrupte
1638 3058 1781 3085 desertatio
1801 3057 1922 3085 civitatis.

1272 3097 1281 3112 ⁷
1300 3097 1334 3124 Co
1358 3117 1364 3122 .
1384 3098 1412 3127 6,
1435 3097 1474 3122 18.

1270 3132 1280 3147 ‘³
1300 3105 1365 3164 eng.
1384 3133 1414 3162 9,
1434 3132 1459 3157 ὅ.
1480 3132 1554 3156 6.-
1567 3131 1650 3161 Supra
1665 3136 1713 3161 pro
1732 3127 1768 3154 ad
1781 3127 1898 3154 litteram
1913 3127 1970 3152 Vnt.
1989 3126 2026 3153 ad
2043 3126 2154 3152 luctum.

1270 3167 1280 3182 ⁹
1302 3166 1493 3194 Ordmariam:
1515 3166 1561 3191 Per
1580 3171 1665 3198 quem*
1682 3163 1805 3197 [aliquid,
1818 3163 1855 3189 sic
1868 3163 1894 3188 in
1908 3161 2047 3195 Cicerone]
2061 3162 2156 3187 dicitur

1199 3205 1310 3235 sactum,
1329 3203 1400 3236 quod
1421 3209 1474 3227 non
1493 3200 1651 3233 oportuerit,
1670 3203 1714 3224 uut
1733 3205 1785 3224 non
1805 3199 1900 3224 sactum
1912 3217 1918 3228 ,
1938 3197 2009 3230 quod
2035 3200 2155 3236 oportue-

1197 3239 1237 3264 rit.
1257 3239 1308 3265 Csr.
1327 3245 1407 3270 supra
1428 3244 1489 3269 pag.
1509 3236 1569 3262 609.
1589 3239 1650 3261 notu
1669 3235 1695 3260 6.
1713 3238 1739 3260 et
1758 3234 1782 3259 8.
1802 3247 1837 3252 —
1856 3233 1921 3259 lnrra
1951 3239 1998 3265 pro
2017 3233 2156 3259 atriorum

1198 3274 1256 3300 Vet.
1276 3276 1400 3305 corrupte
1418 3272 1578 3298 amicorum.

1269 3308 1291 3323 ¹⁰
1310 3308 1374 3340 Cup.
1394 3308 1440 3339 25,
1462 3308 1507 3337 43;
1527 3306 1622 3333 deiude
1641 3306 1681 3331 Ps.
1700 3304 1748 3335 73,
1768 3304 1793 3330 6.
1814 3307 1839 3330 et
1858 3304 1904 3330 ler.
1926 3303 1973 3336 Ν,
1993 3304 2017 3329 2.

1269 3343 1290 3358 ¹¹
1311 3343 1376 3375 Cup.
1395 3343 1424 3372 e,
1448 3343 1489 3368 ⁴6.

1269 3378 1290 3393 ¹¹
1310 3379 1379 3404 Libr.
1400 3378 1442 3405 lx.
1463 3377 1550 3403 Morel.
1569 3383 1590 3403 c.
1611 3376 1654 3402 27.
1674 3382 1699 3401 n.
1721 3375 1762 3401 43.
1937 3373 1960 3389 ¹⁸
1979 3373 2043 3407 Cep.
2064 3373 2110 3405 Η,
2131 3374 2156 3400 2.

2180 1389 2254 1416 Quoad
2272 1393 2320 1415 por-

2229 1417 2268 1435 tu.

2184 1676 2263 1707 Sensus
2280 1676 2331 1698 alle·

2211 1709 2302 1730 gericus.

2201 1763 2232 1789 f

2178 2605 2257 2626 Sensus
2273 2611 2317 2626 mo·

2213 2632 2272 2653 ralis.
