2476 3921
285 258 351 292 234
880 254 1074 286 COMMENT.
1101 254 1137 287 ΙΝ
1161 254 1401 287 EVANGELIUM
1427 253 1545 286 LUCAE
1569 254 1601 285 C.
1627 253 1675 286 tx.

286 345 499 379 testimonium
516 354 557 378 ex
574 345 658 377 omni
675 353 805 386 genere,
822 346 854 376 et
869 343 1068 382 ostendatur,
1086 342 1171 385 quod
1187 343 1254 385 ipse
1408 343 1460 374 55.
1485 341 1664 375 Secundum
1687 345 1793 374 autem
1809 341 2021 384 spiritualem
2044 333 2279 383 intelligentiam
2310 348 2416 380 Εςρρεῑιῑρ
2451 345 2453 385 j
2472 371 2473 376 ,

285 404 333 433 est
364 400 418 442 qui
451 400 538 431 vivos
569 402 600 431 et
628 401 771 431 mortuos
794 398 887 430 faciet
916 397 1078 439 gloriosos.
1104 396 1190 429 Unde
1221 396 1253 428 in
1317 396 1348 428 in
1373 395 1515 428 oratione
1538 398 1569 427 et
1600 394 1861 436 contemplatione
1891 393 1997 436 facies
2028 393 2172 426 hominis
2203 394 2280 427 illu·
2306 376 2428 429 §mmmm
2452 382 2474 440 ,Ῑ

285 454 393 486 Glossa
407 455 417 472 ¹
441 453 575 486 dicitur:
606 465 621 480 α
639 452 709 485 ldeo
734 452 825 484 vivus
848 455 880 484 et
903 454 1050 483 mortuus
1081 453 1252 492 apparent,
1315 453 1464 487 stratur,
1489 449 1581 491 quia,
1604 448 1680 481 dum
1705 448 1799 481 facies
1823 448 1938 480 mentis
1960 451 2086 480 nostrae
2117 447 2156 480 ad
2177 447 2280 480 Deum

286 511 322 540 ut
345 507 520 549 significent
544 505 704 538 Christum
730 505 922 538 moriturum
952 509 982 537 et
1006 504 1123 537 iterum
1152 504 1253 536 victu-
1316 502 1532 540 convertitur,
1567 502 1783 540 illuminatur,
1819 501 2004 533 melioratur
2040 503 2072 533 et
2106 500 2280 542 perficitur.
2452 503 2454 517 ¹

286 569 357 593 rum
370 586 377 599 ,
401 564 432 592 et
449 563 484 592 ut
508 568 564 591 nos
590 558 651 591 vivi
670 558 770 590 simus
793 557 1008 596 Deo,1m0rtui
1028 556 1145 589 mundo
1160 569 1191 588 ».
1210 575 1252 580 --
1316 554 1406 596 Quod
1427 555 1598 597 figuratum
1622 554 1682 587 fuit
1697 554 1728 586 in
1755 553 1852 586 Exodi
1877 553 2039 595 trigesimo
2054 556 2170 595 quarto
2182 553 2205 592 ⁷,
2226 553 2280 585 ubi

286 615 342 647 Vel
366 614 435 647 ideo
454 613 505 645 isti
529 612 592 645 duo
612 615 781 654 apparent,
805 614 841 644 ut
864 611 1059 650 ostendatur,
1083 609 1167 652 quod
1188 610 1252 642 Lex
1316 608 1448 646 dicitur,
1473 608 1558 650 quod
1588 620 1604 637 α
1619 616 1693 640 cum
1716 607 1928 640 descendisset
1952 607 2072 648 Moyses
2095 606 2134 639 de
2157 609 2281 645 monte,

286 671 317 701 et
353 667 526 709 Prophetae
561 665 793 698 concordabant
828 664 960 697 Domino
1000 664 1069 696 lesu
1104 662 1253 701 Christo;
1316 661 1464 702 apparuit
1486 661 1581 693 facies
1612 660 1681 693 eius
1704 663 1839 693 cornuta
1865 668 1907 693 ex
1939 659 2096 692 consortio
2128 659 2282 692 sermonis

286 721 370 754 unde
393 721 425 753 in
449 720 557 752 Glossa
580 718 721 752 Bedae2:
751 731 767 746 α
785 719 904 759 Moyses
928 717 1086 759 legislator
1117 720 1149 749 et
1172 715 1252 748 Elias
1317 713 1441 745 Domini
1466 725 1496 752 »;
1522 713 1606 746 unde
1637 716 1668 746 et
1699 713 1855 746 secundae
1885 712 1925 745 ad
1957 712 2136 745 Corinthios
2168 712 2281 745 tertio:

287 775 516 816 Prophetarum
536 772 683 806 eximius*
699 774 852 813 apparent
868 779 940 803 cum
961 770 1080 808 Verbo,
1100 774 1136 802 ut
1152 772 1253 801 osten·
1322 767 1411 799 «Nos
1434 771 1540 800 autem
1562 767 1700 799 revelata
1719 767 1796 799 facie
1819 766 1950 808 gloriam
1971 766 2094 803 Domini
2119 766 2284 808 speculan-

286 828 378 866 dant,
410 827 514 869 ipsum
543 834 612 858 esse
644 825 698 867 qui
731 825 856 856 locutus
883 827 931 856 est
956 823 986 855 in
1014 823 1094 864 Lege
1116 826 1147 855 et
1179 822 1252 854 Pro·
1317 823 1378 860 teS,
1411 821 1674 853 transformamur
1698 821 1729 852 in
1753 820 1885 853 eandem
1909 819 2078 862 imaginem
2101 829 2120 852 a
2143 819 2284 852 claritate

286 881 406 924 phetis,
431 884 462 913 et
486 888 580 921 quem
597 879 661 911 Lex
687 880 718 910 et
742 877 914 919 Prophetae
939 876 1196 918 promiserunt»,
1217 878 1253 907 ut
1316 874 1348 907 in
1373 874 1547 907 claritatem
1580 877 1729 916 tanquam
1754 883 1771 906 a
1795 873 1918 906 Domini
1947 873 2062 915 spiritu
2086 886 2117 905 ι).
2147 892 2190 897 -
2217 873 2284 906 Non

286 935 330 968 sic
354 934 537 966 verificetur
561 932 639 964 illud
662 930 809 963 Matthaei
833 930 982 972 vigesimo
1006 929 1125 971 primo:
1156 941 1172 957 «
1192 927 1252 969 Qui
1317 928 1419 960 solum
1444 928 1521 966 hoc,
1547 927 1601 960 sed
1632 931 1664 960 et
1686 927 1823 960 vestitus
1846 926 2030 965 cande-scit,
2055 926 2130 968 quia
2153 935 2285 969 conver-

285 988 450 1030 praeihant
484 985 600 1027 et'qui
637 984 852 1026 sequebantur
883 983 1080 1015 clamabant:
1110 982 1253 1014 Hosanna
1317 982 1395 1014 satio
1423 981 1560 1014 efficitur
1592 981 1898 1023 irreprehensibilis,
1931 980 2104 1013 secundum
2137 980 2215 1013 illud
2246 980 2285 1013 ad

287 1041 351 1073 filio
375 1039 472 1072 David
491 1053 520 1071 2».
1317 1034 1531 1076 Philippenses
1555 1034 1693 1067 secundo
1706 1034 1783 1066 ⁸:--c‹
1799 1034 1872 1066 Sitis
1895 1034 2048 1072 sinceres,
2072 1033 2139 1066 sine
2155 1033 2286 1076 querela

378 1093 429 1124 54.
456 1092 557 1133 (Vers.
584 1091 661 1131 31).
696 1090 731 1122 Et
754 1089 903 1130 quoniam
932 1090 995 1121 Lex
1025 1091 1056 1120 et
1079 1088 1253 1129 Prophetae
1317 1087 1349 1119 in
1382 1087 1484 1120 medio
1516 1087 1650 1120 nationis
1681 1096 1798 1129 pravae
1829 1090 1860 1120 et
1884 1096 2070 1129 perversae,
2098 1087 2181 1120 inter
2205 1095 2285 1129 quos

137 1152 267 1174 -exetPrw
286 1156 347 1179 non
380 1149 503 1178 tantum
534 1147 724 1177 attestantur
756 1143 873 1184 gloriae
905 1142 1039 1180 Christi,
1072 1141 1127 1174 sed
1158 1141 1253 1174 etiam
1317 1141 1430 1173 lucetis
1461 1140 1544 1173 sicut
1578 1140 1747 1173 luminaria
1781 1141 1813 1172 in
1849 1140 1968 1173 mundo
1993 1154 2024 1172 n.
2057 1140 2118 1173 Nec
2149 1140 2284 1179 mirum,

138 1180 267 1236 ᾕῖῑῖἶῑῖῑτω
281 1199 455 1242 passioni,
480 1207 562 1240 quae
579 1200 626 1230 est
650 1197 700 1229 via
717 1197 747 1229 in
772 1196 918 1238 gloriam;
938 1196 1006 1228 ideo
1022 1195 1188 1228 subditur:
1214 1195 1255 1226 Et
1318 1194 1393 1236 quia
1426 1194 1502 1226 tales
1533 1194 1770 1226 conformantur
1798 1193 1930 1225 Domino
1963 1193 2031 1226 Iesu
2062 1193 2205 1232 Christo,
2237 1201 2285 1226 se-

133 1234 259 1280 uffingas-
285 1252 437 1285 dicebant
461 1260 631 1283 excessum
648 1250 737 1289 ez'us,
761 1259 856 1293 quem
881 1248 1104 1291 completurus
1128 1247 1255 1279 eratin
1318 1247 1459 1280 cundum
1484 1247 1561 1279 illud
1585 1247 1621 1279 ad
1647 1247 1803 1279 Romanos
1826 1247 1948 1279 decimo
1972 1247 2109 1279 terti09:
2141 1260 2155 1275 (ι
2173 1246 2286 1279 Indua-

147 1312 251 1333 Exceseus
286 1305 477 1338 Jerusalem.
506 1305 668 1336 E'aecessus
694 1307 778 1336 recte
799 1302 941 1335 nominat
965 1301 1155 1344 passionem,
1180 1300 1255 1343 quia
1320 1310 1394 1334 mur
1417 1310 1507 1333 arma
1529 1301 1624 1340 lucis,
1648 1301 1730 1333 sicut
1754 1301 1783 1332 in
1809 1300 1859 1333 die
1884 1301 2013 1333 honeste
2037 1300 2285 1339 ambulemus»;

130 1339 269 1365 quadrum&
286 1360 317 1392 in
341 1368 378 1392 ea
401 1359 461 1391 fuit
484 1366 635 1391 excessus
664 1356 881 1395 humititatis,
906 1355 1079 1388 secundum
1106 1354 1183 1387 illud
1215 1353 1254 1386 ad
1320 1359 1351 1388 et
1372 1355 1467 1396 paulo
1492 1359 1578 1396 post:
1609 1367 1625 1383 «
1641 1354 1706 1387 Νοῐ]
1732 1354 1763 1386 in
1788 1353 2100 1387 commessationibus
2130 1357 2162 1387 et
2185 1353 2286 1386 ebrie-

286 1413 501 1455 Philippenses
517 1411 696 1444 secundoss:
727 1410 963 1451 «Semetipsum
989 1406 1177 1447 exinaniVit‚
1195 1407 1256 1439 for·
1320 1409 1455 1447 tatibus,
1481 1408 1532 1441 sed
1559 1408 1725 1440 induimini
1751 1407 1919 1440 Dominum
1946 1407 2045 1440 lesum
2071 1407 2232 1440 Christum
2253 1420 2285 1438 ».

287 1476 371 1500 mam
395 1466 477 1499 servi
502 1465 658 1506 accipiens
674 1476 710 1501 »;
736 1467 766 1496 et
791 1467 874 1505 post:
905 1476 919 1491 «
938 1462 1119 1495 Humiliavit
1142 1464 1255 1494 semet-
1321 1481 1362 1487 —
1380 1463 1445 1495 Non
1470 1462 1572 1495 solum
1598 1462 1674 1501 hoc,
1700 1461 1754 1494 sed
1777 1461 1870 1494 etiam
1897 1461 2022 1504 Moyses
2046 1465 2076 1493 et
2108 1460 2201 1493 Elias
2223 1460 2287 1493 col-

287 1521 391 1563 ipsum
409 1533 424 1549 »
454 1523 512 1552 etc.
542 1519 612 1551 Fuit
643 1518 737 1551 etiam
762 1526 913 1550 excessus
942 1516 1174 1559 paupertatis,
1207 1524 1255 1548 se·
1321 1516 1515 1560 loquuntur,
1540 1515 1614 1557 quia
1638 1515 1669 1547 in
1693 1515 1835 1548 oratione
1858 1515 1952 1547 datur
1969 1514 2087 1547 homini
2111 1514 2287 1556 intelligen-

287 1574 426 1607 cundum
452 1573 529 1605 illud
554 1573 754 1605 Threnorum
780 1571 915 1604 tertio4:
945 1583 961 1599 «
979 1570 1154 1603 Recordare
1178 1578 1255 1611 pau·
1321 1570 1363 1602 tia
1387 1570 1625 1612 Scripturarum
1650 1572 1681 1601 et
1712 1568 1935 1610 mysteriorum
1960 1568 2212 1610 propositorum,
2238 1576 2286 1601 se-

287 1627 418 1670 pertatis
442 1631 473 1659 et
497 1625 755 1668 transgressionis
780 1634 880 1663 meae,
904 1624 1051 1657 absinthii
1076 1627 1108 1656 et
1130 1623 1254 1656 fellis».
1320 1623 1458 1657 cundum
1478 1623 1553 1655 illud
1571 1622 1707 1655 Danielis
1723 1622 1861 1655 secundo
1875 1622 1916 1653 ¹⁰:
1943 1622 2137 1663 «Ingressus
2161 1624 2208 1654 est
2226 1621 2286 1653 Da-

288 1680 357 1714 Fuit
385 1689 536 1713 excessus
567 1679 709 1718 doloris,
734 1679 907 1712 secundum
945 1678 1022 1710 illud
1054 1678 1255 1710 Threnorum
1321 1677 1383 1710 niel
1407 1677 1536 1709 domum
1561 1685 1651 1709 suam
1681 1675 1836 1717 sociisque
1860 1675 1926 1708 suis
1950 1674 2114 1714 indicavit,
2139 1678 2175 1707 ut
2202 1678 2288 1717 pete-

288 1735 406 1777 primo:
436 1747 451 1762 «
465 1733 490 1766 Ο
514 1742 570 1766 vos
594 1735 716 1765 omnes!
742 1733 796 1774 qui
821 1732 961 1764 transitis
978 1740 1034 1772 per
1059 1730 1141 1763 viam
1158 1744 1173 1759 n
1196 1733 1254 1763 etc.
1321 1734 1392 1764 rent
1412 1729 1660 1763 misericordiam
1677 1739 1696 1762 a
1713 1729 1776 1761 Deo
1793 1729 1867 1761 caeli
1887 1737 1983 1770 super
2005 1732 2200 1761 sacramento
2217 1728 2286 1761 isto.

288 1788 357 1820 Fuit
392 1787 485 1820 etiam
522 1795 673 1819 excessus
708 1786 856 1824 amoris,
893 1784 1068 1818 secundum
1104 1784 1182 1816 illud
1217 1784 1254 1816 ad
1321 1785 1409 1816 Tunc
1434 1783 1553 1815 Danieli
1582 1785 1673 1814 nocte
1702 1782 1888 1823 mysterium
1919 1781 2094 1814 revelatum
2122 1784 2169 1813 est
2191 1792 2225 1820 »;
2257 1784 2288 1813 et

290 1842 438 1883 Ephesios
462 1840 639 1873 secunslo⁵z
663 1853 677 1867 <t
692 1840 791 1878 Deus,
816 1839 869 1881 qui
895 1839 982 1871 dives
1006 1841 1053 1870 est
1076 1838 1108 1870 in
1133 1837 1256 1870 miseri-
1321 1837 1497 1878 Sapientiae
1521 1836 1670 1878 septimo:
1701 1848 1715 1863 «
1730 1834 1857 1877 Optavi,
1882 1838 1913 1867 et
1936 1834 2028 1867 datus
2051 1837 2099 1867 est
2123 1834 2200 1866 mihi
2217 1842 2289 1866 sen-

289 1895 412 1933 cordia,
437 1898 567 1936 propter
595 1893 723 1925 nimiam
747 1892 909 1925 caritatem
942 1900 1051 1929 suam,
1077 1900 1149 1923 cum
1173 1899 1257 1923 esse·
1321 1899 1394 1929 sus;
1419 1889 1580 1928 invocavi,
1604 1893 1636 1922 et
1660 1889 1745 1921 venit
1769 1889 1800 1921 in
1833 1897 1882 1921 me
1906 1888 2038 1930 spiritus
2061 1887 2232 1929 sapientiae
2255 1901 2286 1920 ».

290 1957 361 1981 inus
385 1947 503 1980 mortui
529 1946 664 1989 peccatis
686 1960 700 1975 »
730 1949 804 1984 etc.;
830 1949 861 1978 et
884 1945 922 1977 ad
948 1945 1101 1977 Romanos
1125 1947 1255 1976 octavo:
1323 1943 1393 1976 ldeo
1416 1947 1521 1976 autem
1546 1943 1666 1984 Moyses
1690 1946 1721 1975 et
1747 1942 1826 1975 Elias
1850 1942 2026 1984 loquuntur
2058 1950 2131 1974 cum
2156 1941 2288 1974 Domino
2309 1946 2436 1968 Notandum·

293 2016 308 2030 α
326 2002 385 2043 Qui
402 2001 531 2043 proprio
554 2000 629 2032 Filio
646 2009 707 2031 non
725 1999 881 2040 pepercit,
897 1998 951 2031 sed
968 2007 1026 2039 pro
1050 1998 1140 2030 nobis
1156 1997 1257 2030 omni·
1322 1996 1547 2038 transfigurato
1570 1996 1609 2028 ad
1640 1995 1860 2028 certitudinem
1885 1995 2031 2034 visionis,
2056 1995 2148 2037 quia,
2180 1998 2217 2028 ut
2243 1995 2290 2027 di-

288 2055 349 2087 bus
373 2054 501 2087 tradidit
532 2053 637 2091 illum,
662 2051 819 2094 quomodo
843 2060 904 2083 non
934 2051 1039 2083 omnia
1062 2050 1152 2083 nobis
1184 2059 1256 2083 cum
1322 2051 1365 2083 cit
1390 2050 1564 2083 Richardus
1579 2051 1614 2088 ¹¹,
1645 2050 1751 2082 «nulli
1773 2049 1955 2082 revelationi
1972 2049 2100 2082 omnino
2116 2049 2289 2082 adhaeren-

289 2109 342 2141 illo
365 2107 492 2140 donavit
508 2110 548 2138 n?
576 2125 619 2130 —
641 2106 737 2138 Istum
767 2113 934 2138 excessum
956 2104 1125 2146 complevit
1149 2104 1181 2136 in
1214 2104 1257 2136 le-
1322 2103 1398 2136 dum
1423 2106 1484 2141 est,
1509 2103 1568 2135 nisi
1590 2112 1646 2144 per
1666 2112 1783 2135 novum
1802 2103 1852 2134 vel
1875 2106 1966 2135 vetus
1983 2102 2085 2135 valeat
2108 2102 2289 2135 confirmari

288 2161 441 2200 rusalem,
466 2160 520 2193 ubi
545 2159 722 2192 crucifixus
746 2162 808 2197 est,
833 2158 865 2190 in
890 2167 954 2200 quo
977 2157 1037 2190 fuit
1060 2167 1258 2190 consumma-
1324 2160 1546 2190 testamentum
1563 2169 1594 2187 n.

288 2215 332 2247 tio
355 2216 481 2246 nostrae
498 2212 736 2254 redemptionis,
753 2211 928 2244 secundum
954 2211 1031 2243 illud
1047 2211 1086 2243 ad
1103 2211 1259 2244 Hebraeos
1414 2211 1466 2242 56.
1501 2210 1621 2242 Petrus
1652 2219 1745 2247 vero,
1770 2213 1799 2241 et
1821 2209 1880 2252 qui
1910 2218 1986 2241 cum
2023 2208 2077 2241 illo
2109 2212 2207 2241 erant
2229 2212 2289 2241 etc.
2308 2211 2451 2261 qgtgfggerrg'tgq
2475 2240 2476 2244 ,

289 2266 468 2300 secund0⁶z
507 2278 522 2294 α
547 2265 683 2298 Decebat
706 2274 794 2303 eum,
827 2267 957 2306 propter
981 2272 1076 2306 quem
1098 2263 1204 2296 omnia
1228 2267 1260 2296 et
1324 2264 1394 2297 Post
1410 2263 1711 2296 demonstrationem
1734 2262 1851 2305 gloriae
1868 2263 2040 2304 promissae
2057 2262 2220 2304 subiungit
2240 2262 2291 2295 hic
2305 2246 2362 2288 fatae
2376 2265 2451 2287 descu-
2475 2245 2476 2273 ¹

2306 2293 2365 2314 bitur
2385 2291 2450 2320 quoad
2474 2308 2476 2338 Ι

289 2330 346 2363 per
370 2329 465 2362 quem
497 2319 618 2358 omnia,
643 2319 698 2360 qui
725 2318 842 2350 multos
866 2317 946 2350 filios
977 2317 1007 2349 in
1041 2318 1173 2360 gloriam
1205 2317 1259 2350 ad-
1324 2318 1521 2360 Evangelista
1541 2317 1845 2359 contemplationem
1865 2316 2118 2349 demonstratae.
2140 2316 2223 2349 Hanc
2238 2325 2292 2349 au·
2305 2322 2404 2347 quatuor-

289 2375 442 2413 duxerat,
463 2377 625 2405 auctorem
647 2373 758 2405 salutis
778 2380 888 2404 eorum
911 2380 967 2413 per
992 2371 1167 2413 passionem
1185 2380 1259 2404 con-

290 2436 451 2460 summare
465 2440 494 2458 ».
515 2426 602 2458 Unde
618 2429 649 2458 et
664 2426 729 2467 ipse
747 2425 906 2467 praedixit
929 2424 1092 2466 discipulis
1115 2425 1182 2458 suis
1198 2425 1258 2457 Lu-

290 2489 343 2513 cae
367 2480 488 2513 decimo
511 2482 634 2512 octavo:
657 2492 672 2507 <1
687 2479 778 2517 Ecce,
799 2478 997 2511 ascendimus
1021 2478 1257 2520 lerosolymam,

290 2536 321 2566 et
345 2532 651 2566 consummabuntur
676 2531 779 2564 omnia
796 2546 812 2561 n
841 2535 899 2564 etc.

1323 2376 1387 2404 tem
1411 2374 1520 2404 narrat
1544 2371 1620 2404 satis
1644 2371 1848 2409 sufficienter,
1873 2370 1947 2412 quia
1975 2369 2148 2403 secundum
2173 2373 2291 2402 statum

1323 2424 1582 2467 quadruplicem:
1600 2424 1718 2466 primo,
1735 2426 1890 2466 quantum
1908 2423 1947 2455 ad
1964 2423 2099 2455 initium
2105 2435 2117 2461 ;
2137 2422 2290 2462 secundo,

1323 2480 1479 2520 quantum
1502 2477 1541 2510 ad
1564 2487 1797 2520 proqressum,
1822 2477 1864 2509 ibi
1884 2477 1926 2508 ¹²:
1952 2477 2094 2508 Factum
2127 2479 2189 2516 est,
2214 2485 2291 2508 eum

1323 2532 1524 2564 discederent
1544 2531 1586 2564 ab
1608 2531 1679 2569 illo;
1701 2531 1808 2569 tertio,
1827 2530 1931 2573 quoad
1955 2530 2289 2569 consummationem,

294 2715 391 2741 habere
411 2723 441 2740 ac
455 2715 612 2741 caelestibus
631 2716 728 2747 pariter
751 2719 831 2748 atque
853 2716 961 2741 terrenis
980 2715 1125 2748 imperare;
1145 2723 1258 2748 quapro-

294 2763 350 2792 pter
370 2764 394 2785 et
414 2767 475 2785 eum
500 2760 546 2792 qui
575 2763 695 2785 mortuus
715 2763 782 2790 erat,
802 2763 828 2785 et
846 2767 907 2785 eum
933 2760 979 2792 qui
1001 2760 1119 2785 nondum
1141 2759 1257 2792 obierat,

295 2804 319 2828 in
349 2804 465 2829 medium
492 2802 626 2829 adducit»
657 2803 734 2835 (ibid.
760 2807 812 2828 tres
838 2803 902 2828 aliae
927 2803 1040 2828 rationes
1066 2804 1258 2837 proferuntur).

293 2848 383 2873 Glossa
404 2846 546 2873 ordinaria
567 2848 723 2879 (secundum
746 2847 854 2879 hedam)
875 2848 898 2872 in
920 2848 979 2872 Luc.
1002 2848 1029 2879 9,
1051 2848 1099 2873 30:
1119 2848 1166 2872 Per
1184 2848 1258 2881 Moy-

293 2898 341 2917 sen
368 2892 517 2924 infernales,
540 2899 586 2923 per
610 2891 700 2918 Elium
727 2892 864 2923 caelestes,
887 2899 934 2923 per
958 2891 1099 2925 Apostolos
1123 2895 1258 2917 terrestres

295 2936 328 2962 ad
355 2936 481 2961 iudicium
507 2937 611 2961 venturi
637 2936 827 2968 significantur.
847 2949 882 2954 ——
902 2936 1030 2968 Superius
1050 2936 1108 2961 Vat.
1128 2935 1259 2962 honorem

296 2988 344 3012 pro
364 2980 542 3013 honestatem,
565 2981 637 3013 quod
658 2981 754 3006 habent
774 2980 854 3006 CDG
868 2981 897 3005 H.

368 3024 375 3038 ¹
398 3025 501 3050 Scilicet
519 3024 675 3057 ordinaria,
699 3026 723 3050 in
744 3025 820 3051 cuius
840 3025 892 3050 sine
913 3027 996 3050 textus
1022 3025 1157 3057 originalis
1181 3026 1206 3051 et
1231 3026 1260 3051 ut

296 3069 418 3096 vivamus
440 3069 544 3096 Christo
565 3071 590 3096 et
607 3069 761 3096 moriamur
781 3068 891 3095 mundo.

367 3113 377 3127 ²
397 3114 497 3146 Nempe
517 3113 659 3140 ordinaria
680 3114 703 3139 in
723 3114 784 3139 Luc.
806 3115 836 3144 9,
857 3114 905 3138 31:
925 3113 1040 3145 Moyses,
1061 3113 1088 3138 id
1103 3117 1142 3139 est
1161 3113 1260 3145 legisla-

299 3162 338 3184 tot·
358 3162 407 3184 etc.
427 3172 462 3177 —
486 3158 603 3184 Subinde
622 3159 748 3190 allegatur
768 3159 854 3184 Matth.
875 3158 917 3190 21,
937 3158 962 3182 9.

368 3201 378 3215 ⁸
400 3203 474 3229 Vers.
495 3203 519 3228 7.
541 3206 566 3229 et
585 3204 608 3229 8.
624 3218 656 3221 -
672 3203 799 3235 Superius
818 3209 866 3235 pro
887 3203 1023 3229 Eoecessus
1042 3203 1111 3228 recte
1130 3203 1188 3228 Vat.
1209 3202 1261 3228 Eae-

297 3254 401 3274 cessum
420 3250 505 3279 recte,
532 3249 551 3273 ll
573 3248 607 3274 Et
630 3249 709 3279 nota,
734 3247 806 3281 quod
831 3247 908 3273 valde
934 3253 1054 3280 congrue
1079 3248 1196 3273 et-recte
1215 3254 1261 3273 εω-

296 3299 409 3318 cessum.
799 3291 809 3306 ⁴
830 3293 903 3318 Vers.
927 3292 973 3324 19,
994 3294 1054 3323 post
1073 3298 1152 3324 quem
1174 3292 1197 3323 l,
1219 3292 1261 3317 12.

367 3335 378 3350 ⁵
400 3337 473 3362 Vers.
495 3337 523 3369 4,
543 3337 584 3362 eui
604 3337 772 3369 subiungitur
792 3338 866 3363 Rom.
888 3338 916 3369 8,
932 3337 973 3362 32.

368 3380 379 3395 ⁶
400 3382 473 3407 Vers.
496 3383 535 3407 10.
558 3382 642 3408 Codd.
661 3382 783 3407 omittunt
803 3383 828 3408 et
842 3389 893 3415 per
919 3388 998 3415 quem
1023 3380 1124 3408 omniu.
1144 3396 1176 3400 —
1197 3380 1262 3407 Sub-

299 3426 358 3451 inde
377 3426 503 3458 allegatur
522 3427 585 3452 Luc.
605 3427 651 3458 18,
672 3427 713 3452 31.

1393 2714 1402 2728 ⁷
1424 2716 1498 2741 Vers.
1519 2716 1560 2740 29.
1581 2729 1616 2733 —
1635 2714 1759 2747 Sequitur
1780 2715 1805 2739 ll.
1825 2713 1885 2739 Cor.
1906 2714 1935 2744 3,
1961 2714 1998 2738 18.

1394 2758 1404 2772 ¹³
1426 2761 1500 2784 Vers.
1521 2759 1568 2789 15,
1588 2758 1633 2784 ubi
1652 2758 1671 2784 C
1684 2759 1704 2783 D
1722 2757 1854 2789 sinceres,
1874 2758 1895 2782 G
1915 2761 1940 2783 et
1961 2758 2019 2783 Vat.
2037 2757 2153 2791 fratres,
2177 2757 2250 2790 quod
2270 2757 2291 2782 11

1324 2811 1384 2829 cum
1407 2803 1519 2835 Vulgata
1539 2803 1648 2833 omittit,
1669 2806 1693 2827 et
1713 2809 1761 2834 pro
1781 2801 1850 2828 inter
1871 2808 1937 2835 quos
1957 2801 2038 2827 ACG
2057 2801 2085 2827 in
2105 2807 2165 2835 quo.

1396 2846 1406 2861 ⁹
1428 2849 1500 2873 Vers.
1523 2847 1612 2872 12-14.
1634 2847 1744 2879 Vulgata
1764 2847 1839 2878 plura
1860 2846 1996 2871 interserit.

1398 2890 1420 2905 ¹⁰
1441 2893 1516 2917 Vers.
1538 2892 1630 2922 17-19;
1652 2892 1764 2922 Vulgata
1785 2891 1845 2916 hinc
1865 2891 1925 2916 iude
1938 2891 2013 2922 plura
2027 2890 2108 2916 addit.
2123 2905 2157 2908 —
2170 2890 2292 2923 Sequitur

1325 2937 1385 2968 Sap.
1406 2936 1435 2967 7,
1455 2936 1483 2961 7.

1397 2979 1417 2994 ¹¹
1438 2980 1580 3006 Beniamin
1600 2979 1689 3006 minor
1705 2979 1761 3012 (cfr.
1776 2986 1856 3011 supra
1871 2986 1932 3011 pag.
1947 2979 2011 3010 231,
2026 2982 2084 3004 nota
2100 2979 2135 3012 5.)
2150 2986 2173 3004 c.
2188 2979 2215 3004 81
2229 2998 2236 3009 ,
2250 2985 2292 3004 cu-

1324 3025 1366 3050 ius
1386 3025 1521 3056 inscriptio
1541 3027 1593 3050 est:
1617 3034 1630 3047 ιι
1645 3024 1721 3056 Quod
1745 3026 1865 3055 suspecta
1892 3023 1987 3049 debeat
2006 3030 2064 3049 esse
2090 3024 2175 3049 omnis
2194 3024 2292 3049 revela-

1325 3069 1375 3101 tio,
1395 3076 1475 3102 quam
1496 3076 1546 3094 non
1567 3069 1706 3094 comitatur
1726 3069 1920 3100 seripturarum
1935 3068 2062 3094 attestatio
2073 3078 2098 3099 ι»,
2112 3071 2136 3094 et
2149 3069 2174 3093 in
2189 3075 2242 3101 quo
2256 3068 2292 3093 di-

1324 3114 1404 3139 eitur:
1419 3115 1544 3146 Suspecta
1558 3117 1597 3139 est
1616 3114 1679 3138 mihi
1694 3113 1779 3138 omnis
1792 3113 1902 3144 veritas,
1915 3120 1995 3145 quam
2010 3120 2061 3138 non
2076 3113 2292 3148 conflrmatVScri-

1325 3162 1463 3190 pturaruni
1482 3157 1637 3190 auctoritas,
1657 3165 1705 3183 nec
1718 3157 1850 3183 Christum
1871 3157 1896 3182 in
1915 3164 1962 3182 sua
1976 3157 2160 3183 clarificatione
2177 3157 2291 3189 recipio,

1325 3204 1346 3229 si
1366 3210 1417 3229 non
1443 3203 1566 3229 assistant
1590 3203 1612 3227 ei
1639 3203 1740 3234 Moyses
1764 3204 1790 3227 et
1815 3202 1895 3234 Elias;
1920 3206 1945 3228 et
1968 3202 1994 3227 in
2019 3203 2086 3228 valle
2106 3202 2175 3227 etin
2195 3201 2291 3227 montis

1325 3248 1478 3274 ascensione
1497 3247 1629 3273 Christum
1650 3253 1729 3278 saepe
1749 3247 1846 3278 recipio
1866 3247 1923 3272 sine
1942 3250 2020 3278 teste,
2040 3253 2177 3279 nunquam
2202 3249 2290 3272 autem

1327 3293 1352 3317 in
1373 3291 1469 3317 montis
1488 3292 1587 3317 vertice
1606 3292 1647 3316 vel
1668 3292 1692 3316 in
1713 3298 1759 3316 sua
1779 3291 1963 3316 clarificatione
1982 3295 2032 3316 etc.

1398 3335 1420 3350 ¹⁹
1441 3337 1515 3361 Vers.
1536 3336 1583 3361 33:
1603 3335 1637 3362 Ee
1654 3335 1759 3369 factum
1778 3337 1816 3361 est
1835 3339 1901 3366 etc.;
1923 3336 2028 3361 tertium
2048 3334 2159 3360 habetur
2184 3341 2211 3360 v.
2240 3333 2291 3366 34;

1327 3383 1465 3413 quartum,
1485 3387 1511 3404 v.
1532 3379 1574 3405 35.
1594 3393 1629 3398 —
1648 3379 1775 3411 Superius
1806 3379 1864 3404 voci
1892 3377 2092 3405 demonstratae
2121 3378 2142 3403 D
2170 3377 2291 3409 praefigit

1327 3424 1441 3459 gloriae.
