<?xml version="1.0" encoding="UTF-8"?>
<!DOCTYPE html PUBLIC "-//W3C//DTD XHTML 1.0 Transitional//EN"
    "http://www.w3.org/TR/xhtml1/DTD/xhtml1-transitional.dtd">
<html xmlns="http://www.w3.org/1999/xhtml" xml:lang="en" lang="en">
 <head>
  <title>
</title>
<meta http-equiv="Content-Type" content="text/html;charset=utf-8" />
  <meta name='ocr-system' content='tesseract 3.04.00' />
  <meta name='ocr-capabilities' content='ocr_page ocr_carea ocr_par ocr_line ocrx_word'/>
</head>
<body>
  <div class='ocr_page' id='page_1' title='image "./doctorisseraphic07bona_0674.png"; bbox 0 0 2427 3872; ppageno 0'>
   <div class='ocr_carea' id='block_1_1' title="bbox 245 297 309 329">
    <p class='ocr_par' dir='ltr' id='par_1_1' title="bbox 245 297 309 329">
     <span class='ocr_line' id='line_1_1' title="bbox 245 297 309 329; baseline 0 0"><span class='ocrx_word' id='word_1_1' title='bbox 245 297 309 329; x_wconf 69' lang='lat'>648</span> 
     </span>
    </p>
   </div>
   <div class='ocr_carea' id='block_1_2' title="bbox 76 379 1217 2525">
    <p class='ocr_par' dir='ltr' id='par_1_2' title="bbox 76 379 1208 572">
     <span class='ocr_line' id='line_1_2' title="bbox 325 379 1207 421; baseline -0.007 -8"><span class='ocrx_word' id='word_1_2' title='bbox 325 385 353 413; x_wconf 89' lang='lat'>3.</span> <span class='ocrx_word' id='word_1_3' title='bbox 377 385 471 421; x_wconf 85' lang='lat' dir='ltr'>(Vers.</span> <span class='ocrx_word' id='word_1_4' title='bbox 493 383 685 421; x_wconf 62' lang='grc'><strong>3.).(111111111.</strong></span> <span class='ocrx_word' id='word_1_5' title='bbox 708 381 766 411; x_wconf 82' lang='lat' dir='ltr'>Sed</span> <span class='ocrx_word' id='word_1_6' title='bbox 786 383 813 410; x_wconf 87' lang='lat' dir='ltr'>et</span> <span class='ocrx_word' id='word_1_7' title='bbox 828 381 952 416; x_wconf 88' lang='lat' dir='ltr'>lamiae;</span> <span class='ocrx_word' id='word_1_8' title='bbox 973 389 1049 414; x_wconf 84' lang='lat' dir='ltr'>ecce,</span> <span class='ocrx_word' id='word_1_9' title='bbox 1065 379 1207 408; x_wconf 86' lang='lat' dir='ltr'>damnwm</span> 
     </span>
     <span class='ocr_line' id='line_1_3' title="bbox 76 430 1208 470; baseline -0.006 -5"><span class='ocrx_word' id='word_1_10' title='bbox 76 445 108 465; x_wconf 79' lang='lat' dir='ltr'>De</span> <span class='ocrx_word' id='word_1_11' title='bbox 124 443 219 464; x_wconf 77' lang='lat' dir='ltr'>seeundo</span> <span class='ocrx_word' id='word_1_12' title='bbox 244 443 278 464; x_wconf 80' lang='lat' dir='ltr'>ex</span> <span class='ocrx_word' id='word_1_13' title='bbox 294 434 457 470; x_wconf 77' lang='lat' dir='ltr'>praedictis</span> <span class='ocrx_word' id='word_1_14' title='bbox 475 433 649 468; x_wconf 79' lang='lat' dir='ltr'>consequens</span> <span class='ocrx_word' id='word_1_15' title='bbox 663 431 818 467; x_wconf 73' lang='lat' dir='ltr'><em>multiplex</em></span> <span class='ocrx_word' id='word_1_16' title='bbox 839 430 1004 460; x_wconf 85' lang='lat' dir='ltr'>Ecclesiae:</span> <span class='ocrx_word' id='word_1_17' title='bbox 1026 431 1148 466; x_wconf 89' lang='lat' dir='ltr'>primum</span> <span class='ocrx_word' id='word_1_18' title='bbox 1163 430 1208 459; x_wconf 91' lang='lat' dir='ltr'>est</span> 
     </span>
     <span class='ocr_line' id='line_1_4' title="bbox 81 470 1208 518; baseline -0.004 -6"><span class='ocrx_word' id='word_1_19' title='bbox 81 470 226 518; x_wconf 54' lang='lat' dir='ltr'>Dffifflssngss&#39;.</span> <span class='ocrx_word' id='word_1_20' title='bbox 245 483 364 518; x_wconf 81' lang='lat' dir='ltr'>diffusio</span> <span class='ocrx_word' id='word_1_21' title='bbox 379 482 530 512; x_wconf 82' lang='lat' dir='ltr'>doctrinae</span> <span class='ocrx_word' id='word_1_22' title='bbox 539 489 694 517; x_wconf 76' lang='lat' dir='ltr'>perversae</span> <span class='ocrx_word' id='word_1_23' title='bbox 700 490 710 515; x_wconf 89' lang='lat'>,·</span> <span class='ocrx_word' id='word_1_24' title='bbox 728 480 880 509; x_wconf 90' lang='lat' dir='ltr'>secundum</span> <span class='ocrx_word' id='word_1_25' title='bbox 895 479 939 508; x_wconf 89' lang='lat' dir='ltr'>est</span> <span class='ocrx_word' id='word_1_26' title='bbox 952 479 1085 508; x_wconf 90' lang='lat' dir='ltr'>carentia</span> <span class='ocrx_word' id='word_1_27' title='bbox 1105 479 1208 508; x_wconf 87' lang='lat' dir='ltr'>doctri-</span> 
     </span>
     <span class='ocr_line' id='line_1_5' title="bbox 78 524 1208 572; baseline -0.004 -11"><span class='ocrx_word' id='word_1_28' title='bbox 78 524 161 572; x_wconf 56' lang='grc' dir='ltr'>ξξξξξ</span> <span class='ocrx_word' id='word_1_29' title='bbox 178 528 225 551; x_wconf 67' lang='lat'>⁹²¹·</span> <span class='ocrx_word' id='word_1_30' title='bbox 244 540 300 561; x_wconf 87' lang='lat' dir='ltr'>nae</span> <span class='ocrx_word' id='word_1_31' title='bbox 319 531 517 560; x_wconf 75' lang='lat' dir='ltr'><em>necessariae:</em></span> <span class='ocrx_word' id='word_1_32' title='bbox 537 530 624 559; x_wconf 90' lang='lat' dir='ltr'>Filia</span> <span class='ocrx_word' id='word_1_33' title='bbox 633 530 741 565; x_wconf 70' lang='lat' dir='ltr'>populi</span> <span class='ocrx_word' id='word_1_34' title='bbox 761 529 819 557; x_wconf 91' lang='lat' dir='ltr'>mei</span> <span class='ocrx_word' id='word_1_35' title='bbox 838 528 973 557; x_wconf 81' lang='lat' dir='ltr'>crudelis.</span> <span class='ocrx_word' id='word_1_36' title='bbox 987 545 1028 549; x_wconf 88' lang='lat'><strong>—</strong></span> <span class='ocrx_word' id='word_1_37' title='bbox 1041 528 1098 557; x_wconf 90' lang='lat' dir='ltr'>Pro</span> <span class='ocrx_word' id='word_1_38' title='bbox 1117 529 1208 564; x_wconf 88' lang='lat' dir='ltr'>primo</span> 
     </span>
    </p>

    <p class='ocr_par' dir='ltr' id='par_1_3' title="bbox 83 576 1217 1980">
     <span class='ocr_line' id='line_1_6' title="bbox 245 576 1209 613; baseline -0.004 -4"><span class='ocrx_word' id='word_1_39' title='bbox 245 581 330 609; x_wconf 85' lang='lat' dir='ltr'>dicit:</span> <span class='ocrx_word' id='word_1_40' title='bbox 355 579 412 609; x_wconf 85' lang='lat' dir='ltr'>Sed</span> <span class='ocrx_word' id='word_1_41' title='bbox 432 581 459 608; x_wconf 86' lang='lat' dir='ltr'>et</span> <span class='ocrx_word' id='word_1_42' title='bbox 481 579 605 613; x_wconf 87' lang='lat' dir='ltr'>lamiae;</span> <span class='ocrx_word' id='word_1_43' title='bbox 626 578 719 607; x_wconf 89' lang='lat' dir='ltr'>lamia</span> <span class='ocrx_word' id='word_1_44' title='bbox 740 578 785 606; x_wconf 91' lang='lat' dir='ltr'>est</span> <span class='ocrx_word' id='word_1_45' title='bbox 805 577 963 606; x_wconf 89' lang='lat' dir='ltr'>monstrum</span> <span class='ocrx_word' id='word_1_46' title='bbox 991 577 1099 606; x_wconf 89' lang='lat' dir='ltr'>habens</span> <span class='ocrx_word' id='word_1_47' title='bbox 1122 576 1209 613; x_wconf 87' lang='lat' dir='ltr'>caput</span> 
     </span>
     <span class='ocr_line' id='line_1_7' title="bbox 250 626 1209 666; baseline -0.004 -8"><span class='ocrx_word' id='word_1_48' title='bbox 250 631 421 666; x_wconf 63' lang='lat' dir='ltr'>virgineum,</span> <span class='ocrx_word' id='word_1_49' title='bbox 442 637 545 664; x_wconf 89' lang='lat' dir='ltr'>corpus</span> <span class='ocrx_word' id='word_1_50' title='bbox 567 628 713 664; x_wconf 87' lang='lat' dir='ltr'>porcinum</span> <span class='ocrx_word' id='word_1_51' title='bbox 740 627 768 655; x_wconf 89' lang='lat' dir='ltr'>et</span> <span class='ocrx_word' id='word_1_52' title='bbox 789 627 873 663; x_wconf 90' lang='lat' dir='ltr'>pedes</span> <span class='ocrx_word' id='word_1_53' title='bbox 900 627 1030 662; x_wconf 88' lang='lat' dir='ltr'>equinos,</span> <span class='ocrx_word' id='word_1_54' title='bbox 1051 626 1209 655; x_wconf 88' lang='lat' dir='ltr'>crudelissi-</span> 
     </span>
     <span class='ocr_line' id='line_1_8' title="bbox 246 675 1209 712; baseline -0.005 -4"><span class='ocrx_word' id='word_1_55' title='bbox 246 688 340 712; x_wconf 88' lang='lat' dir='ltr'>mum,</span> <span class='ocrx_word' id='word_1_56' title='bbox 362 678 468 707; x_wconf 87' lang='lat' dir='ltr'>dietum</span> <span class='ocrx_word' id='word_1_57' title='bbox 490 686 507 706; x_wconf 88' lang='lat' dir='ltr'>a</span> <span class='ocrx_word' id='word_1_58' title='bbox 529 676 670 705; x_wconf 86' lang='lat' dir='ltr'>laniando</span> <span class='ocrx_word' id='word_1_59' title='bbox 692 677 774 712; x_wconf 89' lang='lat' dir='ltr'>quasi</span> <span class='ocrx_word' id='word_1_60' title='bbox 794 676 881 704; x_wconf 89' lang='lat' dir='ltr'>lania.</span> <span class='ocrx_word' id='word_1_61' title='bbox 902 675 988 704; x_wconf 82' lang='lat' dir='ltr'>quta</span> <span class='ocrx_word' id='word_1_62' title='bbox 1019 675 1146 704; x_wconf 73' lang='lat' dir='ltr'>litteram</span> <span class='ocrx_word' id='word_1_63' title='bbox 1167 675 1209 704; x_wconf 91' lang='lat' dir='ltr'>Ie-</span> 
     </span>
     <span class='ocr_line' id='line_1_9' title="bbox 247 724 1210 759; baseline -0.004 -2"><span class='ocrx_word' id='word_1_64' title='bbox 247 728 371 757; x_wconf 85' lang='lat' dir='ltr'>rusalem</span> <span class='ocrx_word' id='word_1_65' title='bbox 393 727 457 755; x_wconf 86' lang='lat' dir='ltr'>vult</span> <span class='ocrx_word' id='word_1_66' title='bbox 485 727 575 755; x_wconf 80' lang='lat' dir='ltr'>dicere</span> <span class='ocrx_word' id='word_1_67' title='bbox 596 726 625 754; x_wconf 91' lang='lat' dir='ltr'>in</span> <span class='ocrx_word' id='word_1_68' title='bbox 651 725 832 754; x_wconf 71' lang='lat' dir='ltr'>solitudinem</span> <span class='ocrx_word' id='word_1_69' title='bbox 852 725 1009 759; x_wconf 83' lang='lat' dir='ltr'>redactam,</span> <span class='ocrx_word' id='word_1_70' title='bbox 1031 724 1060 753; x_wconf 87' lang='lat' dir='ltr'>et</span> <span class='ocrx_word' id='word_1_71' title='bbox 1080 725 1210 753; x_wconf 86' lang='lat' dir='ltr'>monstra</span> 
     </span>
     <span class='ocr_line' id='line_1_10' title="bbox 247 774 1210 810; baseline -0.003 -5"><span class='ocrx_word' id='word_1_72' title='bbox 247 777 285 805; x_wconf 91' lang='lat' dir='ltr'>ibi</span> <span class='ocrx_word' id='word_1_73' title='bbox 306 777 377 804; x_wconf 89' lang='lat' dir='ltr'>talia</span> <span class='ocrx_word' id='word_1_74' title='bbox 397 776 552 804; x_wconf 78' lang='lat' dir='ltr'><strong>habitasse.</strong></span> <span class='ocrx_word' id='word_1_75' title='bbox 574 775 629 803; x_wconf 88' lang='lat' dir='ltr'>Per</span> <span class='ocrx_word' id='word_1_76' title='bbox 651 774 759 803; x_wconf 85' lang='lat' dir='ltr'>lamias</span> <span class='ocrx_word' id='word_1_77' title='bbox 780 774 869 810; x_wconf 82' lang='lat' dir='ltr'>igitur</span> <span class='ocrx_word' id='word_1_78' title='bbox 889 774 1091 810; x_wconf 85' lang='lat' dir='ltr'>intelliguntur</span> <span class='ocrx_word' id='word_1_79' title='bbox 1111 774 1210 802; x_wconf 89' lang='lat' dir='ltr'>haere-</span> 
     </span>
     <span class='ocr_line' id='line_1_11' title="bbox 248 823 1208 861; baseline -0.003 -7"><span class='ocrx_word' id='word_1_80' title='bbox 248 826 296 854; x_wconf 90' lang='lat' dir='ltr'>tici</span> <span class='ocrx_word' id='word_1_81' title='bbox 318 826 346 854; x_wconf 89' lang='lat' dir='ltr'>et</span> <span class='ocrx_word' id='word_1_82' title='bbox 366 825 544 861; x_wconf 80' lang='lat' dir='ltr'>hypocritae,</span> <span class='ocrx_word' id='word_1_83' title='bbox 566 825 596 852; x_wconf 91' lang='lat' dir='ltr'>in</span> <span class='ocrx_word' id='word_1_84' title='bbox 617 823 686 852; x_wconf 87' lang='lat' dir='ltr'>facie</span> <span class='ocrx_word' id='word_1_85' title='bbox 708 823 864 859; x_wconf 82' lang='lat' dir='ltr'>simplices,</span> <span class='ocrx_word' id='word_1_86' title='bbox 886 824 915 851; x_wconf 90' lang='lat' dir='ltr'>in</span> <span class='ocrx_word' id='word_1_87' title='bbox 937 823 1036 851; x_wconf 88' lang='lat' dir='ltr'>ventre</span> <span class='ocrx_word' id='word_1_88' title='bbox 1064 823 1208 857; x_wconf 85' lang='lat' dir='ltr'>carnales,</span> 
     </span>
     <span class='ocr_line' id='line_1_12' title="bbox 248 871 1210 910; baseline -0.003 -7"><span class='ocrx_word' id='word_1_89' title='bbox 248 876 277 903; x_wconf 92' lang='lat' dir='ltr'>in</span> <span class='ocrx_word' id='word_1_90' title='bbox 299 874 416 910; x_wconf 89' lang='lat' dir='ltr'>pedibus</span> <span class='ocrx_word' id='word_1_91' title='bbox 437 875 500 909; x_wconf 88' lang='lat' dir='ltr'>equi</span> <span class='ocrx_word' id='word_1_92' title='bbox 522 873 551 901; x_wconf 89' lang='lat' dir='ltr'>et</span> <span class='ocrx_word' id='word_1_93' title='bbox 571 873 719 901; x_wconf 76' lang='lat' dir='ltr'>instabiles</span> <span class='ocrx_word' id='word_1_94' title='bbox 732 871 752 900; x_wconf 84' lang='lat'>¹.</span> <span class='ocrx_word' id='word_1_95' title='bbox 774 872 857 900; x_wconf 86' lang='lat' dir='ltr'>Tales</span> <span class='ocrx_word' id='word_1_96' title='bbox 876 873 978 900; x_wconf 85' lang='lat' dir='ltr'>lamiae</span> <span class='ocrx_word' id='word_1_97' title='bbox 1004 872 1130 900; x_wconf 87' lang='lat' dir='ltr'>belluina</span> <span class='ocrx_word' id='word_1_98' title='bbox 1150 880 1210 900; x_wconf 86' lang='lat' dir='ltr'>cru-</span> 
     </span>
     <span class='ocr_line' id='line_1_13' title="bbox 249 921 1210 957; baseline -0.002 -5"><span class='ocrx_word' id='word_1_99' title='bbox 249 924 365 952; x_wconf 88' lang='lat' dir='ltr'>delitate</span> <span class='ocrx_word' id='word_1_100' title='bbox 386 923 491 951; x_wconf 82' lang='lat' dir='ltr'>feroces</span> <span class='ocrx_word' id='word_1_101' title='bbox 518 921 705 950; x_wconf 85' lang='lat' dir='ltr'>nudaverunt</span> <span class='ocrx_word' id='word_1_102' title='bbox 727 930 899 956; x_wconf 82' lang='lat' dir='ltr'><strong><em>mammam,</em></strong></span> <span class='ocrx_word' id='word_1_103' title='bbox 921 921 950 949; x_wconf 88' lang='lat' dir='ltr'>id</span> <span class='ocrx_word' id='word_1_104' title='bbox 964 921 1008 949; x_wconf 87' lang='lat' dir='ltr'>est</span> <span class='ocrx_word' id='word_1_105' title='bbox 1029 921 1116 949; x_wconf 87' lang='lat' dir='ltr'>libere</span> <span class='ocrx_word' id='word_1_106' title='bbox 1131 930 1210 957; x_wconf 87' lang='lat' dir='ltr'>prae-</span> 
     </span>
     <span class='ocr_line' id='line_1_14' title="bbox 248 969 1211 1006; baseline -0.003 -5"><span class='ocrx_word' id='word_1_107' title='bbox 248 972 344 1001; x_wconf 89' lang='lat' dir='ltr'>dicant</span> <span class='ocrx_word' id='word_1_108' title='bbox 364 971 536 1004; x_wconf 72' lang='lat' dir='ltr'>doctrinam,</span> <span class='ocrx_word' id='word_1_109' title='bbox 559 970 665 999; x_wconf 88' lang='lat' dir='ltr'>scilicet</span> <span class='ocrx_word' id='word_1_110' title='bbox 686 969 865 1006; x_wconf 81' lang='lat' dir='ltr'>pestiferam3</span> <span class='ocrx_word' id='word_1_111' title='bbox 894 970 1077 998; x_wconf 77' lang='lat' dir='ltr'>lactaverunt</span> <span class='ocrx_word' id='word_1_112' title='bbox 1097 970 1211 999; x_wconf 87' lang='lat' dir='ltr'>catulos</span> 
     </span>
     <span class='ocr_line' id='line_1_15' title="bbox 248 1019 1211 1057; baseline -0.001 -8"><span class='ocrx_word' id='word_1_113' title='bbox 248 1030 333 1057; x_wconf 87' lang='lat' dir='ltr'>suos,</span> <span class='ocrx_word' id='word_1_114' title='bbox 354 1020 548 1048; x_wconf 88' lang='lat' dir='ltr'>haereticellos</span> <span class='ocrx_word' id='word_1_115' title='bbox 570 1019 711 1054; x_wconf 82' lang='lat' dir='ltr'>simplices</span> <span class='ocrx_word' id='word_1_116' title='bbox 732 1019 761 1047; x_wconf 85' lang='lat' dir='ltr'>in</span> <span class='ocrx_word' id='word_1_117' title='bbox 782 1019 921 1047; x_wconf 85' lang='lat' dir='ltr'>haeresim</span> <span class='ocrx_word' id='word_1_118' title='bbox 943 1019 1122 1054; x_wconf 89' lang='lat' dir='ltr'>seducentes;</span> <span class='ocrx_word' id='word_1_119' title='bbox 1144 1020 1211 1049; x_wconf 93' lang='lat' dir='ltr'>Pro-</span> 
     </span>
     <span class='ocr_line' id='line_1_16' title="bbox 248 1068 1212 1103; baseline -0.001 -5"><span class='ocrx_word' id='word_1_120' title='bbox 248 1068 383 1098; x_wconf 77' lang='lat' dir='ltr'>verbia²:</span> <span class='ocrx_word' id='word_1_121' title='bbox 411 1080 425 1093; x_wconf 84' lang='lat'>‹&lt;</span> <span class='ocrx_word' id='word_1_122' title='bbox 441 1068 493 1102; x_wconf 84' lang='lat' dir='ltr'>Qui</span> <span class='ocrx_word' id='word_1_123' title='bbox 522 1068 566 1096; x_wconf 88' lang='lat' dir='ltr'>est</span> <span class='ocrx_word' id='word_1_124' title='bbox 594 1068 732 1103; x_wconf 86' lang='lat' dir='ltr'>parvulus</span> <span class='ocrx_word' id='word_1_125' title='bbox 764 1068 884 1096; x_wconf 88' lang='lat' dir='ltr'>declinet</span> <span class='ocrx_word' id='word_1_126' title='bbox 904 1068 940 1096; x_wconf 91' lang='lat' dir='ltr'>ad</span> <span class='ocrx_word' id='word_1_127' title='bbox 961 1077 1014 1096; x_wconf 90' lang='lat' dir='ltr'>me.</span> <span class='ocrx_word' id='word_1_128' title='bbox 1041 1068 1079 1096; x_wconf 89' lang='lat' dir='ltr'>Et</span> <span class='ocrx_word' id='word_1_129' title='bbox 1100 1068 1212 1097; x_wconf 80' lang='lat' dir='ltr'>vecordi</span> 
     </span>
     <span class='ocr_line' id='line_1_17' title="bbox 246 1117 1211 1153; baseline 0 -6"><span class='ocrx_word' id='word_1_130' title='bbox 246 1119 342 1147; x_wconf 85' lang='lat' dir='ltr'>locuta</span> <span class='ocrx_word' id='word_1_131' title='bbox 364 1118 421 1146; x_wconf 89' lang='lat' dir='ltr'>est:</span> <span class='ocrx_word' id='word_1_132' title='bbox 445 1119 542 1153; x_wconf 83' lang='lat' dir='ltr'>Aquae</span> <span class='ocrx_word' id='word_1_133' title='bbox 574 1117 696 1145; x_wconf 76' lang='lat' dir='ltr'>furtivae</span> <span class='ocrx_word' id='word_1_134' title='bbox 727 1117 864 1146; x_wconf 81' lang='lat' dir='ltr'>dulciores</span> <span class='ocrx_word' id='word_1_135' title='bbox 886 1118 953 1146; x_wconf 90' lang='lat' dir='ltr'>sunt</span> <span class='ocrx_word' id='word_1_136' title='bbox 977 1130 1006 1146; x_wconf 82' lang='lat'>».</span> <span class='ocrx_word' id='word_1_137' title='bbox 1028 1119 1089 1148; x_wconf 89' lang='lat' dir='ltr'>Hoc</span> <span class='ocrx_word' id='word_1_138' title='bbox 1116 1118 1211 1147; x_wconf 87' lang='lat' dir='ltr'>autem</span> 
     </span>
     <span class='ocr_line' id='line_1_18' title="bbox 248 1166 1212 1202; baseline 0.002 -7"><span class='ocrx_word' id='word_1_139' title='bbox 248 1168 340 1196; x_wconf 88' lang='lat' dir='ltr'>totum</span> <span class='ocrx_word' id='word_1_140' title='bbox 355 1167 399 1195; x_wconf 91' lang='lat' dir='ltr'>est</span> <span class='ocrx_word' id='word_1_141' title='bbox 414 1167 531 1202; x_wconf 87' lang='lat' dir='ltr'>propter</span> <span class='ocrx_word' id='word_1_142' title='bbox 545 1166 677 1194; x_wconf 88' lang='lat' dir='ltr'>inertiam</span> <span class='ocrx_word' id='word_1_143' title='bbox 692 1166 899 1202; x_wconf 87' lang='lat' dir='ltr'>praelatorum;</span> <span class='ocrx_word' id='word_1_144' title='bbox 914 1167 1091 1200; x_wconf 82' lang='lat' dir='ltr'>Matthaeus:</span> <span class='ocrx_word' id='word_1_145' title='bbox 1113 1179 1127 1193; x_wconf 83' lang='lat'>«</span> <span class='ocrx_word' id='word_1_146' title='bbox 1142 1168 1212 1196; x_wconf 89' lang='lat' dir='ltr'>Cum</span> 
     </span>
     <span class='ocr_line' id='line_1_19' title="bbox 247 1215 1213 1251; baseline 0 -7"><span class='ocrx_word' id='word_1_147' title='bbox 247 1215 403 1245; x_wconf 86' lang='lat' dir='ltr'>dormirent</span> <span class='ocrx_word' id='word_1_148' title='bbox 423 1215 559 1248; x_wconf 77' lang='lat' dir='ltr'>homineS,</span> <span class='ocrx_word' id='word_1_149' title='bbox 574 1215 653 1243; x_wconf 84' lang='lat' dir='ltr'>venit</span> <span class='ocrx_word' id='word_1_150' title='bbox 667 1215 796 1243; x_wconf 87' lang='lat' dir='ltr'>inimicus</span> <span class='ocrx_word' id='word_1_151' title='bbox 810 1216 869 1244; x_wconf 89' lang='lat' dir='ltr'>eius</span> <span class='ocrx_word' id='word_1_152' title='bbox 884 1215 912 1244; x_wconf 88' lang='lat' dir='ltr'>et</span> <span class='ocrx_word' id='word_1_153' title='bbox 927 1216 1164 1251; x_wconf 80' lang='lat' dir='ltr'>superseminavit</span> <span class='ocrx_word' id='word_1_154' title='bbox 1178 1217 1213 1244; x_wconf 89' lang='lat' dir='ltr'>zi-</span> 
     </span>
     <span class='ocr_line' id='line_1_20' title="bbox 83 1264 1212 1302; baseline 0.001 -9"><span class='ocrx_word' id='word_1_155' title='bbox 83 1267 182 1298; x_wconf 62' lang='lat' dir='ltr'>carentia</span> <span class='ocrx_word' id='word_1_156' title='bbox 199 1266 235 1287; x_wconf 73' lang='lat'><strong>‹³⁰-</strong></span> <span class='ocrx_word' id='word_1_157' title='bbox 248 1266 328 1294; x_wconf 90' lang='lat' dir='ltr'>zania</span> <span class='ocrx_word' id='word_1_158' title='bbox 339 1276 371 1299; x_wconf 79' lang='lat'>»3</span> <span class='ocrx_word' id='word_1_159' title='bbox 387 1265 492 1293; x_wconf 88' lang='lat' dir='ltr'>Isaias:</span> <span class='ocrx_word' id='word_1_160' title='bbox 509 1276 523 1289; x_wconf 89' lang='grc'>«</span> <span class='ocrx_word' id='word_1_161' title='bbox 532 1264 576 1293; x_wconf 91' lang='lat' dir='ltr'>Ibi</span> <span class='ocrx_word' id='word_1_162' title='bbox 587 1264 696 1292; x_wconf 86' lang='lat' dir='ltr'>invenit</span> <span class='ocrx_word' id='word_1_163' title='bbox 708 1264 795 1293; x_wconf 88' lang='lat' dir='ltr'>lamia</span> <span class='ocrx_word' id='word_1_164' title='bbox 809 1266 968 1301; x_wconf 86' lang='lat' dir='ltr'>requiem».</span> <span class='ocrx_word' id='word_1_165' title='bbox 980 1281 1021 1285; x_wconf 90' lang='lat'>—</span> <span class='ocrx_word' id='word_1_166' title='bbox 1030 1264 1127 1302; x_wconf 88' lang='lat' dir='ltr'>Filia,</span> <span class='ocrx_word' id='word_1_167' title='bbox 1138 1274 1212 1300; x_wconf 89' lang='lat' dir='ltr'>ecce,</span> 
     </span>
     <span class='ocr_line' id='line_1_21' title="bbox 88 1297 1215 1349; baseline 0 -8"><span class='ocrx_word' id='word_1_168' title='bbox 88 1297 236 1346; x_wconf 44' lang='lat' dir='ltr'>{fzss&#39;sffissaefde</span> <span class='ocrx_word' id='word_1_169' title='bbox 248 1313 363 1342; x_wconf 88' lang='lat' dir='ltr'>econtra</span> <span class='ocrx_word' id='word_1_170' title='bbox 383 1311 508 1347; x_wconf 79' lang='lat' dir='ltr'>defectus</span> <span class='ocrx_word' id='word_1_171' title='bbox 529 1312 679 1340; x_wconf 80' lang='lat' dir='ltr'>doctrinae</span> <span class='ocrx_word' id='word_1_172' title='bbox 700 1313 894 1348; x_wconf 73' lang='lat' dir='ltr'>necessariae,</span> <span class='ocrx_word' id='word_1_173' title='bbox 922 1313 971 1341; x_wconf 89' lang='lat' dir='ltr'>ubi</span> <span class='ocrx_word' id='word_1_174' title='bbox 992 1314 1083 1349; x_wconf 89' lang='lat' dir='ltr'>primo</span> <span class='ocrx_word' id='word_1_175' title='bbox 1111 1314 1215 1349; x_wconf 73' lang='lat' dir='ltr'>arquit</span> 
     </span>
     <span class='ocr_line' id='line_1_22' title="bbox 90 1347 1214 1398; baseline 0 -8"><span class='ocrx_word' id='word_1_176' title='bbox 90 1353 132 1374; x_wconf 75' lang='lat'>‘¹¹¹³</span> <span class='ocrx_word' id='word_1_177' title='bbox 147 1347 197 1368; x_wconf 67' lang='lat'>‘¹⁰⁰&#39;</span> <span class='ocrx_word' id='word_1_178' title='bbox 244 1362 397 1398; x_wconf 75' lang='lat' dir='ltr'>praelatos</span> <span class='ocrx_word' id='word_1_179' title='bbox 419 1362 451 1389; x_wconf 83' lang='lat' dir='ltr'>in</span> <span class='ocrx_word' id='word_1_180' title='bbox 472 1362 607 1390; x_wconf 74' lang='lat' dir='ltr'>doctrina</span> <span class='ocrx_word' id='word_1_181' title='bbox 635 1362 829 1398; x_wconf 73' lang='lat' dir='ltr'>neyliyentes,·</span> <span class='ocrx_word' id='word_1_182' title='bbox 845 1362 970 1398; x_wconf 28' lang='lat' dir='ltr'>*secundo</span> <span class='ocrx_word' id='word_1_183' title='bbox 998 1362 1125 1397; x_wconf 73' lang='lat' dir='ltr'>explicat</span> <span class='ocrx_word' id='word_1_184' title='bbox 1152 1370 1214 1390; x_wconf 91' lang='lat' dir='ltr'>am-</span> 
     </span>
     <span class='ocr_line' id='line_1_23' title="bbox 246 1410 1214 1447; baseline 0 -8"><span class='ocrx_word' id='word_1_185' title='bbox 246 1411 331 1447; x_wconf 73' lang='lat' dir='ltr'>plius</span> <span class='ocrx_word' id='word_1_186' title='bbox 354 1410 493 1440; x_wconf 82' lang='lat' dir='ltr'>laesiones</span> <span class='ocrx_word' id='word_1_187' title='bbox 515 1411 665 1439; x_wconf 72' lang='lat' dir='ltr'>Ecclesiae</span> <span class='ocrx_word' id='word_1_188' title='bbox 686 1410 754 1439; x_wconf 86' lang='lat' dir='ltr'>inde</span> <span class='ocrx_word' id='word_1_189' title='bbox 770 1411 990 1446; x_wconf 72' lang='lat' dir='ltr'>provenientes,</span> <span class='ocrx_word' id='word_1_190' title='bbox 1013 1411 1067 1439; x_wconf 89' lang='lat' dir='ltr'>ibi:</span> <span class='ocrx_word' id='word_1_191' title='bbox 1096 1410 1214 1439; x_wconf 80' lang='lat' dir='ltr'>Adhae-</span> 
     </span>
     <span class='ocr_line' id='line_1_24' title="bbox 126 1460 1215 1496; baseline 0 -9"><span class='ocrx_word' id='word_1_192' title='bbox 126 1462 229 1484; x_wconf 80' lang='lat' dir='ltr'>Primum.</span> <span class='ocrx_word' id='word_1_193' title='bbox 250 1460 289 1488; x_wconf 89' lang='lat' dir='ltr'>sit</span> <span class='ocrx_word' id='word_1_194' title='bbox 311 1460 422 1496; x_wconf 68' lang='lat' dir='ltr'>linqua.</span> <span class='ocrx_word' id='word_1_195' title='bbox 438 1475 477 1479; x_wconf 90' lang='lat'><strong>—</strong></span> <span class='ocrx_word' id='word_1_196' title='bbox 491 1460 567 1488; x_wconf 86' lang='lat' dir='ltr'>Dicit</span> <span class='ocrx_word' id='word_1_197' title='bbox 581 1460 685 1496; x_wconf 89' lang='lat' dir='ltr'>igitur:</span> <span class='ocrx_word' id='word_1_198' title='bbox 701 1460 788 1488; x_wconf 86' lang='lat' dir='ltr'>Filia</span> <span class='ocrx_word' id='word_1_199' title='bbox 803 1460 925 1495; x_wconf 74' lang='lat' dir='ltr'>populi,</span> <span class='ocrx_word' id='word_1_200' title='bbox 941 1460 1036 1495; x_wconf 84' lang='lat' dir='ltr'>quasi:</span> <span class='ocrx_word' id='word_1_201' title='bbox 1052 1460 1215 1495; x_wconf 87' lang='lat' dir='ltr'>arguuntur</span> 
     </span>
     <span class='ocr_line' id='line_1_25' title="bbox 248 1508 1215 1544; baseline 0 -7"><span class='ocrx_word' id='word_1_202' title='bbox 248 1509 383 1537; x_wconf 72' lang='lat' dir='ltr'>indirecte</span> <span class='ocrx_word' id='word_1_203' title='bbox 404 1509 613 1544; x_wconf 82' lang='lat' dir='ltr'>comparatione</span> <span class='ocrx_word' id='word_1_204' title='bbox 638 1508 844 1538; x_wconf 87' lang='lat' dir='ltr'>haereticorum</span> <span class='ocrx_word' id='word_1_205' title='bbox 865 1509 914 1544; x_wconf 91' lang='lat' dir='ltr'>qui</span> <span class='ocrx_word' id='word_1_206' title='bbox 935 1509 1057 1537; x_wconf 89' lang='lat' dir='ltr'>subditis</span> <span class='ocrx_word' id='word_1_207' title='bbox 1078 1509 1138 1537; x_wconf 87' lang='lat' dir='ltr'>suis</span> <span class='ocrx_word' id='word_1_208' title='bbox 1158 1517 1215 1537; x_wconf 91' lang='lat' dir='ltr'>non</span> 
     </span>
     <span class='ocr_line' id='line_1_26' title="bbox 249 1555 1215 1593; baseline -0.002 -7"><span class='ocrx_word' id='word_1_209' title='bbox 249 1557 361 1586; x_wconf 83' lang='lat' dir='ltr'>instant</span> <span class='ocrx_word' id='word_1_210' title='bbox 381 1557 543 1591; x_wconf 85' lang='lat' dir='ltr'>edocendis;</span> <span class='ocrx_word' id='word_1_211' title='bbox 564 1556 651 1585; x_wconf 84' lang='lat' dir='ltr'>Filia</span> <span class='ocrx_word' id='word_1_212' title='bbox 660 1557 767 1593; x_wconf 75' lang='lat' dir='ltr'>populi</span> <span class='ocrx_word' id='word_1_213' title='bbox 787 1558 859 1592; x_wconf 89' lang='lat' dir='ltr'>mei,</span> <span class='ocrx_word' id='word_1_214' title='bbox 881 1557 934 1586; x_wconf 90' lang='lat' dir='ltr'>hoc</span> <span class='ocrx_word' id='word_1_215' title='bbox 954 1557 1058 1585; x_wconf 89' lang='lat' dir='ltr'>dicitur</span> <span class='ocrx_word' id='word_1_216' title='bbox 1072 1557 1105 1585; x_wconf 89' lang='lat' dir='ltr'>de</span> <span class='ocrx_word' id='word_1_217' title='bbox 1120 1555 1215 1585; x_wconf 86' lang='lat' dir='ltr'>monte</span> 
     </span>
     <span class='ocr_line' id='line_1_27' title="bbox 249 1605 1215 1642; baseline 0 -8"><span class='ocrx_word' id='word_1_218' title='bbox 249 1606 330 1639; x_wconf 86' lang='lat' dir='ltr'>Sion,</span> <span class='ocrx_word' id='word_1_219' title='bbox 352 1606 381 1634; x_wconf 91' lang='lat' dir='ltr'>in</span> <span class='ocrx_word' id='word_1_220' title='bbox 403 1614 457 1642; x_wconf 88' lang='lat' dir='ltr'>quo</span> <span class='ocrx_word' id='word_1_221' title='bbox 479 1606 541 1634; x_wconf 89' lang='lat' dir='ltr'>erat</span> <span class='ocrx_word' id='word_1_222' title='bbox 562 1606 716 1641; x_wconf 79' lang='lat' dir='ltr'>templum,</span> <span class='ocrx_word' id='word_1_223' title='bbox 735 1605 809 1641; x_wconf 91' lang='lat' dir='ltr'>quod</span> <span class='ocrx_word' id='word_1_224' title='bbox 828 1605 965 1640; x_wconf 86' lang='lat' dir='ltr'>tanquam</span> <span class='ocrx_word' id='word_1_225' title='bbox 985 1605 1052 1640; x_wconf 73' lang='lat' dir='ltr'>filia</span> <span class='ocrx_word' id='word_1_226' title='bbox 1072 1613 1089 1633; x_wconf 88' lang='lat' dir='ltr'>a</span> <span class='ocrx_word' id='word_1_227' title='bbox 1111 1605 1215 1640; x_wconf 89' lang='lat' dir='ltr'>populo</span> 
     </span>
     <span class='ocr_line' id='line_1_28' title="bbox 251 1654 1216 1690; baseline 0 -8"><span class='ocrx_word' id='word_1_228' title='bbox 251 1655 411 1683; x_wconf 88' lang='lat' dir='ltr'>amabatur.</span> <span class='ocrx_word' id='word_1_229' title='bbox 433 1655 511 1682; x_wconf 87' lang='lat' dir='ltr'>Haec</span> <span class='ocrx_word' id='word_1_230' title='bbox 531 1654 597 1688; x_wconf 79' lang='lat' dir='ltr'>filia</span> <span class='ocrx_word' id='word_1_231' title='bbox 618 1654 757 1690; x_wconf 89' lang='lat' dir='ltr'>quantum</span> <span class='ocrx_word' id='word_1_232' title='bbox 772 1654 808 1682; x_wconf 87' lang='lat' dir='ltr'>ad</span> <span class='ocrx_word' id='word_1_233' title='bbox 830 1654 1004 1687; x_wconf 77' lang='lat' dir='ltr'>sacerdotes,</span> <span class='ocrx_word' id='word_1_234' title='bbox 1027 1654 1055 1682; x_wconf 91' lang='lat' dir='ltr'>id</span> <span class='ocrx_word' id='word_1_235' title='bbox 1070 1654 1114 1682; x_wconf 87' lang='lat' dir='ltr'>est</span> <span class='ocrx_word' id='word_1_236' title='bbox 1135 1662 1216 1683; x_wconf 84' lang='lat' dir='ltr'>excu-</span> 
     </span>
     <span class='ocr_line' id='line_1_29' title="bbox 250 1702 1216 1739; baseline -0.001 -7"><span class='ocrx_word' id='word_1_237' title='bbox 250 1703 367 1737; x_wconf 84' lang='lat' dir='ltr'>bantes,</span> <span class='ocrx_word' id='word_1_238' title='bbox 389 1703 516 1731; x_wconf 85' lang='lat' dir='ltr'>crudelis</span> <span class='ocrx_word' id='word_1_239' title='bbox 530 1703 617 1738; x_wconf 77' lang='lat' dir='ltr'>quasi</span> <span class='ocrx_word' id='word_1_240' title='bbox 638 1702 766 1731; x_wconf 78' lang='lat' dir='ltr'>struthio</span> <span class='ocrx_word' id='word_1_241' title='bbox 781 1703 815 1731; x_wconf 85' lang='lat' dir='ltr'>in</span> <span class='ocrx_word' id='word_1_242' title='bbox 834 1703 956 1731; x_wconf 86' lang='lat' dir='ltr'>deserto.</span> <span class='ocrx_word' id='word_1_243' title='bbox 979 1702 1114 1731; x_wconf 76' lang='lat' dir='ltr'>Strutiiio</span> <span class='ocrx_word' id='word_1_244' title='bbox 1135 1703 1216 1739; x_wconf 88' lang='lat' dir='ltr'>ponit</span> 
     </span>
     <span class='ocr_line' id='line_1_30' title="bbox 250 1750 1216 1785; baseline 0 -5"><span class='ocrx_word' id='word_1_245' title='bbox 250 1760 303 1780; x_wconf 86' lang='lat' dir='ltr'>ova</span> <span class='ocrx_word' id='word_1_246' title='bbox 324 1760 376 1780; x_wconf 88' lang='lat' dir='ltr'>sua</span> <span class='ocrx_word' id='word_1_247' title='bbox 395 1752 425 1779; x_wconf 90' lang='lat' dir='ltr'>in</span> <span class='ocrx_word' id='word_1_248' title='bbox 456 1751 583 1778; x_wconf 87' lang='lat' dir='ltr'>transitu</span> <span class='ocrx_word' id='word_1_249' title='bbox 611 1750 721 1778; x_wconf 86' lang='lat' dir='ltr'>viarum</span> <span class='ocrx_word' id='word_1_250' title='bbox 750 1750 779 1778; x_wconf 88' lang='lat' dir='ltr'>et</span> <span class='ocrx_word' id='word_1_251' title='bbox 799 1759 855 1779; x_wconf 93' lang='lat' dir='ltr'>non</span> <span class='ocrx_word' id='word_1_252' title='bbox 877 1750 967 1785; x_wconf 81' lang='lat' dir='ltr'>fovet,</span> <span class='ocrx_word' id='word_1_253' title='bbox 989 1751 1063 1779; x_wconf 84' lang='lat' dir='ltr'>sicut</span> <span class='ocrx_word' id='word_1_254' title='bbox 1088 1751 1121 1779; x_wconf 91' lang='lat' dir='ltr'>de</span> <span class='ocrx_word' id='word_1_255' title='bbox 1143 1752 1216 1780; x_wconf 92' lang='lat' dir='ltr'>stru-</span> 
     </span>
     <span class='ocr_line' id='line_1_31' title="bbox 250 1796 1217 1834; baseline 0.003 -8"><span class='ocrx_word' id='word_1_256' title='bbox 250 1799 347 1828; x_wconf 87' lang='lat' dir='ltr'>thione</span> <span class='ocrx_word' id='word_1_257' title='bbox 367 1799 470 1827; x_wconf 86' lang='lat' dir='ltr'>dicitur</span> <span class='ocrx_word' id='word_1_258' title='bbox 491 1799 520 1826; x_wconf 92' lang='lat' dir='ltr'>in</span> <span class='ocrx_word' id='word_1_259' title='bbox 542 1798 594 1826; x_wconf 90' lang='lat' dir='ltr'>Iob</span> <span class='ocrx_word' id='word_1_260' title='bbox 610 1796 636 1825; x_wconf 82' lang='lat'>²³:</span> <span class='ocrx_word' id='word_1_261' title='bbox 664 1809 678 1822; x_wconf 91' lang='lat'>«</span> <span class='ocrx_word' id='word_1_262' title='bbox 693 1797 871 1834; x_wconf 86' lang='lat' dir='ltr'>Derelinquit</span> <span class='ocrx_word' id='word_1_263' title='bbox 884 1799 914 1827; x_wconf 92' lang='lat' dir='ltr'>in</span> <span class='ocrx_word' id='word_1_264' title='bbox 935 1799 1013 1827; x_wconf 90' lang='lat' dir='ltr'>terra</span> <span class='ocrx_word' id='word_1_265' title='bbox 1034 1807 1087 1828; x_wconf 88' lang='lat' dir='ltr'>ova</span> <span class='ocrx_word' id='word_1_266' title='bbox 1108 1808 1160 1828; x_wconf 91' lang='lat' dir='ltr'>sua</span> <span class='ocrx_word' id='word_1_267' title='bbox 1187 1800 1217 1829; x_wconf 89' lang='lat' dir='ltr'>et</span> 
     </span>
     <span class='ocr_line' id='line_1_32' title="bbox 252 1847 1216 1885; baseline 0.003 -10"><span class='ocrx_word' id='word_1_268' title='bbox 252 1847 442 1880; x_wconf 74' lang='lat' dir='ltr'>obliviscitur,</span> <span class='ocrx_word' id='word_1_269' title='bbox 464 1847 538 1882; x_wconf 89' lang='lat' dir='ltr'>quod</span> <span class='ocrx_word' id='word_1_270' title='bbox 559 1855 608 1882; x_wconf 87' lang='lat' dir='ltr'>pes</span> <span class='ocrx_word' id='word_1_271' title='bbox 630 1847 773 1875; x_wconf 87' lang='lat' dir='ltr'>conculcet</span> <span class='ocrx_word' id='word_1_272' title='bbox 793 1856 841 1881; x_wconf 82' lang='lat' dir='ltr'>oa,</span> <span class='ocrx_word' id='word_1_273' title='bbox 865 1847 916 1876; x_wconf 91' lang='lat' dir='ltr'>aut</span> <span class='ocrx_word' id='word_1_274' title='bbox 943 1847 1049 1877; x_wconf 89' lang='lat' dir='ltr'>bestiae</span> <span class='ocrx_word' id='word_1_275' title='bbox 1070 1850 1133 1885; x_wconf 82' lang='lat' dir='ltr'>agri</span> <span class='ocrx_word' id='word_1_276' title='bbox 1154 1858 1216 1878; x_wconf 92' lang='lat' dir='ltr'>con-</span> 
     </span>
     <span class='ocr_line' id='line_1_33' title="bbox 252 1895 1215 1934; baseline 0.004 -11"><span class='ocrx_word' id='word_1_277' title='bbox 252 1897 349 1924; x_wconf 86' lang='lat' dir='ltr'>terant</span> <span class='ocrx_word' id='word_1_278' title='bbox 362 1908 391 1923; x_wconf 81' lang='grc'>».</span> <span class='ocrx_word' id='word_1_279' title='bbox 414 1895 489 1929; x_wconf 79' lang='lat' dir='ltr'>Quae</span> <span class='ocrx_word' id='word_1_280' title='bbox 510 1895 664 1924; x_wconf 85' lang='lat' dir='ltr'>crudelitas</span> <span class='ocrx_word' id='word_1_281' title='bbox 679 1896 770 1932; x_wconf 84' lang='lat' dir='ltr'>magis</span> <span class='ocrx_word' id='word_1_282' title='bbox 791 1897 949 1932; x_wconf 86' lang='lat' dir='ltr'>explicatur</span> <span class='ocrx_word' id='word_1_283' title='bbox 969 1898 999 1926; x_wconf 92' lang='lat' dir='ltr'>in</span> <span class='ocrx_word' id='word_1_284' title='bbox 1023 1906 1055 1927; x_wconf 85' lang='lat' dir='ltr'>eo</span> <span class='ocrx_word' id='word_1_285' title='bbox 1083 1899 1157 1934; x_wconf 86' lang='lat' dir='ltr'>quod</span> <span class='ocrx_word' id='word_1_286' title='bbox 1176 1907 1215 1927; x_wconf 87' lang='lat' dir='ltr'>so-</span> 
     </span>
     <span class='ocr_line' id='line_1_34' title="bbox 252 1944 359 1980; baseline -0.009 -7"><span class='ocrx_word' id='word_1_287' title='bbox 252 1944 359 1980; x_wconf 81' lang='lat' dir='ltr'>quitur.</span> 
     </span>
    </p>

    <p class='ocr_par' dir='ltr' id='par_1_4' title="bbox 86 1993 1215 2130">
     <span class='ocr_line' id='line_1_35' title="bbox 333 1993 1215 2032; baseline 0.007 -12"><span class='ocrx_word' id='word_1_288' title='bbox 333 1993 362 2020; x_wconf 86' lang='lat'>4.</span> <span class='ocrx_word' id='word_1_289' title='bbox 385 1993 478 2029; x_wconf 80' lang='lat' dir='ltr'>(Vers.</span> <span class='ocrx_word' id='word_1_290' title='bbox 500 1993 554 2029; x_wconf 89' lang='lat'>4.).</span> <span class='ocrx_word' id='word_1_291' title='bbox 584 1993 713 2022; x_wconf 80' lang='lat' dir='ltr'>DALETH.</span> <span class='ocrx_word' id='word_1_292' title='bbox 741 1993 887 2023; x_wconf 77' lang='lat' dir='ltr'>Adhaesit</span> <span class='ocrx_word' id='word_1_293' title='bbox 911 1995 1031 2032; x_wconf 76' lang='lat' dir='ltr'>linqua,</span> <span class='ocrx_word' id='word_1_294' title='bbox 1064 1997 1154 2032; x_wconf 87' lang='lat' dir='ltr'>primo</span> <span class='ocrx_word' id='word_1_295' title='bbox 1182 1998 1215 2026; x_wconf 87' lang='lat' dir='ltr'>in</span> 
     </span>
     <span class='ocr_line' id='line_1_36' title="bbox 86 2040 1213 2099; baseline 0.005 -30"><span class='ocrx_word' id='word_1_296' title='bbox 86 2040 233 2099; x_wconf 48' lang='grc' dir='ltr'>ἀξείῗξέἅέῧζ</span> <span class='ocrx_word' id='word_1_297' title='bbox 252 2043 332 2071; x_wconf 87' lang='lat' dir='ltr'>statu</span> <span class='ocrx_word' id='word_1_298' title='bbox 347 2042 562 2078; x_wconf 73' lang='lat' dir='ltr'>incipientium,</span> <span class='ocrx_word' id='word_1_299' title='bbox 585 2043 633 2078; x_wconf 85' lang='lat' dir='ltr'>qui</span> <span class='ocrx_word' id='word_1_300' title='bbox 647 2043 820 2079; x_wconf 85' lang='lat' dir='ltr'>intelligitur</span> <span class='ocrx_word' id='word_1_301' title='bbox 839 2052 889 2080; x_wconf 90' lang='lat' dir='ltr'>per</span> <span class='ocrx_word' id='word_1_302' title='bbox 910 2044 1065 2080; x_wconf 85' lang='lat' dir='ltr'>lactentes,·</span> <span class='ocrx_word' id='word_1_303' title='bbox 1079 2046 1213 2081; x_wconf 89' lang='lat' dir='ltr'>secundo,</span> 
     </span>
     <span class='ocr_line' id='line_1_37' title="bbox 86 2090 1215 2130; baseline 0.006 -13"><span class='ocrx_word' id='word_1_304' title='bbox 86 2100 142 2119; x_wconf 75' lang='lat' dir='ltr'>tuor.</span> <span class='ocrx_word' id='word_1_305' title='bbox 247 2090 483 2126; x_wconf 62' lang='lat' dir='ltr'>proficientium,</span> <span class='ocrx_word' id='word_1_306' title='bbox 515 2091 568 2126; x_wconf 78' lang='lat' dir='ltr'>ibi:</span> <span class='ocrx_word' id='word_1_307' title='bbox 600 2091 729 2120; x_wconf 81' lang='lat' dir='ltr'>Parvuli</span> <span class='ocrx_word' id='word_1_308' title='bbox 754 2093 922 2128; x_wconf 74' lang='lat' dir='ltr'>petierunt,·</span> <span class='ocrx_word' id='word_1_309' title='bbox 943 2093 1043 2130; x_wconf 84' lang='lat' dir='ltr'>tertio,</span> <span class='ocrx_word' id='word_1_310' title='bbox 1070 2095 1104 2122; x_wconf 87' lang='lat' dir='ltr'>in</span> <span class='ocrx_word' id='word_1_311' title='bbox 1133 2096 1215 2124; x_wconf 68' lang='lat' dir='ltr'>stam</span> 
     </span>
    </p>

    <p class='ocr_par' dir='ltr' id='par_1_5' title="bbox 248 2138 1216 2274">
     <span class='ocr_line' id='line_1_38' title="bbox 248 2138 1216 2178; baseline 0.006 -11"><span class='ocrx_word' id='word_1_312' title='bbox 248 2138 457 2176; x_wconf 71' lang='lat' dir='ltr'>perfectormn,</span> <span class='ocrx_word' id='word_1_313' title='bbox 480 2140 533 2168; x_wconf 88' lang='lat' dir='ltr'>ibi:</span> <span class='ocrx_word' id='word_1_314' title='bbox 559 2140 617 2178; x_wconf 67' lang='lat' dir='ltr'>Qui</span> <span class='ocrx_word' id='word_1_315' title='bbox 637 2141 842 2176; x_wconf 78' lang='lat' dir='ltr'>vescebantur,-</span> <span class='ocrx_word' id='word_1_316' title='bbox 862 2143 965 2178; x_wconf 90' lang='lat' dir='ltr'>quarto</span> <span class='ocrx_word' id='word_1_317' title='bbox 992 2142 1083 2178; x_wconf 83' lang='lat' dir='ltr'>infert</span> <span class='ocrx_word' id='word_1_318' title='bbox 1103 2152 1138 2172; x_wconf 75' lang='lat' dir='ltr'>ex</span> <span class='ocrx_word' id='word_1_319' title='bbox 1162 2144 1216 2173; x_wconf 81' lang='lat' dir='ltr'>hoc</span> 
     </span>
     <span class='ocr_line' id='line_1_39' title="bbox 250 2189 1215 2227; baseline 0.006 -11"><span class='ocrx_word' id='word_1_320' title='bbox 250 2189 482 2226; x_wconf 72' lang='lat' dir='ltr'>maynitudinem</span> <span class='ocrx_word' id='word_1_321' title='bbox 499 2190 612 2225; x_wconf 78' lang='lat' dir='ltr'>peccati</span> <span class='ocrx_word' id='word_1_322' title='bbox 630 2190 837 2227; x_wconf 70' lang='lat' dir='ltr'>neyliyentium</span> <span class='ocrx_word' id='word_1_323' title='bbox 853 2191 1078 2226; x_wconf 74' lang='lat' dir='ltr'>praelatorum:</span> <span class='ocrx_word' id='word_1_324' title='bbox 1099 2193 1143 2222; x_wconf 77' lang='lat' dir='ltr'>Et</span> <span class='ocrx_word' id='word_1_325' title='bbox 1154 2202 1215 2222; x_wconf 90' lang='lat' dir='ltr'>ma-</span> 
     </span>
     <span class='ocr_line' id='line_1_40' title="bbox 250 2237 426 2274; baseline 0.006 -9"><span class='ocrx_word' id='word_1_326' title='bbox 250 2238 297 2274; x_wconf 72' lang='lat' dir='ltr'>ior</span> <span class='ocrx_word' id='word_1_327' title='bbox 317 2237 426 2272; x_wconf 83' lang='lat' dir='ltr'>effecta.</span> 
     </span>
    </p>

    <p class='ocr_par' dir='ltr' id='par_1_6' title="bbox 331 2287 1215 2326">
     <span class='ocr_line' id='line_1_41' title="bbox 331 2287 1215 2326; baseline 0.007 -11"><span class='ocrx_word' id='word_1_328' title='bbox 331 2287 407 2316; x_wconf 89' lang='lat' dir='ltr'>Dicit</span> <span class='ocrx_word' id='word_1_329' title='bbox 421 2296 501 2324; x_wconf 88' lang='lat' dir='ltr'>ergo:</span> <span class='ocrx_word' id='word_1_330' title='bbox 518 2287 662 2317; x_wconf 76' lang='lat' dir='ltr'>Adhaesit</span> <span class='ocrx_word' id='word_1_331' title='bbox 677 2288 782 2325; x_wconf 70' lang='lat' dir='ltr'>linqua</span> <span class='ocrx_word' id='word_1_332' title='bbox 796 2289 930 2319; x_wconf 83' lang='lat' dir='ltr'>lactentis</span> <span class='ocrx_word' id='word_1_333' title='bbox 951 2291 991 2320; x_wconf 84' lang='lat' dir='ltr'>ad</span> <span class='ocrx_word' id='word_1_334' title='bbox 998 2291 1139 2326; x_wconf 76' lang='lat' dir='ltr'>palatum</span> <span class='ocrx_word' id='word_1_335' title='bbox 1153 2293 1215 2322; x_wconf 86' lang='lat' dir='ltr'>eius</span> 
     </span>
    </p>

    <p class='ocr_par' dir='ltr' id='par_1_7' title="bbox 126 2336 1214 2525">
     <span class='ocr_line' id='line_1_42' title="bbox 126 2336 1213 2376; baseline 0.007 -14"><span class='ocrx_word' id='word_1_336' title='bbox 126 2338 232 2360; x_wconf 78' lang='lat' dir='ltr'>Primum.</span> <span class='ocrx_word' id='word_1_337' title='bbox 249 2336 282 2364; x_wconf 86' lang='lat' dir='ltr'>in</span> <span class='ocrx_word' id='word_1_338' title='bbox 302 2336 368 2371; x_wconf 88' lang='lat' dir='ltr'>siti,</span> <span class='ocrx_word' id='word_1_339' title='bbox 390 2336 438 2364; x_wconf 91' lang='lat' dir='ltr'>ubi</span> <span class='ocrx_word' id='word_1_340' title='bbox 460 2345 510 2372; x_wconf 89' lang='lat' dir='ltr'>per</span> <span class='ocrx_word' id='word_1_341' title='bbox 539 2337 675 2366; x_wconf 82' lang='lat' dir='ltr'>lactentes</span> <span class='ocrx_word' id='word_1_342' title='bbox 696 2338 780 2366; x_wconf 89' lang='lat' dir='ltr'>rudes</span> <span class='ocrx_word' id='word_1_343' title='bbox 798 2338 827 2366; x_wconf 91' lang='lat' dir='ltr'>et</span> <span class='ocrx_word' id='word_1_344' title='bbox 846 2339 1013 2374; x_wconf 83' lang='lat' dir='ltr'>incipientes</span> <span class='ocrx_word' id='word_1_345' title='bbox 1034 2340 1213 2376; x_wconf 84' lang='lat' dir='ltr'>figurantur,</span> 
     </span>
     <span class='ocr_line' id='line_1_43' title="bbox 248 2385 1213 2423; baseline 0.006 -10"><span class='ocrx_word' id='word_1_346' title='bbox 248 2385 322 2413; x_wconf 84' lang='lat' dir='ltr'>lacte</span> <span class='ocrx_word' id='word_1_347' title='bbox 343 2386 479 2421; x_wconf 86' lang='lat' dir='ltr'>simplicis</span> <span class='ocrx_word' id='word_1_348' title='bbox 500 2386 644 2414; x_wconf 87' lang='lat' dir='ltr'>doctrinae</span> <span class='ocrx_word' id='word_1_349' title='bbox 662 2386 819 2421; x_wconf 86' lang='lat' dir='ltr'>imbuendi;</span> <span class='ocrx_word' id='word_1_350' title='bbox 839 2388 947 2423; x_wconf 85' lang='lat' dir='ltr'>primae</span> <span class='ocrx_word' id='word_1_351' title='bbox 961 2388 1003 2419; x_wconf 78' lang='lat' dir='ltr'>ad</span> <span class='ocrx_word' id='word_1_352' title='bbox 1012 2386 1174 2418; x_wconf 86' lang='lat' dir='ltr'>Corinthios</span> <span class='ocrx_word' id='word_1_353' title='bbox 1188 2389 1213 2419; x_wconf 81' lang='lat'>⁴:</span> 
     </span>
     <span class='ocr_line' id='line_1_44' title="bbox 253 2433 1214 2472; baseline 0.007 -12"><span class='ocrx_word' id='word_1_354' title='bbox 253 2445 268 2459; x_wconf 71' lang='grc' dir='ltr'><em>α</em></span> <span class='ocrx_word' id='word_1_355' title='bbox 283 2433 430 2469; x_wconf 87' lang='lat' dir='ltr'>Tanquam</span> <span class='ocrx_word' id='word_1_356' title='bbox 445 2434 575 2469; x_wconf 85' lang='lat' dir='ltr'>parvulis</span> <span class='ocrx_word' id='word_1_357' title='bbox 589 2435 619 2462; x_wconf 93' lang='lat' dir='ltr'>in</span> <span class='ocrx_word' id='word_1_358' title='bbox 641 2434 756 2463; x_wconf 86' lang='lat' dir='ltr'>Christo</span> <span class='ocrx_word' id='word_1_359' title='bbox 776 2435 821 2463; x_wconf 89' lang='lat' dir='ltr'>lac</span> <span class='ocrx_word' id='word_1_360' title='bbox 844 2436 908 2464; x_wconf 89' lang='lat' dir='ltr'>dedi</span> <span class='ocrx_word' id='word_1_361' title='bbox 921 2435 1002 2465; x_wconf 84' lang='lat' dir='ltr'>vobis</span> <span class='ocrx_word' id='word_1_362' title='bbox 1023 2437 1139 2472; x_wconf 89' lang='lat' dir='ltr'>potum,</span> <span class='ocrx_word' id='word_1_363' title='bbox 1157 2446 1214 2467; x_wconf 91' lang='grc'><strong>11011</strong></span> 
     </span>
     <span class='ocr_line' id='line_1_45' title="bbox 249 2483 1214 2525; baseline 0.005 -14"><span class='ocrx_word' id='word_1_364' title='bbox 249 2491 381 2511; x_wconf 80' lang='lat' dir='ltr'>escam».</span> <span class='ocrx_word' id='word_1_365' title='bbox 402 2483 524 2525; x_wconf 55' lang='lat' dir='ltr'>Lingua</span> <span class='ocrx_word' id='word_1_366' title='bbox 549 2483 690 2512; x_wconf 81' lang='lat' dir='ltr'>adhaeret</span> <span class='ocrx_word' id='word_1_367' title='bbox 714 2484 838 2519; x_wconf 79' lang='lat' dir='ltr'>palato,</span> <span class='ocrx_word' id='word_1_368' title='bbox 865 2485 977 2520; x_wconf 83' lang='lat' dir='ltr'>quando</span> <span class='ocrx_word' id='word_1_369' title='bbox 998 2486 1133 2521; x_wconf 80' lang='lat' dir='ltr'>cogitatio</span> <span class='ocrx_word' id='word_1_370' title='bbox 1156 2495 1214 2516; x_wconf 89' lang='grc'><strong>001·-</strong></span> 
     </span>
    </p>
   </div>
   <div class='ocr_carea' id='block_1_3' title="bbox 249 2531 1225 2575">
    <p class='ocr_par' dir='ltr' id='par_1_8' title="bbox 249 2531 1225 2575">
     <span class='ocr_line' id='line_1_46' title="bbox 249 2531 1225 2575; baseline 0.006 -16"><span class='ocrx_word' id='word_1_371' title='bbox 249 2531 292 2559; x_wconf 84' lang='grc'><strong>(115</strong></span> <span class='ocrx_word' id='word_1_372' title='bbox 313 2531 449 2559; x_wconf 81' lang='lat' dir='ltr'>adhaeret</span> <span class='ocrx_word' id='word_1_373' title='bbox 469 2532 584 2567; x_wconf 90' lang='lat' dir='ltr'>proprio</span> <span class='ocrx_word' id='word_1_374' title='bbox 598 2532 751 2565; x_wconf 60' lang='lat' dir='ltr'>desideum</span> <span class='ocrx_word' id='word_1_375' title='bbox 772 2532 802 2560; x_wconf 87' lang='lat' dir='ltr'>in</span> <span class='ocrx_word' id='word_1_376' title='bbox 822 2533 874 2561; x_wconf 88' lang='lat' dir='ltr'>siti</span> <span class='ocrx_word' id='word_1_377' title='bbox 888 2534 1041 2575; x_wconf 19' lang='lat' dir='ltr'>appetitus*</span> <span class='ocrx_word' id='word_1_378' title='bbox 1056 2535 1225 2571; x_wconf 60' lang='lat' dir='ltr'>doctrinae„</span> 
     </span>
    </p>
   </div>
   <div class='ocr_carea' id='block_1_4' title="bbox 98 2580 1215 3102">
    <p class='ocr_par' dir='ltr' id='par_1_9' title="bbox 98 2580 1215 2766">
     <span class='ocr_line' id='line_1_47' title="bbox 98 2580 1215 2620; baseline 0.006 -12"><span class='ocrx_word' id='word_1_379' title='bbox 98 2581 229 2608; x_wconf 73' lang='lat' dir='ltr'>Secundum·</span> <span class='ocrx_word' id='word_1_380' title='bbox 248 2580 277 2608; x_wconf 91' lang='lat' dir='ltr'>in</span> <span class='ocrx_word' id='word_1_381' title='bbox 288 2580 404 2616; x_wconf 77' lang='lat' dir='ltr'>palato,</span> <span class='ocrx_word' id='word_1_382' title='bbox 420 2580 468 2608; x_wconf 88' lang='lat' dir='ltr'>ubi</span> <span class='ocrx_word' id='word_1_383' title='bbox 483 2588 567 2615; x_wconf 87' lang='lat' dir='ltr'>sapor</span> <span class='ocrx_word' id='word_1_384' title='bbox 581 2580 669 2615; x_wconf 86' lang='lat' dir='ltr'>viget,</span> <span class='ocrx_word' id='word_1_385' title='bbox 688 2581 811 2609; x_wconf 89' lang='lat' dir='ltr'>carnalis</span> <span class='ocrx_word' id='word_1_386' title='bbox 826 2581 944 2610; x_wconf 88' lang='lat' dir='ltr'>affectio.</span> <span class='ocrx_word' id='word_1_387' title='bbox 956 2599 997 2603; x_wconf 97' lang='lat'><strong>—</strong></span> <span class='ocrx_word' id='word_1_388' title='bbox 1007 2584 1060 2612; x_wconf 85' lang='lat' dir='ltr'>Sed</span> <span class='ocrx_word' id='word_1_389' title='bbox 1071 2592 1122 2620; x_wconf 87' lang='lat' dir='ltr'>pro</span> <span class='ocrx_word' id='word_1_390' title='bbox 1133 2587 1215 2614; x_wconf 86' lang='lat' dir='ltr'>statu</span> 
     </span>
     <span class='ocr_line' id='line_1_48' title="bbox 244 2628 1214 2667; baseline 0.008 -12"><span class='ocrx_word' id='word_1_391' title='bbox 244 2628 464 2664; x_wconf 76' lang='lat' dir='ltr'>proficientium</span> <span class='ocrx_word' id='word_1_392' title='bbox 485 2628 632 2664; x_wconf 85' lang='lat' dir='ltr'>sequitur:</span> <span class='ocrx_word' id='word_1_393' title='bbox 655 2629 784 2657; x_wconf 82' lang='lat' dir='ltr'>Parvuli</span> <span class='ocrx_word' id='word_1_394' title='bbox 793 2630 960 2666; x_wconf 77' lang='lat' dir='ltr'>petierunt,</span> <span class='ocrx_word' id='word_1_395' title='bbox 982 2633 1096 2667; x_wconf 85' lang='lat' dir='ltr'>parvuli</span> <span class='ocrx_word' id='word_1_396' title='bbox 1110 2634 1214 2663; x_wconf 88' lang='lat' dir='ltr'>lacten-</span> 
     </span>
     <span class='ocr_line' id='line_1_49' title="bbox 249 2676 1214 2717; baseline 0.007 -13"><span class='ocrx_word' id='word_1_397' title='bbox 249 2676 327 2704; x_wconf 87' lang='lat' dir='ltr'>tibus</span> <span class='ocrx_word' id='word_1_398' title='bbox 348 2677 481 2710; x_wconf 82' lang='lat' dir='ltr'>maiores‚</span> <span class='ocrx_word' id='word_1_399' title='bbox 511 2676 560 2704; x_wconf 89' lang='lat' dir='ltr'>sed</span> <span class='ocrx_word' id='word_1_400' title='bbox 580 2677 705 2705; x_wconf 88' lang='lat' dir='ltr'>nondum</span> <span class='ocrx_word' id='word_1_401' title='bbox 734 2677 896 2712; x_wconf 87' lang='lat' dir='ltr'>quantitate</span> <span class='ocrx_word' id='word_1_402' title='bbox 917 2679 1047 2714; x_wconf 88' lang='lat' dir='ltr'>perfecti,</span> <span class='ocrx_word' id='word_1_403' title='bbox 1069 2682 1214 2717; x_wconf 88' lang='lat' dir='ltr'>petierunt</span> 
     </span>
     <span class='ocr_line' id='line_1_50' title="bbox 250 2725 1212 2766; baseline 0.008 -14"><span class='ocrx_word' id='word_1_404' title='bbox 250 2733 352 2760; x_wconf 88' lang='lat' dir='ltr'>panem</span> <span class='ocrx_word' id='word_1_405' title='bbox 373 2725 516 2753; x_wconf 85' lang='lat' dir='ltr'>doctrinae</span> <span class='ocrx_word' id='word_1_406' title='bbox 536 2725 685 2754; x_wconf 84' lang='lat' dir='ltr'>solidioris.</span> <span class='ocrx_word' id='word_1_407' title='bbox 707 2725 751 2753; x_wconf 86' lang='lat' dir='ltr'>Et</span> <span class='ocrx_word' id='word_1_408' title='bbox 770 2734 830 2754; x_wconf 89' lang='lat' dir='ltr'>non</span> <span class='ocrx_word' id='word_1_409' title='bbox 844 2728 909 2754; x_wconf 90' lang='lat' dir='ltr'>erat</span> <span class='ocrx_word' id='word_1_410' title='bbox 928 2728 980 2762; x_wconf 80' lang='lat' dir='ltr'>qui</span> <span class='ocrx_word' id='word_1_411' title='bbox 999 2727 1149 2766; x_wconf 73' lang='lat' dir='ltr'>franyeret</span> <span class='ocrx_word' id='word_1_412' title='bbox 1162 2732 1212 2760; x_wconf 88' lang='lat' dir='ltr'>eis.</span> 
     </span>
    </p>

    <p class='ocr_par' dir='ltr' id='par_1_10' title="bbox 98 2772 1213 3102">
     <span class='ocr_line' id='line_1_51' title="bbox 98 2772 1213 2812; baseline 0.007 -12"><span class='ocrx_word' id='word_1_413' title='bbox 98 2775 228 2797; x_wconf 64' lang='lat' dir='ltr'>Notandum.</span> <span class='ocrx_word' id='word_1_414' title='bbox 249 2773 337 2802; x_wconf 86' lang='lat' dir='ltr'>Panis</span> <span class='ocrx_word' id='word_1_415' title='bbox 357 2772 546 2809; x_wconf 64' lang='lat' dir='ltr'>frangendus,</span> <span class='ocrx_word' id='word_1_416' title='bbox 569 2782 625 2803; x_wconf 91' lang='lat' dir='ltr'>non</span> <span class='ocrx_word' id='word_1_417' title='bbox 646 2775 754 2803; x_wconf 89' lang='lat' dir='ltr'>curiose</span> <span class='ocrx_word' id='word_1_418' title='bbox 775 2774 958 2812; x_wconf 86' lang='lat' dir='ltr'>scindendus,</span> <span class='ocrx_word' id='word_1_419' title='bbox 980 2778 1045 2812; x_wconf 90' lang='lat' dir='ltr'>quia</span> <span class='ocrx_word' id='word_1_420' title='bbox 1070 2779 1151 2807; x_wconf 87' lang='lat' dir='ltr'>nulla</span> <span class='ocrx_word' id='word_1_421' title='bbox 1170 2780 1213 2808; x_wconf 90' lang='lat' dir='ltr'>di-</span> 
     </span>
     <span class='ocr_line' id='line_1_52' title="bbox 249 2815 1212 2859; baseline 0.006 -8"><span class='ocrx_word' id='word_1_422' title='bbox 249 2823 319 2853; x_wconf 86' lang='lat' dir='ltr'>visio</span> <span class='ocrx_word' id='word_1_423' title='bbox 335 2822 378 2851; x_wconf 87' lang='lat' dir='ltr'>est</span> <span class='ocrx_word' id='word_1_424' title='bbox 399 2823 541 2857; x_wconf 85' lang='lat' dir='ltr'>facienda,</span> <span class='ocrx_word' id='word_1_425' title='bbox 557 2832 628 2859; x_wconf 88' lang='lat' dir='ltr'>quae</span> <span class='ocrx_word' id='word_1_426' title='bbox 649 2832 706 2852; x_wconf 92' lang='lat' dir='ltr'>non</span> <span class='ocrx_word' id='word_1_427' title='bbox 720 2823 807 2852; x_wconf 86' lang='lat' dir='ltr'>faciat</span> <span class='ocrx_word' id='word_1_428' title='bbox 828 2815 869 2852; x_wconf 77' lang='lat' dir='ltr'>ad¹</span> <span class='ocrx_word' id='word_1_429' title='bbox 878 2824 1091 2855; x_wconf 85' lang='lat' dir='ltr'>elucidationem</span> <span class='ocrx_word' id='word_1_430' title='bbox 1111 2828 1212 2857; x_wconf 88' lang='lat' dir='ltr'>doctri-</span> 
     </span>
     <span class='ocr_line' id='line_1_53' title="bbox 248 2871 1213 2911; baseline 0.007 -12"><span class='ocrx_word' id='word_1_431' title='bbox 248 2879 317 2905; x_wconf 71' lang='grc' dir='ltr'><strong>115ος</strong></span> <span class='ocrx_word' id='word_1_432' title='bbox 343 2871 449 2900; x_wconf 87' lang='lat' dir='ltr'>Lucas:</span> <span class='ocrx_word' id='word_1_433' title='bbox 478 2883 492 2897; x_wconf 70' lang='grc' dir='ltr'><strong>α</strong></span> <span class='ocrx_word' id='word_1_434' title='bbox 508 2872 708 2908; x_wconf 81' lang='lat' dir='ltr'>Cognoverunt</span> <span class='ocrx_word' id='word_1_435' title='bbox 728 2881 791 2901; x_wconf 89' lang='lat' dir='ltr'>eum</span> <span class='ocrx_word' id='word_1_436' title='bbox 813 2873 843 2901; x_wconf 88' lang='lat' dir='ltr'>in</span> <span class='ocrx_word' id='word_1_437' title='bbox 864 2872 1000 2903; x_wconf 85' lang='lat' dir='ltr'>fractione</span> <span class='ocrx_word' id='word_1_438' title='bbox 1021 2876 1104 2911; x_wconf 88' lang='lat' dir='ltr'>panis</span> <span class='ocrx_word' id='word_1_439' title='bbox 1118 2888 1146 2904; x_wconf 67' lang='lat' dir='ltr'>n.</span> <span class='ocrx_word' id='word_1_440' title='bbox 1166 2877 1213 2906; x_wconf 91' lang='lat' dir='ltr'>Di-</span> 
     </span>
     <span class='ocr_line' id='line_1_54' title="bbox 247 2919 1212 2960; baseline 0.006 -12"><span class='ocrx_word' id='word_1_441' title='bbox 247 2919 337 2954; x_wconf 86' lang='lat' dir='ltr'>citur,</span> <span class='ocrx_word' id='word_1_442' title='bbox 360 2920 433 2956; x_wconf 90' lang='lat' dir='ltr'>quod</span> <span class='ocrx_word' id='word_1_443' title='bbox 449 2920 581 2949; x_wconf 87' lang='lat' dir='ltr'>Christus</span> <span class='ocrx_word' id='word_1_444' title='bbox 602 2921 641 2950; x_wconf 90' lang='lat' dir='ltr'>sic</span> <span class='ocrx_word' id='word_1_445' title='bbox 656 2920 820 2957; x_wconf 85' lang='lat' dir='ltr'>frangebat,</span> <span class='ocrx_word' id='word_1_446' title='bbox 843 2922 916 2957; x_wconf 89' lang='lat' dir='ltr'>quod</span> <span class='ocrx_word' id='word_1_447' title='bbox 930 2923 1027 2952; x_wconf 90' lang='lat' dir='ltr'>incisio</span> <span class='ocrx_word' id='word_1_448' title='bbox 1048 2924 1212 2960; x_wconf 86' lang='lat' dir='ltr'>videbatur;</span> 
     </span>
     <span class='ocr_line' id='line_1_55' title="bbox 247 2969 1213 3009; baseline 0.005 -11"><span class='ocrx_word' id='word_1_449' title='bbox 247 2970 287 2998; x_wconf 89' lang='lat' dir='ltr'>sic</span> <span class='ocrx_word' id='word_1_450' title='bbox 307 2969 393 2998; x_wconf 89' lang='lat' dir='ltr'>etiam</span> <span class='ocrx_word' id='word_1_451' title='bbox 414 2970 489 2998; x_wconf 86' lang='lat' dir='ltr'>certe</span> <span class='ocrx_word' id='word_1_452' title='bbox 509 2969 612 2998; x_wconf 88' lang='lat' dir='ltr'>debent</span> <span class='ocrx_word' id='word_1_453' title='bbox 640 2970 784 2998; x_wconf 88' lang='lat' dir='ltr'>continere</span> <span class='ocrx_word' id='word_1_454' title='bbox 804 2969 911 3004; x_wconf 83' lang='lat' dir='ltr'>fractio</span> <span class='ocrx_word' id='word_1_455' title='bbox 939 2972 1077 3001; x_wconf 88' lang='lat' dir='ltr'>evidentis</span> <span class='ocrx_word' id='word_1_456' title='bbox 1103 2974 1213 3009; x_wconf 81' lang='lat' dir='ltr'>exposi-</span> 
     </span>
     <span class='ocr_line' id='line_1_56' title="bbox 246 3011 1213 3057; baseline 0.005 -11"><span class='ocrx_word' id='word_1_457' title='bbox 246 3011 332 3048; x_wconf 82' lang='lat' dir='ltr'>tionis</span> <span class='ocrx_word' id='word_1_458' title='bbox 353 3018 381 3047; x_wconf 86' lang='lat' dir='ltr'>et</span> <span class='ocrx_word' id='word_1_459' title='bbox 403 3019 506 3047; x_wconf 86' lang='lat' dir='ltr'>incisio</span> <span class='ocrx_word' id='word_1_460' title='bbox 527 3018 723 3049; x_wconf 89' lang='lat' dir='ltr'>elucidationis</span> <span class='ocrx_word' id='word_1_461' title='bbox 744 3027 795 3055; x_wconf 86' lang='lat' dir='ltr'>per</span> <span class='ocrx_word' id='word_1_462' title='bbox 813 3018 991 3055; x_wconf 87' lang='lat' dir='ltr'>divisionem,</span> <span class='ocrx_word' id='word_1_463' title='bbox 1007 3021 1146 3057; x_wconf 87' lang='lat' dir='ltr'>quantum</span> <span class='ocrx_word' id='word_1_464' title='bbox 1170 3031 1213 3051; x_wconf 88' lang='lat' dir='ltr'>sa-</span> 
     </span>
     <span class='ocr_line' id='line_1_57' title="bbox 248 3067 557 3102; baseline 0.006 -8"><span class='ocrx_word' id='word_1_465' title='bbox 248 3067 371 3102; x_wconf 80' lang='lat' dir='ltr'>pientiae</span> <span class='ocrx_word' id='word_1_466' title='bbox 392 3067 557 3096; x_wconf 86' lang='lat' dir='ltr'>famulatur.</span> 
     </span>
    </p>
   </div>
   <div class='ocr_carea' id='block_1_5' title="bbox 243 3249 1207 3496">
    <p class='ocr_par' dir='ltr' id='par_1_11' title="bbox 243 3249 1207 3388">
     <span class='ocr_line' id='line_1_58' title="bbox 317 3249 1207 3290; baseline 0.009 -16"><span class='ocrx_word' id='word_1_467' title='bbox 317 3249 323 3263; x_wconf 89' lang='lat'><strong>¹</strong></span> <span class='ocrx_word' id='word_1_468' title='bbox 346 3250 428 3275; x_wconf 82' lang='lat' dir='ltr'>Codd.</span> <span class='ocrx_word' id='word_1_469' title='bbox 449 3250 489 3276; x_wconf 77' lang='lat' dir='ltr'>hic</span> <span class='ocrx_word' id='word_1_470' title='bbox 509 3251 648 3277; x_wconf 80' lang='lat' dir='ltr'>adiiciunt:</span> <span class='ocrx_word' id='word_1_471' title='bbox 669 3252 733 3278; x_wconf 84' lang='lat' dir='ltr'>Item</span> <span class='ocrx_word' id='word_1_472' title='bbox 754 3252 784 3284; x_wconf 84' lang='lat' dir='ltr'>(B</span> <span class='ocrx_word' id='word_1_473' title='bbox 803 3251 1009 3287; x_wconf 77' lang='lat' dir='ltr'>Hieronymus),</span> <span class='ocrx_word' id='word_1_474' title='bbox 1030 3253 1108 3281; x_wconf 72' lang='lat' dir='ltr'>vestis</span> <span class='ocrx_word' id='word_1_475' title='bbox 1127 3254 1207 3290; x_wconf 68' lang='lat' dir='ltr'>putea</span> 
     </span>
     <span class='ocr_line' id='line_1_59' title="bbox 246 3284 1207 3324; baseline 0.007 -14"><span class='ocrx_word' id='word_1_476' title='bbox 246 3285 275 3317; x_wconf 89' lang='lat' dir='ltr'>(B</span> <span class='ocrx_word' id='word_1_477' title='bbox 295 3284 424 3324; x_wconf 58' lang='lat' dir='ltr'>hispida),</span> <span class='ocrx_word' id='word_1_478' title='bbox 443 3285 584 3319; x_wconf 75' lang='lat' dir='ltr'>cinqutum</span> <span class='ocrx_word' id='word_1_479' title='bbox 602 3293 727 3313; x_wconf 75' lang='lat' dir='ltr'>sacceum</span> <span class='ocrx_word' id='word_1_480' title='bbox 740 3289 765 3314; x_wconf 84' lang='lat' dir='ltr'>et</span> <span class='ocrx_word' id='word_1_481' title='bbox 776 3286 894 3320; x_wconf 74' lang='lat' dir='ltr'>sordidis</span> <span class='ocrx_word' id='word_1_482' title='bbox 906 3288 1032 3315; x_wconf 68' lang='lat' dir='ltr'>manitius</span> <span class='ocrx_word' id='word_1_483' title='bbox 1044 3288 1207 3324; x_wconf 78' lang='lat' dir='ltr'>pedibusque</span> 
     </span>
     <span class='ocr_line' id='line_1_60' title="bbox 243 3321 1207 3360; baseline 0.007 -15"><span class='ocrx_word' id='word_1_484' title='bbox 243 3322 314 3346; x_wconf 80' lang='lat' dir='ltr'>vemt</span> <span class='ocrx_word' id='word_1_485' title='bbox 327 3321 357 3360; x_wconf 59' lang='grc'>(11</span> <span class='ocrx_word' id='word_1_486' title='bbox 370 3321 471 3353; x_wconf 79' lang='lat' dir='ltr'>venter)</span> <span class='ocrx_word' id='word_1_487' title='bbox 489 3321 579 3354; x_wconf 79' lang='lat' dir='ltr'>solus,</span> <span class='ocrx_word' id='word_1_488' title='bbox 599 3322 663 3356; x_wconf 79' lang='lat' dir='ltr'>quia</span> <span class='ocrx_word' id='word_1_489' title='bbox 676 3322 763 3349; x_wconf 85' lang='lat' dir='ltr'>videri</span> <span class='ocrx_word' id='word_1_490' title='bbox 774 3330 828 3349; x_wconf 86' lang='lat' dir='ltr'>non</span> <span class='ocrx_word' id='word_1_491' title='bbox 838 3324 934 3357; x_wconf 77' lang='lat' dir='ltr'>potest,</span> <span class='ocrx_word' id='word_1_492' title='bbox 949 3326 1042 3351; x_wconf 84' lang='lat' dir='ltr'>careat</span> <span class='ocrx_word' id='word_1_493' title='bbox 1054 3324 1120 3352; x_wconf 81' lang='lat' dir='ltr'>cibo.</span> <span class='ocrx_word' id='word_1_494' title='bbox 1133 3326 1207 3359; x_wconf 85' lang='lat' dir='ltr'>Quae</span> 
     </span>
     <span class='ocr_line' id='line_1_61' title="bbox 244 3356 890 3388; baseline 0.006 -8"><span class='ocrx_word' id='word_1_495' title='bbox 244 3358 369 3380; x_wconf 69' lang='lat' dir='ltr'>sententia</span> <span class='ocrx_word' id='word_1_496' title='bbox 390 3356 486 3382; x_wconf 77' lang='lat' dir='ltr'>exotica</span> <span class='ocrx_word' id='word_1_497' title='bbox 508 3357 577 3383; x_wconf 86' lang='lat' dir='ltr'>unde</span> <span class='ocrx_word' id='word_1_498' title='bbox 595 3358 640 3388; x_wconf 79' lang='lat' dir='ltr'>sit,</span> <span class='ocrx_word' id='word_1_499' title='bbox 659 3365 711 3384; x_wconf 84' lang='lat' dir='ltr'>non</span> <span class='ocrx_word' id='word_1_500' title='bbox 731 3358 890 3384; x_wconf 87' lang='lat' dir='ltr'>invenimus.</span> 
     </span>
    </p>

    <p class='ocr_par' dir='ltr' id='par_1_12' title="bbox 315 3389 1154 3429">
     <span class='ocr_line' id='line_1_62' title="bbox 315 3389 1154 3429; baseline 0.008 -14"><span class='ocrx_word' id='word_1_501' title='bbox 315 3389 325 3404; x_wconf 79' lang='lat'><strong>²</strong></span> <span class='ocrx_word' id='word_1_502' title='bbox 344 3390 407 3422; x_wconf 74' lang='lat' dir='ltr'>Cap.</span> <span class='ocrx_word' id='word_1_503' title='bbox 426 3391 457 3422; x_wconf 83' lang='lat'>9,</span> <span class='ocrx_word' id='word_1_504' title='bbox 478 3392 520 3417; x_wconf 73' lang='lat'>⁴6.</span> <span class='ocrx_word' id='word_1_505' title='bbox 540 3393 588 3424; x_wconf 73' lang='lat'>⁴7;</span> <span class='ocrx_word' id='word_1_506' title='bbox 607 3393 703 3419; x_wconf 83' lang='lat' dir='ltr'>deinde</span> <span class='ocrx_word' id='word_1_507' title='bbox 722 3394 808 3420; x_wconf 77' lang='lat' dir='ltr'>Matth.</span> <span class='ocrx_word' id='word_1_508' title='bbox 831 3394 877 3426; x_wconf 79' lang='lat'>¹3,</span> <span class='ocrx_word' id='word_1_509' title='bbox 897 3395 945 3427; x_wconf 78' lang='lat'>25;</span> <span class='ocrx_word' id='word_1_510' title='bbox 965 3395 1023 3421; x_wconf 83' lang='lat' dir='ltr'>lsai.</span> <span class='ocrx_word' id='word_1_511' title='bbox 1042 3395 1090 3429; x_wconf 62' lang='lat' dir='ltr'>et,</span> <span class='ocrx_word' id='word_1_512' title='bbox 1112 3395 1154 3423; x_wconf 69' lang='lat' dir='ltr'>it.</span> 
     </span>
    </p>

    <p class='ocr_par' dir='ltr' id='par_1_13' title="bbox 315 3424 599 3457">
     <span class='ocr_line' id='line_1_63' title="bbox 315 3424 599 3457; baseline 0.011 -7"><span class='ocrx_word' id='word_1_513' title='bbox 315 3424 325 3439; x_wconf 82' lang='lat'><strong>³</strong></span> <span class='ocrx_word' id='word_1_514' title='bbox 344 3425 408 3457; x_wconf 72' lang='lat' dir='ltr'>Cap.</span> <span class='ocrx_word' id='word_1_515' title='bbox 426 3427 474 3457; x_wconf 83' lang='lat'>39,</span> <span class='ocrx_word' id='word_1_516' title='bbox 495 3427 535 3452; x_wconf 72' lang='grc'><strong>1-1.</strong></span> <span class='ocrx_word' id='word_1_517' title='bbox 557 3428 599 3453; x_wconf 70' lang='grc'>15.</span> 
     </span>
    </p>

    <p class='ocr_par' dir='ltr' id='par_1_14' title="bbox 314 3460 857 3496">
     <span class='ocr_line' id='line_1_64' title="bbox 314 3460 857 3496; baseline 0.006 -9"><span class='ocrx_word' id='word_1_518' title='bbox 314 3460 325 3474; x_wconf 91' lang='lat'><strong>⁴</strong></span> <span class='ocrx_word' id='word_1_519' title='bbox 344 3460 408 3493; x_wconf 81' lang='lat' dir='ltr'>Cap.</span> <span class='ocrx_word' id='word_1_520' title='bbox 428 3463 458 3493; x_wconf 85' lang='lat'>3,</span> <span class='ocrx_word' id='word_1_521' title='bbox 478 3462 508 3494; x_wconf 71' lang='lat'>23</span> <span class='ocrx_word' id='word_1_522' title='bbox 527 3463 645 3496; x_wconf 83' lang='lat' dir='ltr'>sequitur</span> <span class='ocrx_word' id='word_1_523' title='bbox 664 3464 727 3490; x_wconf 88' lang='lat' dir='ltr'>Luc.</span> <span class='ocrx_word' id='word_1_524' title='bbox 746 3464 794 3495; x_wconf 68' lang='lat'>24,</span> <span class='ocrx_word' id='word_1_525' title='bbox 813 3465 857 3490; x_wconf 84' lang='lat'>35.</span> 
     </span>
    </p>
   </div>
   <div class='ocr_carea' id='block_1_6' title="bbox 959 287 1540 323">
    <p class='ocr_par' dir='ltr' id='par_1_15' title="bbox 959 287 1540 323">
     <span class='ocr_line' id='line_1_65' title="bbox 959 287 1540 323; baseline -0.007 0"><span class='ocrx_word' id='word_1_526' title='bbox 959 288 1157 323; x_wconf 89' lang='lat' dir='ltr'>EXPOSlTIO</span> <span class='ocrx_word' id='word_1_527' title='bbox 1180 287 1413 322; x_wconf 86' lang='lat' dir='ltr'>THRENORUM</span> <span class='ocrx_word' id='word_1_528' title='bbox 1435 287 1468 320; x_wconf 91' lang='lat' dir='ltr'>C.</span> <span class='ocrx_word' id='word_1_529' title='bbox 1491 287 1540 320; x_wconf 91' lang='lat' dir='ltr'>IV.</span> 
     </span>
    </p>
   </div>
   <div class='ocr_carea' id='block_1_7' title="bbox 1271 375 2413 3108">
    <p class='ocr_par' dir='ltr' id='par_1_16' title="bbox 1353 375 2392 413">
     <span class='ocr_line' id='line_1_66' title="bbox 1353 375 2392 413; baseline -0.002 -8"><span class='ocrx_word' id='word_1_530' title='bbox 1353 376 1384 405; x_wconf 78' lang='lat'>5.</span> <span class='ocrx_word' id='word_1_531' title='bbox 1404 377 1498 413; x_wconf 87' lang='lat' dir='ltr'>(Vers.</span> <span class='ocrx_word' id='word_1_532' title='bbox 1520 376 1562 413; x_wconf 88' lang='lat'>5.)</span> <span class='ocrx_word' id='word_1_533' title='bbox 1584 376 1640 404; x_wconf 81' lang='grc' dir='ltr'>ΗΕ.</span> <span class='ocrx_word' id='word_1_534' title='bbox 1664 375 1722 412; x_wconf 74' lang='lat' dir='ltr'>Qui</span> <span class='ocrx_word' id='word_1_535' title='bbox 1742 376 1935 404; x_wconf 80' lang='lat' dir='ltr'>vescebantur.</span> <span class='ocrx_word' id='word_1_536' title='bbox 1956 375 2011 404; x_wconf 90' lang='lat' dir='ltr'>Hic</span> <span class='ocrx_word' id='word_1_537' title='bbox 2030 375 2155 404; x_wconf 87' lang='lat' dir='ltr'>ostendit</span> <span class='ocrx_word' id='word_1_538' title='bbox 2180 375 2235 403; x_wconf 85' lang='lat' dir='ltr'>lae·</span> <span class='ocrx_word' id='word_1_539' title='bbox 2255 385 2357 408; x_wconf 72' lang='lat' dir='ltr'>Tertium.</span> <span class='ocrx_word' id='word_1_540' title='bbox 2391 387 2392 398; x_wconf 65' lang='lat'>2</span> 
     </span>
    </p>

    <p class='ocr_par' dir='ltr' id='par_1_17' title="bbox 1271 422 2393 1390">
     <span class='ocr_line' id='line_1_67' title="bbox 1271 422 2393 460; baseline -0.004 -5"><span class='ocrx_word' id='word_1_541' title='bbox 1271 427 1383 455; x_wconf 86' lang='lat' dir='ltr'>sionem</span> <span class='ocrx_word' id='word_1_542' title='bbox 1403 425 1554 455; x_wconf 86' lang='lat' dir='ltr'>Ecclesiae</span> <span class='ocrx_word' id='word_1_543' title='bbox 1573 426 1737 460; x_wconf 79' lang='lat' dir='ltr'>sequentem</span> <span class='ocrx_word' id='word_1_544' title='bbox 1757 432 1792 452; x_wconf 77' lang='lat' dir='ltr'>ex</span> <span class='ocrx_word' id='word_1_545' title='bbox 1810 424 1971 459; x_wconf 70' lang='lat' dir='ltr'>praedictis</span> <span class='ocrx_word' id='word_1_546' title='bbox 1988 433 2045 459; x_wconf 77' lang='lat' dir='ltr'>pro</span> <span class='ocrx_word' id='word_1_547' title='bbox 2065 425 2147 453; x_wconf 87' lang='lat' dir='ltr'>statu</span> <span class='ocrx_word' id='word_1_548' title='bbox 2166 431 2238 459; x_wconf 76' lang='lat' dir='ltr'>per·</span> <span class='ocrx_word' id='word_1_549' title='bbox 2392 422 2393 429; x_wconf 63' lang='lat'>¹</span> 
     </span>
     <span class='ocr_line' id='line_1_68' title="bbox 1272 472 2238 511; baseline -0.003 -8"><span class='ocrx_word' id='word_1_550' title='bbox 1272 474 1424 509; x_wconf 75' lang='lat' dir='ltr'>sectorum.</span> <span class='ocrx_word' id='word_1_551' title='bbox 1443 473 1500 511; x_wconf 78' lang='lat' dir='ltr'>Qui</span> <span class='ocrx_word' id='word_1_552' title='bbox 1513 473 1715 509; x_wconf 84' lang='lat' dir='ltr'>vescebantur,</span> <span class='ocrx_word' id='word_1_553' title='bbox 1730 473 1836 501; x_wconf 88' lang='lat' dir='ltr'>deliciis</span> <span class='ocrx_word' id='word_1_554' title='bbox 1850 472 2075 508; x_wconf 75' lang='lat' dir='ltr'>scripturarum,</span> <span class='ocrx_word' id='word_1_555' title='bbox 2087 472 2238 508; x_wconf 60' lang='lat' dir='ltr'>voluptuo-</span> 
     </span>
     <span class='ocr_line' id='line_1_69' title="bbox 1272 520 2238 560; baseline -0.005 -7"><span class='ocrx_word' id='word_1_556' title='bbox 1272 532 1319 560; x_wconf 87' lang='lat' dir='ltr'>se,</span> <span class='ocrx_word' id='word_1_557' title='bbox 1341 523 1441 552; x_wconf 89' lang='lat' dir='ltr'>sancta</span> <span class='ocrx_word' id='word_1_558' title='bbox 1454 522 1620 558; x_wconf 80' lang='lat' dir='ltr'>voluptate3</span> <span class='ocrx_word' id='word_1_559' title='bbox 1641 521 1787 558; x_wconf 86' lang='lat' dir='ltr'>Sapientia</span> <span class='ocrx_word' id='word_1_560' title='bbox 1799 520 1826 549; x_wconf 83' lang='lat'>⁵:</span> <span class='ocrx_word' id='word_1_561' title='bbox 1853 533 1868 546; x_wconf 75' lang='grc' dir='ltr'>α</span> <span class='ocrx_word' id='word_1_562' title='bbox 1882 521 2021 549; x_wconf 85' lang='lat' dir='ltr'>Paratum</span> <span class='ocrx_word' id='word_1_563' title='bbox 2042 521 2075 549; x_wconf 90' lang='lat' dir='ltr'>de</span> <span class='ocrx_word' id='word_1_564' title='bbox 2090 521 2166 550; x_wconf 88' lang='lat' dir='ltr'>caelo</span> <span class='ocrx_word' id='word_1_565' title='bbox 2187 529 2238 557; x_wconf 86' lang='lat' dir='ltr'>pa-</span> 
     </span>
     <span class='ocr_line' id='line_1_70' title="bbox 1273 569 2238 608; baseline -0.005 -6"><span class='ocrx_word' id='word_1_566' title='bbox 1273 582 1338 602; x_wconf 88' lang='lat' dir='ltr'>nem</span> <span class='ocrx_word' id='word_1_567' title='bbox 1370 571 1542 608; x_wconf 81' lang='lat' dir='ltr'>praestitisti</span> <span class='ocrx_word' id='word_1_568' title='bbox 1573 572 1628 605; x_wconf 85' lang='lat' dir='ltr'>eis,</span> <span class='ocrx_word' id='word_1_569' title='bbox 1651 579 1732 599; x_wconf 87' lang='lat' dir='ltr'>omne</span> <span class='ocrx_word' id='word_1_570' title='bbox 1763 570 2000 599; x_wconf 84' lang='lat' dir='ltr'>delectamentum</span> <span class='ocrx_word' id='word_1_571' title='bbox 2030 569 2182 598; x_wconf 88' lang='lat' dir='ltr'>habentem</span> <span class='ocrx_word' id='word_1_572' title='bbox 2209 570 2238 598; x_wconf 90' lang='lat' dir='ltr'>et</span> 
     </span>
     <span class='ocr_line' id='line_1_71' title="bbox 1274 619 2238 657; baseline -0.004 -6"><span class='ocrx_word' id='word_1_573' title='bbox 1274 622 1366 651; x_wconf 89' lang='lat' dir='ltr'>omnis</span> <span class='ocrx_word' id='word_1_574' title='bbox 1388 622 1498 657; x_wconf 88' lang='lat' dir='ltr'>saporis</span> <span class='ocrx_word' id='word_1_575' title='bbox 1513 620 1685 649; x_wconf 88' lang='lat' dir='ltr'>suavitatem</span> <span class='ocrx_word' id='word_1_576' title='bbox 1696 630 1729 654; x_wconf 76' lang='lat'>»3</span> <span class='ocrx_word' id='word_1_577' title='bbox 1751 619 1825 656; x_wconf 88' lang='lat' dir='ltr'>quod</span> <span class='ocrx_word' id='word_1_578' title='bbox 1846 619 1879 648; x_wconf 90' lang='lat' dir='ltr'>de</span> <span class='ocrx_word' id='word_1_579' title='bbox 1894 619 2064 655; x_wconf 88' lang='lat' dir='ltr'>Scripturis,</span> <span class='ocrx_word' id='word_1_580' title='bbox 2087 620 2132 648; x_wconf 84' lang='lat' dir='ltr'>vel</span> <span class='ocrx_word' id='word_1_581' title='bbox 2146 619 2180 648; x_wconf 89' lang='grc'>(10</span> <span class='ocrx_word' id='word_1_582' title='bbox 2194 619 2238 647; x_wconf 85' lang='grc'><strong>(10-</strong></span> 
     </span>
     <span class='ocr_line' id='line_1_72' title="bbox 1273 668 2239 704; baseline -0.003 -5"><span class='ocrx_word' id='word_1_583' title='bbox 1273 671 1346 700; x_wconf 82' lang='grc'><strong>110115</strong></span> <span class='ocrx_word' id='word_1_584' title='bbox 1376 670 1534 699; x_wconf 83' lang='lat' dir='ltr'>devotionis</span> <span class='ocrx_word' id='word_1_585' title='bbox 1546 691 1553 703; x_wconf 99' lang='lat'>,</span> <span class='ocrx_word' id='word_1_586' title='bbox 1585 670 1630 698; x_wconf 86' lang='lat' dir='ltr'>vel</span> <span class='ocrx_word' id='word_1_587' title='bbox 1665 668 1846 698; x_wconf 87' lang='lat' dir='ltr'>Sacramento</span> <span class='ocrx_word' id='word_1_588' title='bbox 1877 669 2081 697; x_wconf 89' lang='lat' dir='ltr'>communionis</span> <span class='ocrx_word' id='word_1_589' title='bbox 2115 668 2239 704; x_wconf 80' lang='lat' dir='ltr'>intelligi</span> 
     </span>
     <span class='ocr_line' id='line_1_73' title="bbox 1274 716 2240 756; baseline -0.003 -8"><span class='ocrx_word' id='word_1_590' title='bbox 1274 719 1379 756; x_wconf 86' lang='lat' dir='ltr'>potest.</span> <span class='ocrx_word' id='word_1_591' title='bbox 1400 719 1585 748; x_wconf 82' lang='lat' dir='ltr'>Interierwnt</span> <span class='ocrx_word' id='word_1_592' title='bbox 1603 719 1638 747; x_wconf 89' lang='lat' dir='ltr'>in</span> <span class='ocrx_word' id='word_1_593' title='bbox 1657 718 1726 755; x_wconf 80' lang='lat' dir='ltr'>viis,</span> <span class='ocrx_word' id='word_1_594' title='bbox 1747 717 1815 746; x_wconf 88' lang='lat' dir='ltr'>latis</span> <span class='ocrx_word' id='word_1_595' title='bbox 1831 718 1950 752; x_wconf 83' lang='lat' dir='ltr'>saeculi,</span> <span class='ocrx_word' id='word_1_596' title='bbox 1966 726 2037 754; x_wconf 90' lang='lat' dir='ltr'>quae</span> <span class='ocrx_word' id='word_1_597' title='bbox 2056 716 2189 746; x_wconf 72' lang='lat' dir='ltr'>«ducunt</span> <span class='ocrx_word' id='word_1_598' title='bbox 2202 717 2240 745; x_wconf 90' lang='lat' dir='ltr'>ad</span> 
     </span>
     <span class='ocr_line' id='line_1_74' title="bbox 1274 765 2240 804; baseline -0.002 -8"><span class='ocrx_word' id='word_1_599' title='bbox 1274 768 1498 804; x_wconf 79' lang='lat' dir='ltr'>perditionem»;</span> <span class='ocrx_word' id='word_1_600' title='bbox 1527 766 1690 802; x_wconf 87' lang='lat' dir='ltr'>Sapientia:</span> <span class='ocrx_word' id='word_1_601' title='bbox 1724 777 1738 791; x_wconf 68' lang='grc' dir='ltr'><strong>α</strong></span> <span class='ocrx_word' id='word_1_602' title='bbox 1753 766 1971 795; x_wconf 83' lang='lat' dir='ltr'>Ambulavimus</span> <span class='ocrx_word' id='word_1_603' title='bbox 1991 774 2042 802; x_wconf 91' lang='lat' dir='ltr'>per</span> <span class='ocrx_word' id='word_1_604' title='bbox 2072 766 2135 794; x_wconf 82' lang='lat' dir='ltr'>vias</span> <span class='ocrx_word' id='word_1_605' title='bbox 2165 765 2240 794; x_wconf 70' lang='lat' dir='ltr'>diffi-</span> 
     </span>
     <span class='ocr_line' id='line_1_75' title="bbox 1274 814 2240 852; baseline -0.003 -6"><span class='ocrx_word' id='word_1_606' title='bbox 1274 818 1341 846; x_wconf 90' lang='lat' dir='ltr'>ciles</span> <span class='ocrx_word' id='word_1_607' title='bbox 1355 829 1384 844; x_wconf 70' lang='lat' dir='ltr'>n.</span> <span class='ocrx_word' id='word_1_608' title='bbox 1398 817 1460 845; x_wconf 84' lang='lat' dir='ltr'>Hoc</span> <span class='ocrx_word' id='word_1_609' title='bbox 1480 816 1575 845; x_wconf 88' lang='lat' dir='ltr'>autem</span> <span class='ocrx_word' id='word_1_610' title='bbox 1590 815 1705 851; x_wconf 79' lang='lat' dir='ltr'>exponit</span> <span class='ocrx_word' id='word_1_611' title='bbox 1725 824 1826 844; x_wconf 87' lang='lat' dir='ltr'>versus</span> <span class='ocrx_word' id='word_1_612' title='bbox 1841 824 1977 852; x_wconf 89' lang='lat' dir='ltr'>sequens,</span> <span class='ocrx_word' id='word_1_613' title='bbox 1999 824 2062 844; x_wconf 91' lang='lat' dir='ltr'>cum</span> <span class='ocrx_word' id='word_1_614' title='bbox 2076 814 2159 844; x_wconf 88' lang='lat' dir='ltr'>dicit:</span> <span class='ocrx_word' id='word_1_615' title='bbox 2182 815 2240 852; x_wconf 77' lang='lat' dir='ltr'>Qui</span> 
     </span>
     <span class='ocr_line' id='line_1_76' title="bbox 1274 864 2239 901; baseline -0.001 -7"><span class='ocrx_word' id='word_1_616' title='bbox 1274 866 1485 895; x_wconf 85' lang='lat' dir='ltr'>nutriebantur</span> <span class='ocrx_word' id='word_1_617' title='bbox 1505 866 1538 894; x_wconf 87' lang='lat' dir='ltr'>in</span> <span class='ocrx_word' id='word_1_618' title='bbox 1558 866 1681 900; x_wconf 78' lang='lat' dir='ltr'>croceis;</span> <span class='ocrx_word' id='word_1_619' title='bbox 1703 865 1735 893; x_wconf 85' lang='lat' dir='ltr'>in</span> <span class='ocrx_word' id='word_1_620' title='bbox 1756 866 1879 901; x_wconf 85' lang='lat' dir='ltr'>croceis,</span> <span class='ocrx_word' id='word_1_621' title='bbox 1906 864 2111 901; x_wconf 85' lang='lat' dir='ltr'>spiritualiter,</span> <span class='ocrx_word' id='word_1_622' title='bbox 2133 864 2239 893; x_wconf 85' lang='lat' dir='ltr'>deliciis</span> 
     </span>
     <span class='ocr_line' id='line_1_77' title="bbox 1275 912 2240 950; baseline -0.001 -7"><span class='ocrx_word' id='word_1_623' title='bbox 1275 914 1539 950; x_wconf 85' lang='lat' dir='ltr'>contemplationis,</span> <span class='ocrx_word' id='word_1_624' title='bbox 1561 914 1607 942; x_wconf 86' lang='lat' dir='ltr'>vel</span> <span class='ocrx_word' id='word_1_625' title='bbox 1628 913 1809 942; x_wconf 86' lang='lat' dir='ltr'>meditatione</span> <span class='ocrx_word' id='word_1_626' title='bbox 1830 914 1984 942; x_wconf 89' lang='lat' dir='ltr'>dominicae</span> <span class='ocrx_word' id='word_1_627' title='bbox 2005 914 2155 949; x_wconf 86' lang='lat' dir='ltr'>passionis.</span> <span class='ocrx_word' id='word_1_628' title='bbox 2174 912 2240 943; x_wconf 76' lang='lat' dir='ltr'>Oto-</span> 
     </span>
     <span class='ocr_line' id='line_1_78' title="bbox 1274 962 2240 996; baseline -0.001 -4"><span class='ocrx_word' id='word_1_629' title='bbox 1274 972 1325 992; x_wconf 88' lang='lat' dir='ltr'>cus</span> <span class='ocrx_word' id='word_1_630' title='bbox 1346 964 1421 992; x_wconf 91' lang='lat' dir='ltr'>enim</span> <span class='ocrx_word' id='word_1_631' title='bbox 1441 963 1559 991; x_wconf 88' lang='lat' dir='ltr'>rubeum</span> <span class='ocrx_word' id='word_1_632' title='bbox 1580 962 1667 991; x_wconf 87' lang='lat' dir='ltr'>habet</span> <span class='ocrx_word' id='word_1_633' title='bbox 1687 962 1821 996; x_wconf 86' lang='lat' dir='ltr'>colorem,</span> <span class='ocrx_word' id='word_1_634' title='bbox 1842 962 1912 991; x_wconf 90' lang='lat' dir='ltr'>item</span> <span class='ocrx_word' id='word_1_635' title='bbox 1925 962 1955 991; x_wconf 88' lang='lat' dir='ltr'>et</span> <span class='ocrx_word' id='word_1_636' title='bbox 1974 962 2112 991; x_wconf 89' lang='lat' dir='ltr'>laetificat</span> <span class='ocrx_word' id='word_1_637' title='bbox 2130 962 2158 991; x_wconf 90' lang='lat' dir='ltr'>et</span> <span class='ocrx_word' id='word_1_638' title='bbox 2178 970 2240 991; x_wconf 87' lang='lat' dir='ltr'>con-</span> 
     </span>
     <span class='ocr_line' id='line_1_79' title="bbox 1276 1010 2241 1047; baseline -0.002 -6"><span class='ocrx_word' id='word_1_639' title='bbox 1276 1012 1366 1041; x_wconf 86' lang='lat' dir='ltr'>fortat</span> <span class='ocrx_word' id='word_1_640' title='bbox 1385 1020 1448 1046; x_wconf 90' lang='lat' dir='ltr'>cor,</span> <span class='ocrx_word' id='word_1_641' title='bbox 1470 1012 1544 1040; x_wconf 87' lang='lat' dir='ltr'>unde</span> <span class='ocrx_word' id='word_1_642' title='bbox 1558 1011 1721 1047; x_wconf 87' lang='lat' dir='ltr'>Scripturas</span> <span class='ocrx_word' id='word_1_643' title='bbox 1742 1010 1886 1047; x_wconf 86' lang='lat' dir='ltr'>significat</span> <span class='ocrx_word' id='word_1_644' title='bbox 1905 1011 2013 1039; x_wconf 85' lang='lat' dir='ltr'>Christi</span> <span class='ocrx_word' id='word_1_645' title='bbox 2034 1011 2172 1047; x_wconf 84' lang='lat' dir='ltr'>sanguine</span> <span class='ocrx_word' id='word_1_646' title='bbox 2192 1019 2241 1039; x_wconf 89' lang='lat' dir='ltr'>ru-</span> 
     </span>
     <span class='ocr_line' id='line_1_80' title="bbox 1276 1058 2241 1096; baseline -0.001 -7"><span class='ocrx_word' id='word_1_647' title='bbox 1276 1061 1416 1096; x_wconf 83' lang='lat' dir='ltr'>bricatas3</span> <span class='ocrx_word' id='word_1_648' title='bbox 1439 1061 1587 1089; x_wconf 84' lang='lat' dir='ltr'>Canticum</span> <span class='ocrx_word' id='word_1_649' title='bbox 1601 1058 1629 1088; x_wconf 78' lang='lat'>⁶:</span> <span class='ocrx_word' id='word_1_650' title='bbox 1656 1071 1671 1085; x_wconf 90' lang='lat'>‹&lt;</span> <span class='ocrx_word' id='word_1_651' title='bbox 1686 1059 1773 1095; x_wconf 88' lang='lat' dir='ltr'>Cypri</span> <span class='ocrx_word' id='word_1_652' title='bbox 1792 1067 1856 1087; x_wconf 89' lang='grc'><strong>011111</strong></span> <span class='ocrx_word' id='word_1_653' title='bbox 1877 1059 1982 1093; x_wconf 88' lang='lat' dir='ltr'>nardo,</span> <span class='ocrx_word' id='word_1_654' title='bbox 2003 1059 2111 1088; x_wconf 88' lang='lat' dir='ltr'>nardus</span> <span class='ocrx_word' id='word_1_655' title='bbox 2131 1059 2160 1093; x_wconf 79' lang='lat' dir='ltr'>et</span> <span class='ocrx_word' id='word_1_656' title='bbox 2183 1068 2241 1088; x_wconf 89' lang='lat' dir='ltr'>cro—</span> 
     </span>
     <span class='ocr_line' id='line_1_81' title="bbox 1276 1107 2240 1144; baseline -0.003 -5"><span class='ocrx_word' id='word_1_657' title='bbox 1276 1119 1340 1144; x_wconf 91' lang='lat' dir='ltr'>cus,</span> <span class='ocrx_word' id='word_1_658' title='bbox 1363 1110 1463 1138; x_wconf 90' lang='lat' dir='ltr'>fistula</span> <span class='ocrx_word' id='word_1_659' title='bbox 1484 1110 1513 1138; x_wconf 84' lang='lat' dir='ltr'>et</span> <span class='ocrx_word' id='word_1_660' title='bbox 1533 1110 1740 1138; x_wconf 88' lang='lat' dir='ltr'>cinnamomum</span> <span class='ocrx_word' id='word_1_661' title='bbox 1755 1120 1784 1136; x_wconf 81' lang='grc'>».</span> <span class='ocrx_word' id='word_1_662' title='bbox 1808 1107 1982 1144; x_wconf 71' lang='lat' dir='ltr'>Ampleoeati</span> <span class='ocrx_word' id='word_1_663' title='bbox 2008 1109 2079 1136; x_wconf 86' lang='lat' dir='ltr'>sunt</span> <span class='ocrx_word' id='word_1_664' title='bbox 2098 1109 2240 1144; x_wconf 87' lang='lat' dir='ltr'>stercora,</span> 
     </span>
     <span class='ocr_line' id='line_1_82' title="bbox 1276 1156 2242 1192; baseline -0.003 -4"><span class='ocrx_word' id='word_1_665' title='bbox 1276 1160 1305 1188; x_wconf 93' lang='lat' dir='ltr'>id</span> <span class='ocrx_word' id='word_1_666' title='bbox 1326 1159 1370 1188; x_wconf 89' lang='lat' dir='ltr'>est</span> <span class='ocrx_word' id='word_1_667' title='bbox 1390 1159 1519 1188; x_wconf 85' lang='lat' dir='ltr'>carnales</span> <span class='ocrx_word' id='word_1_668' title='bbox 1540 1159 1670 1192; x_wconf 81' lang='lat' dir='ltr'>delicias;</span> <span class='ocrx_word' id='word_1_669' title='bbox 1698 1157 1913 1187; x_wconf 88' lang='lat' dir='ltr'>Ecclesiasticus</span> <span class='ocrx_word' id='word_1_670' title='bbox 1926 1156 1952 1185; x_wconf 88' lang='lat'>⁷:</span> <span class='ocrx_word' id='word_1_671' title='bbox 1980 1168 1994 1182; x_wconf 89' lang='lat'>«</span> <span class='ocrx_word' id='word_1_672' title='bbox 2008 1157 2111 1185; x_wconf 91' lang='lat' dir='ltr'>Mulier</span> <span class='ocrx_word' id='word_1_673' title='bbox 2124 1157 2242 1186; x_wconf 85' lang='lat' dir='ltr'>fornica-</span> 
     </span>
     <span class='ocr_line' id='line_1_83' title="bbox 1277 1206 2242 1245; baseline -0.002 -8"><span class='ocrx_word' id='word_1_674' title='bbox 1277 1210 1321 1238; x_wconf 90' lang='lat' dir='ltr'>ria</span> <span class='ocrx_word' id='word_1_675' title='bbox 1348 1208 1430 1245; x_wconf 88' lang='lat' dir='ltr'>quasi</span> <span class='ocrx_word' id='word_1_676' title='bbox 1462 1207 1571 1236; x_wconf 88' lang='lat' dir='ltr'>stereus</span> <span class='ocrx_word' id='word_1_677' title='bbox 1592 1208 1622 1235; x_wconf 91' lang='lat' dir='ltr'>in</span> <span class='ocrx_word' id='word_1_678' title='bbox 1653 1207 1700 1235; x_wconf 89' lang='lat' dir='ltr'>via</span> <span class='ocrx_word' id='word_1_679' title='bbox 1730 1206 1940 1236; x_wconf 85' lang='lat' dir='ltr'>conculcabitur</span> <span class='ocrx_word' id='word_1_680' title='bbox 1958 1218 1987 1234; x_wconf 89' lang='lat'>&gt;›.</span> <span class='ocrx_word' id='word_1_681' title='bbox 2008 1206 2075 1240; x_wconf 90' lang='lat' dir='ltr'>Vel,</span> <span class='ocrx_word' id='word_1_682' title='bbox 2096 1207 2242 1242; x_wconf 89' lang='lat' dir='ltr'>stercora,</span> 
     </span>
     <span class='ocr_line' id='line_1_84' title="bbox 1277 1254 2242 1292; baseline -0.003 -6"><span class='ocrx_word' id='word_1_683' title='bbox 1277 1258 1351 1286; x_wconf 84' lang='lat' dir='ltr'>bona</span> <span class='ocrx_word' id='word_1_684' title='bbox 1372 1256 1556 1292; x_wconf 86' lang='lat' dir='ltr'>temporalia,</span> <span class='ocrx_word' id='word_1_685' title='bbox 1572 1264 1674 1285; x_wconf 86' lang='lat' dir='ltr'>aurum</span> <span class='ocrx_word' id='word_1_686' title='bbox 1701 1255 1731 1283; x_wconf 89' lang='lat' dir='ltr'>et</span> <span class='ocrx_word' id='word_1_687' title='bbox 1748 1254 1915 1291; x_wconf 75' lang='lat' dir='ltr'>argentum3</span> <span class='ocrx_word' id='word_1_688' title='bbox 1938 1255 2006 1283; x_wconf 91' lang='lat' dir='ltr'>sunt</span> <span class='ocrx_word' id='word_1_689' title='bbox 2029 1255 2104 1283; x_wconf 89' lang='lat' dir='ltr'>enim</span> <span class='ocrx_word' id='word_1_690' title='bbox 2125 1254 2242 1291; x_wconf 87' lang='lat' dir='ltr'>egestio-</span> 
     </span>
     <span class='ocr_line' id='line_1_85' title="bbox 1277 1303 2241 1341; baseline -0.003 -6"><span class='ocrx_word' id='word_1_691' title='bbox 1277 1315 1328 1335; x_wconf 89' lang='lat' dir='ltr'>nes</span> <span class='ocrx_word' id='word_1_692' title='bbox 1348 1305 1443 1337; x_wconf 85' lang='lat' dir='ltr'>terrae</span> <span class='ocrx_word' id='word_1_693' title='bbox 1467 1304 1619 1341; x_wconf 88' lang='lat' dir='ltr'>generatae</span> <span class='ocrx_word' id='word_1_694' title='bbox 1650 1304 1680 1332; x_wconf 89' lang='lat' dir='ltr'>in</span> <span class='ocrx_word' id='word_1_695' title='bbox 1706 1303 1806 1332; x_wconf 85' lang='lat' dir='ltr'>ventre</span> <span class='ocrx_word' id='word_1_696' title='bbox 1826 1303 1935 1338; x_wconf 82' lang='lat' dir='ltr'>terrae3</span> <span class='ocrx_word' id='word_1_697' title='bbox 1967 1304 2004 1332; x_wconf 89' lang='lat' dir='ltr'>ad</span> <span class='ocrx_word' id='word_1_698' title='bbox 2024 1303 2241 1340; x_wconf 82' lang='lat' dir='ltr'>Philippenses:</span> 
     </span>
     <span class='ocr_line' id='line_1_86' title="bbox 1284 1352 1813 1390; baseline -0.008 -6"><span class='ocrx_word' id='word_1_699' title='bbox 1284 1366 1298 1380; x_wconf 72' lang='grc' dir='ltr'>ι(</span> <span class='ocrx_word' id='word_1_700' title='bbox 1312 1354 1414 1384; x_wconf 85' lang='lat' dir='ltr'>Omnia</span> <span class='ocrx_word' id='word_1_701' title='bbox 1435 1353 1567 1390; x_wconf 88' lang='lat' dir='ltr'>reputavi</span> <span class='ocrx_word' id='word_1_702' title='bbox 1587 1353 1620 1381; x_wconf 91' lang='lat' dir='ltr'>ut</span> <span class='ocrx_word' id='word_1_703' title='bbox 1641 1352 1767 1381; x_wconf 86' lang='lat' dir='ltr'>stercora</span> <span class='ocrx_word' id='word_1_704' title='bbox 1784 1364 1813 1380; x_wconf 88' lang='lat'>».</span> 
     </span>
    </p>

    <p class='ocr_par' dir='ltr' id='par_1_18' title="bbox 1278 1401 2372 2029">
     <span class='ocr_line' id='line_1_87' title="bbox 1359 1401 2372 1439; baseline -0.002 -7"><span class='ocrx_word' id='word_1_705' title='bbox 1359 1404 1387 1432; x_wconf 86' lang='lat'>6.</span> <span class='ocrx_word' id='word_1_706' title='bbox 1411 1404 1505 1439; x_wconf 89' lang='lat' dir='ltr'>(Vers.</span> <span class='ocrx_word' id='word_1_707' title='bbox 1527 1403 1579 1439; x_wconf 90' lang='lat'>6.).</span> <span class='ocrx_word' id='word_1_708' title='bbox 1606 1402 1679 1431; x_wconf 61' lang='lat' dir='ltr'>Vin.</span> <span class='ocrx_word' id='word_1_709' title='bbox 1701 1402 1754 1430; x_wconf 85' lang='lat' dir='ltr'>Sed</span> <span class='ocrx_word' id='word_1_710' title='bbox 1781 1410 1814 1430; x_wconf 82' lang='lat' dir='ltr'>ex</span> <span class='ocrx_word' id='word_1_711' title='bbox 1835 1401 1887 1431; x_wconf 91' lang='lat' dir='ltr'>hoc</span> <span class='ocrx_word' id='word_1_712' title='bbox 1915 1401 2081 1436; x_wconf 87' lang='lat' dir='ltr'>ostendens,</span> <span class='ocrx_word' id='word_1_713' title='bbox 2104 1401 2243 1438; x_wconf 88' lang='lat' dir='ltr'>quantum</span> <span class='ocrx_word' id='word_1_714' title='bbox 2262 1408 2372 1435; x_wconf 78' lang='lat' dir='ltr'>Quartum.</span> 
     </span>
     <span class='ocr_line' id='line_1_88' title="bbox 1279 1450 2243 1487; baseline -0.002 -6"><span class='ocrx_word' id='word_1_715' title='bbox 1279 1453 1317 1481; x_wconf 89' lang='lat' dir='ltr'>sit</span> <span class='ocrx_word' id='word_1_716' title='bbox 1327 1453 1482 1487; x_wconf 75' lang='lat' dir='ltr'>peccatum</span> <span class='ocrx_word' id='word_1_717' title='bbox 1496 1451 1706 1487; x_wconf 71' lang='lat' dir='ltr'>neyliqentium</span> <span class='ocrx_word' id='word_1_718' title='bbox 1714 1450 1936 1486; x_wconf 74' lang='lat' dir='ltr'>praelatorum,</span> <span class='ocrx_word' id='word_1_719' title='bbox 1956 1450 2067 1483; x_wconf 84' lang='lat' dir='ltr'>subdit:</span> <span class='ocrx_word' id='word_1_720' title='bbox 2090 1451 2134 1479; x_wconf 87' lang='lat' dir='ltr'>Et</span> <span class='ocrx_word' id='word_1_721' title='bbox 2146 1451 2243 1480; x_wconf 88' lang='lat' dir='ltr'>maior</span> 
     </span>
     <span class='ocr_line' id='line_1_89' title="bbox 1279 1499 2243 1536; baseline -0.001 -6"><span class='ocrx_word' id='word_1_722' title='bbox 1279 1500 1380 1536; x_wconf 83' lang='lat' dir='ltr'>effecta</span> <span class='ocrx_word' id='word_1_723' title='bbox 1401 1501 1443 1529; x_wconf 82' lang='lat' dir='ltr'>est</span> <span class='ocrx_word' id='word_1_724' title='bbox 1462 1500 1607 1535; x_wconf 78' lang='lat' dir='ltr'>iniquitas</span> <span class='ocrx_word' id='word_1_725' title='bbox 1627 1499 1707 1534; x_wconf 72' lang='lat' dir='ltr'>filiae</span> <span class='ocrx_word' id='word_1_726' title='bbox 1723 1499 1832 1535; x_wconf 76' lang='lat' dir='ltr'>populi</span> <span class='ocrx_word' id='word_1_727' title='bbox 1852 1500 1922 1535; x_wconf 87' lang='lat' dir='ltr'>mei,</span> <span class='ocrx_word' id='word_1_728' title='bbox 1950 1499 2143 1535; x_wconf 87' lang='lat' dir='ltr'>praelatorum</span> <span class='ocrx_word' id='word_1_729' title='bbox 2156 1500 2243 1536; x_wconf 85' lang='lat' dir='ltr'>negli-</span> 
     </span>
     <span class='ocr_line' id='line_1_90' title="bbox 1279 1548 2244 1585; baseline -0.001 -7"><span class='ocrx_word' id='word_1_730' title='bbox 1279 1549 1420 1585; x_wconf 88' lang='lat' dir='ltr'>gentium,</span> <span class='ocrx_word' id='word_1_731' title='bbox 1441 1549 1474 1577; x_wconf 90' lang='lat' dir='ltr'>de</span> <span class='ocrx_word' id='word_1_732' title='bbox 1489 1557 1544 1585; x_wconf 91' lang='lat' dir='ltr'>qua</span> <span class='ocrx_word' id='word_1_733' title='bbox 1566 1557 1668 1585; x_wconf 87' lang='lat' dir='ltr'>supra:</span> <span class='ocrx_word' id='word_1_734' title='bbox 1696 1560 1710 1573; x_wconf 91' lang='lat'>«</span> <span class='ocrx_word' id='word_1_735' title='bbox 1721 1548 1799 1577; x_wconf 85' lang='lat' dir='ltr'>Filia</span> <span class='ocrx_word' id='word_1_736' title='bbox 1809 1549 1907 1584; x_wconf 81' lang='lat' dir='ltr'>populi</span> <span class='ocrx_word' id='word_1_737' title='bbox 1925 1549 1979 1577; x_wconf 88' lang='lat' dir='ltr'>mei</span> <span class='ocrx_word' id='word_1_738' title='bbox 1997 1548 2158 1584; x_wconf 73' lang='lat' dir='ltr'>crudelis»3</span> <span class='ocrx_word' id='word_1_739' title='bbox 2177 1557 2244 1584; x_wconf 75' lang='lat' dir='ltr'>pec-</span> 
     </span>
     <span class='ocr_line' id='line_1_91' title="bbox 1279 1598 2243 1634; baseline 0 -7"><span class='ocrx_word' id='word_1_740' title='bbox 1279 1600 1344 1627; x_wconf 82' lang='lat' dir='ltr'>cato</span> <span class='ocrx_word' id='word_1_741' title='bbox 1371 1598 1581 1634; x_wconf 86' lang='lat' dir='ltr'>Sodomorum,</span> <span class='ocrx_word' id='word_1_742' title='bbox 1603 1598 1743 1634; x_wconf 84' lang='lat' dir='ltr'>quantum</span> <span class='ocrx_word' id='word_1_743' title='bbox 1773 1598 1898 1632; x_wconf 86' lang='lat' dir='ltr'>adhoc,</span> <span class='ocrx_word' id='word_1_744' title='bbox 1930 1599 1997 1634; x_wconf 89' lang='lat' dir='ltr'>quia</span> <span class='ocrx_word' id='word_1_745' title='bbox 2026 1598 2070 1627; x_wconf 91' lang='lat' dir='ltr'>illi</span> <span class='ocrx_word' id='word_1_746' title='bbox 2101 1598 2243 1627; x_wconf 88' lang='lat' dir='ltr'>doctorem</span> 
     </span>
     <span class='ocr_line' id='line_1_92' title="bbox 1279 1647 2244 1684; baseline 0 -8"><span class='ocrx_word' id='word_1_747' title='bbox 1279 1656 1336 1676; x_wconf 93' lang='lat' dir='ltr'>non</span> <span class='ocrx_word' id='word_1_748' title='bbox 1356 1647 1534 1682; x_wconf 86' lang='lat' dir='ltr'>habuerunt;</span> <span class='ocrx_word' id='word_1_749' title='bbox 1557 1656 1630 1683; x_wconf 81' lang='lat' dir='ltr'>quae</span> <span class='ocrx_word' id='word_1_750' title='bbox 1644 1648 1781 1677; x_wconf 84' lang='lat' dir='ltr'>subversa</span> <span class='ocrx_word' id='word_1_751' title='bbox 1801 1649 1844 1677; x_wconf 88' lang='lat' dir='ltr'>est</span> <span class='ocrx_word' id='word_1_752' title='bbox 1863 1648 1896 1676; x_wconf 91' lang='lat' dir='ltr'>in</span> <span class='ocrx_word' id='word_1_753' title='bbox 1909 1649 2066 1684; x_wconf 88' lang='lat' dir='ltr'>momento,</span> <span class='ocrx_word' id='word_1_754' title='bbox 2088 1648 2117 1676; x_wconf 88' lang='lat' dir='ltr'>id</span> <span class='ocrx_word' id='word_1_755' title='bbox 2137 1647 2182 1677; x_wconf 90' lang='lat' dir='ltr'>est</span> <span class='ocrx_word' id='word_1_756' title='bbox 2196 1656 2244 1677; x_wconf 89' lang='lat' dir='ltr'>su-</span> 
     </span>
     <span class='ocr_line' id='line_1_93' title="bbox 1280 1696 2243 1733; baseline 0.001 -8"><span class='ocrx_word' id='word_1_757' title='bbox 1280 1696 1352 1731; x_wconf 84' lang='lat' dir='ltr'>bito,</span> <span class='ocrx_word' id='word_1_758' title='bbox 1375 1697 1403 1725; x_wconf 88' lang='lat' dir='ltr'>et</span> <span class='ocrx_word' id='word_1_759' title='bbox 1424 1697 1520 1725; x_wconf 85' lang='lat' dir='ltr'>tamen</span> <span class='ocrx_word' id='word_1_760' title='bbox 1541 1697 1589 1725; x_wconf 85' lang='lat' dir='ltr'>isti</span> <span class='ocrx_word' id='word_1_761' title='bbox 1611 1697 1659 1725; x_wconf 90' lang='lat' dir='ltr'>diu</span> <span class='ocrx_word' id='word_1_762' title='bbox 1687 1696 1864 1731; x_wconf 88' lang='lat' dir='ltr'>tolerantur,</span> <span class='ocrx_word' id='word_1_763' title='bbox 1886 1697 1920 1726; x_wconf 91' lang='lat' dir='ltr'>ut</span> <span class='ocrx_word' id='word_1_764' title='bbox 1941 1697 2104 1733; x_wconf 87' lang='lat' dir='ltr'>perenniter</span> <span class='ocrx_word' id='word_1_765' title='bbox 2125 1697 2243 1733; x_wconf 88' lang='lat' dir='ltr'>punian-</span> 
     </span>
     <span class='ocr_line' id='line_1_94' title="bbox 1280 1745 2243 1782; baseline 0.001 -8"><span class='ocrx_word' id='word_1_766' title='bbox 1280 1746 1338 1774; x_wconf 90' lang='lat' dir='ltr'>tur.</span> <span class='ocrx_word' id='word_1_767' title='bbox 1359 1746 1454 1774; x_wconf 89' lang='lat' dir='ltr'>Simile</span> <span class='ocrx_word' id='word_1_768' title='bbox 1482 1746 1558 1782; x_wconf 88' lang='lat' dir='ltr'>apud</span> <span class='ocrx_word' id='word_1_769' title='bbox 1579 1746 1757 1775; x_wconf 88' lang='lat' dir='ltr'>Matthaeum</span> <span class='ocrx_word' id='word_1_770' title='bbox 1773 1745 1800 1775; x_wconf 75' lang='lat'>⁸:</span> <span class='ocrx_word' id='word_1_771' title='bbox 1829 1758 1843 1771; x_wconf 68' lang='lat' dir='ltr'>e&lt;</span> <span class='ocrx_word' id='word_1_772' title='bbox 1864 1746 1968 1775; x_wconf 86' lang='lat' dir='ltr'>Terrae</span> <span class='ocrx_word' id='word_1_773' title='bbox 1995 1746 2177 1776; x_wconf 88' lang='lat' dir='ltr'>Sodomorum</span> <span class='ocrx_word' id='word_1_774' title='bbox 2203 1754 2243 1775; x_wconf 87' lang='lat' dir='ltr'>re-</span> 
     </span>
     <span class='ocr_line' id='line_1_95' title="bbox 1280 1795 2244 1831; baseline 0 -8"><span class='ocrx_word' id='word_1_775' title='bbox 1280 1795 1394 1825; x_wconf 91' lang='lat' dir='ltr'>missius</span> <span class='ocrx_word' id='word_1_776' title='bbox 1415 1795 1470 1824; x_wconf 89' lang='lat' dir='ltr'>erit</span> <span class='ocrx_word' id='word_1_777' title='bbox 1490 1796 1520 1824; x_wconf 92' lang='lat' dir='ltr'>in</span> <span class='ocrx_word' id='word_1_778' title='bbox 1534 1795 1577 1824; x_wconf 88' lang='lat' dir='ltr'>die</span> <span class='ocrx_word' id='word_1_779' title='bbox 1598 1795 1692 1824; x_wconf 90' lang='lat' dir='ltr'>iudicii</span> <span class='ocrx_word' id='word_1_780' title='bbox 1706 1804 1791 1831; x_wconf 87' lang='lat' dir='ltr'>quam</span> <span class='ocrx_word' id='word_1_781' title='bbox 1812 1795 1864 1824; x_wconf 89' lang='lat' dir='ltr'>tibi</span> <span class='ocrx_word' id='word_1_782' title='bbox 1879 1806 1912 1830; x_wconf 73' lang='lat'>»3</span> <span class='ocrx_word' id='word_1_783' title='bbox 1934 1797 1962 1824; x_wconf 82' lang='lat' dir='ltr'>et</span> <span class='ocrx_word' id='word_1_784' title='bbox 1981 1804 2041 1824; x_wconf 84' lang='lat' dir='ltr'>non</span> <span class='ocrx_word' id='word_1_785' title='bbox 2062 1796 2199 1831; x_wconf 78' lang='lat' dir='ltr'>ceperunt</span> <span class='ocrx_word' id='word_1_786' title='bbox 2210 1795 2244 1824; x_wconf 80' lang='lat' dir='ltr'>in</span> 
     </span>
     <span class='ocr_line' id='line_1_96' title="bbox 1279 1845 2243 1881; baseline 0 -8"><span class='ocrx_word' id='word_1_787' title='bbox 1279 1853 1329 1881; x_wconf 85' lang='lat' dir='ltr'>ea,</span> <span class='ocrx_word' id='word_1_788' title='bbox 1352 1845 1411 1873; x_wconf 88' lang='lat' dir='ltr'>filia</span> <span class='ocrx_word' id='word_1_789' title='bbox 1434 1845 1548 1881; x_wconf 90' lang='lat' dir='ltr'>populi,</span> <span class='ocrx_word' id='word_1_790' title='bbox 1570 1845 1598 1874; x_wconf 87' lang='lat' dir='ltr'>id</span> <span class='ocrx_word' id='word_1_791' title='bbox 1619 1845 1664 1874; x_wconf 88' lang='lat' dir='ltr'>est</span> <span class='ocrx_word' id='word_1_792' title='bbox 1684 1845 1805 1879; x_wconf 87' lang='lat' dir='ltr'>clericis,</span> <span class='ocrx_word' id='word_1_793' title='bbox 1827 1853 1934 1874; x_wconf 79' lang='lat' dir='ltr'>manus</span> <span class='ocrx_word' id='word_1_794' title='bbox 1949 1853 2122 1881; x_wconf 88' lang='lat' dir='ltr'>pauperum,</span> <span class='ocrx_word' id='word_1_795' title='bbox 2143 1845 2174 1873; x_wconf 91' lang='lat' dir='ltr'>in</span> <span class='ocrx_word' id='word_1_796' title='bbox 2188 1853 2243 1881; x_wconf 90' lang='lat' dir='ltr'>quo</span> 
     </span>
     <span class='ocr_line' id='line_1_97' title="bbox 1279 1894 2244 1931; baseline -0.001 -8"><span class='ocrx_word' id='word_1_797' title='bbox 1279 1894 1411 1931; x_wconf 84' lang='lat' dir='ltr'>arguitur</span> <span class='ocrx_word' id='word_1_798' title='bbox 1432 1903 1528 1923; x_wconf 89' lang='lat' dir='ltr'>eorum</span> <span class='ocrx_word' id='word_1_799' title='bbox 1549 1894 1687 1929; x_wconf 84' lang='lat' dir='ltr'>avaritia;</span> <span class='ocrx_word' id='word_1_800' title='bbox 1709 1894 1939 1924; x_wconf 86' lang='lat' dir='ltr'>Ecclesiasticus:</span> <span class='ocrx_word' id='word_1_801' title='bbox 1967 1906 1981 1919; x_wconf 89' lang='lat'>«</span> <span class='ocrx_word' id='word_1_802' title='bbox 1995 1894 2061 1923; x_wconf 88' lang='lat' dir='ltr'>Non</span> <span class='ocrx_word' id='word_1_803' title='bbox 2079 1894 2118 1925; x_wconf 87' lang='lat' dir='ltr'>sit</span> <span class='ocrx_word' id='word_1_804' title='bbox 2141 1902 2244 1923; x_wconf 86' lang='lat' dir='ltr'>manus</span> 
     </span>
     <span class='ocr_line' id='line_1_98' title="bbox 1279 1943 2242 1980; baseline -0.001 -8"><span class='ocrx_word' id='word_1_805' title='bbox 1279 1944 1330 1972; x_wconf 89' lang='lat' dir='ltr'>tua</span> <span class='ocrx_word' id='word_1_806' title='bbox 1361 1944 1492 1979; x_wconf 89' lang='lat' dir='ltr'>porrecta</span> <span class='ocrx_word' id='word_1_807' title='bbox 1517 1944 1553 1972; x_wconf 89' lang='lat' dir='ltr'>ad</span> <span class='ocrx_word' id='word_1_808' title='bbox 1581 1944 1773 1980; x_wconf 86' lang='lat' dir='ltr'>accipiendum</span> <span class='ocrx_word' id='word_1_809' title='bbox 1801 1944 1830 1973; x_wconf 91' lang='lat' dir='ltr'>et</span> <span class='ocrx_word' id='word_1_810' title='bbox 1860 1944 1897 1972; x_wconf 90' lang='lat' dir='ltr'>ad</span> <span class='ocrx_word' id='word_1_811' title='bbox 1924 1944 2048 1972; x_wconf 86' lang='lat' dir='ltr'>dandum</span> <span class='ocrx_word' id='word_1_812' title='bbox 2076 1943 2194 1972; x_wconf 88' lang='lat' dir='ltr'>collecta</span> <span class='ocrx_word' id='word_1_813' title='bbox 2207 1953 2242 1977; x_wconf 76' lang='grc' dir='ltr'>»ς</span> 
     </span>
     <span class='ocr_line' id='line_1_99' title="bbox 1278 1992 1995 2029; baseline -0.001 -8"><span class='ocrx_word' id='word_1_814' title='bbox 1278 1992 1446 2022; x_wconf 86' lang='lat' dir='ltr'>Proverbia:</span> <span class='ocrx_word' id='word_1_815' title='bbox 1473 2004 1488 2018; x_wconf 87' lang='lat'>‹&lt;</span> <span class='ocrx_word' id='word_1_816' title='bbox 1502 1993 1619 2021; x_wconf 91' lang='lat' dir='ltr'>Manum</span> <span class='ocrx_word' id='word_1_817' title='bbox 1640 2001 1721 2021; x_wconf 89' lang='lat' dir='ltr'>suam</span> <span class='ocrx_word' id='word_1_818' title='bbox 1741 1993 1855 2029; x_wconf 84' lang='lat' dir='ltr'>aperuit</span> <span class='ocrx_word' id='word_1_819' title='bbox 1874 1993 1995 2029; x_wconf 79' lang='lat' dir='ltr'>inopi».</span> 
     </span>
    </p>

    <p class='ocr_par' dir='ltr' id='par_1_19' title="bbox 1278 2035 2413 2422">
     <span class='ocr_line' id='line_1_100' title="bbox 1361 2035 2413 2093; baseline 0.002 -23"><span class='ocrx_word' id='word_1_820' title='bbox 1361 2042 1388 2070; x_wconf 83' lang='lat'>7.</span> <span class='ocrx_word' id='word_1_821' title='bbox 1415 2042 1510 2079; x_wconf 73' lang='lat' dir='ltr'>(Vers.</span> <span class='ocrx_word' id='word_1_822' title='bbox 1540 2042 1591 2079; x_wconf 87' lang='lat'>7.).</span> <span class='ocrx_word' id='word_1_823' title='bbox 1623 2042 1703 2070; x_wconf 58' lang='grc' dir='ltr'><strong>ΖΜΝ.</strong></span> <span class='ocrx_word' id='word_1_824' title='bbox 1739 2041 1939 2071; x_wconf 68' lang='lat' dir='ltr'>candidiores.</span> <span class='ocrx_word' id='word_1_825' title='bbox 1967 2041 2038 2072; x_wconf 70' lang='lat' dir='ltr'>Post</span> <span class='ocrx_word' id='word_1_826' title='bbox 2065 2041 2265 2093; x_wconf 62' lang='lat' dir='ltr'>deploratuml</span> <span class='ocrx_word' id='word_1_827' title='bbox 2294 2044 2390 2092; x_wconf 54' lang='lat' dir='ltr'>Quoads</span> <span class='ocrx_word' id='word_1_828' title='bbox 2412 2035 2413 2039; x_wconf 77' lang='grc'>’</span> 
     </span>
     <span class='ocr_line' id='line_1_101' title="bbox 1278 2076 2400 2127; baseline -0.001 -7"><span class='ocrx_word' id='word_1_829' title='bbox 1278 2091 1392 2127; x_wconf 84' lang='lat' dir='ltr'>lapsum</span> <span class='ocrx_word' id='word_1_830' title='bbox 1413 2091 1578 2120; x_wconf 88' lang='lat' dir='ltr'>clericorum</span> <span class='ocrx_word' id='word_1_831' title='bbox 1606 2091 1651 2119; x_wconf 83' lang='lat' dir='ltr'>vel</span> <span class='ocrx_word' id='word_1_832' title='bbox 1672 2091 1866 2127; x_wconf 82' lang='lat' dir='ltr'>praelatorum</span> <span class='ocrx_word' id='word_1_833' title='bbox 1893 2091 1939 2120; x_wconf 89' lang='lat' dir='ltr'>hic</span> <span class='ocrx_word' id='word_1_834' title='bbox 1969 2091 2104 2127; x_wconf 76' lang='lat' dir='ltr'>deplorat</span> <span class='ocrx_word' id='word_1_835' title='bbox 2128 2091 2245 2126; x_wconf 77' lang='lat' dir='ltr'>lapsum</span> <span class='ocrx_word' id='word_1_836' title='bbox 2266 2076 2400 2126; x_wconf 49' lang='lat' dir='ltr'>“Ertffiffiff&#39;</span> 
     </span>
     <span class='ocr_line' id='line_1_102' title="bbox 1278 2125 2353 2177; baseline 0 -9"><span class='ocrx_word' id='word_1_837' title='bbox 1278 2140 1501 2176; x_wconf 70' lang='lat' dir='ltr'>reliyiosorum,</span> <span class='ocrx_word' id='word_1_838' title='bbox 1517 2141 1607 2176; x_wconf 86' lang='lat' dir='ltr'>primo</span> <span class='ocrx_word' id='word_1_839' title='bbox 1622 2140 1790 2174; x_wconf 86' lang='lat' dir='ltr'>ostendens,</span> <span class='ocrx_word' id='word_1_840' title='bbox 1812 2141 1910 2176; x_wconf 85' lang='lat' dir='ltr'>quales</span> <span class='ocrx_word' id='word_1_841' title='bbox 1929 2140 2092 2177; x_wconf 70' lang='lat' dir='ltr'>aliquando</span> <span class='ocrx_word' id='word_1_842' title='bbox 2106 2139 2244 2174; x_wconf 74' lang='lat' dir='ltr'>fuerunt‚·</span> <span class='ocrx_word' id='word_1_843' title='bbox 2303 2125 2353 2146; x_wconf 64' lang='lat'>‘³¹¹⁰&#39;</span> 
     </span>
     <span class='ocr_line' id='line_1_103' title="bbox 1279 2188 2242 2224; baseline -0.001 -7"><span class='ocrx_word' id='word_1_844' title='bbox 1279 2189 1415 2223; x_wconf 85' lang='lat' dir='ltr'>secundo,</span> <span class='ocrx_word' id='word_1_845' title='bbox 1431 2189 1529 2224; x_wconf 90' lang='lat' dir='ltr'>quales</span> <span class='ocrx_word' id='word_1_846' title='bbox 1550 2189 1735 2218; x_wconf 80' lang='lat' dir='ltr'>recidivando</span> <span class='ocrx_word' id='word_1_847' title='bbox 1749 2188 1822 2223; x_wconf 83' lang='lat' dir='ltr'>facti</span> <span class='ocrx_word' id='word_1_848' title='bbox 1841 2190 1927 2217; x_wconf 74' lang='lat' dir='ltr'>sunt:</span> <span class='ocrx_word' id='word_1_849' title='bbox 1945 2189 2113 2224; x_wconf 73' lang='lat' dir='ltr'>Deniqrata</span> <span class='ocrx_word' id='word_1_850' title='bbox 2127 2190 2178 2217; x_wconf 85' lang='lat' dir='ltr'>est.</span> <span class='ocrx_word' id='word_1_851' title='bbox 2192 2188 2242 2217; x_wconf 83' lang='lat' dir='ltr'>Re-</span> 
     </span>
     <span class='ocr_line' id='line_1_104' title="bbox 1278 2236 2242 2274; baseline 0 -8"><span class='ocrx_word' id='word_1_852' title='bbox 1278 2237 1373 2273; x_wconf 85' lang='lat' dir='ltr'>ligiosi</span> <span class='ocrx_word' id='word_1_853' title='bbox 1394 2238 1506 2274; x_wconf 89' lang='lat' dir='ltr'>quidem</span> <span class='ocrx_word' id='word_1_854' title='bbox 1533 2238 1737 2274; x_wconf 86' lang='lat' dir='ltr'>intelliguntur</span> <span class='ocrx_word' id='word_1_855' title='bbox 1758 2246 1809 2273; x_wconf 88' lang='lat' dir='ltr'>per</span> <span class='ocrx_word' id='word_1_856' title='bbox 1838 2237 2030 2271; x_wconf 69' lang='lat' dir='ltr'>Nazaraeos,·</span> <span class='ocrx_word' id='word_1_857' title='bbox 2058 2236 2132 2272; x_wconf 80' lang='lat' dir='ltr'>unde</span> <span class='ocrx_word' id='word_1_858' title='bbox 2152 2237 2242 2266; x_wconf 85' lang='lat' dir='ltr'>Raba—</span> 
     </span>
     <span class='ocr_line' id='line_1_105' title="bbox 1278 2285 2243 2322; baseline -0.001 -7"><span class='ocrx_word' id='word_1_859' title='bbox 1278 2286 1372 2318; x_wconf 82' lang='lat' dir='ltr'>nus⁹:</span> <span class='ocrx_word' id='word_1_860' title='bbox 1399 2299 1413 2313; x_wconf 87' lang='lat'>‹&lt;</span> <span class='ocrx_word' id='word_1_861' title='bbox 1428 2287 1500 2322; x_wconf 81' lang='lat' dir='ltr'>Quid</span> <span class='ocrx_word' id='word_1_862' title='bbox 1521 2287 1731 2316; x_wconf 87' lang='lat' dir='ltr'>Nazaraeorum</span> <span class='ocrx_word' id='word_1_863' title='bbox 1755 2286 1867 2316; x_wconf 90' lang='lat' dir='ltr'>nomine</span> <span class='ocrx_word' id='word_1_864' title='bbox 1895 2287 1950 2314; x_wconf 88' lang='lat' dir='ltr'>nisi</span> <span class='ocrx_word' id='word_1_865' title='bbox 1982 2285 2186 2314; x_wconf 88' lang='lat' dir='ltr'>abstinentium</span> <span class='ocrx_word' id='word_1_866' title='bbox 2214 2286 2243 2315; x_wconf 88' lang='lat' dir='ltr'>et</span> 
     </span>
     <span class='ocr_line' id='line_1_106' title="bbox 1278 2335 2241 2373; baseline -0.003 -7"><span class='ocrx_word' id='word_1_867' title='bbox 1278 2337 1483 2366; x_wconf 89' lang='lat' dir='ltr'>continentium</span> <span class='ocrx_word' id='word_1_868' title='bbox 1505 2337 1566 2365; x_wconf 88' lang='lat' dir='ltr'>vita</span> <span class='ocrx_word' id='word_1_869' title='bbox 1595 2336 1774 2373; x_wconf 87' lang='lat' dir='ltr'>significatur</span> <span class='ocrx_word' id='word_1_870' title='bbox 1788 2337 1826 2363; x_wconf 70' lang='lat' dir='ltr'>»P</span> <span class='ocrx_word' id='word_1_871' title='bbox 1847 2336 1899 2364; x_wconf 87' lang='lat' dir='ltr'>Cui</span> <span class='ocrx_word' id='word_1_872' title='bbox 1920 2335 1949 2364; x_wconf 90' lang='lat' dir='ltr'>et</span> <span class='ocrx_word' id='word_1_873' title='bbox 1972 2343 2074 2364; x_wconf 89' lang='lat' dir='ltr'>nomen</span> <span class='ocrx_word' id='word_1_874' title='bbox 2095 2335 2241 2370; x_wconf 84' lang='lat' dir='ltr'>convenit,</span> 
     </span>
     <span class='ocr_line' id='line_1_107' title="bbox 1278 2385 1884 2422; baseline -0.003 -7"><span class='ocrx_word' id='word_1_875' title='bbox 1278 2387 1345 2422; x_wconf 90' lang='lat' dir='ltr'>quia</span> <span class='ocrx_word' id='word_1_876' title='bbox 1365 2386 1505 2415; x_wconf 88' lang='lat' dir='ltr'>Nazaraei</span> <span class='ocrx_word' id='word_1_877' title='bbox 1525 2385 1626 2421; x_wconf 76' lang='lat' dir='ltr'>floridi</span> <span class='ocrx_word' id='word_1_878' title='bbox 1645 2385 1884 2421; x_wconf 88' lang='lat' dir='ltr'>interpretantur.</span> 
     </span>
    </p>

    <p class='ocr_par' dir='ltr' id='par_1_20' title="bbox 1278 2433 2393 2618">
     <span class='ocr_line' id='line_1_108' title="bbox 1359 2433 2393 2486; baseline -0.005 -22"><span class='ocrx_word' id='word_1_879' title='bbox 1359 2435 1435 2465; x_wconf 86' lang='lat' dir='ltr'>Dicit</span> <span class='ocrx_word' id='word_1_880' title='bbox 1462 2444 1548 2472; x_wconf 82' lang='lat' dir='ltr'>ergo:</span> <span class='ocrx_word' id='word_1_881' title='bbox 1582 2434 1776 2464; x_wconf 77' lang='lat' dir='ltr'>Candidiorcs</span> <span class='ocrx_word' id='word_1_882' title='bbox 1808 2433 1963 2463; x_wconf 67' lang='lat' dir='ltr'>Nazaraei</span> <span class='ocrx_word' id='word_1_883' title='bbox 1990 2433 2052 2462; x_wconf 90' lang='lat' dir='ltr'>eius</span> <span class='ocrx_word' id='word_1_884' title='bbox 2082 2433 2162 2469; x_wconf 78' lang='lat' dir='ltr'>nive,</span> <span class='ocrx_word' id='word_1_885' title='bbox 2191 2441 2242 2469; x_wconf 84' lang='lat' dir='ltr'>per</span> <span class='ocrx_word' id='word_1_886' title='bbox 2260 2437 2393 2486; x_wconf 51' lang='lat' dir='ltr'>Quarlffirue·</span> 
     </span>
     <span class='ocr_line' id='line_1_109' title="bbox 1278 2480 2352 2519; baseline -0.002 -7"><span class='ocrx_word' id='word_1_887' title='bbox 1278 2484 1524 2514; x_wconf 87' lang='lat' dir='ltr'>mortificationem</span> <span class='ocrx_word' id='word_1_888' title='bbox 1550 2485 1644 2513; x_wconf 86' lang='lat' dir='ltr'>carnis</span> <span class='ocrx_word' id='word_1_889' title='bbox 1674 2484 1703 2513; x_wconf 88' lang='lat' dir='ltr'>et</span> <span class='ocrx_word' id='word_1_890' title='bbox 1729 2483 1934 2519; x_wconf 88' lang='lat' dir='ltr'>repressionem</span> <span class='ocrx_word' id='word_1_891' title='bbox 1965 2483 2040 2511; x_wconf 75' lang='lat' dir='ltr'>noxii</span> <span class='ocrx_word' id='word_1_892' title='bbox 2061 2483 2163 2511; x_wconf 78' lang='lat' dir='ltr'>caloris</span> <span class='ocrx_word' id='word_1_893' title='bbox 2190 2491 2241 2518; x_wconf 80' lang='lat' dir='ltr'>per</span> <span class='ocrx_word' id='word_1_894' title='bbox 2347 2480 2352 2486; x_wconf 91' lang='lat'>&#39;</span> 
     </span>
     <span class='ocr_line' id='line_1_110' title="bbox 1278 2531 2242 2569; baseline -0.001 -8"><span class='ocrx_word' id='word_1_895' title='bbox 1278 2533 1456 2568; x_wconf 88' lang='lat' dir='ltr'>spiritualem</span> <span class='ocrx_word' id='word_1_896' title='bbox 1482 2533 1678 2569; x_wconf 84' lang='lat' dir='ltr'>frigiditatem.</span> <span class='ocrx_word' id='word_1_897' title='bbox 1699 2532 1738 2560; x_wconf 88' lang='lat' dir='ltr'>Et</span> <span class='ocrx_word' id='word_1_898' title='bbox 1766 2532 1834 2560; x_wconf 86' lang='lat' dir='ltr'>bene</span> <span class='ocrx_word' id='word_1_899' title='bbox 1855 2531 1917 2560; x_wconf 85' lang='lat' dir='ltr'>nivi</span> <span class='ocrx_word' id='word_1_900' title='bbox 1941 2531 2124 2567; x_wconf 90' lang='lat' dir='ltr'>comparatur</span> <span class='ocrx_word' id='word_1_901' title='bbox 2147 2532 2242 2561; x_wconf 88' lang='lat' dir='ltr'>carnis</span> 
     </span>
     <span class='ocr_line' id='line_1_111' title="bbox 1278 2580 2241 2618; baseline -0.001 -8"><span class='ocrx_word' id='word_1_902' title='bbox 1278 2582 1433 2615; x_wconf 84' lang='lat' dir='ltr'>munditia,</span> <span class='ocrx_word' id='word_1_903' title='bbox 1455 2582 1521 2618; x_wconf 87' lang='lat' dir='ltr'>quia</span> <span class='ocrx_word' id='word_1_904' title='bbox 1542 2581 1663 2610; x_wconf 84' lang='lat' dir='ltr'>faciliter</span> <span class='ocrx_word' id='word_1_905' title='bbox 1689 2580 1824 2613; x_wconf 69' lang='lat' dir='ltr'>solvitur,</span> <span class='ocrx_word' id='word_1_906' title='bbox 1852 2580 1908 2608; x_wconf 91' lang='lat' dir='ltr'>nisi</span> <span class='ocrx_word' id='word_1_907' title='bbox 1934 2580 2025 2616; x_wconf 84' lang='lat' dir='ltr'>frigus</span> <span class='ocrx_word' id='word_1_908' title='bbox 2050 2580 2241 2610; x_wconf 88' lang='lat' dir='ltr'>continuetur.</span> 
     </span>
    </p>

    <p class='ocr_par' dir='ltr' id='par_1_21' title="bbox 1275 2628 2242 3108">
     <span class='ocr_line' id='line_1_112' title="bbox 1278 2628 2242 2664; baseline -0.001 -5"><span class='ocrx_word' id='word_1_909' title='bbox 1278 2630 1380 2659; x_wconf 83' lang='lat' dir='ltr'>Flante</span> <span class='ocrx_word' id='word_1_910' title='bbox 1394 2631 1468 2659; x_wconf 89' lang='lat' dir='ltr'>enim</span> <span class='ocrx_word' id='word_1_911' title='bbox 1490 2630 1602 2663; x_wconf 88' lang='lat' dir='ltr'>austro,</span> <span class='ocrx_word' id='word_1_912' title='bbox 1623 2630 1653 2658; x_wconf 85' lang='lat' dir='ltr'>id</span> <span class='ocrx_word' id='word_1_913' title='bbox 1671 2629 1715 2658; x_wconf 87' lang='lat' dir='ltr'>est</span> <span class='ocrx_word' id='word_1_914' title='bbox 1736 2628 1927 2664; x_wconf 86' lang='lat' dir='ltr'>prosperitate</span> <span class='ocrx_word' id='word_1_915' title='bbox 1941 2629 2098 2664; x_wconf 88' lang='lat' dir='ltr'>accidente,</span> <span class='ocrx_word' id='word_1_916' title='bbox 2120 2629 2242 2659; x_wconf 84' lang='lat' dir='ltr'>faciliter</span> 
     </span>
     <span class='ocr_line' id='line_1_113' title="bbox 1277 2677 2240 2714; baseline -0.001 -6"><span class='ocrx_word' id='word_1_917' title='bbox 1277 2679 1450 2714; x_wconf 76' lang='lat' dir='ltr'>resolvitur-3</span> <span class='ocrx_word' id='word_1_918' title='bbox 1472 2679 1605 2707; x_wconf 88' lang='lat' dir='ltr'>Psalmus</span> <span class='ocrx_word' id='word_1_919' title='bbox 1618 2677 1657 2707; x_wconf 88' lang='lat'>¹⁰:</span> <span class='ocrx_word' id='word_1_920' title='bbox 1685 2689 1700 2703; x_wconf 87' lang='lat'>«</span> <span class='ocrx_word' id='word_1_921' title='bbox 1714 2677 1839 2706; x_wconf 87' lang='lat' dir='ltr'>Lavabis</span> <span class='ocrx_word' id='word_1_922' title='bbox 1857 2686 1917 2712; x_wconf 89' lang='lat' dir='ltr'>me,</span> <span class='ocrx_word' id='word_1_923' title='bbox 1933 2678 1962 2706; x_wconf 88' lang='lat' dir='ltr'>et</span> <span class='ocrx_word' id='word_1_924' title='bbox 1976 2687 2062 2714; x_wconf 89' lang='lat' dir='ltr'>super</span> <span class='ocrx_word' id='word_1_925' title='bbox 2082 2679 2176 2707; x_wconf 88' lang='lat' dir='ltr'>nivem</span> <span class='ocrx_word' id='word_1_926' title='bbox 2196 2679 2240 2707; x_wconf 77' lang='lat' dir='ltr'>de·</span> 
     </span>
     <span class='ocr_line' id='line_1_114' title="bbox 1277 2725 2241 2763; baseline 0 -7"><span class='ocrx_word' id='word_1_927' title='bbox 1277 2728 1395 2757; x_wconf 89' lang='lat' dir='ltr'>albabor</span> <span class='ocrx_word' id='word_1_928' title='bbox 1409 2738 1443 2762; x_wconf 73' lang='lat'>»3</span> <span class='ocrx_word' id='word_1_929' title='bbox 1465 2736 1530 2756; x_wconf 86' lang='lat' dir='ltr'>vere</span> <span class='ocrx_word' id='word_1_930' title='bbox 1550 2734 1637 2762; x_wconf 72' lang='lat' dir='ltr'>super</span> <span class='ocrx_word' id='word_1_931' title='bbox 1656 2726 1751 2755; x_wconf 84' lang='lat' dir='ltr'>nivem</span> <span class='ocrx_word' id='word_1_932' title='bbox 1777 2725 1930 2755; x_wconf 80' lang='lat' dir='ltr'>dealbatur</span> <span class='ocrx_word' id='word_1_933' title='bbox 1955 2728 2004 2763; x_wconf 89' lang='lat' dir='ltr'>qui</span> <span class='ocrx_word' id='word_1_934' title='bbox 2023 2727 2171 2756; x_wconf 87' lang='lat' dir='ltr'>affluentia</span> <span class='ocrx_word' id='word_1_935' title='bbox 2184 2735 2241 2756; x_wconf 88' lang='lat' dir='ltr'>nou</span> 
     </span>
     <span class='ocr_line' id='line_1_115' title="bbox 1277 2774 2240 2812; baseline 0 -7"><span class='ocrx_word' id='word_1_936' title='bbox 1277 2776 1479 2812; x_wconf 87' lang='lat' dir='ltr'>corrumpitur.</span> <span class='ocrx_word' id='word_1_937' title='bbox 1510 2775 1677 2805; x_wconf 85' lang='lat' dir='ltr'>Nitidiores</span> <span class='ocrx_word' id='word_1_938' title='bbox 1699 2774 1787 2810; x_wconf 85' lang='lat' dir='ltr'>lacte,</span> <span class='ocrx_word' id='word_1_939' title='bbox 1820 2775 1849 2803; x_wconf 93' lang='lat' dir='ltr'>in</span> <span class='ocrx_word' id='word_1_940' title='bbox 1872 2781 1927 2812; x_wconf 83' lang='lat' dir='ltr'>quo</span> <span class='ocrx_word' id='word_1_941' title='bbox 1959 2776 2099 2805; x_wconf 86' lang='lat' dir='ltr'>munditia</span> <span class='ocrx_word' id='word_1_942' title='bbox 2128 2776 2240 2810; x_wconf 74' lang='lat' dir='ltr'>cor-die,</span> 
     </span>
     <span class='ocr_line' id='line_1_116' title="bbox 1277 2823 2240 2865; baseline 0 -12"><span class='ocrx_word' id='word_1_943' title='bbox 1277 2825 1359 2860; x_wconf 86' lang='lat' dir='ltr'>quia,</span> <span class='ocrx_word' id='word_1_944' title='bbox 1380 2824 1454 2853; x_wconf 88' lang='lat' dir='ltr'>sicut</span> <span class='ocrx_word' id='word_1_945' title='bbox 1475 2823 1528 2852; x_wconf 71' lang='lat' dir='ltr'>nia·</span> <span class='ocrx_word' id='word_1_946' title='bbox 1548 2823 1642 2857; x_wconf 79' lang='lat' dir='ltr'>extra,</span> <span class='ocrx_word' id='word_1_947' title='bbox 1665 2823 1705 2852; x_wconf 87' lang='lat' dir='ltr'>sic</span> <span class='ocrx_word' id='word_1_948' title='bbox 1730 2823 1776 2852; x_wconf 83' lang='lat' dir='ltr'>lac</span> <span class='ocrx_word' id='word_1_949' title='bbox 1796 2824 1874 2853; x_wconf 89' lang='lat' dir='ltr'>intra</span> <span class='ocrx_word' id='word_1_950' title='bbox 1896 2825 2060 2860; x_wconf 80' lang='lat' dir='ltr'>perducitur</span> <span class='ocrx_word' id='word_1_951' title='bbox 2080 2825 2117 2865; x_wconf 70' lang='lat' dir='ltr'>ad</span> <span class='ocrx_word' id='word_1_952' title='bbox 2141 2824 2240 2854; x_wconf 85' lang='lat' dir='ltr'>cando-</span> 
     </span>
     <span class='ocr_line' id='line_1_117' title="bbox 1276 2871 2240 2909; baseline 0 -7"><span class='ocrx_word' id='word_1_953' title='bbox 1276 2882 1336 2902; x_wconf 85' lang='lat' dir='ltr'>rem</span> <span class='ocrx_word' id='word_1_954' title='bbox 1358 2882 1408 2909; x_wconf 86' lang='lat' dir='ltr'>per</span> <span class='ocrx_word' id='word_1_955' title='bbox 1438 2872 1673 2909; x_wconf 89' lang='lat' dir='ltr'>putrefactionem</span> <span class='ocrx_word' id='word_1_956' title='bbox 1704 2873 1865 2909; x_wconf 82' lang='lat' dir='ltr'>sanguinis,</span> <span class='ocrx_word' id='word_1_957' title='bbox 1890 2874 1919 2902; x_wconf 88' lang='lat' dir='ltr'>id</span> <span class='ocrx_word' id='word_1_958' title='bbox 1950 2874 1995 2902; x_wconf 91' lang='lat' dir='ltr'>est</span> <span class='ocrx_word' id='word_1_959' title='bbox 2022 2871 2240 2903; x_wconf 63' lang='lat' dir='ltr'>&#39;exstinctionem</span> 
     </span>
     <span class='ocr_line' id='line_1_118' title="bbox 1277 2921 2239 2959; baseline -0.001 -8"><span class='ocrx_word' id='word_1_960' title='bbox 1277 2923 1368 2955; x_wconf 86' lang='lat' dir='ltr'>omnis</span> <span class='ocrx_word' id='word_1_961' title='bbox 1388 2921 1584 2951; x_wconf 83' lang='lat' dir='ltr'>immunditiae</span> <span class='ocrx_word' id='word_1_962' title='bbox 1605 2921 1634 2950; x_wconf 88' lang='lat' dir='ltr'>et</span> <span class='ocrx_word' id='word_1_963' title='bbox 1647 2921 1807 2950; x_wconf 88' lang='lat' dir='ltr'>immundae</span> <span class='ocrx_word' id='word_1_964' title='bbox 1824 2922 1981 2952; x_wconf 84' lang='lat' dir='ltr'>affectionis</span> <span class='ocrx_word' id='word_1_965' title='bbox 1999 2923 2029 2951; x_wconf 89' lang='lat' dir='ltr'>et</span> <span class='ocrx_word' id='word_1_966' title='bbox 2049 2921 2239 2959; x_wconf 83' lang='lat' dir='ltr'>cogitationis.</span> 
     </span>
     <span class='ocr_line' id='line_1_119' title="bbox 1276 2970 2239 3008; baseline 0 -8"><span class='ocrx_word' id='word_1_967' title='bbox 1276 2971 1342 3006; x_wconf 77' lang='lat' dir='ltr'>Vel,</span> <span class='ocrx_word' id='word_1_968' title='bbox 1363 2972 1393 3000; x_wconf 90' lang='lat' dir='ltr'>in</span> <span class='ocrx_word' id='word_1_969' title='bbox 1418 2972 1513 3000; x_wconf 85' lang='lat' dir='ltr'>nitore</span> <span class='ocrx_word' id='word_1_970' title='bbox 1535 2970 1621 2999; x_wconf 86' lang='lat' dir='ltr'>lactis</span> <span class='ocrx_word' id='word_1_971' title='bbox 1646 2970 1765 3000; x_wconf 87' lang='lat' dir='ltr'>affectus</span> <span class='ocrx_word' id='word_1_972' title='bbox 1785 2972 1901 3007; x_wconf 89' lang='lat' dir='ltr'>pietatis</span> <span class='ocrx_word' id='word_1_973' title='bbox 1927 2972 1956 3000; x_wconf 89' lang='lat' dir='ltr'>et</span> <span class='ocrx_word' id='word_1_974' title='bbox 1976 2980 2062 3008; x_wconf 80' lang='lat' dir='ltr'>opera</span> <span class='ocrx_word' id='word_1_975' title='bbox 2085 2971 2239 3001; x_wconf 88' lang='lat' dir='ltr'>misericor-</span> 
     </span>
     <span class='ocr_line' id='line_1_120' title="bbox 1276 3019 2239 3057; baseline -0.002 -7"><span class='ocrx_word' id='word_1_976' title='bbox 1276 3022 1338 3050; x_wconf 87' lang='lat' dir='ltr'>diae</span> <span class='ocrx_word' id='word_1_977' title='bbox 1358 3021 1395 3049; x_wconf 82' lang='lat' dir='ltr'>ad</span> <span class='ocrx_word' id='word_1_978' title='bbox 1415 3028 1528 3057; x_wconf 87' lang='lat' dir='ltr'>egenos.</span> <span class='ocrx_word' id='word_1_979' title='bbox 1549 3019 1783 3050; x_wconf 81' lang='lat' dir='ltr'>Rubicundiorcs</span> <span class='ocrx_word' id='word_1_980' title='bbox 1802 3020 1885 3049; x_wconf 87' lang='lat' dir='ltr'>ebore</span> <span class='ocrx_word' id='word_1_981' title='bbox 1910 3021 2046 3056; x_wconf 77' lang='lat' dir='ltr'>antiquo,</span> <span class='ocrx_word' id='word_1_982' title='bbox 2068 3020 2098 3048; x_wconf 88' lang='grc'>111</span> <span class='ocrx_word' id='word_1_983' title='bbox 2119 3027 2174 3056; x_wconf 88' lang='grc'><strong>(1110</strong></span> <span class='ocrx_word' id='word_1_984' title='bbox 2198 3027 2239 3048; x_wconf 88' lang='lat' dir='ltr'>re-</span> 
     </span>
     <span class='ocr_line' id='line_1_121' title="bbox 1275 3068 2238 3108; baseline -0.003 -8"><span class='ocrx_word' id='word_1_985' title='bbox 1275 3071 1416 3108; x_wconf 80' lang='lat' dir='ltr'>fulgentia</span> <span class='ocrx_word' id='word_1_986' title='bbox 1435 3069 1610 3104; x_wconf 77' lang='lat' dir='ltr'>honestatis;</span> <span class='ocrx_word' id='word_1_987' title='bbox 1632 3069 1701 3097; x_wconf 79' lang='lat' dir='ltr'>ebur</span> <span class='ocrx_word' id='word_1_988' title='bbox 1715 3069 1815 3098; x_wconf 87' lang='lat' dir='ltr'>candet</span> <span class='ocrx_word' id='word_1_989' title='bbox 1836 3070 1940 3105; x_wconf 83' lang='lat' dir='ltr'>primo,</span> <span class='ocrx_word' id='word_1_990' title='bbox 1961 3068 2075 3097; x_wconf 83' lang='lat' dir='ltr'>tandem</span> <span class='ocrx_word' id='word_1_991' title='bbox 2096 3068 2190 3105; x_wconf 85' lang='lat' dir='ltr'>vergit</span> <span class='ocrx_word' id='word_1_992' title='bbox 2209 3069 2238 3097; x_wconf 89' lang='lat' dir='ltr'>in</span> 
     </span>
    </p>
   </div>
   <div class='ocr_carea' id='block_1_8' title="bbox 1266 3251 2237 3465">
    <p class='ocr_par' dir='ltr' id='par_1_22' title="bbox 1266 3251 2237 3465">
     <span class='ocr_line' id='line_1_122' title="bbox 1343 3251 2237 3288; baseline -0.006 -6"><span class='ocrx_word' id='word_1_993' title='bbox 1343 3254 1354 3270; x_wconf 79' lang='lat'><em>⁶</em></span> <span class='ocrx_word' id='word_1_994' title='bbox 1373 3255 1437 3288; x_wconf 82' lang='lat' dir='ltr'>Cap.</span> <span class='ocrx_word' id='word_1_995' title='bbox 1453 3255 1493 3287; x_wconf 76' lang='grc'>16,</span> <span class='ocrx_word' id='word_1_996' title='bbox 1507 3254 1555 3286; x_wconf 79' lang='grc' dir='ltr'>2ος</span> <span class='ocrx_word' id='word_1_997' title='bbox 1569 3254 1707 3286; x_wconf 80' lang='lat' dir='ltr'>respicitur</span> <span class='ocrx_word' id='word_1_998' title='bbox 1726 3255 1814 3281; x_wconf 79' lang='lat' dir='ltr'>Mutth.</span> <span class='ocrx_word' id='word_1_999' title='bbox 1826 3253 1853 3285; x_wconf 86' lang='lat'>7,</span> <span class='ocrx_word' id='word_1_1000' title='bbox 1868 3254 1911 3280; x_wconf 79' lang='grc'>13,</span> <span class='ocrx_word' id='word_1_1001' title='bbox 1923 3256 1949 3279; x_wconf 83' lang='lat' dir='ltr'>et</span> <span class='ocrx_word' id='word_1_1002' title='bbox 1961 3252 2079 3286; x_wconf 82' lang='lat' dir='ltr'>sequitur</span> <span class='ocrx_word' id='word_1_1003' title='bbox 2093 3253 2154 3285; x_wconf 81' lang='lat' dir='ltr'>Sep.</span> <span class='ocrx_word' id='word_1_1004' title='bbox 2168 3252 2182 3278; x_wconf 76' lang='grc' dir='ltr'>ἕ</span> <span class='ocrx_word' id='word_1_1005' title='bbox 2192 3272 2198 3283; x_wconf 87' lang='grc'>,</span> <span class='ocrx_word' id='word_1_1006' title='bbox 2209 3251 2237 3277; x_wconf 89' lang='lat'>7.</span> 
     </span>
     <span class='ocr_line' id='line_1_123' title="bbox 1342 3287 2237 3323; baseline -0.003 -6"><span class='ocrx_word' id='word_1_1007' title='bbox 1342 3289 1353 3305; x_wconf 81' lang='lat'><strong>⁰</strong></span> <span class='ocrx_word' id='word_1_1008' title='bbox 1372 3290 1435 3322; x_wconf 78' lang='lat' dir='ltr'>Cap.</span> <span class='ocrx_word' id='word_1_1009' title='bbox 1456 3290 1486 3321; x_wconf 72' lang='lat'>4,</span> <span class='ocrx_word' id='word_1_1010' title='bbox 1508 3290 1549 3315; x_wconf 68' lang='lat'>⁴3.</span> <span class='ocrx_word' id='word_1_1011' title='bbox 1571 3289 1611 3315; x_wconf 76' lang='grc' dir='ltr'>Μ.</span> <span class='ocrx_word' id='word_1_1012' title='bbox 1632 3291 1716 3322; x_wconf 76' lang='lat' dir='ltr'>Supra</span> <span class='ocrx_word' id='word_1_1013' title='bbox 1731 3297 1780 3323; x_wconf 85' lang='lat' dir='ltr'>pro</span> <span class='ocrx_word' id='word_1_1014' title='bbox 1793 3288 1982 3323; x_wconf 74' lang='lat' dir='ltr'>spiritualiter,</span> <span class='ocrx_word' id='word_1_1015' title='bbox 2002 3287 2102 3315; x_wconf 71' lang='lat' dir='ltr'>delicias</span> <span class='ocrx_word' id='word_1_1016' title='bbox 2122 3289 2237 3315; x_wconf 78' lang='lat' dir='ltr'>contem-</span> 
     </span>
     <span class='ocr_line' id='line_1_124' title="bbox 1266 3321 2237 3360; baseline -0.004 -8"><span class='ocrx_word' id='word_1_1017' title='bbox 1266 3325 1405 3359; x_wconf 77' lang='lat' dir='ltr'>plationis,</span> <span class='ocrx_word' id='word_1_1018' title='bbox 1424 3325 1466 3352; x_wconf 86' lang='lat' dir='ltr'>vel</span> <span class='ocrx_word' id='word_1_1019' title='bbox 1484 3324 1653 3354; x_wconf 80' lang='lat' dir='ltr'>meditatione</span> <span class='ocrx_word' id='word_1_1020' title='bbox 1672 3326 1718 3359; x_wconf 80' lang='lat' dir='ltr'>(ite</span> <span class='ocrx_word' id='word_1_1021' title='bbox 1737 3326 1768 3359; x_wconf 83' lang='grc' dir='ltr'>Β)</span> <span class='ocrx_word' id='word_1_1022' title='bbox 1788 3326 1848 3351; x_wconf 76' lang='lat' dir='ltr'>Vut.</span> <span class='ocrx_word' id='word_1_1023' title='bbox 1866 3328 1892 3351; x_wconf 84' lang='lat' dir='ltr'>et</span> <span class='ocrx_word' id='word_1_1024' title='bbox 1910 3324 1932 3351; x_wconf 82' lang='grc' dir='ltr'><strong>Α</strong></span> <span class='ocrx_word' id='word_1_1025' title='bbox 1951 3323 2062 3351; x_wconf 85' lang='lat' dir='ltr'>deliciae</span> <span class='ocrx_word' id='word_1_1026' title='bbox 2075 3321 2237 3360; x_wconf 77' lang='lat' dir='ltr'>contempla-</span> 
     </span>
     <span class='ocr_line' id='line_1_125' title="bbox 1270 3360 1558 3388; baseline -0.007 0"><span class='ocrx_word' id='word_1_1027' title='bbox 1270 3360 1350 3388; x_wconf 82' lang='lat' dir='ltr'>tionis</span> <span class='ocrx_word' id='word_1_1028' title='bbox 1369 3363 1392 3387; x_wconf 87' lang='lat' dir='ltr'>et</span> <span class='ocrx_word' id='word_1_1029' title='bbox 1411 3360 1558 3387; x_wconf 85' lang='lat' dir='ltr'>meditatio.</span> 
     </span>
     <span class='ocr_line' id='line_1_126' title="bbox 1287 3396 1866 3430; baseline -0.002 -7"><span class='ocrx_word' id='word_1_1030' title='bbox 1287 3408 1290 3411; x_wconf 55' lang='lat'><strong>⁴</strong></span> <span class='ocrx_word' id='word_1_1031' title='bbox 1341 3396 1350 3411; x_wconf 88' lang='lat'>⁷</span> <span class='ocrx_word' id='word_1_1032' title='bbox 1369 3396 1433 3429; x_wconf 84' lang='lat' dir='ltr'>Cup.</span> <span class='ocrx_word' id='word_1_1033' title='bbox 1453 3397 1483 3428; x_wconf 82' lang='grc'>9,</span> <span class='ocrx_word' id='word_1_1034' title='bbox 1504 3396 1552 3427; x_wconf 74' lang='grc' dir='ltr'>1ος</span> <span class='ocrx_word' id='word_1_1035' title='bbox 1571 3396 1689 3430; x_wconf 83' lang='lat' dir='ltr'>sequitur</span> <span class='ocrx_word' id='word_1_1036' title='bbox 1708 3397 1771 3423; x_wconf 79' lang='lat' dir='ltr'>Phil.</span> <span class='ocrx_word' id='word_1_1037' title='bbox 1791 3397 1821 3427; x_wconf 86' lang='lat'>3,</span> <span class='ocrx_word' id='word_1_1038' title='bbox 1841 3396 1866 3422; x_wconf 89' lang='lat'>8.</span> 
     </span>
     <span class='ocr_line' id='line_1_127' title="bbox 1340 3423 2181 3465; baseline -0.004 -7"><span class='ocrx_word' id='word_1_1039' title='bbox 1340 3430 1350 3446; x_wconf 80' lang='lat'>⁸</span> <span class='ocrx_word' id='word_1_1040' title='bbox 1370 3431 1433 3464; x_wconf 80' lang='lat' dir='ltr'>Cap.</span> <span class='ocrx_word' id='word_1_1041' title='bbox 1454 3432 1501 3462; x_wconf 77' lang='grc' dir='ltr'>Μ,</span> <span class='ocrx_word' id='word_1_1042' title='bbox 1520 3431 1568 3462; x_wconf 68' lang='lat'>24;</span> <span class='ocrx_word' id='word_1_1043' title='bbox 1587 3436 1735 3465; x_wconf 81' lang='lat' dir='ltr'>sequuntur</span> <span class='ocrx_word' id='word_1_1044' title='bbox 1754 3431 1831 3458; x_wconf 86' lang='lat' dir='ltr'>Eccli.</span> <span class='ocrx_word' id='word_1_1045' title='bbox 1851 3431 1882 3463; x_wconf 72' lang='lat'>4,</span> <span class='ocrx_word' id='word_1_1046' title='bbox 1902 3431 1951 3464; x_wconf 77' lang='lat'>365</span> <span class='ocrx_word' id='word_1_1047' title='bbox 1972 3423 2049 3457; x_wconf 60' lang='lat' dir='ltr'>prov.</span> <span class='ocrx_word' id='word_1_1048' title='bbox 2069 3430 2117 3461; x_wconf 87' lang='grc'>31,</span> <span class='ocrx_word' id='word_1_1049' title='bbox 2136 3430 2181 3455; x_wconf 82' lang='lat'>20.</span> 
     </span>
    </p>
   </div>
   <div class='ocr_carea' id='block_1_9' title="bbox 1338 3465 2236 3501">
    <p class='ocr_par' dir='ltr' id='par_1_23' title="bbox 1338 3465 2236 3501">
     <span class='ocr_line' id='line_1_128' title="bbox 1338 3465 2236 3501; baseline -0.003 -8"><span class='ocrx_word' id='word_1_1050' title='bbox 1338 3465 1349 3481; x_wconf 80' lang='lat'>⁹</span> <span class='ocrx_word' id='word_1_1051' title='bbox 1369 3466 1438 3493; x_wconf 83' lang='lat' dir='ltr'>Libr.</span> <span class='ocrx_word' id='word_1_1052' title='bbox 1455 3467 1500 3494; x_wconf 79' lang='lat' dir='ltr'>cit.</span> <span class='ocrx_word' id='word_1_1053' title='bbox 1520 3466 1547 3492; x_wconf 89' lang='lat' dir='ltr'>in</span> <span class='ocrx_word' id='word_1_1054' title='bbox 1565 3468 1635 3493; x_wconf 79' lang='lat' dir='ltr'>hunc</span> <span class='ocrx_word' id='word_1_1055' title='bbox 1653 3468 1751 3494; x_wconf 86' lang='lat' dir='ltr'>locum.</span> <span class='ocrx_word' id='word_1_1056' title='bbox 1987 3467 2010 3482; x_wconf 86' lang='lat'>¹⁰</span> <span class='ocrx_word' id='word_1_1057' title='bbox 2029 3467 2122 3501; x_wconf 69' lang='lat' dir='ltr'>psalm.</span> <span class='ocrx_word' id='word_1_1058' title='bbox 2140 3465 2190 3498; x_wconf 83' lang='grc' dir='ltr'>ὅθ,</span> <span class='ocrx_word' id='word_1_1059' title='bbox 2209 3465 2236 3491; x_wconf 84' lang='grc'>9.</span> 
     </span>
    </p>
   </div>
  </div>
 </body>
</html>
