2427 3872
285 269 351 301 808

568 310 631 336 qu

281 370 319 376 -
338 357 440 388 Pauper
458 354 590 387 superbus
602 354 711 380 odiosus
724 356 763 379 est
775 353 830 379 Deo
843 355 868 379 et
880 354 924 378 ho-

284 399 401 426 minibus
420 399 482 426 ibid.
496 414 530 417 —
544 400 676 431 Pauperes
688 398 739 424 sint
752 398 797 423 vili
810 397 924 423 contenti

283 444 423 470 refectione
446 447 572 477 tanquam
590 443 735 469 esurientes
759 442 811 468 257
838 442 870 467 46
889 456 925 460 -

284 490 416 521 Pauperes
428 495 481 513 non
501 487 598 514 debent
607 493 734 520 quaerere
745 486 849 512 divitias
859 493 926 511 mor-

285 534 358 564 tales,
371 533 417 559 sed
428 533 519 558 vitales
530 531 563 558 Vl
574 532 624 557 620
637 532 652 557 9
660 530 876 556 —Gaudendum
887 532 926 555 est

285 578 319 604 de
337 571 493 610 paupertate
512 577 538 601 in
557 576 610 601 vita
624 575 755 607 praesenti
769 575 813 600 Vll
826 574 877 599 422
892 574 926 599 55

340 636 374 640 -
392 620 556 653 Pauperibus
575 619 793 646 benefaciendum
816 619 847 644 Vl
874 618 920 643 414

286 667 302 692 6
321 680 356 685 -
375 666 486 691 Divitiae
504 664 743 691 communicandae
764 662 928 695 pauperibus

285 709 466 742 indigentibus
485 710 517 735 30
537 717 564 735 v.
583 709 598 733 6
612 723 647 726 —
660 707 772 740 Pauperi
786 706 926 739 aperienda

286 758 325 780 est
344 761 438 779 manus
456 756 482 779 et
507 753 621 779 maxime
643 752 712 778 iusto
740 752 783 777 Vll
813 752 864 777 368
893 751 927 776 30

285 812 322 818 —-
340 798 463 824 Praelatis
481 797 628 830 specialiter
653 796 744 822 datum
764 798 803 821 est
822 795 928 820 manda-

286 845 342 868 tum
361 842 395 868 de
413 842 515 867 alendis
534 840 696 873 pauperibus
715 841 749 866 Vl
770 840 820 866 430
841 840 873 865 36
893 853 929 858 ·-—-

287 893 340 912 non
359 886 454 912 desunt
472 886 498 912 in
517 889 584 912 terra
605 885 650 911 441
676 886 691 910 8

340 945 375 950 ——
394 930 566 956 contemnitur
586 930 618 955 Vl
637 929 671 955 78
692 936 718 954 v.
744 929 777 954 45
796 943 831 946 -
850 934 929 960 appa-

287 978 327 1001 ret
346 976 430 1007 turpis
449 978 475 1001 et
498 975 557 1000 vilis
587 975 628 1000 Vll
654 973 706 999 255
726 974 741 998 8
760 986 796 992 --
815 975 854 998 est
872 972 929 997 odi-

287 1019 339 1045 bile
358 1018 459 1045 bonum
473 1018 536 1045 ibid.
548 1033 584 1037 —
597 1018 729 1050 Sapientia
743 1020 851 1049 propter
864 1023 930 1048 pau—

287 1066 416 1096 pertatem
436 1063 607 1095 vilipenditur
626 1062 660 1087 Vl
678 1062 712 1087 79
738 1068 765 1087 v,
785 1061 817 1086 46
838 1075 872 1079 --
891 1063 930 1086 est

287 1115 352 1140 ager
371 1108 506 1133 continens
529 1108 682 1141 thesaurum
707 1106 783 1138 regni
812 1105 930 1130 caelestis

288 1152 340 1177 615
364 1159 391 1178 v.
411 1152 443 1177 36
469 1165 504 1170 —
523 1150 635 1177 Mundus
663 1152 733 1176 errat
759 1152 930 1175 contemnens

287 1198 469 1228 paupertatem
490 1195 531 1221 Vll
552 1195 585 1220 48
607 1195 639 1219 46
658 1208 694 1212 -
713 1194 750 1219 De
769 1192 931 1225 paupertatis

288 1239 366 1265 laude
385 1239 464 1265 tristis
483 1239 593 1264 efficitur
612 1238 659 1271 qui
686 1236 805 1263 abundat
832 1236 932 1262 divitiis

289 1284 340 1311 463
361 1284 394 1310 42
412 1297 449 1303 —-
467 1283 533 1310 Cum
546 1283 607 1315 quis
625 1282 741 1308 tristatur
760 1288 809 1314 pro
822 1282 931 1306 horrore

290 1328 467 1361 paupertatis,
486 1330 526 1353 est
543 1326 657 1358 cupidus
676 1328 702 1352 et
720 1328 795 1351 tenax
814 1323 877 1351 ibid.
895 1338 931 1343 —

290 1373 423 1404 Pauperes
441 1373 637 1398 consueverunt
656 1377 714 1396 esse
732 1369 819 1395 afflicti
844 1371 870 1394 et
888 1368 932 1394 de-

290 1417 374 1449 specti
393 1419 419 1442 et
437 1416 513 1448 egeni
532 1422 581 1448 pro
600 1414 706 1440 nomine
725 1413 831 1439 Domini
849 1413 930 1438 nostri

290 1462 348 1487 lesu
367 1460 461 1486 Christi
481 1459 531 1485 324
553 1459 586 1485 48

343 1518 379 1524 —
397 1507 484 1536 potest
501 1503 607 1535 intelligi
620 1504 729 1535 propter
742 1502 873 1528 desectum
886 1508 932 1527 na-

291 1549 417 1581 turalem,
442 1549 484 1574 vel
510 1548 609 1581 gratiae
633 1548 674 1573 vel
694 1547 797 1573 virtutis
816 1547 859 1572 Vll
879 1545 931 1572 373

292 1592 340 1624 45,
361 1593 393 1619 46
423 1607 455 1611 -
484 1592 658 1619 conscientiae
686 1591 825 1617 comitatur
851 1590 931 1616 caeci-

290 1640 369 1664 tatem
390 1638 483 1670 culpae
502 1637 535 1663 Vl
555 1637 606 1662 579
627 1636 642 1662 4

344 1696 379 1700 -—
398 1685 437 1708 est
455 1681 540 1714 prima
560 1688 657 1713 parens
676 1680 803 1706 virtutum
823 1680 866 1706 Vll
881 1679 930 1705 448

292 1726 320 1752 51
346 1741 381 1744 -
400 1726 599 1752 fundamentum
614 1728 653 1751 est
666 1724 834 1756 evangelicae
847 1725 933 1756 perre-

293 1770 386 1796 ctionis
410 1773 435 1796 et
457 1770 648 1796 consummatio
676 1769 727 1794 475
756 1768 784 1794 41
807 1762 843 1786 ’-
862 1774 934 1793 com-

291 1815 431 1841 mendatur
457 1814 557 1840 ratione
576 1814 663 1839 meriti
681 1820 729 1845 per
748 1817 862 1846 quatuor
882 1812 932 1837 460

292 1859 325 1885 34
345 1873 379 1877 —
404 1859 453 1884 Per
480 1858 637 1884 modestiam
665 1857 825 1889 paupertatis
853 1857 933 1882 homo

292 1902 371 1929 habet
390 1902 541 1929 exercitium
560 1902 735 1934 poenitentiae
748 1903 773 1926 et
786 1900 934 1932 patientiae,

291 1947 479 1973 nutrimentum
493 1946 628 1972 doctrinae
647 1948 673 1971 et
691 1945 769 1971 etiam
788 1944 888 1977 gratiae
900 1944 933 1970 Vl

291 1990 343 2016 554
362 1991 378 2016 7

342 2048 378 2054 -
396 2035 437 2061 Ad
455 2036 638 2067 paupertatem
652 2033 779 2059 illuminat
792 2035 934 2065 paupertas

291 2078 385 2105 Christi
405 2079 429 2105 in
444 2079 577 2105 nativitate
596 2079 629 2104 Vl
649 2078 696 2106 304
722 2078 754 2103 83
776 2077 831 2111 (82)
845 2091 881 2096 -
894 2077 934 2103 Ad

290 2126 473 2156 paupertatem
491 2123 610 2150 Christus
637 2130 686 2149 nos
705 2122 797 2148 invitat
815 2128 862 2148 sua
882 2122 935 2147 ino·

291 2167 335 2200 pia
354 2168 398 2194 Vll
419 2168 451 2194 47
472 2169 515 2194 45.
536 2168 570 2194 90
589 2168 604 2193 7
624 2181 660 2187 -
678 2170 718 2193 est
735 2166 882 2193 necessaria
900 2166 933 2192 ad

292 2214 436 2245 perfectam
454 2212 548 2239 Christi
568 2212 739 2238 imitationem
759 2211 811 2237 228
826 2211 869 2236 38.
882 2210 933 2237 249

292 2257 344 2283 405
364 2272 397 2276 -
416 2258 497 2284 electa
516 2260 556 2284 est
573 2264 589 2282 a
607 2256 711 2283 Christo
731 2255 763 2281 48
786 2255 818 2280 45

345 2317 380 2320 -
400 2303 482 2328 lunxit
499 2302 524 2328 ei
542 2301 670 2328 Dominus
684 2300 825 2326 maximam
844 2299 934 2325 dotem

293 2347 337 2373 Vll
356 2346 408 2372 255
428 2347 443 2371 8
457 2359 492 2366 -
511 2344 675 2378 Pauperibus
688 2345 764 2377 plura
777 2344 935 2376 promittun-

294 2394 336 2416 tur
355 2390 406 2416 323
427 2390 459 2416 48
479 2404 514 2410 -
533 2389 699 2422 Pauperibus
718 2388 878 2421 promittitur
897 2394 935 2413 re-

294 2442 376 2467 gnum
395 2434 545 2466 opulentiae
566 2434 615 2460 148
635 2434 669 2459 50
682 2448 717 2452 -
732 2434 864 2465 Pauperes
878 2432 934 2458 veri

294 2479 345 2504 iam
374 2486 443 2505 nunc
471 2478 588 2512 quodam
614 2478 694 2504 modo
723 2477 852 2509 incipiunt
878 2483 936 2502 esse

294 2529 371 2554 reges
390 2521 423 2549 ib.
450 2522 478 2548 51
508 2537 544 2541 -
563 2523 694 2554 Pauperes
713 2521 858 2553 evangelici
882 2528 936 2547 non

295 2566 399 2597 miseri,
419 2567 465 2592 sed
486 2567 571 2592 felices
590 2569 651 2592 sunt
669 2566 809 2598 reputandi
829 2564 892 2591 ibid.

349 2623 385 2628 —
403 2613 443 2635 cst
464 2609 674 2642 evangelizabilis
688 2613 727 2635 ·et
753 2608 937 2641 praedicabilis

296 2657 404 2686 propter
423 2654 516 2679 decem
540 2654 769 2680 excellentissimas
796 2653 937 2685 dignitates

297 2698 340 2723 Vll
362 2697 413 2722 475
427 2697 469 2728 42,
485 2697 517 2723 43
530 2711 565 2715 --
578 2694 701 2729 Magnum
716 2697 868 2729 prodigium
883 2697 937 2729 1011,

296 2741 369 2775 quod
389 2741 462 2766 tieret
481 2741 648 2772 honorabile,
667 2740 780 2766 amabile
793 2743 818 2766 et
837 2740 938 2772 praedi-

298 2785 381 2811 cabile
399 2792 495 2811 nomen
523 2791 672 2816 pauperum
692 2784 726 2811 ib.
741 2784 788 2813 ,40
814 2798 850 2804 -·
875 2785 938 2810 Pau-

298 2837 375 2862 peres
388 2837 436 2862 per
449 2829 619 2861 Evangelium
634 2828 821 2860 praedicantur
834 2831 859 2854 et
873 2828 939 2854 exal-

298 2877 383 2900 tantur
402 2873 465 2900 ibid.
483 2888 518 2892 —
544 2873 706 2905 Pauperibus
733 2872 881 2898 nuntiatum
901 2876 940 2898 est

297 2918 469 2950 EvangelIum
483 2921 507 2944 et
520 2925 567 2950 per
580 2924 711 2950 pauperes
730 2917 763 2942 98
778 2916 819 2942 37.
835 2917 885 2942 475
906 2916 938 2942 40

298 2976 334 2981 -
359 2963 491 2994 Pauperes
517 2962 633 2989 debebat
660 2962 788 2988 Dominus
811 2962 940 2987 attrahere

300 3014 347 3039 per
367 3007 490 3033 miracula
512 3007 544 3033 Vl
565 3007 616 3033 308
636 3007 669 3033 33

351 3065 385 3070 -
405 3051 537 3083 Pauperes
556 3050 697 3077 voluntarii
718 3054 843 3084 tanquam
864 3056 940 3081 reges

299 3097 324 3120 et
348 3102 515 3126 possessores
543 3095 743 3121 introducuntur
771 3095 798 3120 in
827 3101 938 3126 regnum

299 3139 431 3164 caelorum
452 3139 495 3165 Vll
516 3138 566 3164 408
587 3140 619 3165 46
639 3153 674 3158 --
698 3140 830 3171 Pauperes
849 3139 939 3164 volun·

300 3182 357 3208 tarii
376 3185 401 3208 et
429 3183 537 3215 perfecti
564 3186 625 3209 sunt
653 3184 794 3209 familiares
816 3186 843 3209 et
861 3182 939 3209 amici

299 3226 346 3252 Dei
360 3226 421 3253 ibid.
434 3241 469 3246 —
483 3227 614 3259 pauperes
624 3234 672 3259 per
685 3228 771 3260 legem
791 3227 939 3253 iudicialem

300 3270 468 3297 introducunt
487 3271 586 3297 amicos
604 3274 630 3296 et
657 3270 836 3298 benefactores
854 3271 880 3297 in
899 3278 940 3297 re-

301 3320 383 3346 gnum
409 3315 540 3341 caelorum
568 3314 629 3342 ibid.
654 3328 691 3335 —
708 3316 840 3348 pauperes
858 3315 940 3342 sancti

300 3361 327 3385 et
345 3358 407 3385 boni
426 3358 461 3385 ab
484 3359 590 3391 Angelis
614 3360 794 3392 suscipiuntur
818 3362 844 3386 et
862 3359 888 3386 in
906 3360 940 3386 lo-

301 3409 363 3429 cum
383 3403 456 3435 pacis
474 3403 645 3436 deportantur
665 3403 716 3430 418
737 3403 770 3430 44

1150 264 1263 296 INDEX
1289 263 1418 297 RERUM

1015 366 1051 372 ·—
1078 353 1211 384 pauperes
1238 352 1418 384 significantur
1446 358 1493 384 per
1521 357 1604 384 aquas

963 399 1128 422 transeuntes
1157 396 1189 422 Vl
1217 397 1251 421 88
1270 404 1296 421 v.
1318 397 1327 421 4
1351 410 1387 415 -
1405 396 1538 428 Pauperes
1556 402 1604 427 per

958 436 1142 467 vtribulationes
1160 443 1295 466 transeunt
1314 440 1346 466 ad
1360 440 1480 473 requiem
1493 438 1557 466 ibid.
1569 454 1604 458 —-

964 486 1065 517 Pauper
1084 485 1257 517 locupletatur
1282 483 1484 510 charismatibus
1509 483 1605 516 gratia-

963 537 1023 555 rum
1042 530 1099 555 sine
1119 529 1200 555 aliena
1220 530 1318 555 iactura
1339 529 1382 554 Vll
1402 528 1453 554 466
1473 528 1507 553 50

1017 587 1053 592 -
1072 574 1204 605 Pauperes
1221 573 1314 605 spiritu
1329 573 1479 598 desiderant
1492 574 1606 603 aeterna,

964 621 1136 644 contemnunt
1147 617 1299 650 temporalia
1313 620 1338 643 et
1350 617 1543 649 amplectuntur
1556 616 1607 648 spi-

964 662 1066 688 ritualia
1080 662 1121 688 Vll
1136 662 1188 687 322
1209 661 1242 687 45
1254 675 1290 681 -—
1303 662 1404 693 Pauper
1425 661 1498 687 facile
1510 660 1607 686 salvari

964 710 1051 743 potest
1071 707 1102 732 Vl
1123 707 1156 732 58
1185 707 1242 739 (1.4
1276 719 1311 725 -
1340 706 1471 737 Pauperes
1499 712 1552 731 non
1580 704 1608 730 ti-

966 753 1054 776 meant
1072 757 1164 782 egere,
1183 750 1230 776 sed
1258 750 1386 775 laetentur
1405 749 1467 775 nihil
1492 748 1607 780 habere,

965 802 1025 821 cum
1045 795 1136 820 vident
1155 795 1317 820 salvatorem
1337 797 1458 825 egentem
1479 794 1530 819 629
1550 793 1566 818 9

1019 839 1071 864 Pax
1089 853 1124 857 -
1142 841 1182 864 est
1200 838 1298 863 amoris
1317 837 1486 870 tranquillitas
1505 837 1539 863 Vl
1557 837 1608 863 428

966 891 993 908 v.
1013 883 1028 908 9
1048 897 1084 901 —
1102 882 1226 915 prohibet
1250 882 1407 908 divisionem
1436 882 1608 908 schismatum

966 927 993 953 in
1012 928 1104 953 effectu
1135 927 1180 952 444
1206 926 1223 952 1)
1251 941 1286 945 -
1314 926 1421 958 respicit
1449 925 1608 952 irascibilem

968 971 1020 997 457
1040 971 1072 996 10
1085 985 1120 989 --
1133 973 1172 996 est
1191 970 1283 1002 triplex
1302 971 1348 996 624
1374 971 1389 996 2
1402 984 1438 990 -
1455 970 1550 1002 duplex
1571 973 1611 995 est

967 1015 1010 1041 Vll
1030 1015 1059 1040 51
1084 1015 1118 1040 30
1136 1029 1171 1033 ——
1190 1014 1358 1040 observanda
1386 1018 1425 1040 est
1447 1014 1481 1040 ad
1500 1014 1611 1040 redeun-

968 1062 1006 1085 tes
1025 1066 1038 1085 a
1059 1059 1128 1084 malo
1149 1060 1180 1085 Vl
1199 1059 1233 1084 32
1258 1066 1285 1085 v.
1311 1060 1325 1084 8
1345 1072 1381 1078 -—
1400 1059 1519 1090 Tempus
1539 1058 1611 1090 pacis

967 1107 1020 1134 est,
1040 1103 1148 1136 quando
1167 1105 1269 1129 cessant
1288 1103 1452 1135 insurgentes
1471 1103 1500 1127 34
1525 1110 1551 1127 v.
1571 1103 1586 1127 8

1021 1161 1056 1166 —
1075 1148 1164 1173 Unitas
1192 1147 1264 1179 pacis
1292 1147 1399 1173 sollicite
1427 1146 1558 1172 servanda
1577 1146 1611 1171 Vl

969 1191 1014 1217 474
1040 1192 1073 1217 20
1092 1205 1128 1211 -
1147 1193 1174 1217 ln
1193 1192 1263 1217 nullo
1282 1194 1321 1217 est
1340 1192 1454 1223 perfecta
1467 1190 1613 1223 tranquilli-

968 1239 1007 1262 tas
1026 1236 1076 1262 nisi
1096 1236 1122 1261 in
1142 1237 1211 1267 Deo,
1230 1242 1279 1261 nec
1308 1242 1450 1267 possumus
1478 1235 1612 1267 pacificari

968 1280 1018 1306 nisi
1037 1281 1063 1305 in
1084 1280 1137 1305 Deo
1157 1279 1172 1305 4
1194 1280 1209 1305 4
1228 1293 1263 1299 -
1282 1279 1420 1305 beatorum
1437 1279 1612 1305 desideranda

968 1327 1020 1357 est,
1040 1324 1101 1357 quia
1121 1331 1175 1349 non
1194 1324 1292 1355 patitur
1305 1324 1441 1349 incursum
1456 1323 1612 1353 tentationis,

969 1375 1121 1400 pressuram
1141 1367 1327 1400 tribulationis,
1340 1367 1487 1399 periculum
1502 1373 1613 1393 occasus

969 1413 1020 1439 622
1041 1412 1057 1437 5
1076 1426 1111 1430 ——-
1130 1415 1169 1437 est
1188 1412 1316 1438 terminus
1334 1412 1463 1438 iustorum
1485 1412 1535 1437 426
1556 1418 1582 1436 ν.
1596 1411 1610 1436 3

1022 1471 1057 1475 —-
1081 1456 1194 1482 Ecclesia
1219 1456 1322 1488 cogitur
1349 1463 1426 1482 orare
1453 1462 1503 1488 pro
1531 1461 1611 1487 pace,

968 1501 1030 1534 quia
1050 1502 1147 1527 multos
1166 1500 1246 1526 habet
1264 1501 1373 1526 tenellos
1385 1503 1410 1526 et
1423 1500 1543 1525 infirmos
1555 1500 1613 1532 plu-

968 1553 1011 1572 res
1028 1552 1109 1579 quam
1130 1547 1209 1571 sortes
1227 1545 1261 1571 Vl
1280 1545 1315 1571 70
1333 1552 1359 1578 q.
1373 1559 1409 1564 —
1422 1544 1535 1571 Ecclesia
1549 1544 1613 1576 petit

969 1597 1061 1622 pacem
1083 1589 1144 1616 ibid.
1163 1604 1199 1609 —
1217 1597 1322 1622 semper
1347 1592 1453 1622 optatur
1481 1588 1514 1614 ab
1543 1589 1610 1621 Apo-

968 1635 1035 1661 stolo
1055 1634 1098 1660 Vll
1118 1635 1147 1660 54
1172 1635 1201 1660 34
1219 1648 1254 1653 -
1267 1633 1301 1660 ab
1320 1634 1425 1666 Angelis
1444 1636 1550 1666 optatur
1569 1634 1613 1659 ho-

969 1678 1086 1705 minibus
1096 1681 1122 1704 et
1132 1679 1301 1705 denuntiatur
1312 1677 1373 1705 ibid.
1380 1692 1416 1698 —
1423 1678 1471 1704 Per
1480 1677 1613 1704 Christum

970 1723 1122 1755 pacificatur
1136 1724 1216 1749 homo
1230 1730 1291 1749 cum
1311 1723 1365 1748 Deo
1384 1726 1410 1748 et
1429 1722 1534 1754 Angelis
1551 1721 1612 1748 ibid.

970 1782 1005 1785 —
1033 1767 1081 1793 suit
1104 1774 1119 1793 a
1144 1767 1247 1793 Christo
1275 1768 1356 1798 sacta,
1385 1767 1486 1797 relicta,
1514 1773 1613 1792 annun-

970 1812 1044 1842 tiata,
1064 1812 1187 1837 mandata
1206 1814 1233 1837 et
1251 1811 1427 1843 evangelizata
1448 1811 1498 1836 256
1521 1811 1548 1836 44
1579 1824 1614 1829 -

970 1857 1064 1882 Pacem
1084 1856 1211 1882 Dominus
1239 1855 1363 1882 omnibus
1388 1858 1461 1888 optat
1484 1858 1510 1881 et
1528 1855 1613 1887 optari

971 1900 1088 1931 mandat,
1107 1907 1172 1932 prae
1199 1900 1255 1926 aliis
1280 1900 1376 1931 donat,
1394 1900 1429 1925 ad
1447 1900 1534 1932 ipsam
1557 1906 1614 1931 spe·

970 1945 1067 1971 cialiter
1086 1948 1164 1970 vocat
1183 1945 1234 1970 242
1255 1944 1288 1970 85

1024 2002 1060 2008 -
1078 1989 1118 2015 Ad
1138 1995 1231 2021 pacem
1251 1988 1405 2021 pervenitur
1423 1995 1471 2020 per
1490 1994 1534 2013 sex
1558 1994 1615 2019 gra-

973 2033 1024 2059 dus
1043 2033 1086 2059 Vll
1108 2033 1158 2059 442
1184 2033 1217 2059 34
1246 2047 1281 2051 -
1301 2033 1340 2058 Ad
1369 2039 1463 2064 pacem
1491 2032 1615 2058 ducimur

972 2084 1020 2110 per
1039 2077 1172 2104 Christum
1200 2080 1227 2103 et
1253 2084 1301 2110 per
1329 2077 1400 2103 viam
1429 2077 1614 2102 mandatorum

973 2122 1006 2149 42
1027 2122 1078 2148 440
1096 2136 1132 2141 -
1151 2122 1233 2148 multa
1251 2125 1291 2148 est
1309 2121 1333 2147 ei
1351 2121 1397 2154 qui
1421 2121 1506 2153 diligit
1529 2121 1615 2152 legem

972 2167 1078 2193 Domini
1097 2165 1160 2193 ibid.
1547 2175 1549 2178 ·

1025 2225 1061 2229 —
1080 2210 1192 2237 habetur
1211 2217 1258 2243 per
1277 2210 1462 2236 confidentiam
1490 2210 1514 2235 in
1543 2208 1614 2235 Chri-

972 2258 1042 2281 stum
1061 2255 1093 2281 Vl
1114 2254 1165 2280 465
1185 2255 1218 2281 47
1237 2268 1273 2274 -
1300 2254 1419 2281 Christus
1447 2254 1492 2280 dat
1520 2260 1614 2286 pacem

972 2299 1024 2325 512
1045 2299 1086 2325 39.
1106 2299 1158 2325 516
1178 2299 1212 2325 56
1236 2314 1270 2318 -
1295 2299 1341 2325 dat
1364 2299 1568 2325 consolationem
1588 2297 1615 2323 in

972 2343 1200 2375 persecutionibus
1219 2342 1253 2370 ib.
1273 2343 1306 2369 42
1325 2344 1400 2369 —ln
1419 2344 1493 2376 pacis
1511 2343 1616 2369 datione

973 2391 1012 2415 est
1031 2395 1127 2420 magna
1152 2388 1295 2414 consolatio
1325 2388 1375 2414 444
1396 2388 1424 2413 41
1449 2402 1483 2407 —-
1503 2387 1616 2413 Mundus

973 2432 1018 2458 dat
1045 2439 1138 2464 pacem
1170 2432 1355 2465 corporaliter,
1384 2432 1561 2465 temporaliter
1589 2434 1615 2457 et

974 2477 1086 2502 exterius
1095 2497 1102 2509 ,
1114 2476 1232 2503 Christus
1246 2477 1422 2509 spiritualiter,
1441 2476 1613 2507 aeternaliter,

975 2521 1083 2547 interius
1101 2519 1164 2547 ibid.
1183 2535 1218 2541 —
1237 2521 1355 2547 Christus
1380 2524 1419 2547 est
1446 2528 1497 2553 pax
1525 2523 1614 2546 nostra

974 2565 1020 2591 541
1045 2565 1060 2590 9
1081 2579 1117 2583 ——
1134 2565 1253 2591 Christus
1280 2566 1326 2591 dat
1350 2572 1444 2598 pacem
1464 2565 1564 2597 gratiae
1590 2567 1615 2590 et

974 2609 1074 2642 gloriae
1093 2609 1144 2635 444
1164 2609 1192 2635 4l
1211 2624 1244 2628 —-
1259 2609 1377 2636 Christus
1395 2617 1447 2636 non
1466 2610 1511 2636 dat
1521 2615 1613 2641 pacem

975 2653 1067 2679 mundi
1090 2660 1139 2686 pro
1167 2653 1324 2686 corporibus
1351 2657 1377 2680 et
1404 2652 1616 2686 possessionibus

975 2696 1036 2723 ibid.
1050 2711 1086 2717 —
1098 2696 1192 2724 Christi
1210 2698 1351 2730 requiescit
1368 2698 1518 2723 annuntiata
1534 2703 1616 2729 super

975 2741 1182 2773 praedestinatos
1201 2748 1216 2766 a
1235 2742 1289 2767 Deo
1308 2742 1351 2767 vn
1372 2741 1423 2767 256
1445 2743 1477 2767 42

1031 2799 1063 2803 -
1073 2785 1113 2810 Ad
1124 2791 1216 2816 pacem
1227 2784 1320 2811 Christi
1330 2792 1384 2811 non
1397 2786 1500 2811 venitur
1510 2785 1558 2811 nisi
1569 2791 1616 2817 per

976 2834 1114 2861 pressuras
1135 2829 1165 2854 Vl
1187 2829 1238 2854 465
1259 2829 1291 2854 47
1310 2843 1347 2848 -
1364 2829 1404 2855 Ad
1418 2836 1511 2862 pacem
1525 2829 1616 2855 illumi-

976 2876 1020 2899 nat
1038 2873 1166 2906 requietio
1186 2873 1290 2899 Domini
1310 2874 1336 2898 in
1361 2874 1483 2906 sepulcro
1502 2873 1554 2899 302
1582 2873 1615 2898 83

977 2917 1032 2951 (82)
1047 2931 1082 2936 -
1101 2917 1218 2944 Christus
1231 2918 1336 2951 reliquit
1349 2918 1375 2943 in
1389 2921 1472 2944 morte
1485 2924 1578 2950 pacem
1591 2919 1618 2943 et

977 2962 1101 2987 unitatem
1121 2961 1300 2994 spiritualibus
1320 2962 1362 2987 Vll
1382 2962 1433 2988 550
1448 2961 1482 2988 35
1495 2975 1531 2981 —
1543 2960 1617 2987 Chri-

977 3006 1008 3032 sti
1027 3010 1066 3032 est
1085 3006 1166 3038 bona,
1191 3013 1268 3039 vera,
1288 3006 1470 3038 permansiva‚
1489 3005 1616 3032 directiva

976 3054 1002 3076 et
1029 3051 1202 3077 consolatoria
1232 3051 1283 3076 332
1314 3050 1349 3076 74
1380 3064 1415 3070 —
1443 3050 1539 3078 Christi
1570 3057 1617 3082 per

977 3095 1064 3121 omnia
1092 3094 1264 3121 contrariatur
1294 3101 1357 3121 cum
1388 3101 1453 3127 pace
1484 3094 1617 3120 mundana

977 3138 1038 3166 ibid.

1030 3196 1065 3202 —
1083 3182 1140 3209 Non
1159 3185 1245 3214 potest
1263 3181 1360 3210 habere
1379 3189 1473 3214 pacem
1501 3182 1547 3215 qui
1566 3182 1619 3214 glo·

976 3227 1043 3253 riam
1063 3226 1109 3253 Dei
1133 3226 1222 3253 nititur
1245 3233 1375 3259 usurpare
1402 3226 1446 3252 Vll
1476 3226 1504 3252 54
1530 3226 1563 3252 30
1583 3239 1619 3245 -

977 3271 1026 3304 Qui
1046 3278 1139 3304 pacem
1168 3271 1310 3297 contemnit
1335 3273 1361 3297 et
1388 3270 1498 3302 gloriam
1518 3269 1619 3303 appetit

977 3318 1002 3341 et
1021 3321 1114 3348 pacem
1142 3315 1229 3347 perdit
1252 3318 1278 3341 et
1306 3315 1417 3347 gloriam
1445 3313 1508 3341 ibid.
1535 3314 1617 3339 -ln

977 3359 1093 3392 pacificis
1112 3358 1191 3386 habet
1216 3359 1360 3387 efficaciam
1385 3357 1499 3385 verbum
1518 3357 1618 3391 praedi·

977 3403 1087 3430 cationis
1107 3403 1158 3430 256
1179 3404 1212 3430 42

1940 306 2000 333 PEC

1696 365 1730 369 ——
1750 353 1853 376 terrena
1871 353 1911 377 est
1929 357 2026 383 prava,
2053 351 2123 383 falsa,
2143 346 2285 376 momenta·

1642 402 1705 426 aea,
1725 395 1876 427 deceptoria
1900 398 1926 420 et
1950 394 2080 421 turbativa
2109 395 2153 421 Vll
2179 395 2230 422 332
2250 394 2285 420 73

1642 453 1678 458 -—
1696 442 1798 465 terrena
1821 441 1860 465 est
1884 439 1988 465 inimica
2017 446 2097 465 verae
2120 439 2178 471 paci
2198 438 2232 465 ib.
2250 438 2286 464 74

1642 497 1679 503 —
1697 486 1799 509 terrena
1818 490 1872 509 non
1891 483 1968 509 datur
1988 490 2003 508 a
2021 482 2139 515 Christo,
2157 483 2205 509 sed
2224 482 2287 509 tolli·

1644 530 1699 564 tur,
1718 527 1781 561 quia
1801 527 1867 553 mala
1896 526 1930 554 ib.
1958 527 2002 559 73,
2027 526 2062 553 74
2081 541 2117 547 —
2137 527 2183 554 Vir
2203 527 2288 553 iustus

1644 571 1769 604 reprobat
1787 578 1881 603 pacem
1900 574 2031 597 terrenam
2059 570 2092 598 ib.
2120 571 2156 598 73
2174 586 2208 591 -
2229 578 2288 603 pec-

1644 618 1764 642 catorum
1783 618 1823 642 est
1840 616 2048 647 contemnenda,
2073 616 2137 649 quia
2155 618 2195 642 est
2213 615 2287 648 igno·

1645 660 1764 693 miniosa,
1784 660 1862 691 falsa,
1881 659 2007 686 instabilis
2026 659 2060 686 Vl
2080 660 2127 685 621
2152 660 2167 685 3
2187 673 2222 679 -
2236 659 2286 692 Qui

1645 711 1738 737 pacem
1757 707 1927 736 peccatorum
1948 704 2038 730 ineunt
2065 704 2188 730 amittunt
2207 703 2287 730 medi-

1646 749 1770 775 tationem
1790 755 1968 780 supernorum
1997 748 2048 774 622
2069 749 2084 774 3
2103 762 2139 768 -
2157 748 2288 774 iustorum

1646 793 1795 826 quaerenda
1816 796 1869 825 est,
1888 800 1958 826 quae
1976 791 2056 819 debet
2074 799 2132 818 esse
2144 792 2177 819 ad
2194 792 2289 823 Deum,

1646 837 1680 863 ad
1699 837 1862 870 proximum,
1881 837 1915 863 ad
1934 844 1963 863 se
1981 838 2070 870 ipsum
2089 836 2123 864 ib.
2143 837 2159 863 4

1700 883 1880 908 Paccxroa—
1898 881 1996 908 Omnes
2008 884 2185 914 peccaverunt
2202 882 2236 907 Vl
2254 881 2289 907 72

1648 934 1675 952 V.
1694 927 1709 952 2
1730 940 1764 945 -
1783 926 1870 952 omnis
1887 926 2024 957 aestimat,
2043 925 2094 952 sibi
2113 933 2170 952 esse
2189 925 2291 952 bonum

1648 977 1758 1002 peccare
1777 969 1812 996 24
1830 978 1858 1003 q.
1878 970 1893 996 4
1911 985 1947 989 —
1966 973 2099 1003 perpetrat
2124 970 2192 996 mala
2212 972 2238 996 et
2256 970 2291 995 ita

1649 1022 1757 1041 securus
1770 1017 1810 1041 est
1822 1014 1857 1040 de
1870 1016 1971 1046 futuro,
1984 1015 2047 1048 quia
2059 1014 2122 1040 nihil
2132 1015 2230 1047 cogitat
2242 1021 2292 1041 nec

1649 1059 1723 1085 timet
1741 1059 1775 1084 de
1795 1059 1888 1084 suturis
1914 1059 1947 1084 68
1968 1066 1994 1083 v.
2015 1059 2042 1084 44
2066 1072 2102 1078 --
2121 1061 2208 1091 putat,
2231 1065 2290 1090 pec-

1649 1106 1707 1129 cata
1725 1103 1780 1128 rore
1799 1102 1927 1134 impunita
1951 1103 2001 1128 429
2024 1109 2050 1128 v.
2072 1103 2099 1127 44
2123 1116 2160 1121 -
2179 1105 2218 1128 est
2241 1102 2292 1128 im-

1635 1147 1710 1179 ·pius
1728 1149 1754 1172 et
1772 1146 1886 1172 crudelis
1904 1149 1994 1172 contra
2017 1146 2101 1171 Deum
2121 1146 2164 1171 Vll
2186 1146 2236 1173 456
2256 1146 2291 1172 79

1651 1205 1684 1209 —-
1704 1191 1819 1217 Peocans
1836 1194 1925 1217 contra
1944 1190 2029 1216 Deum
2048 1188 2238 1215 nonambulat
2255 1196 2293 1216 se-

1650 1235 1769 1262 cundum
1788 1235 1950 1261 voluntatem
1969 1233 2016 1260 Dei
2036 1233 2088 1259 445
2107 1240 2134 1259 ν.
2157 1233 2174 1259 5
2193 1247 2228 1253 -
2246 1233 2295 1259 (13-4

1650 1280 1727 1306 clinat
1745 1286 1759 1305 a
1788 1279 1922 1305 voluntate
1950 1278 1996 1303 Dei
2015 1281 2124 1309 propter
2151 1279 2291 1309 peccatum

1651 1324 1739 1350 cordis
1758 1323 1792 1348 65
1805 1330 1831 1348 V.
1851 1323 1866 1348 3
1886 1335 1922 1341 -
1945 1322 2106 1347 Venerantes
2131 1321 2224 1347 taciem
2243 1321 2290 1347 Dei

1650 1368 1686 1394 ob
1699 1368 1756 1394 eius
1768 1367 1942 1393 reverentiam
1957 1373 2067 1398 peccare
2082 1373 2134 1392 non
2148 1365 2246 1392 audent
2258 1365 2291 1391 68

1650 1420 1676 1438 v.
1704 1413 1737 1438 42
1755 1426 1791 1431 -
1810 1412 1907 1444 Nullus,
1926 1411 1973 1444 qui
1991 1413 2095 1443 peccat,
2112 1410 2186 1436 timet
2204 1410 2294 1436 Domi-

1652 1464 1714 1483 num
1734 1457 1768 1482 Vl
1789 1456 1817 1482 61
1841 1463 1868 1489 q.
1885 1455 1900 1482 4

1705 1515 1739 1520 —-
1766 1500 1899 1527 multoties
1918 1500 1979 1526 facit
1991 1500 2090 1525 malum
2109 1499 2143 1525 Vl
2163 1499 2197 1525 68
2216 1506 2243 1524 v.
2259 1499 2291 1524 42

1650 1560 1685 1564 -
1704 1545 1836 1571 Peccatrix
1855 1544 1942 1570 anima
1961 1544 2061 1571 inducit
2080 1543 2289 1574 fornicationem,

1651 1597 1749 1623 sponso
1768 1589 1876 1616 vidente
1895 1588 1946 1615 624
1966 1589 1982 1614 3
2001 1602 2036 1608 -
2056 1588 2179 1614 dicuntur
2201 1587 2294 1614 videre

1650 1641 1731 1667 opera
1745 1633 1843 1660 diaboli
1862 1636 1888 1660 et
1901 1640 1930 1659 ea
1944 1633 2055 1665 imitari,
2068 1633 2131 1659 dum
2146 1632 2295 1665 suggestio-

1649 1687 1697 1705 nes
1716 1679 1773 1705 eius
1798 1678 1890 1704 vident
1907 1678 1934 1703 in
1959 1678 2040 1704 corde
2064 1681 2090 1703 et
2108 1677 2242 1709 complent
2266 1676 2294 1701 in

1651 1730 1733 1756 opere
1753 1723 1805 1749 368
1830 1723 1863 1748 68
1883 1736 1919 1741 -
1938 1722 2036 1748 faciunt
2058 1722 2220 1747 voluntatem
2241 1720 2294 1746 dia-

1651 1767 1704 1794 boli
1723 1768 1767 1794 Vll
1786 1768 1838 1793 392
1859 1767 1891 1793 27
1912 1780 1948 1786 -
1966 1766 2067 1798 appetit
2079 1765 2167 1791 satiari
2186 1765 2295 1791 delecta-

1651 1811 1767 1838 tionibus
1786 1815 1911 1848 tanquam
1931 1810 2030 1837 deliciis
2050 1809 2083 1836 ib.
2104 1810 2136 1836 28

1704 1870 1740 1876 -
1765 1856 1891 1882 incedunt
1915 1861 1964 1887 per
1985 1855 2043 1881 vias
2072 1853 2225 1880 tenebrosas
2251 1853 2294 1879 Vll

1652 1900 1704 1927 434
1724 1900 1758 1927 27
1776 1915 1812 1919 -
1831 1900 1954 1927 dicuntur
1973 1898 2110 1930 tenebrae,
2131 1898 2192 1932 quia
2213 1898 2238 1924 in
2258 1900 2294 1924 te-

1652 1944 1740 1971 nebris
1758 1944 1938 1977 spiritualibus
1957 1947 2030 1977 sunt,
2051 1942 2174 1969 tenebras
2192 1945 2295 1975 tempo-

1652 1990 1719 2015 rales
1743 1992 1874 2022 quaerunt
1901 1991 1926 2015 et
1944 1989 1978 2015 ad
2007 1987 2128 2014 tenebras
2151 1987 2295 2013 aeternales

1653 2034 1764 2060 tendunt
1792 2034 1824 2060 Vl
1854 2033 1905 2059 536
1934 2033 1950 2058 6
1969 2048 2004 2053 —
2023 2035 2178 2059 avertuntur
2203 2039 2217 2057 a
2237 2032 2295 2057 luce

1653 2078 1736 2104 Deum
1746 2077 1906 2110 deserendo,
1919 2078 2073 2110 operiuntur
2083 2079 2221 2109 peccatum
2235 2082 2296 2108 ope-

1653 2122 1752 2153 rando,
1781 2124 1952 2148 excaecantur
1980 2121 2007 2147 in
2035 2124 2143 2154 peccato
2171 2127 2295 2153 perseve-

1654 2166 1737 2193 rando
1756 2165 1819 2192 ibid.

1707 2225 1742 2229 —
1765 2210 1827 2236 nihil
1846 2213 1899 2241 est,
1918 2210 2016 2236 scilicet
2034 2210 2061 2236 in
2080 2217 2128 2241 eo,
2146 2209 2219 2243 quod
2238 2208 2295 2235 talis

1654 2255 1688 2281 Vl
1708 2255 1758 2281 468
1778 2262 1804 2281 v.
1825 2255 1840 2280 6
1859 2267 1895 2274 —
1913 2255 1961 2280 Per
1986 2257 2124 2286 peccatum
2152 2255 2233 2280 homo
2259 2253 2295 2279 in-

1654 2300 1736 2326 currit
1753 2306 1797 2325 sex
1815 2299 1933 2325 desectus
1952 2298 1998 2324 274
2019 2299 2051 2324 13
2065 2312 2100 2318 -
2114 2302 2154 2325 est
2166 2298 2238 2329 vilis,
2258 2297 2296 2323 vi-

1654 2344 1722 2371 libus
1746 2344 1874 2374 vescitur,
1893 2343 1954 2369 vilia
1976 2346 2114 2375 operatur,
2143 2343 2228 2369 viliter
2247 2345 2296 2368 tra-

1654 2392 1738 2416 ctatur
1767 2387 1818 2414 364
1842 2388 1876 2413 53

1707 2447 1742 2453 —
1761 2432 1859 2458 inssrmi
1874 2431 1997 2457 dicuntur
2011 2432 2054 2458 Vll
2075 2432 2121 2457 434
2145 2431 2180 2457 77
2199 2445 2233 2449 -
2251 2430 2292 2456 di-

1654 2480 1749 2504 cuntur
1767 2475 1890 2503 confracti
1904 2476 1937 2501 93
1958 2475 1986 2501 44
2012 2490 2046 2494 -
2064 2478 2104 2502 est
2122 2476 2221 2507 lignum
2241 2474 2292 2500 ari-

1653 2522 1732 2553 dum,
1751 2521 1814 2554 quia
1833 2523 1905 2546 caret
1923 2520 1976 2545 vita
1990 2520 2103 2552 gratiae,
2125 2521 2209 2546 fructu
2222 2518 2295 2545 iusti-

1654 2567 1704 2593 tiae
1724 2569 1750 2591 et
1768 2564 1863 2591 virtute
1886 2564 2046 2590 constantiae
2065 2564 2116 2590 574
2136 2564 2169 2590 36
2191 2578 2227 2582 —
2248 2569 2295 2588 nu-

1654 2611 1731 2637 datur
1749 2616 1764 2635 a
1783 2611 1856 2635 veste
1875 2608 2005 2634 interioris
2017 2608 2136 2641 puritatis
2155 2611 2181 2634 et
2199 2609 2293 2634 ornatu

1653 2653 1788 2681 exterioris
1806 2652 1948 2679 honestatis
1967 2653 2018 2679 396
2038 2653 2072 2679 37

1706 2712 1742 2717 -
1760 2700 1831 2723 reete
1849 2696 1944 2723 dicitur
1963 2697 2050 2729 pulvis
2069 2697 2103 2723 Vl
2122 2697 2156 2722 97
2175 2703 2201 2721 v.
2220 2695 2238 2721 7
2259 2708 2295 2714 —

1654 2744 1693 2769 est
1711 2744 1832 2768 mortuus
1847 2741 1988 2772 spiritualis
2002 2741 2052 2767 563
2073 2742 2089 2767 2
2109 2755 2143 2759 -
2162 2743 2201 2766 est
2214 2738 2295 2765 homi-

1654 2787 1713 2813 cida
1732 2785 1773 2811 sui
1788 2785 1869 2817 ipsius
1883 2785 1934 2810 242
1948 2792 1973 2810 v.
1991 2785 2022 2811 44
2038 2800 2073 2804 -
2091 2787 2201 2811 vocatur
2219 2783 2296 2809 ssctus

1659 2831 1706 2856 113
1734 2837 1760 2856 v.
1785 2829 1801 2854 5
1821 2843 1855 2847 —
1873 2829 2046 2861 designantur
2073 2836 2121 2862 per
2140 2829 2197 2855 vias
2215 2830 2241 2853 et
2259 2833 2297 2853 se-

1655 2882 1717 2907 pes,
1735 2880 1804 2906 quae
1822 2875 1882 2898 sunt
1900 2876 1970 2899 extra
1984 2873 2079 2900 urbem
2098 2873 2142 2899 Vll
2162 2871 2213 2898 374
2235 2870 2268 2897 49

1708 2931 1744 2938 —
1763 2917 1885 2943 dicuntur
1898 2916 2045 2949 debitores,
2059 2917 2120 2950 quia
2137 2915 2241 2948 magnis
2253 2915 2296 2941 de-

1655 2962 1717 2988 bitis
1735 2964 1796 2988 sunt
1813 2960 1909 2987 astricti
1929 2961 1972 2987 Vll
1987 2961 2038 2987 485
2056 2961 2091 2987 72
2104 2975 2139 2980 —
2158 2960 2224 2993 Quia
2243 2965 2296 2984 non

1655 3012 1748 3032 omnes
1767 3005 1910 3038 aequaliter
1933 3008 2057 3037 peccant,
2076 3012 2125 3031 nec
2153 3003 2296 3036 aequaliter

1655 3050 1687 3076 ad
1702 3056 1816 3082 poenam
1829 3048 1977 3081 obligantur
1996 3048 2058 3076 ibid.
2073 3062 2105 3067 —
2122 3047 2201 3074 debet
2219 3046 2296 3077 mori,

1655 3094 1716 3127 quia
1737 3093 1832 3119 meruit
1851 3092 1884 3119 Vl
1904 3092 1955 3119 446
1976 3092 2009 3119 49
2029 3092 2058 3119 2*

1708 3152 1743 3156 -
1763 3144 1815 3163 non
1837 3139 1875 3162 est
1894 3137 1958 3163 iuris
1976 3137 2030 3169 sui,
2055 3136 2102 3163 sed
2127 3142 2220 3162 servus
2243 3134 2296 3161 dia-

1656 3181 1709 3208 boli
1719 3181 1766 3213 ,Vll
1780 3180 1831 3206 294
1848 3181 1880 3207 53
1893 3194 1929 3200 -
1942 3184 1982 3207 est
1993 3187 2088 3207 servus
2100 3179 2200 3212 peccati
2216 3179 2246 3204 Vl
2261 3177 2289 3203 84

1656 3233 1682 3252 ν.
1700 3225 1726 3251 7.
1746 3225 1797 3251 363
1812 3224 1853 3250 49.
1868 3224 1919 3251 364
1933 3225 1966 3252 53
1980 3238 2016 3244 -
2028 3225 2196 3250 Peccatorum
2216 3221 2296 3249 servi-

1656 3272 1698 3296 tus
1716 3269 1898 3296 estidolorum
1918 3269 2017 3299 cultus,
2030 3268 2075 3301 qui
2094 3267 2256 3294 interdicitur
2269 3265 2296 3291 in

1655 3314 1754 3346 templo
1773 3313 1875 3339 animae
1893 3313 1977 3339 ssdelis
2002 3313 2054 3339 550
2073 3312 2089 3338 9
2108 3325 2144 3331 -—
2164 3309 2295 3337 Tolerabi-

1655 3358 1705 3384 lius
1718 3361 1757 3384 est
1774 3357 1904 3390 peccatori
1922 3356 2032 3383 obsesso
2044 3363 2059 3382 a
2079 3355 2183 3382 diabolo
2202 3353 2296 3387 agitari
2326 3386 2327 3389 Ἴ

1656 3401 1681 3427 in
1700 3401 1803 3428 deserto
1816 3407 1897 3434 quam
1911 3400 2011 3434 peccati
2025 3400 2138 3427 vinculis
2150 3398 2295 3432 compediri
