2476 3921
163 972 291 994 Notandum.

188 1562 266 1586 Tertio,

160 1589 228 1616 quoad
243 1588 299 1609 exci-

177 1616 277 1636 tationem

165 1642 292 1668 apostolicae

172 1668 296 1689 sollicitudi-

150 1696 182 1715 nis
195 1697 294 1715 notantur

177 1724 275 1748 quatuor.

193 2039 294 2060 Primum.

317 293 377 324 '192

313 379 517 421 centuplum,
536 377 564 409 id
581 381 628 409 est
643 376 781 408 fructum
799 373 982 416 perfectum.
1002 372 1036 404 Et
1053 372 1097 404 316
1120 371 1270 413 impletur

314 433 389 466 illud
414 432 523 464 Psalmi
540 432 563 462 ¹:
587 444 601 458 «
616 429 766 461 Dominus
782 427 868 460 dabit
882 426 1121 468 benignitatem,
1139 430 1168 458 et
1186 428 1272 458 terra

313 490 418 519 nostra
442 484 526 516 dabit
550 484 688 515 fructum
713 490 806 513 suum
826 494 856 519 »,
881 479 1055 512 secundum
1087 478 1171 520 quod
1195 478 1271 511 dici-

314 545 364 572 tur
389 538 514 571 Genesis
538 535 686 577 vigesimo
711 539 817 567 sexto:
849 547 864 561 «
880 533 964 565 Sevit
989 532 1071 565 Isaac
1095 535 1126 564 et
1154 531 1273 564 invenit

313 594 342 625 in
368 593 434 634 ipso
458 600 538 632 anno
567 589 748 630 centuplum
766 602 796 619 ».
823 586 968 619 Matthaei
1000 586 1121 618 decimo
1153 584 1271 617 tertio²

313 647 370 679 hoc
394 644 576 686 expressius
599 643 715 675 dicitur
747 641 920 674 secundum
954 643 1018 671 tres
1041 638 1176 680 gradus:
1205 650 1221 665 «
1238 637 1272 669 Et

312 700 383 732 fecit
407 699 544 730 fructum
571 696 793 733 centesimum,
810 694 894 726 aliud
912 692 1145 734 sexagesimum
1158 717 1165 730 ‚
1186 690 1271 723 aliud

312 752 506 795 trigesimum
525 763 554 788 »;
579 753 610 782 et
627 750 685 781 hoc
702 747 875 781 secundum
894 750 959 779 tres
975 745 1092 787 gradus
1109 744 1271 777 continen-

313 806 388 843 tiae,
416 805 462 836 vel
481 807 544 836 tres
561 802 678 845 gradus
701 801 852 839 iustitiae;
870 800 981 833 beatus
997 808 1073 831 vero
1090 799 1188 830 Lucas
1205 801 1272 829 tan-

311 859 355 901 git
378 856 582 890 differentiam
608 863 808 897 supremam,
833 854 864 885 in
890 853 948 885 hac
972 851 1135 884 includens
1159 851 1245 883 alias.

406 912 451 942 12.
478 910 513 942 Et
537 913 625 947 nota,
650 907 733 950 quod
752 911 815 940 tres
832 907 919 948 ponit
936 910 1040 939 terrae
1056 905 1271 938 infructuosae

311 965 500 998 differentias
523 967 554 1000 et
579 971 672 995 unam
697 965 819 994 tantum
845 961 973 999 bonam,
990 960 1079 1002 quia,
1097 958 1269 991 secundum

311 1018 392 1060 quod
430 1017 545 1049 dicitur
581 1015 724 1047 Matthaei
758 1013 909 1055 vigesimo
941 1012 1078 1045 secundo
1091 1012 1115 1050 ³,
1148 1010 1270 1043 «multi

310 1076 383 1105 sunt
407 1070 524 1108 vocati,
550 1069 639 1110 pauci
665 1077 741 1100 vero
768 1067 857 1100 electi
874 1080 905 1098 ».
931 1066 966 1098 Et
1002 1069 1170 1107 propterea
1198 1073 1271 1097 con-

310 1125 455 1167 queritur
469 1123 620 1155 Dominus
636 1121 791 1154 Michaeae
808 1120 957 1162 septimo:
980 1133 995 1148 «
1010 1119 1071 1151 Vae
1087 1119 1178 1151 mihi!
1197 1118 1271 1160 quia

310 1178 411 1211 sactus
434 1186 524 1215 sum,
548 1175 629 1208 sicut
663 1174 718 1216 qui
754 1173 871 1215 colligit
899 1173 931 1205 in
954 1176 1106 1205 autumno
1131 1181 1271 1204 racemos

309 1230 526 1263 vindemiae».
552 1229 588 1261 Et
619 1228 698 1260 ratio
730 1227 827 1260 huius
850 1226 1005 1259 redditur
1040 1225 1185 1258 Matthaei
1222 1234 1270 1258 se-

311 1284 421 1325 ptimo:
452 1296 467 1311 «
485 1282 564 1323 Quia
590 1282 649 1313 lata
680 1284 728 1313 est
756 1283 846 1322 porta
876 1283 907 1312 et
938 1279 1073 1321 spatiosa
1096 1279 1164 1317 via,
1189 1287 1271 1321 quae

310 1338 396 1371 duc-it
419 1337 457 1369 ad
482 1336 706 1378 perditionem,
730 1337 761 1367 et
785 1333 874 1366 multi
900 1337 991 1372 sunt,
1008 1333 1062 1375 qui
1080 1333 1199 1365 intrant
1216 1341 1271 1374 per

311 1400 396 1429 eam;
421 1394 553 1432 angusta
576 1392 624 1422 est
647 1391 737 1430 porta
761 1391 792 1420 et
815 1391 902 1420 arcta
927 1387 990 1425 via,
1014 1395 1097 1428 quae
1115 1386 1207 1429 ,ducit
1231 1385 1270 1418 ad

312 1445 425 1482 vitam,
449 1447 479 1476 et
504 1442 593 1484 pauci
619 1445 710 1480 sunt,
736 1441 789 1483 qui
815 1440 980 1473 inveniunt
1003 1449 1071 1472 eam
1090 1453 1120 1471 ».

404 1496 453 1529 13.
481 1496 568 1527 Haec
591 1495 702 1527 dicens
726 1493 902 1531 clamabat.
928 1493 980 1526 Hic
1006 1496 1074 1535 post
1103 1501 1273 1534 congrega-

314 1551 428 1583 tionem
468 1548 680 1581 multitudinis
714 1551 745 1580 et
776 1546 1020 1589 propositionem
1061 1545 1274 1578 similitudinis

312 1603 515 1644 subiungitur
540 1602 632 1647 tertio
648 1601 800 1633 esreitatio
817 1599 1014 1642 apostolicae
1028 1598 1271 1631 sollicitudinis.

312 1657 400 1689 Circa
425 1655 605 1688 huiusmodi
618 1656 632 1674 4
655 1658 761 1687 autem
778 1654 1000 1686 excitationem
1016 1655 1154 1695 quatuor
1175 1652 1274 1684 intro-

313 1710 475 1742 ducuntur
505 1709 545 1740 ab
574 1707 787 1749 Evangelista,
811 1707 929 1739 scilicet
957 1705 1139 1738 admonitio
1163 1704 1273 1747 mayi-

312 1762 447 1801 stralis,
472 1761 688 1803 inter1·09atio
705 1759 945 1802 dosotplinatts,
959 1758 1154 1801 praeelectio
1170 1757 1273 1800 fami-

314 1816 412 1848 liaris
447 1818 478 1848 et
509 1814 698 1856 reprobatio
729 1812 912 1846 iudicialis.
946 1813 1085 1845 Primum
1110 1811 1272 1850 sollicitat,

313 1869 486 1902 secundum
512 1868 680 1905 rectificat,
705 1867 834 1899 tertium
870 1865 1024 1898 confortat
1059 1868 1090 1898 et
1122 1868 1273 1907 quartum

314 1922 467 1955 humiliat.

403 1975 505 2007 Primo
529 1974 625 2016 igitur
649 1977 804 2016 quantum
836 1973 873 2005 ad
905 1971 1135 2014 mayistralem
1159 1971 1274 2018 admno-

313 2028 469 2060 nitionem
491 2027 719 2060 sollicitantem
742 2026 876 2059 dicitur:
903 2025 990 2057 Haec
1013 2025 1124 2057 dicens
1148 2024 1274 2064 elama-

314 2080 388 2120 bat,
405 2084 440 2113 ut
457 2089 515 2113 suo
530 2081 666 2113 clamore
682 2079 837 2112 excitaret
860 2078 1042 2111 auditorum
1058 2077 1273 2116 attentionem,

313 2134 395 2167 sicut
425 2133 546 2166 Ioannis
574 2133 749 2175 septimo⁵:
779 2145 795 2161 «
812 2133 844 2164 ln
876 2132 925 2164 die
954 2140 1066 2173 magno
1097 2130 1274 2163 festivitatis

313 2188 414 2220 stabat
438 2187 523 2220 163113
557 2190 588 2219 61
623 2186 824 2219 clamabat».
849 2186 910 2218 Hoc
946 2188 993 2218 est
1026 2185 1109 2217 euim
1134 2184 1273 2232 officium

312 2240 550 2282 praedicatoris,
568 2240 662 2272 Isaiae
679 2239 940 2285 quinquagesimo
962 2242 1090 2271 octavo:
1119 2250 1135 2266 ι(
1151 2237 1273 2276 Clama,

313 2303 353 2326 ne
377 2302 495 2332 cesses;
520 2293 609 2336 quasi
641 2293 716 2326 tuba
747 2293 853 2326 exalta
881 2300 989 2325 vocem
1012 2295 1099 2324 tuam
1116 2305 1148 2330 ιι,
1172 2294 1208 2323 111
1232 2299 1274 2323 ex

313 2347 380 2389 ipso
404 2347 499 2379 modo
522 2347 653 2379 dicendi
675 2347 792 2379 excitet
814 2346 988 2379 audientes.
1012 2364 1057 2369 -
1073 2345 1134 2378 Nec
1150 2347 1274 2377 tantum

314 2409 355 2433 ex
378 2397 471 2433 modo
493 2400 632 2439 dicendi,
649 2400 703 2433 sed
720 2400 812 2432 etiam
829 2408 871 2432 ex
887 2408 986 2432 sensu
1009 2398 1102 2431 verbi
1109 2410 1121 2436 ;
1144 2400 1275 2440 propter

314 2453 398 2496 quod
421 2452 580 2495 adiungit:
606 2453 672 2494 Qui
694 2452 789 2485 habet
824 2462 926 2485 aures
949 2451 1111 2484 audiendi
1133 2450 1273 2489 audiat,

314 2507 344 2540 id
379 2512 443 2546 est,
473 2520 488 2536 «
505 2506 710 2549 spiritualiter
746 2507 823 2539 haec
859 2506 956 2538 verba
991 2504 1167 2547 intelligat⁶
1185 2516 1215 2544 »;
1244 2507 1276 2537 61

890 284 1083 317 COMMENT.
1110 283 1145 315 lN
1170 282 1408 315 EVANGELIUM
1434 282 1551 315 LUCAE
1575 282 1607 314 C.
1632 282 1706 328 Vin,

1336 370 1433 403 Beda:
1463 384 1478 399 «
1495 371 1690 412 Ubicumque
1714 370 1790 403 haec
1805 369 1975 403 admonitio
1990 369 2213 411 interponitur,
2230 378 2297 411 my-

1336 424 1450 456 sticum
1473 433 1542 457 esse
1565 423 1649 465 quod
1673 423 1788 456 dicitur
1812 426 1843 455 et
1874 423 2117 456 attentius.esse
2142 427 2298 464 quaeren-

1335 478 1410 510 dum
1427 477 1604 510 ostenditur
1622 491 1650 508 1».
1678 477 1712 508 Et
1728 477 1787 510 hoc
1811 476 1965 518 significat
1988 476 2056 518 ipsa
2079 476 2298 518 multiplicatio

1335 535 1426 564 actus
1448 530 1613 568 audiendi,
1638 530 1719 562 sicut
1745 529 1838 562 isaiae
1862 529 2012 571 vigesimo
2035 534 2145 562 octavo
2159 529 2186 561 ⁷:
2209 542 2224 558 α
2238 529 2298 562 Au-

1336 584 1425 617 ribus
1449 584 1599 625 percipite
1630 587 1662 616 et
1684 583 1790 615 audite
1814 591 1922 615 vocem
1955 591 2054 615 meam
2086 586 2117 615 et
2149 582 2298 616 attendite

1335 640 1367 669 et
1390 636 1496 669 audite
1519 636 1680 678 eloquium
1698 650 1728 667 ».
1754 636 1796 668 Ad
1823 636 1902 668 hanc
1926 635 2180 668 exhortationem
2196 638 2298 677 potest

1336 690 1440 723 dicere
1470 699 1542 722 vere
1575 690 1750 731 intelligens
1781 689 1858 722 illud
1895 689 1989 721 Isaiae
2018 689 2297 731 quinquagesimo:

1341 757 1356 772 «
1374 743 1470 785 Erigit
1494 752 1599 781 mane,
1626 752 1715 775 mane
1739 743 1831 785 erigit
1854 743 1931 775 mihi
1960 752 2089 781 aurem,
2114 747 2150 774 ut
2173 742 2297 774 audiam

1335 807 1407 830 euin
1433 797 1523 839 quasi
1547 797 1734 839 magistrum
1752 809 1782 835 »3
1807 799 1838 829 et
1861 796 1939 829 illud
1971 796 2024 829 lob
2059 795 2299 837 quadragesimo

1335 850 1490 883 secundo·
1519 863 1535 878 «
1552 850 1666 882 Auditu
1690 849 1778 882 auris
1801 849 1907 881 audivi
1932 852 1961 881 te
1973 875 1980 888 ,
1998 858 2083 881 nunc
2099 851 2205 881 autem
2222 856 2299 880 ocu-

1335 904 1385 936 lus
1408 911 1498 936 meus
1522 903 1606 936 videt
1632 906 1660 936 te
1677 916 1692 931 »
1710 901 1779 935 616.
1802 902 1916 944 Tangit
1938 901 2085 934 audiendi
2102 910 2208 940 usum,
2225 900 2300 943 quia

1335 960 1399 989 tres
1422 960 1497 989 sunt
1519 956 1652 998 gradus:
1670 956 1800 998 primus
1824 956 1855 988 in
1883 955 2039 990 audiendo
2063 955 2225 994 exterius,
2250 948 2298 987 se-

1334 1009 1458 1042 cundus
1481 1009 1512 1041 in
1536 1009 1708 1047 credendo,
1734 1008 1847 1041 tertius
1872 1017 1946 1041 vero
1971 1008 2003 1040 in
2026 1007 2237 1049 intelligendo.

1427 1063 1476 1095 14.
1503 1063 1603 1104 (Vers.
1631 1063 1685 1101 9.).
1712 1062 1854 1095 Secundo
1878 1065 2032 1103 quantum
2050 1061 2087 1107 ad
2105 1060 2298 1102 disciplina-

1336 1116 1396 1149 lem
1412 1116 1635 1160 quaestionem
1660 1115 1894 1156 rectificantem
1919 1114 2081 1147 subditur:
2107 1114 2298 1157 Inter-roya-

1335 1171 1415 1203 bant
1438 1174 1549 1202 autem
1581 1179 1656 1202 eum
1686 1168 1845 1211 discipuli
1867 1169 1954 1207 eius,
1979 1172 2015 1201 ut
2043 1168 2162 1201 scilicet
2184 1168 2300 1212 dirige-

1336 1227 1448 1256 rentur
1471 1223 1511 1256 ab
1534 1232 1586 1261 eo,
1610 1222 1784 1255 secundum
1809 1221 1886 1254 illud
1910 1221 2115 1254 Ecclesiastici
2139 1220 2300 1263 trigesimo

1335 1277 1429 1310 tertio
1450 1276 1484 1308 8:
1519 1289 1534 1305 «
1559 1276 1618 1317 Qui
1655 1275 1931 1318 interrogationem
1963 1275 2141 1308 manifestat
2176 1274 2299 1317 parabit

1336 1331 1489 1368 verbum,
1513 1333 1545 1362 et
1568 1330 1612 1362 sic
1639 1322 1826 1371 deprecatus
1857 1329 2063 1368 exaudietur;
2089 1332 2120 1361 et
2147 1328 2201 1371 qui
2234 1336 2299 1361 ser-

1338 1384 1422 1417 vabit
1445 1384 1641 1425 disciplinam
1665 1386 1696 1415 et
1727 1371 1802 1416 tube
1835 1383 2082 1425 respondebit».
2107 1383 2169 1415 Hoc
2193 1385 2297 1415 autem

1335 1437 1469 1475 dicitur,
1494 1446 1555 1469 non
1581 1436 1656 1478 quia
1679 1436 1784 1468 statim
1808 1436 2058 1478 interrogarent,
2083 1435 2136 1468 sed
2160 1435 2235 1478 quia
2260 1434 2298 1467 ad

2320 1066 2443 1089 Secundum.

1336 1491 1471 1523 verbum
1495 1489 1610 1522 Christi
1627 1492 1840 1531 conceperunt
1856 1489 2049 1522 voluntatem
2071 1488 2298 1531 interrogandi;
2318 1508 2320 1510 v

1337 1544 1421 1577 unde
1437 1544 1469 1576 in
1485 1543 1579 1576 Marci
1603 1546 1717 1585 quarto
1733 1543 1863 1576 dicitur:
1886 1556 1901 1571 «
1918 1543 1997 1575 Cum
2013 1546 2095 1576 esset
2116 1541 2299 1585 singularis,

1338 1598 1614 1639 interrogaverunt
1630 1606 1701 1629 eum
1720 1610 1750 1628 ».
1768 1616 1811 1620 —
1829 1597 1864 1629 Et
1887 1597 1962 1639 quia
1978 1596 2182 1639 interrogatio
2199 1599 2246 1629 est
2260 1595 2299 1628 de

1337 1650 1469 1684 occultis
1492 1654 1524 1683 et
1558 1650 1715 1692 mysticis,
1740 1650 1808 1683 ideo
1831 1650 1975 1682 additur:
2002 1650 2094 1690 Quae
2117 1653 2198 1682 esset
2220 1648 2300 1681 haee

1335 1703 1520 1746 parabola,
1545 1703 1575 1736 id
1599 1707 1664 1742 est,
1688 1703 1764 1745 quid
1788 1703 1994 1745 significaret,
2019 1706 2056 1735 111
2080 1711 2136 1744 per
2160 1702 2228 1735 eius
2252 1701 2299 1737 in-

1338 1756 1592 1798 terpretationem
1618 1759 1744 1798 possent
1768 1756 1961 1789 intellectum
1978 1764 2107 1797 capere,
2124 1754 2297 1788 secundum

1337 1810 1414 1843 illud
1450 1809 1693 1842 Proverbiorum
1721 1809 1866 1851 prim09:
1897 1822 1912 1838 «
1930 1809 2065 1842 Audiens
2096 1808 2220 1850 sapiens
2252 1816 2300 1840 sa-

1337 1864 1472 1906 pientior
1496 1863 1574 1902 erit,
1599 1867 1629 1895 et
1658 1863 1833 1905 intelligens
1864 1862 2081 1905 gubernacula
2111 1860 2298 1903 possidebit;

1337 1916 1564 1949 animadvertet
1588 1916 1767 1957 parabolam
1785 1920 1815 1948 et
1832 1914 2164 1958 interpetrationem»;
2188 1916 2220 1946 et
2244 1912 2298 1945 Ec-

1337 1970 1500 2003 clesiastici
1525 1970 1686 2011 trigesimo
1718 1979 1814 2002 nono:
1844 1969 1947 2002 «Ideo
1969 1968 2094 2002 occulta
2117 1966 2299 2009 proverbio-

1338 2033 1409 2056 rum
1434 2023 1582 2065 exquiret
1606 2023 1729 2065 sapiens
1753 2026 1784 2056 et
1808 2023 1838 2056 in
1863 2022 2053 2056 absconditis
2076 2021 2300 2064 parabolarum

1337 2076 1575 2110 conversabitur
1592 2089 1622 2108 ».

1430 2130 1479 2161 15.
1505 2129 1606 2171 (Vers.
1635 2130 1708 2170 10.).
1734 2129 1839 2162 Τ61110
1863 2132 2017 2172 quantum
2034 2128 2072 2161 ad
2093 2126 2300 2171 familiarem

1335 2182 1605 2226 praeelectionem
1629 2181 1870 2225 confortantem
1890 2183 2053 2216 subditur:
2080 2182 2208 2223 Quibus
2232 2181 2301 2224 ipse

1337 2237 1442 2270 dixit:
1474 2236 1568 2269 Vobis
1591 2237 1710 2269 datum
1732 2241 1779 2269 est
1793 2247 1887 2269 nosse
1903 2236 2101 2280 mysterium
2117 2235 2214 2279 reyni
2229 2235 2299 2273 Dei,

1338 2290 1368 2323 id
1393 2294 1440 2323 est
1474 2290 1710 2332 intelligentiam
1740 2290 1938 2332 Scripturae,
1968 2299 2050 2332 quae
2078 2298 2213 2332 regnum
2245 2288 2300 2321 Dei

1337 2343 1474 2383 dicitur,
1499 2343 1673 2376 secundum
1697 2343 1776 2376 illud
1799 2344 1945 2377 Matthaei
1965 2343 2116 2386 vigesimo
2139 2342 2243 2385 primo
2257 2341 2300 2373 1⁰:

1343 2410 1358 2426 a
1375 2396 1542 2430 Auferetur
1574 2406 1592 2429 a
1623 2397 1711 2430 vobis
1742 2406 1876 2439 regnum
1907 2397 1962 2429 Dei
1991 2400 2023 2429 et
2053 2396 2181 2429 dabitur
2215 2395 2298 2438 genti

1338 2449 1461 2483 facienti
1485 2450 1609 2483 fructus
1632 2450 1701 2483 eius
1717 2463 1747 2482 ».
1772 2449 1894 2482 Dicitur
1925 2453 2032 2482 autem
2063 2449 2227 2491 Scriptura
2249 2458 2301 2481 re-

1337 2513 1443 2546 ynum
1480 2503 1555 2542 Dei,
1592 2503 1667 2545 quia
1702 2503 1806 2545 ipsum
1841 2502 2000 2544 praedicat
2034 2506 2065 2535 et
2099 2501 2235 2535 ostendit
2270 2505 2302 2535 et

387 2708 395 2723 ²
416 2710 509 2734 Psalm.
528 2708 574 2738 84,
596 2709 642 2741 Ἰ13,
663 2712 721 2740 post
739 2716 819 2741 quem
839 2709 901 2734 Gen.
922 2710 970 2740 26,
991 2709 1032 2733 1¹2.

386 2752 397 2767 ²
418 2755 489 2779 Vers.
511 2755 535 2778 8.
554 2767 589 2772 —
608 2754 725 2785 Hieron,
746 2754 771 2779 ΙΙ.
791 2753 940 2780 Comment.
959 2754 984 2778 in
1003 2754 1090 2779 Matth.
1111 2753 1158 2785 13,
1179 2753 1225 2778 23:
1241 2752 1276 2777 De

315 2798 413 2831 quibus
433 2798 533 2829 plenius
553 2797 578 2822 in
598 2797 663 2823 libro
676 2801 765 2823 contra
786 2798 946 2823 lovinianum
961 2798 1074 2823 diximus
1093 2801 1118 2823 et
1138 2803 1206 2822 nunc
1220 2796 1276 2822 bre-

316 2842 382 2867 viter
402 2841 616 2873 perstringimus:
637 2841 814 2868 Centesimum
834 2843 946 2867 fructum
967 2841 1129 2873 virginibus,
1148 2841 1275 2873 sexagesi-

317 2893 389 2917 mum
409 2886 497 2911 viduis
516 2889 541 2911 et
553 2885 758 2918 continentibus,
778 2887 938 2912 tricesimum
952 2889 1024 2911 casto
1043 2886 1211 2912 matrimonio
1229 2881 1274 2911 de-

316 2934 445 2962 putantes.
465 2930 517 2956 Csr.
537 2934 598 2955 tom.
618 2931 660 2956 IV.
680 2938 742 2962 pag.
760 2931 828 2964 754,
848 2934 915 2956 nota-
928 2931 953 2956 6.
975 2944 1010 2949 -
1029 2929 1066 2956 De
1092 2930 1184 2962 triplici
1204 2931 1274 2956 iusti-

316 2976 350 3001 tia
379 2975 441 3001 vide
466 2983 546 3007 supra
573 2982 633 3007 pag.
659 2976 706 3007 82,
732 2978 821 3001 notam
846 2976 872 3001 3,
894 2989 929 2997 -—
948 2976 1037 3001 Glossa
1064 2974 1206 3001 ordinaria
1233 2974 1274 3006 (ex

315 3020 396 3052 Beda)
418 3020 442 3045 in
461 3020 524 3045 Luc.
551 3020 592 3051 8„
605 3020 635 3044 8:
662 3019 822 3053 Genluplum
842 3023 890 3045 etc.
914 3019 982 3045 Cum
1003 3019 1126 3045 denarius
1150 3026 1199 3051 pro
1219 3025 1275 3050 per-

317 3064 425 3090 fectione
443 3064 524 3089 soleat
542 3064 638 3095 accipi,
657 3064 718 3096 quia
739 3064 763 3089 in
784 3064 875 3089 decem
895 3064 972 3096 Legis
991 3064 1137 3096 praeceptis
1156 3063 1274 3089 custodia

316 3109 475 3138 continetur,
495 3108 679 3140 centenarius,
699 3109 743 3140 qui
768 3115 815 3140 per
836 3108 1035 3140 multiplicatum
1059 3108 1197 3134 denarium
1221 3114 1275 3132 sur-

318 3152 434 3190 git,.pro
454 3159 547 3183 magna
568 3153 727 3183 perfectione
747 3153 859 3184 ponitur.
879 3152 929 3179 Cor
942 3152 1022 3184 igitur
1041 3151 1196 3185 centuplum
1217 3151 1276 3177 facit

319 3196 445 3227 fructum,
464 3195 536 3227 quod
556 3202 603 3227 per
627 3202 743 3221 amorem
769 3196 880 3227 proximi
901 3196 1013 3221 activam
1039 3198 1065 3220 et
1090 3202 1138 3227 per
1156 3201 1274 3220 amorem

318 3240 362 3264 Dei
383 3240 612 3271 contemplativam
638 3240 792 3272 adipiscitur
817 3240 897 3265 vitam
921 3243 947 3266 et
971 3240 1145 3272 spiritualium
1169 3242 1276 3265 ornatur

318 3284 476 3315 perfectione
501 3284 637 3309 virtutum.
656 3298 691 3302 ——
710 3284 817 3309 inferius
842 3291 891 3316 pro
912 3284 1052 3311 includens
1072 3285 1091 3309 Α
1105 3284 1124 3310 C
1138 3284 1160 3309 D
1172 3284 1193 3309 Η
1213 3289 1275 3310 con-

318 3327 437 3353 cludens.

316 3368 320 3372 ’
389 3369 400 3385 ⁸
420 3371 492 3396 Vers.
515 3371 557 3396 it.
569 3385 604 3390 —
618 3371 734 3397 Subinde
746 3373 891 3404 allegantur
903 3373 978 3398 Mich.
997 3373 1023 3403 7,
1038 3373 1062 3403 1,
1075 3372 1172 3397 deinde
1185 3372 1274 3397 Matth.

318 3416 348 3448 7,
372 3417 411 3441 13.
429 3423 485 3448 seq.

389 3458 400 3474 ‘¹
419 3459 484 3486 Cod.
503 3460 523 3485 H
543 3459 620 3486 hane.
642 3446 750 3485 interius
762 3468 811 3491 pro
829 3460 956 3487 sollicitat
975 3461 1032 3486 Vat.
1052 3460 1159 3487 eet-citat.

1412 2704 1422 2719 ⁵
1443 2706 1517 2731 Vers.
1535 2705 1582 2737 37,
1602 2707 1662 2736 post
1680 2710 1761 2736 quem
1780 2703 1836 2729 lsai.
1857 2703 1904 2734 58,
1926 2703 1949 2727 ¹l.
1968 2717 2000 2721 —
2014 2703 2142 2735 Superius
2162 2710 2210 2734 pro
2229 2702 2304 2729 solli-

1341 2751 1466 2778 citantem
1487 2750 1530 2783 (ita
1550 2750 1579 2782 F)
1599 2749 1618 2775 C
1630 2749 1683 2774 ΒΗ
1701 2747 1860 2779 sollicitam,
1880 2749 1901 2773 G
1920 2747 1983 2779 legit
2001 2747 2038 2773 ad
2049 2747 2238 2781 maqistralem
2257 2747 2302 2774 ad-

1339 2795 1514 2822 monitionem
1532 2796 1558 2821 et
1574 2792 1804 2825 sollicitationem,
1826 2793 1884 2818 Vat.
1903 2791 1940 2818 ad
1957 2791 2128 2825 manistralz's
2144 2791 2302 2819 admonitio-

1338 2840 1381 2867 nis
1400 2838 1607 2867 sollicitudinem
1626 2837 1796 2865 eat-citantem.

1410 2883 1421 2899 ⁰
1440 2886 1487 2916 lta,
1508 2887 1536 2910 ut
1562 2886 1667 2910 monent
1691 2884 1755 2913 ΡΗ,
1779 2883 1869 2908 Glossa
1894 2881 2085 2908 interlinearis.
2107 2882 2179 2908 Vat.:
2201 2882 2301 2916 Greao-

1338 2930 1398 2956 rius
1417 2929 1449 2963 [Ι.
1469 2929 1563 2955 Ηο11111.
1582 2929 1608 2954 in
1627 2929 1728 2959 Evang.
1750 2927 1840 2953 homil.
1868 2926 1910 2952 45.
1929 2934 1955 2952 n.
1975 2926 2014 2960 2.]
2039 2926 2217 2960 spiritualiler
2237 2926 2302 2953 haec

1337 2974 1420 3001 verba
1439 2973 1572 3007 intelligit.
1592 2987 1628 2992 —-
1648 2972 1734 2998 Verba
1755 2972 1853 3002 Bedae,
1873 2972 1910 2996 111.
1931 2971 1957 2996 in
1976 2972 2038 2997 Luc.
2058 2972 2088 3002 8,
2109 2973 2137 3003 8,
2157 2971 2301 3003 allegantur

1338 3019 1484 3045 secundum
1505 3018 1622 3043 Glossam
1643 3016 1814 3043 ordinariam
1840 3016 1911 3048 apud
1935 3017 2068 3047 Lyranum
2088 3016 2113 3041 in
2139 3017 2201 3042 Luc.
2221 3016 2250 3047 8,
2270 3017 2300 3046 8,

1338 3063 1409 3096 apud
1430 3062 1514 3089 Strab.
1534 3063 1562 3088 in
1582 3062 1668 3087 Matth.
1690 3062 1735 3093 13,
1755 3062 1780 3086 9.
2166 3060 2168 3062 ’

1409 3106 1418 3122 ⁷
1440 3108 1514 3133 Vers.
1534 3107 1577 3133 23.
1591 3121 1626 3126 -
1645 3107 1796 3139 Sequuntur
1816 3105 1872 3131 lsai.
1891 3106 1937 3138 50,
1959 3105 1983 3131 4.
2003 3108 2028 3131 61
2048 3105 2093 3131 lob
2114 3105 2159 3137 42,
2180 3106 2207 3131 5.
2223 3112 2280 3138 seq.

1377 3152 1382 3156 '
1409 3150 1420 3166 ⁸
1441 3153 1514 3177 Vers.
1535 3151 1558 3177 4.
1579 3165 1612 3170 -
1626 3150 1744 3176 Subinde
1762 3150 1888 3181 allegatur
1907 3150 1984 3176 Marc.
2005 3150 2033 3182 4,
2055 3150 2096 3175 v10.
2116 3149 2187 3175 idem
2207 3149 2301 3175 dicitur

1339 3196 1365 3222 ih
1384 3196 1474 3221 Glossa
1493 3194 1636 3229 ordinaria
1656 3194 1697 3226 <ex
1711 3194 1793 3227 Beda)
1813 3193 1837 3218 in
1858 3194 1919 3219 Luc.
1940 3194 1971 3224 8,
1991 3194 2015 3219 9.

1411 3238 1422 3253 ⁹
1442 3240 1517 3265 Vers.
1539 3239 1568 3269 5,
1589 3241 1649 3270 post
1667 3245 1746 3271 quem
1768 3238 1844 3264 Eccli.
1865 3238 1912 3270 39,
1933 3238 1957 3263 3.

1413 3281 1435 3297 ¹⁰
1455 3283 1530 3308 Vere.
1551 3282 1593 3307 43.
1611 3295 1647 3301 —
1666 3282 1790 3314 Sequitur
1808 3282 1877 3307 ioan.
1896 3281 1927 3312 5,
1948 3281 1990 3306 39.
2010 3281 2099 3306 Glossa
2120 3278 2300 3306 interlinearis

1340 3328 1364 3353 in
1384 3328 1446 3353 Luc.
1467 3328 1496 3359 8,
1517 3327 1563 3351 ⁴0:
1584 3325 1744 3360 Mysterium
1762 3324 1842 3359 reyni
1859 3324 1922 3356 Dei,
1942 3324 2138 3356 intelligentiam
2154 3324 2301 3356 Scriptura-

1340 3378 1412 3402 rum,
1432 3371 1466 3396 de
1478 3377 1532 3402 quo
1545 3377 1627 3401 regno
1640 3369 1700 3395 alibi
1720 3368 1823 3403 [Matth.
1843 3369 1885 3400 21,
1899 3368 1952 3401 ta]
1972 3368 2079 3394 dicitur:
2099 3368 2238 3393 Auferetur
2251 3369 2299 3392 etc.

1341 3429 1374 3433 —
1395 3414 1502 3440 inferius
1521 3416 1580 3446 post
1598 3413 1759 3440 obedientem
1779 3414 1837 3438 Vat.
1856 3413 1933 3438 addit
1945 3412 2038 3446 ipsum
2056 3411 2093 3438 ad
2110 3417 2226 3445 regnum
2242 3409 2298 3437 Dei.

2319 2129 2421 2151 Tertium.
